  <div class='ocr_page' id='page_1' title='image "/cluster/home/n/w/nwhite01/storage/ocr_20150623/134/hvd.32044015471741/044.png"; bbox 0 0 4030 5310; ppageno 0'>
   <div class='ocr_carea' id='block_1_1' title="bbox 258 401 2845 470">
    <p class='ocr_par' dir='ltr' id='par_1_1' title="bbox 258 401 2845 470">
     <span class='ocr_line' id='line_1_1' title="bbox 258 401 2845 470; baseline 0.002 -10"><span class='ocrx_word' id='word_1_1' title='bbox 258 401 337 461; x_wconf 85' lang='grc'>93</span> <span class='ocrx_word' id='word_1_2' title='bbox 1092 406 1191 465; x_wconf 84' lang='lat' dir='ltr'>DE</span> <span class='ocrx_word' id='word_1_3' title='bbox 1242 407 1658 468; x_wconf 57' lang='lat' dir='ltr'>PRESSUIYIS</span> <span class='ocrx_word' id='word_1_4' title='bbox 1710 406 2357 470; x_wconf 61' lang='lat' dir='ltr'>ZCCLESIAS&#39;I‘ICIS.</span> <span class='ocrx_word' id='word_1_5' title='bbox 2391 440 2469 452; x_wconf 92' lang='lat'>—</span> <span class='ocrx_word' id='word_1_6' title='bbox 2498 407 2696 467; x_wconf 84' lang='lat' dir='ltr'>PARS</span> <span class='ocrx_word' id='word_1_7' title='bbox 2740 407 2845 468; x_wconf 88' lang='lat' dir='ltr'>III.</span> 
     </span>
    </p>
   </div>
   <div class='ocr_carea' id='block_1_2' title="bbox 3587 406 3666 467">
    <p class='ocr_par' dir='ltr' id='par_1_2' title="bbox 3587 406 3666 467">
     <span class='ocr_line' id='line_1_2' title="bbox 3587 406 3666 467; baseline -0.013 0"><span class='ocrx_word' id='word_1_8' title='bbox 3587 406 3666 467; x_wconf 68' lang='lat'>94</span> 
     </span>
    </p>
   </div>
   <div class='ocr_carea' id='block_1_3' title="bbox 260 531 3664 614">
    <p class='ocr_par' dir='ltr' id='par_1_3' title="bbox 260 531 3664 614">
     <span class='ocr_line' id='line_1_3' title="bbox 260 531 3664 614; baseline 0.003 -25"><span class='ocrx_word' id='word_1_9' title='bbox 260 531 471 603; x_wconf 91' lang='lat' dir='ltr'>niario,</span> <span class='ocrx_word' id='word_1_10' title='bbox 502 551 841 610; x_wconf 78' lang='lat' dir='ltr'>quanquam</span> <span class='ocrx_word' id='word_1_11' title='bbox 891 538 966 595; x_wconf 90' lang='lat' dir='ltr'>sit</span> <span class='ocrx_word' id='word_1_12' title='bbox 1015 542 1354 597; x_wconf 70' lang='lat' dir='ltr'>constantia:</span> <span class='ocrx_word' id='word_1_13' title='bbox 1384 541 1587 598; x_wconf 82' lang='lat' dir='ltr'>adesse</span> <span class='ocrx_word' id='word_1_14' title='bbox 1620 539 1901 613; x_wconf 67' lang='lat' dir='ltr'>aaquitati.</span> <span class='ocrx_word' id='word_1_15' title='bbox 1935 543 1990 610; x_wconf 80' lang='grc' dir='ltr'><strong>Α</strong></span> <span class='ocrx_word' id='word_1_16' title='bbox 2021 558 2150 597; x_wconf 88' lang='lat' dir='ltr'>rum</span> <span class='ocrx_word' id='word_1_17' title='bbox 2169 539 3241 614; x_wconf 83' lang='lat' dir='ltr'>potentiagratiosiuscontidunt.Nam</span> <span class='ocrx_word' id='word_1_18' title='bbox 3260 557 3490 613; x_wconf 78' lang='lat' dir='ltr'>semper</span> <span class='ocrx_word' id='word_1_19' title='bbox 3506 556 3664 598; x_wconf 89' lang='lat' dir='ltr'>men-</span> 
     </span>
    </p>
   </div>
   <div class='ocr_carea' id='block_1_4' title="bbox 261 622 1904 704">
    <p class='ocr_par' dir='ltr' id='par_1_4' title="bbox 261 622 1904 704">
     <span class='ocr_line' id='line_1_4' title="bbox 261 622 1904 704; baseline 0.006 -26"><span class='ocrx_word' id='word_1_20' title='bbox 261 622 323 679; x_wconf 94' lang='lat' dir='ltr'>In</span> <span class='ocrx_word' id='word_1_21' title='bbox 355 640 536 681; x_wconf 91' lang='lat' dir='ltr'>causa</span> <span class='ocrx_word' id='word_1_22' title='bbox 565 632 759 683; x_wconf 89' lang='lat' dir='ltr'>autem</span> <span class='ocrx_word' id='word_1_23' title='bbox 800 629 898 685; x_wconf 88' lang='lat' dir='ltr'>Dei</span> <span class='ocrx_word' id='word_1_24' title='bbox 949 630 1045 685; x_wconf 90' lang='lat' dir='ltr'>ubi</span> <span class='ocrx_word' id='word_1_25' title='bbox 1098 648 1407 688; x_wconf 79' lang='lat' dir='ltr'>commune</span> <span class='ocrx_word' id='word_1_26' title='bbox 1443 632 1766 704; x_wconf 89' lang='lat' dir='ltr'>periculum</span> <span class='ocrx_word' id='word_1_27' title='bbox 1798 636 1904 698; x_wconf 88' lang='lat' dir='ltr'>est,</span> 
     </span>
    </p>
   </div>
   <div class='ocr_carea' id='block_1_5' title="bbox 260 715 1907 791">
    <p class='ocr_par' dir='ltr' id='par_1_5' title="bbox 260 715 1907 791">
     <span class='ocr_line' id='line_1_5' title="bbox 260 715 1907 791; baseline 0.005 -23"><span class='ocrx_word' id='word_1_28' title='bbox 260 715 438 769; x_wconf 90' lang='lat' dir='ltr'>etiam</span> <span class='ocrx_word' id='word_1_29' title='bbox 490 716 864 774; x_wconf 89' lang='lat' dir='ltr'>dissimulare</span> <span class='ocrx_word' id='word_1_30' title='bbox 920 726 1219 791; x_wconf 85' lang='lat' dir='ltr'>peccatum</span> <span class='ocrx_word' id='word_1_31' title='bbox 1280 726 1369 777; x_wconf 90' lang='lat' dir='ltr'>est</span> <span class='ocrx_word' id='word_1_32' title='bbox 1417 739 1531 777; x_wconf 93' lang='lat' dir='ltr'>non</span> <span class='ocrx_word' id='word_1_33' title='bbox 1583 722 1725 777; x_wconf 87' lang='lat' dir='ltr'>leve.</span> <span class='ocrx_word' id='word_1_34' title='bbox 1764 745 1784 771; x_wconf 75' lang='grc' dir='ltr'>ι</span> <span class='ocrx_word' id='word_1_35' title='bbox 1839 722 1907 776; x_wconf 88' lang='lat' dir='ltr'>Et</span> 
     </span>
    </p>
   </div>
   <div class='ocr_carea' id='block_1_6' title="bbox 260 803 1907 883">
    <p class='ocr_par' dir='ltr' id='par_1_6' title="bbox 260 803 1907 883">
     <span class='ocr_line' id='line_1_6' title="bbox 260 803 1907 883; baseline 0.006 -26"><span class='ocrx_word' id='word_1_36' title='bbox 260 803 447 859; x_wconf 91' lang='lat' dir='ltr'>item:</span> <span class='ocrx_word' id='word_1_37' title='bbox 509 807 893 879; x_wconf 82' lang='lat' dir='ltr'>«Episcopus</span> <span class='ocrx_word' id='word_1_38' title='bbox 946 827 1133 881; x_wconf 90' lang='lat' dir='ltr'>neque</span> <span class='ocrx_word' id='word_1_39' title='bbox 1192 811 1532 867; x_wconf 80' lang='lat' dir='ltr'>adulantem</span> <span class='ocrx_word' id='word_1_40' title='bbox 1582 828 1664 878; x_wconf 91' lang='lat' dir='ltr'>se,</span> <span class='ocrx_word' id='word_1_41' title='bbox 1720 829 1907 883; x_wconf 88' lang='lat' dir='ltr'>neque</span> 
     </span>
    </p>
   </div>
   <div class='ocr_carea' id='block_1_7' title="bbox 262 892 1909 969">
    <p class='ocr_par' dir='ltr' id='par_1_7' title="bbox 262 892 1909 969">
     <span class='ocr_line' id='line_1_7' title="bbox 262 892 1909 969; baseline 0.005 -22"><span class='ocrx_word' id='word_1_42' title='bbox 262 892 621 949; x_wconf 90' lang='lat' dir='ltr'>adulandum</span> <span class='ocrx_word' id='word_1_43' title='bbox 655 897 864 969; x_wconf 88' lang='lat' dir='ltr'>cuique</span> <span class='ocrx_word' id='word_1_44' title='bbox 897 900 1179 957; x_wconf 82' lang='lat' dir='ltr'>exhibeat.</span> <span class='ocrx_word' id='word_1_45' title='bbox 1205 900 1469 957; x_wconf 78' lang='lat' dir='ltr'>Alterum</span> <span class='ocrx_word' id='word_1_46' title='bbox 1501 902 1655 957; x_wconf 90' lang='lat' dir='ltr'>enim</span> <span class='ocrx_word' id='word_1_47' title='bbox 1688 901 1909 956; x_wconf 87' lang='lat' dir='ltr'>callidi-</span> 
     </span>
    </p>
   </div>
   <div class='ocr_carea' id='block_1_8' title="bbox 259 981 1905 1061">
    <p class='ocr_par' dir='ltr' id='par_1_8' title="bbox 259 981 1905 1061">
     <span class='ocr_line' id='line_1_8' title="bbox 259 981 1905 1061; baseline 0.007 -27"><span class='ocrx_word' id='word_1_48' title='bbox 259 981 399 1037; x_wconf 84' lang='lat' dir='ltr'>tatis</span> <span class='ocrx_word' id='word_1_49' title='bbox 426 988 532 1053; x_wconf 85' lang='lat' dir='ltr'>est,</span> <span class='ocrx_word' id='word_1_50' title='bbox 556 985 829 1042; x_wconf 76' lang='lat' dir='ltr'>vanitatis</span> <span class='ocrx_word' id='word_1_51' title='bbox 852 988 1101 1049; x_wconf 88' lang='lat' dir='ltr'>alterum</span> <span class='ocrx_word' id='word_1_52' title='bbox 1134 989 1194 1058; x_wconf 92' lang='lat' dir='ltr'>(l.</span> <span class='ocrx_word' id='word_1_53' title='bbox 1225 1008 1239 1043; x_wconf 92' lang='lat'>1</span> <span class='ocrx_word' id='word_1_54' title='bbox 1267 992 1444 1060; x_wconf 83' lang='lat' dir='ltr'>0/ﬁc.,</span> <span class='ocrx_word' id='word_1_55' title='bbox 1475 1008 1524 1045; x_wconf 93' lang='lat' dir='ltr'>c.</span> <span class='ocrx_word' id='word_1_56' title='bbox 1550 992 1659 1061; x_wconf 76' lang='grc'>47).</span> <span class='ocrx_word' id='word_1_57' title='bbox 1688 1014 1715 1039; x_wconf 90' lang='grc'><strong>››</strong></span> <span class='ocrx_word' id='word_1_58' title='bbox 1746 990 1905 1046; x_wconf 80' lang='lat' dir='ltr'>Unde</span> 
     </span>
    </p>
   </div>
   <div class='ocr_carea' id='block_1_9' title="bbox 256 1069 1904 1141">
    <p class='ocr_par' dir='ltr' id='par_1_9' title="bbox 256 1069 1904 1141">
     <span class='ocr_line' id='line_1_9' title="bbox 256 1069 1904 1141; baseline 0.007 -19"><span class='ocrx_word' id='word_1_59' title='bbox 256 1069 419 1124; x_wconf 88' lang='lat' dir='ltr'>valde</span> <span class='ocrx_word' id='word_1_60' title='bbox 468 1075 847 1129; x_wconf 90' lang='lat' dir='ltr'>metuendum</span> <span class='ocrx_word' id='word_1_61' title='bbox 900 1083 1010 1141; x_wconf 92' lang='lat' dir='ltr'>est,</span> <span class='ocrx_word' id='word_1_62' title='bbox 1055 1095 1125 1132; x_wconf 91' lang='lat' dir='ltr'>ne</span> <span class='ocrx_word' id='word_1_63' title='bbox 1174 1078 1494 1133; x_wconf 85' lang='lat' dir='ltr'>humanam</span> <span class='ocrx_word' id='word_1_64' title='bbox 1544 1080 1904 1134; x_wconf 88' lang='lat' dir='ltr'>observando</span> 
     </span>
    </p>
   </div>
   <div class='ocr_carea' id='block_1_10' title="bbox 254 1159 1902 1234">
    <p class='ocr_par' dir='ltr' id='par_1_10' title="bbox 254 1159 1902 1234">
     <span class='ocr_line' id='line_1_10' title="bbox 254 1159 1902 1234; baseline 0.007 -23"><span class='ocrx_word' id='word_1_65' title='bbox 254 1159 527 1230; x_wconf 79' lang='lat' dir='ltr'>gratiam,</span> <span class='ocrx_word' id='word_1_66' title='bbox 560 1162 815 1218; x_wconf 76' lang='lat' dir='ltr'>divinam</span> <span class='ocrx_word' id='word_1_67' title='bbox 850 1166 1125 1221; x_wconf 88' lang='lat' dir='ltr'>adversus</span> <span class='ocrx_word' id='word_1_68' title='bbox 1157 1184 1263 1221; x_wconf 92' lang='lat' dir='ltr'>nos</span> <span class='ocrx_word' id='word_1_69' title='bbox 1308 1168 1665 1224; x_wconf 82' lang='lat' dir='ltr'>concitemus</span> <span class='ocrx_word' id='word_1_70' title='bbox 1715 1168 1860 1222; x_wconf 88' lang='lat' dir='ltr'>iram</span> <span class='ocrx_word' id='word_1_71' title='bbox 1889 1193 1902 1234; x_wconf 83' lang='lat'><strong>;</strong></span> 
     </span>
    </p>
   </div>
   <div class='ocr_carea' id='block_1_11' title="bbox 254 1248 1900 1328">
    <p class='ocr_par' dir='ltr' id='par_1_11' title="bbox 254 1248 1900 1328">
     <span class='ocr_line' id='line_1_11' title="bbox 254 1248 1900 1328; baseline 0.007 -28"><span class='ocrx_word' id='word_1_72' title='bbox 254 1252 309 1301; x_wconf 93' lang='lat' dir='ltr'>et</span> <span class='ocrx_word' id='word_1_73' title='bbox 340 1248 484 1302; x_wconf 90' lang='lat' dir='ltr'>dum</span> <span class='ocrx_word' id='word_1_74' title='bbox 518 1266 550 1303; x_wconf 91' lang='lat' dir='ltr'>a</span> <span class='ocrx_word' id='word_1_75' title='bbox 595 1255 1017 1309; x_wconf 88' lang='lat' dir='ltr'>momentaneis</span> <span class='ocrx_word' id='word_1_76' title='bbox 1050 1256 1515 1311; x_wconf 81' lang='lat' dir='ltr'>adversariorum</span> <span class='ocrx_word' id='word_1_77' title='bbox 1552 1274 1656 1311; x_wconf 90' lang='lat' dir='ltr'>nos</span> <span class='ocrx_word' id='word_1_78' title='bbox 1689 1273 1900 1328; x_wconf 69' lang='lat' dir='ltr'>praeca-</span> 
     </span>
    </p>
   </div>
   <div class='ocr_carea' id='block_1_12' title="bbox 254 1340 1901 1417">
    <p class='ocr_par' dir='ltr' id='par_1_12' title="bbox 254 1340 1901 1417">
     <span class='ocr_line' id='line_1_12' title="bbox 254 1340 1901 1417; baseline 0.007 -28"><span class='ocrx_word' id='word_1_79' title='bbox 254 1352 383 1391; x_wconf 88' lang='lat' dir='ltr'>vere</span> <span class='ocrx_word' id='word_1_80' title='bbox 417 1340 735 1407; x_wconf 69' lang='lat' dir='ltr'>quaerimus</span> <span class='ocrx_word' id='word_1_81' title='bbox 768 1341 1021 1411; x_wconf 88' lang='lat' dir='ltr'>insidiis,</span> <span class='ocrx_word' id='word_1_82' title='bbox 1056 1346 1284 1400; x_wconf 76' lang='lat' dir='ltr'>aaternis</span> <span class='ocrx_word' id='word_1_83' title='bbox 1316 1346 1723 1417; x_wconf 85' lang='lat' dir='ltr'>mancipemur</span> <span class='ocrx_word' id='word_1_84' title='bbox 1754 1346 1901 1417; x_wconf 90' lang='lat' dir='ltr'>peri-</span> 
     </span>
    </p>
   </div>
   <div class='ocr_carea' id='block_1_13' title="bbox 253 1423 1897 1506">
    <p class='ocr_par' dir='ltr' id='par_1_13' title="bbox 253 1423 1897 1506">
     <span class='ocr_line' id='line_1_13' title="bbox 253 1423 1897 1506; baseline 0.007 -29"><span class='ocrx_word' id='word_1_85' title='bbox 253 1423 423 1494; x_wconf 87' lang='lat' dir='ltr'>culis,</span> <span class='ocrx_word' id='word_1_86' title='bbox 456 1431 513 1480; x_wconf 86' lang='lat' dir='ltr'>et</span> <span class='ocrx_word' id='word_1_87' title='bbox 544 1426 689 1482; x_wconf 90' lang='lat' dir='ltr'>illud</span> <span class='ocrx_word' id='word_1_88' title='bbox 722 1431 947 1485; x_wconf 87' lang='lat' dir='ltr'>eveniat</span> <span class='ocrx_word' id='word_1_89' title='bbox 978 1434 1130 1503; x_wconf 92' lang='lat' dir='ltr'>quod</span> <span class='ocrx_word' id='word_1_90' title='bbox 1180 1434 1239 1488; x_wconf 90' lang='lat' dir='ltr'>in</span> <span class='ocrx_word' id='word_1_91' title='bbox 1284 1434 1591 1490; x_wconf 84' lang='lat' dir='ltr'>Salomone</span> <span class='ocrx_word' id='word_1_92' title='bbox 1640 1434 1853 1506; x_wconf 82' lang='lat' dir='ltr'>legitur</span> <span class='ocrx_word' id='word_1_93' title='bbox 1884 1452 1897 1489; x_wconf 92' lang='lat'>:</span> 
     </span>
    </p>
   </div>
   <div class='ocr_carea' id='block_1_14' title="bbox 252 1515 1896 1595">
    <p class='ocr_par' dir='ltr' id='par_1_14' title="bbox 252 1515 1896 1595">
     <span class='ocr_line' id='line_1_14' title="bbox 252 1515 1896 1595; baseline 0.008 -29"><span class='ocrx_word' id='word_1_94' title='bbox 252 1516 366 1582; x_wconf 88' lang='lat' dir='ltr'>Qui</span> <span class='ocrx_word' id='word_1_95' title='bbox 387 1515 543 1569; x_wconf 88' lang='lat' dir='ltr'>timet</span> <span class='ocrx_word' id='word_1_96' title='bbox 559 1519 842 1587; x_wconf 85' lang='lat' dir='ltr'>pruinam,</span> <span class='ocrx_word' id='word_1_97' title='bbox 874 1522 1045 1576; x_wconf 86' lang='lat' dir='ltr'>irruet</span> <span class='ocrx_word' id='word_1_98' title='bbox 1064 1538 1221 1592; x_wconf 89' lang='lat' dir='ltr'>saper</span> <span class='ocrx_word' id='word_1_99' title='bbox 1244 1540 1368 1578; x_wconf 87' lang='lat' dir='ltr'>cum</span> <span class='ocrx_word' id='word_1_100' title='bbox 1388 1528 1490 1577; x_wconf 63' lang='lat' dir='ltr'>nim</span> <span class='ocrx_word' id='word_1_101' title='bbox 1520 1524 1657 1593; x_wconf 92' lang='lat' dir='ltr'>(Job.</span> <span class='ocrx_word' id='word_1_102' title='bbox 1688 1542 1763 1593; x_wconf 83' lang='lat' dir='ltr'>v1,</span> <span class='ocrx_word' id='word_1_103' title='bbox 1792 1524 1896 1595; x_wconf 85' lang='lat'>16).</span> 
     </span>
    </p>
   </div>
   <div class='ocr_carea' id='block_1_15' title="bbox 252 1601 1902 1681">
    <p class='ocr_par' dir='ltr' id='par_1_15' title="bbox 252 1601 1902 1681">
     <span class='ocr_line' id='line_1_15' title="bbox 252 1601 1902 1681; baseline 0.008 -27"><span class='ocrx_word' id='word_1_104' title='bbox 252 1601 347 1655; x_wconf 84' lang='lat' dir='ltr'>Ait</span> <span class='ocrx_word' id='word_1_105' title='bbox 377 1603 534 1658; x_wconf 89' lang='lat' dir='ltr'>enim</span> <span class='ocrx_word' id='word_1_106' title='bbox 567 1605 853 1663; x_wconf 89' lang='lat' dir='ltr'>Dominus</span> <span class='ocrx_word' id='word_1_107' title='bbox 886 1609 942 1663; x_wconf 91' lang='lat' dir='ltr'>in</span> <span class='ocrx_word' id='word_1_108' title='bbox 979 1610 1283 1681; x_wconf 82' lang='lat' dir='ltr'>Evangelia</span> <span class='ocrx_word' id='word_1_109' title='bbox 1319 1629 1329 1665; x_wconf 91' lang='lat'>:</span> <span class='ocrx_word' id='word_1_110' title='bbox 1380 1613 1486 1679; x_wconf 86' lang='lat' dir='ltr'>Qui</span> <span class='ocrx_word' id='word_1_111' title='bbox 1515 1628 1600 1666; x_wconf 89' lang='lat' dir='ltr'>me</span> <span class='ocrx_word' id='word_1_112' title='bbox 1627 1612 1902 1667; x_wconf 82' lang='lat' dir='ltr'>erubuerit</span> 
     </span>
    </p>
   </div>
   <div class='ocr_carea' id='block_1_16' title="bbox 248 1696 1902 1763">
    <p class='ocr_par' dir='ltr' id='par_1_16' title="bbox 248 1696 1902 1763">
     <span class='ocr_line' id='line_1_16' title="bbox 248 1696 1902 1763; baseline 0.006 -18"><span class='ocrx_word' id='word_1_113' title='bbox 248 1699 301 1745; x_wconf 91' lang='lat' dir='ltr'>et</span> <span class='ocrx_word' id='word_1_114' title='bbox 330 1707 476 1746; x_wconf 86' lang='lat' dir='ltr'>meos</span> <span class='ocrx_word' id='word_1_115' title='bbox 505 1709 800 1763; x_wconf 85' lang='lat' dir='ltr'>sermones,</span> <span class='ocrx_word' id='word_1_116' title='bbox 829 1696 973 1751; x_wconf 79' lang='lat' dir='ltr'>hunc</span> <span class='ocrx_word' id='word_1_117' title='bbox 1003 1700 1175 1753; x_wconf 80' lang='lat' dir='ltr'>Filius</span> <span class='ocrx_word' id='word_1_118' title='bbox 1207 1700 1445 1755; x_wconf 76' lang='lat' dir='ltr'>hominis</span> <span class='ocrx_word' id='word_1_119' title='bbox 1474 1701 1746 1756; x_wconf 88' lang='lat' dir='ltr'>erubescet</span> <span class='ocrx_word' id='word_1_120' title='bbox 1776 1717 1902 1755; x_wconf 92' lang='lat' dir='ltr'>cum</span> 
     </span>
    </p>
   </div>
   <div class='ocr_carea' id='block_1_17' title="bbox 248 1780 1897 1856">
    <p class='ocr_par' dir='ltr' id='par_1_17' title="bbox 248 1780 1897 1856">
     <span class='ocr_line' id='line_1_17' title="bbox 248 1780 1897 1856; baseline 0.006 -23"><span class='ocrx_word' id='word_1_121' title='bbox 248 1780 460 1835; x_wconf 80' lang='lat' dir='ltr'>venerit</span> <span class='ocrx_word' id='word_1_122' title='bbox 492 1784 547 1835; x_wconf 88' lang='lat' dir='ltr'>in</span> <span class='ocrx_word' id='word_1_123' title='bbox 589 1786 868 1856; x_wconf 84' lang='lat' dir='ltr'>majestate</span> <span class='ocrx_word' id='word_1_124' title='bbox 895 1804 1018 1855; x_wconf 89' lang='lat' dir='ltr'>sua,</span> <span class='ocrx_word' id='word_1_125' title='bbox 1051 1792 1101 1843; x_wconf 88' lang='lat' dir='ltr'>et</span> <span class='ocrx_word' id='word_1_126' title='bbox 1131 1793 1332 1856; x_wconf 87' lang='lat' dir='ltr'>Patris,</span> <span class='ocrx_word' id='word_1_127' title='bbox 1368 1798 1421 1844; x_wconf 91' lang='lat' dir='ltr'>et</span> <span class='ocrx_word' id='word_1_128' title='bbox 1448 1796 1761 1845; x_wconf 86' lang='lat' dir='ltr'>sanctorum</span> <span class='ocrx_word' id='word_1_129' title='bbox 1792 1808 1897 1845; x_wconf 89' lang='lat' dir='ltr'>an-</span> 
     </span>
    </p>
   </div>
   <div class='ocr_carea' id='block_1_18' title="bbox 246 1869 1977 1978">
    <p class='ocr_par' dir='ltr' id='par_1_18' title="bbox 246 1869 1977 1978">
     <span class='ocr_line' id='line_1_18' title="bbox 246 1869 1977 1978; baseline 0.005 -53"><span class='ocrx_word' id='word_1_130' title='bbox 246 1869 502 1978; x_wconf 58' lang='lat' dir='ltr'>gelqrum</span> <span class='ocrx_word' id='word_1_131' title='bbox 532 1871 680 1941; x_wconf 87' lang='lat' dir='ltr'>(Luc.</span> <span class='ocrx_word' id='word_1_132' title='bbox 720 1892 793 1940; x_wconf 84' lang='lat' dir='ltr'>1x,</span> <span class='ocrx_word' id='word_1_133' title='bbox 824 1876 933 1946; x_wconf 85' lang='grc'>26).</span> <span class='ocrx_word' id='word_1_134' title='bbox 969 1877 1036 1931; x_wconf 83' lang='lat' dir='ltr'>Et</span> <span class='ocrx_word' id='word_1_135' title='bbox 1084 1878 1288 1933; x_wconf 88' lang='lat' dir='ltr'>beatus</span> <span class='ocrx_word' id='word_1_136' title='bbox 1328 1880 1523 1934; x_wconf 79' lang='lat' dir='ltr'>Sixtus</span> <span class='ocrx_word' id='word_1_137' title='bbox 1571 1896 1720 1951; x_wconf 89' lang='lat' dir='ltr'>papa</span> <span class='ocrx_word' id='word_1_138' title='bbox 1770 1870 1895 1934; x_wconf 54' lang='lat' dir='ltr'>ait}</span> <span class='ocrx_word' id='word_1_139' title='bbox 1930 1914 1977 1978; x_wconf 86' lang='lat' dir='ltr'><strong>B</strong></span> 
     </span>
    </p>
   </div>
   <div class='ocr_carea' id='block_1_19' title="bbox 253 1957 1899 2039">
    <p class='ocr_par' dir='ltr' id='par_1_19' title="bbox 253 1957 1899 2039">
     <span class='ocr_line' id='line_1_19' title="bbox 253 1957 1899 2039; baseline 0.008 -29"><span class='ocrx_word' id='word_1_140' title='bbox 253 1980 274 2003; x_wconf 72' lang='grc' dir='ltr'><strong>ε</strong></span> <span class='ocrx_word' id='word_1_141' title='bbox 317 1957 521 2014; x_wconf 88' lang='lat' dir='ltr'>Merito</span> <span class='ocrx_word' id='word_1_142' title='bbox 555 1978 807 2034; x_wconf 88' lang='lat' dir='ltr'>namque</span> <span class='ocrx_word' id='word_1_143' title='bbox 841 1981 1018 2021; x_wconf 90' lang='lat' dir='ltr'>causa</span> <span class='ocrx_word' id='word_1_144' title='bbox 1050 1984 1154 2022; x_wconf 88' lang='lat' dir='ltr'>nos</span> <span class='ocrx_word' id='word_1_145' title='bbox 1185 1968 1442 2039; x_wconf 88' lang='lat' dir='ltr'>respicit,</span> <span class='ocrx_word' id='word_1_146' title='bbox 1476 1968 1524 2023; x_wconf 91' lang='lat' dir='ltr'>si</span> <span class='ocrx_word' id='word_1_147' title='bbox 1555 1968 1784 2023; x_wconf 90' lang='lat' dir='ltr'>silentio</span> <span class='ocrx_word' id='word_1_148' title='bbox 1815 1969 1899 2023; x_wconf 79' lang='lat' dir='ltr'>fa-</span> 
     </span>
    </p>
   </div>
   <div class='ocr_carea' id='block_1_20' title="bbox 248 2052 1897 2127">
    <p class='ocr_par' dir='ltr' id='par_1_20' title="bbox 248 2052 1897 2127">
     <span class='ocr_line' id='line_1_20' title="bbox 248 2052 1897 2127; baseline 0.007 -27"><span class='ocrx_word' id='word_1_149' title='bbox 248 2062 496 2103; x_wconf 89' lang='lat' dir='ltr'>veamus</span> <span class='ocrx_word' id='word_1_150' title='bbox 526 2052 727 2106; x_wconf 91' lang='lat' dir='ltr'>errori.</span> <span class='ocrx_word' id='word_1_151' title='bbox 765 2074 791 2100; x_wconf 84' lang='lat'>»</span> <span class='ocrx_word' id='word_1_152' title='bbox 843 2054 911 2108; x_wconf 86' lang='lat' dir='ltr'>Et</span> <span class='ocrx_word' id='word_1_153' title='bbox 940 2054 1198 2111; x_wconf 90' lang='lat' dir='ltr'>Isidorus</span> <span class='ocrx_word' id='word_1_154' title='bbox 1246 2056 1369 2127; x_wconf 92' lang='lat' dir='ltr'>(lib.</span> <span class='ocrx_word' id='word_1_155' title='bbox 1411 2074 1469 2111; x_wconf 84' lang='lat'>111</span> <span class='ocrx_word' id='word_1_156' title='bbox 1520 2058 1646 2112; x_wconf 85' lang='lat' dir='ltr'>Sent</span> <span class='ocrx_word' id='word_1_157' title='bbox 1684 2075 1733 2112; x_wconf 92' lang='lat' dir='ltr'>c.</span> <span class='ocrx_word' id='word_1_158' title='bbox 1770 2058 1897 2127; x_wconf 65' lang='lat'>11);</span> 
     </span>
    </p>
   </div>
   <div class='ocr_carea' id='block_1_21' title="bbox 252 2137 1903 2217">
    <p class='ocr_par' dir='ltr' id='par_1_21' title="bbox 252 2137 1903 2217">
     <span class='ocr_line' id='line_1_21' title="bbox 252 2137 1903 2217; baseline 0.007 -27"><span class='ocrx_word' id='word_1_159' title='bbox 252 2158 279 2184; x_wconf 85' lang='grc'>‹‹</span> <span class='ocrx_word' id='word_1_160' title='bbox 313 2137 421 2201; x_wconf 87' lang='lat' dir='ltr'>Qui</span> <span class='ocrx_word' id='word_1_161' title='bbox 444 2139 733 2211; x_wconf 84' lang='lat' dir='ltr'>corrigere</span> <span class='ocrx_word' id='word_1_162' title='bbox 759 2147 950 2212; x_wconf 83' lang='lat' dir='ltr'>potest</span> <span class='ocrx_word' id='word_1_163' title='bbox 970 2150 1027 2199; x_wconf 91' lang='lat' dir='ltr'>et</span> <span class='ocrx_word' id='word_1_164' title='bbox 1049 2145 1404 2211; x_wconf 87' lang='lat' dir='ltr'>dissimulat,</span> <span class='ocrx_word' id='word_1_165' title='bbox 1430 2162 1627 2201; x_wconf 90' lang='lat' dir='ltr'>verum</span> <span class='ocrx_word' id='word_1_166' title='bbox 1656 2151 1743 2201; x_wconf 91' lang='lat' dir='ltr'>est</span> <span class='ocrx_word' id='word_1_167' title='bbox 1764 2147 1903 2217; x_wconf 86' lang='lat' dir='ltr'>quia</span> 
     </span>
    </p>
   </div>
   <div class='ocr_carea' id='block_1_22' title="bbox 254 2230 1901 2289">
    <p class='ocr_par' dir='ltr' id='par_1_22' title="bbox 254 2230 1901 2289">
     <span class='ocr_line' id='line_1_22' title="bbox 254 2230 1901 2289; baseline 0.005 -10"><span class='ocrx_word' id='word_1_168' title='bbox 254 2239 604 2282; x_wconf 85' lang='lat' dir='ltr'>consensum</span> <span class='ocrx_word' id='word_1_169' title='bbox 628 2230 839 2285; x_wconf 91' lang='lat' dir='ltr'>erroris</span> <span class='ocrx_word' id='word_1_170' title='bbox 862 2231 1035 2287; x_wconf 90' lang='lat' dir='ltr'>alieni</span> <span class='ocrx_word' id='word_1_171' title='bbox 1065 2234 1292 2289; x_wconf 84' lang='lat' dir='ltr'>habeat.</span> <span class='ocrx_word' id='word_1_172' title='bbox 1326 2257 1353 2284; x_wconf 90' lang='grc'><strong>››</strong></span> <span class='ocrx_word' id='word_1_173' title='bbox 1390 2236 1457 2289; x_wconf 87' lang='lat' dir='ltr'>Et</span> <span class='ocrx_word' id='word_1_174' title='bbox 1479 2235 1682 2289; x_wconf 89' lang='lat' dir='ltr'>beatus</span> <span class='ocrx_word' id='word_1_175' title='bbox 1704 2233 1901 2288; x_wconf 84' lang='lat' dir='ltr'>Hiero-</span> 
     </span>
    </p>
   </div>
   <div class='ocr_carea' id='block_1_23' title="bbox 261 2317 1897 2394">
    <p class='ocr_par' dir='ltr' id='par_1_23' title="bbox 261 2317 1897 2394">
     <span class='ocr_line' id='line_1_23' title="bbox 261 2317 1897 2394; baseline 0.006 -28"><span class='ocrx_word' id='word_1_176' title='bbox 261 2329 463 2381; x_wconf 76' lang='lat' dir='ltr'>nymus</span> <span class='ocrx_word' id='word_1_177' title='bbox 488 2330 500 2369; x_wconf 95' lang='lat'>:</span> <span class='ocrx_word' id='word_1_178' title='bbox 540 2339 566 2365; x_wconf 86' lang='lat'><strong>«</strong></span> <span class='ocrx_word' id='word_1_179' title='bbox 597 2317 799 2374; x_wconf 88' lang='lat' dir='ltr'>Omnis</span> <span class='ocrx_word' id='word_1_180' title='bbox 824 2322 1102 2377; x_wconf 86' lang='lat' dir='ltr'>correctio</span> <span class='ocrx_word' id='word_1_181' title='bbox 1126 2340 1252 2393; x_wconf 65' lang='lat' dir='ltr'>quae</span> <span class='ocrx_word' id='word_1_182' title='bbox 1281 2323 1510 2394; x_wconf 83' lang='lat' dir='ltr'>proficit</span> <span class='ocrx_word' id='word_1_183' title='bbox 1530 2324 1597 2378; x_wconf 91' lang='lat' dir='ltr'>ad</span> <span class='ocrx_word' id='word_1_184' title='bbox 1626 2322 1897 2389; x_wconf 89' lang='lat' dir='ltr'>salutem,</span> 
     </span>
    </p>
   </div>
   <div class='ocr_carea' id='block_1_24' title="bbox 258 2402 1901 2483">
    <p class='ocr_par' dir='ltr' id='par_1_24' title="bbox 258 2402 1901 2483">
     <span class='ocr_line' id='line_1_24' title="bbox 258 2402 1901 2483; baseline 0.007 -29"><span class='ocrx_word' id='word_1_185' title='bbox 258 2402 325 2454; x_wconf 90' lang='lat' dir='ltr'>ad</span> <span class='ocrx_word' id='word_1_186' title='bbox 348 2420 605 2472; x_wconf 71' lang='lat' dir='ltr'>praesens</span> <span class='ocrx_word' id='word_1_187' title='bbox 633 2407 859 2463; x_wconf 87' lang='lat' dir='ltr'>videtur</span> <span class='ocrx_word' id='word_1_188' title='bbox 879 2426 1005 2465; x_wconf 90' lang='lat' dir='ltr'>esse</span> <span class='ocrx_word' id='word_1_189' title='bbox 1031 2410 1301 2478; x_wconf 61' lang='lat' dir='ltr'>tristitia,</span> <span class='ocrx_word' id='word_1_190' title='bbox 1323 2414 1421 2467; x_wconf 87' lang='lat' dir='ltr'>sed</span> <span class='ocrx_word' id='word_1_191' title='bbox 1453 2416 1653 2483; x_wconf 89' lang='lat' dir='ltr'>postea</span> <span class='ocrx_word' id='word_1_192' title='bbox 1678 2412 1901 2465; x_wconf 79' lang='lat' dir='ltr'>fructus</span> 
     </span>
    </p>
   </div>
   <div class='ocr_carea' id='block_1_25' title="bbox 252 2488 1899 2573">
    <p class='ocr_par' dir='ltr' id='par_1_25' title="bbox 252 2488 1899 2573">
     <span class='ocr_line' id='line_1_25' title="bbox 252 2488 1899 2573; baseline 0.006 -30"><span class='ocrx_word' id='word_1_193' title='bbox 252 2488 427 2546; x_wconf 84' lang='lat' dir='ltr'>habet</span> <span class='ocrx_word' id='word_1_194' title='bbox 457 2494 749 2564; x_wconf 84' lang='lat' dir='ltr'>paciﬁcos.</span> <span class='ocrx_word' id='word_1_195' title='bbox 787 2520 814 2545; x_wconf 83' lang='lat'>»</span> <span class='ocrx_word' id='word_1_196' title='bbox 862 2499 972 2553; x_wconf 85' lang='lat' dir='ltr'>Sed</span> <span class='ocrx_word' id='word_1_197' title='bbox 1006 2502 1160 2571; x_wconf 90' lang='lat' dir='ltr'>quod</span> <span class='ocrx_word' id='word_1_198' title='bbox 1196 2502 1417 2571; x_wconf 87' lang='lat' dir='ltr'>absque</span> <span class='ocrx_word' id='word_1_199' title='bbox 1448 2502 1605 2573; x_wconf 81' lang='lat' dir='ltr'>gravi</span> <span class='ocrx_word' id='word_1_200' title='bbox 1640 2501 1749 2555; x_wconf 91' lang='lat' dir='ltr'>dici</span> <span class='ocrx_word' id='word_1_201' title='bbox 1785 2514 1899 2554; x_wconf 89' lang='lat' dir='ltr'>non</span> 
     </span>
    </p>
   </div>
   <div class='ocr_carea' id='block_1_26' title="bbox 254 2585 1901 2659">
    <p class='ocr_par' dir='ltr' id='par_1_26' title="bbox 254 2585 1901 2659">
     <span class='ocr_line' id='line_1_26' title="bbox 254 2585 1901 2659; baseline 0.005 -25"><span class='ocrx_word' id='word_1_202' title='bbox 254 2585 446 2649; x_wconf 87' lang='lat' dir='ltr'>potest</span> <span class='ocrx_word' id='word_1_203' title='bbox 498 2586 739 2655; x_wconf 85' lang='lat' dir='ltr'>gemitu,</span> <span class='ocrx_word' id='word_1_204' title='bbox 793 2588 1055 2659; x_wconf 89' lang='lat' dir='ltr'>[quidam</span> <span class='ocrx_word' id='word_1_205' title='bbox 1102 2606 1170 2645; x_wconf 82' lang='lat' dir='ltr'>ex</span> <span class='ocrx_word' id='word_1_206' title='bbox 1221 2590 1439 2646; x_wconf 87' lang='lat' dir='ltr'>nostris</span> <span class='ocrx_word' id='word_1_207' title='bbox 1480 2591 1538 2645; x_wconf 91' lang='lat' dir='ltr'>in</span> <span class='ocrx_word' id='word_1_208' title='bbox 1578 2594 1808 2645; x_wconf 87' lang='lat' dir='ltr'>tantum</span> <span class='ocrx_word' id='word_1_209' title='bbox 1839 2604 1901 2643; x_wconf 90' lang='lat' dir='ltr'>se</span> 
     </span>
    </p>
   </div>
   <div class='ocr_carea' id='block_1_27' title="bbox 252 2669 1901 2749">
    <p class='ocr_par' dir='ltr' id='par_1_27' title="bbox 252 2669 1901 2749">
     <span class='ocr_line' id='line_1_27' title="bbox 252 2669 1901 2749; baseline 0.008 -27"><span class='ocrx_word' id='word_1_210' title='bbox 252 2669 449 2739; x_wconf 89' lang='lat' dir='ltr'>pravis</span> <span class='ocrx_word' id='word_1_211' title='bbox 497 2674 819 2743; x_wconf 83' lang='lat' dir='ltr'>subjiciunt</span> <span class='ocrx_word' id='word_1_212' title='bbox 876 2680 1293 2749; x_wconf 88' lang='lat' dir='ltr'>potestatibus,</span> <span class='ocrx_word' id='word_1_213' title='bbox 1353 2685 1418 2736; x_wconf 89' lang='lat' dir='ltr'>ut</span> <span class='ocrx_word' id='word_1_214' title='bbox 1475 2681 1647 2736; x_wconf 91' lang='lat' dir='ltr'>etiam</span> <span class='ocrx_word' id='word_1_215' title='bbox 1706 2680 1901 2735; x_wconf 91' lang='lat' dir='ltr'>divina</span> 
     </span>
    </p>
   </div>
   <div class='ocr_carea' id='block_1_28' title="bbox 249 2759 1897 2841">
    <p class='ocr_par' dir='ltr' id='par_1_28' title="bbox 249 2759 1897 2841">
     <span class='ocr_line' id='line_1_28' title="bbox 249 2759 1897 2841; baseline 0.008 -30"><span class='ocrx_word' id='word_1_216' title='bbox 249 2759 447 2827; x_wconf 85' lang='lat' dir='ltr'>verba,</span> <span class='ocrx_word' id='word_1_217' title='bbox 477 2767 931 2838; x_wconf 84' lang='lat' dir='ltr'>sanctorumque</span> <span class='ocrx_word' id='word_1_218' title='bbox 953 2772 1189 2823; x_wconf 88' lang='lat' dir='ltr'>Patrum</span> <span class='ocrx_word' id='word_1_219' title='bbox 1223 2770 1413 2824; x_wconf 87' lang='lat' dir='ltr'>edicta</span> <span class='ocrx_word' id='word_1_220' title='bbox 1442 2771 1512 2825; x_wconf 88' lang='lat' dir='ltr'>ad</span> <span class='ocrx_word' id='word_1_221' title='bbox 1544 2771 1897 2841; x_wconf 86' lang='lat' dir='ltr'>redarguen-</span> 
     </span>
    </p>
   </div>
   <div class='ocr_carea' id='block_1_29' title="bbox 248 2847 1899 2930">
    <p class='ocr_par' dir='ltr' id='par_1_29' title="bbox 248 2847 1899 2930">
     <span class='ocr_line' id='line_1_29' title="bbox 248 2847 1899 2930; baseline 0.008 -30"><span class='ocrx_word' id='word_1_222' title='bbox 248 2847 393 2901; x_wconf 93' lang='lat' dir='ltr'>dum</span> <span class='ocrx_word' id='word_1_223' title='bbox 438 2849 571 2905; x_wconf 81' lang='lat' dir='ltr'>vitia</span> <span class='ocrx_word' id='word_1_224' title='bbox 621 2853 861 2924; x_wconf 89' lang='lat' dir='ltr'>prolata,</span> <span class='ocrx_word' id='word_1_225' title='bbox 896 2856 1036 2912; x_wconf 87' lang='lat' dir='ltr'>adeo</span> <span class='ocrx_word' id='word_1_226' title='bbox 1086 2857 1248 2913; x_wconf 81' lang='lat' dir='ltr'>falsis</span> <span class='ocrx_word' id='word_1_227' title='bbox 1300 2859 1563 2915; x_wconf 89' lang='lat' dir='ltr'>nitantur</span> <span class='ocrx_word' id='word_1_228' title='bbox 1607 2860 1899 2930; x_wconf 88' lang='lat' dir='ltr'>vitupera-</span> 
     </span>
    </p>
   </div>
   <div class='ocr_carea' id='block_1_30' title="bbox 246 2934 1899 3011">
    <p class='ocr_par' dir='ltr' id='par_1_30' title="bbox 246 2934 1899 3011">
     <span class='ocr_line' id='line_1_30' title="bbox 246 2934 1899 3011; baseline 0.009 -24"><span class='ocrx_word' id='word_1_229' title='bbox 246 2934 513 2993; x_wconf 89' lang='lat' dir='ltr'>tionibus</span> <span class='ocrx_word' id='word_1_230' title='bbox 565 2942 939 3011; x_wconf 90' lang='lat' dir='ltr'>obumbrare,</span> <span class='ocrx_word' id='word_1_231' title='bbox 995 2949 1060 3000; x_wconf 90' lang='lat' dir='ltr'>ut</span> <span class='ocrx_word' id='word_1_232' title='bbox 1113 2946 1291 3002; x_wconf 89' lang='lat' dir='ltr'>etiam</span> <span class='ocrx_word' id='word_1_233' title='bbox 1352 2948 1535 3003; x_wconf 88' lang='lat' dir='ltr'>sacris</span> <span class='ocrx_word' id='word_1_234' title='bbox 1593 2948 1899 3002; x_wconf 86' lang='lat' dir='ltr'>videantur</span> 
     </span>
    </p>
   </div>
   <div class='ocr_carea' id='block_1_31' title="bbox 244 3026 1897 3103">
    <p class='ocr_par' dir='ltr' id='par_1_31' title="bbox 244 3026 1897 3103">
     <span class='ocr_line' id='line_1_31' title="bbox 244 3026 1897 3103; baseline 0.007 -25"><span class='ocrx_word' id='word_1_235' title='bbox 244 3026 604 3082; x_wconf 82' lang='lat' dir='ltr'>conﬁrmare</span> <span class='ocrx_word' id='word_1_236' title='bbox 634 3029 936 3097; x_wconf 90' lang='lat' dir='ltr'>doctrinis,</span> <span class='ocrx_word' id='word_1_237' title='bbox 972 3050 1100 3103; x_wconf 68' lang='lat' dir='ltr'>quae</span> <span class='ocrx_word' id='word_1_238' title='bbox 1128 3035 1483 3089; x_wconf 88' lang='lat' dir='ltr'>omnimodis</span> <span class='ocrx_word' id='word_1_239' title='bbox 1527 3036 1749 3089; x_wconf 91' lang='lat' dir='ltr'>dudum</span> <span class='ocrx_word' id='word_1_240' title='bbox 1800 3036 1897 3089; x_wconf 89' lang='lat' dir='ltr'>de-</span> 
     </span>
    </p>
   </div>
   <div class='ocr_carea' id='block_1_32' title="bbox 240 3116 1898 3194">
    <p class='ocr_par' dir='ltr' id='par_1_32' title="bbox 240 3116 1898 3194">
     <span class='ocr_line' id='line_1_32' title="bbox 240 3116 1898 3194; baseline 0.007 -28"><span class='ocrx_word' id='word_1_241' title='bbox 240 3116 482 3168; x_wconf 87' lang='lat' dir='ltr'>structa</span> <span class='ocrx_word' id='word_1_242' title='bbox 512 3121 651 3169; x_wconf 89' lang='lat' dir='ltr'>sunt</span> <span class='ocrx_word' id='word_1_243' title='bbox 683 3117 741 3171; x_wconf 92' lang='lat' dir='ltr'>in</span> <span class='ocrx_word' id='word_1_244' title='bbox 772 3118 937 3188; x_wconf 88' lang='lat' dir='ltr'>ipsis.</span> <span class='ocrx_word' id='word_1_245' title='bbox 972 3120 1039 3175; x_wconf 88' lang='lat' dir='ltr'>Hi</span> <span class='ocrx_word' id='word_1_246' title='bbox 1072 3138 1207 3193; x_wconf 88' lang='lat' dir='ltr'>ergo</span> <span class='ocrx_word' id='word_1_247' title='bbox 1238 3124 1382 3177; x_wconf 88' lang='lat' dir='ltr'>tales</span> <span class='ocrx_word' id='word_1_248' title='bbox 1415 3122 1617 3178; x_wconf 89' lang='lat' dir='ltr'>merito</span> <span class='ocrx_word' id='word_1_249' title='bbox 1648 3124 1898 3194; x_wconf 87' lang='lat' dir='ltr'>pseudo-</span> 
     </span>
    </p>
   </div>
   <div class='ocr_carea' id='block_1_33' title="bbox 243 3201 1897 3279">
    <p class='ocr_par' dir='ltr' id='par_1_33' title="bbox 243 3201 1897 3279">
     <span class='ocr_line' id='line_1_33' title="bbox 243 3201 1897 3279; baseline 0.008 -26"><span class='ocrx_word' id='word_1_250' title='bbox 243 3201 568 3272; x_wconf 67' lang='lat' dir='ltr'>prophetis,</span> <span class='ocrx_word' id='word_1_251' title='bbox 604 3210 657 3260; x_wconf 89' lang='lat' dir='ltr'>et</span> <span class='ocrx_word' id='word_1_252' title='bbox 706 3209 1135 3278; x_wconf 85' lang='lat' dir='ltr'>pseudochristi</span> <span class='ocrx_word' id='word_1_253' title='bbox 1176 3210 1493 3279; x_wconf 87' lang='lat' dir='ltr'>dicuntur.)</span> <span class='ocrx_word' id='word_1_254' title='bbox 1548 3253 1559 3267; x_wconf 91' lang='lat'>.</span> <span class='ocrx_word' id='word_1_255' title='bbox 1613 3254 1624 3267; x_wconf 93' lang='lat'>.</span> <span class='ocrx_word' id='word_1_256' title='bbox 1673 3254 1684 3267; x_wconf 96' lang='lat'>.</span> <span class='ocrx_word' id='word_1_257' title='bbox 1724 3212 1897 3267; x_wconf 91' lang='lat' dir='ltr'>modo</span> 
     </span>
    </p>
   </div>
   <div class='ocr_carea' id='block_1_34' title="bbox 2018 630 3662 703">
    <p class='ocr_par' dir='ltr' id='par_1_34' title="bbox 2018 630 3662 703">
     <span class='ocr_line' id='line_1_34' title="bbox 2018 630 3662 703; baseline 0.001 -17"><span class='ocrx_word' id='word_1_258' title='bbox 2018 631 2188 686; x_wconf 88' lang='lat' dir='ltr'>daces</span> <span class='ocrx_word' id='word_1_259' title='bbox 2220 648 2351 686; x_wconf 87' lang='lat' dir='ltr'>vera</span> <span class='ocrx_word' id='word_1_260' title='bbox 2373 631 2701 687; x_wconf 90' lang='lat' dir='ltr'>dicentibus</span> <span class='ocrx_word' id='word_1_261' title='bbox 2732 632 3135 699; x_wconf 88' lang='lat' dir='ltr'>adversantur,</span> <span class='ocrx_word' id='word_1_262' title='bbox 3161 635 3217 686; x_wconf 88' lang='lat' dir='ltr'>et</span> <span class='ocrx_word' id='word_1_263' title='bbox 3246 630 3432 703; x_wconf 90' lang='lat' dir='ltr'>iniqui</span> <span class='ocrx_word' id='word_1_264' title='bbox 3459 630 3662 687; x_wconf 79' lang='lat' dir='ltr'>fideles</span> 
     </span>
    </p>
   </div>
   <div class='ocr_carea' id='block_1_35' title="bbox 2016 720 3663 792">
    <p class='ocr_par' dir='ltr' id='par_1_35' title="bbox 2016 720 3663 792">
     <span class='ocr_line' id='line_1_35' title="bbox 2016 720 3663 792; baseline 0.001 -17"><span class='ocrx_word' id='word_1_265' title='bbox 2016 721 2285 792; x_wconf 89' lang='lat' dir='ltr'>persequi</span> <span class='ocrx_word' id='word_1_266' title='bbox 2310 738 2423 775; x_wconf 92' lang='lat' dir='ltr'>non</span> <span class='ocrx_word' id='word_1_267' title='bbox 2447 721 2753 776; x_wconf 88' lang='lat' dir='ltr'>omittunt:</span> <span class='ocrx_word' id='word_1_268' title='bbox 2777 720 2914 791; x_wconf 91' lang='lat' dir='ltr'>quia</span> <span class='ocrx_word' id='word_1_269' title='bbox 2932 720 3254 776; x_wconf 90' lang='lat' dir='ltr'>secundum</span> <span class='ocrx_word' id='word_1_270' title='bbox 3276 720 3511 775; x_wconf 88' lang='lat' dir='ltr'>beatum</span> <span class='ocrx_word' id='word_1_271' title='bbox 3528 726 3663 776; x_wconf 81' lang='lat' dir='ltr'>Am-</span> 
     </span>
    </p>
   </div>
   <div class='ocr_carea' id='block_1_36' title="bbox 2016 808 3661 881">
    <p class='ocr_par' dir='ltr' id='par_1_36' title="bbox 2016 808 3661 881">
     <span class='ocr_line' id='line_1_36' title="bbox 2016 808 3661 881; baseline 0 -16"><span class='ocrx_word' id='word_1_272' title='bbox 2016 810 2309 866; x_wconf 89' lang='lat' dir='ltr'>brosium:</span> <span class='ocrx_word' id='word_1_273' title='bbox 2338 833 2363 859; x_wconf 85' lang='lat'><strong>((</strong></span> <span class='ocrx_word' id='word_1_274' title='bbox 2393 809 2737 881; x_wconf 88' lang='lat' dir='ltr'>Plerumque</span> <span class='ocrx_word' id='word_1_275' title='bbox 2757 810 2931 865; x_wconf 90' lang='lat' dir='ltr'>etiam</span> <span class='ocrx_word' id='word_1_276' title='bbox 2955 827 3022 865; x_wconf 81' lang='lat' dir='ltr'>ex</span> <span class='ocrx_word' id='word_1_277' title='bbox 3043 808 3305 865; x_wconf 90' lang='lat' dir='ltr'>doctrina</span> <span class='ocrx_word' id='word_1_278' title='bbox 3326 810 3661 879; x_wconf 89' lang='lat' dir='ltr'>arrogantia</span> 
     </span>
    </p>
   </div>
   <div class='ocr_carea' id='block_1_37' title="bbox 2015 897 3658 971">
    <p class='ocr_par' dir='ltr' id='par_1_37' title="bbox 2015 897 3658 971">
     <span class='ocr_line' id='line_1_37' title="bbox 2015 897 3658 971; baseline -0.001 -18"><span class='ocrx_word' id='word_1_279' title='bbox 2015 899 2293 954; x_wconf 87' lang='lat' dir='ltr'>nascitur.</span> <span class='ocrx_word' id='word_1_280' title='bbox 2328 922 2353 948; x_wconf 89' lang='grc'><strong>››</strong></span> <span class='ocrx_word' id='word_1_281' title='bbox 2386 899 2532 953; x_wconf 84' lang='lat' dir='ltr'>Hinc</span> <span class='ocrx_word' id='word_1_282' title='bbox 2556 904 2611 953; x_wconf 91' lang='lat' dir='ltr'>et</span> <span class='ocrx_word' id='word_1_283' title='bbox 2634 899 2883 971; x_wconf 89' lang='lat' dir='ltr'>legimus</span> <span class='ocrx_word' id='word_1_284' title='bbox 2906 900 2963 953; x_wconf 92' lang='lat' dir='ltr'>in</span> <span class='ocrx_word' id='word_1_285' title='bbox 2986 899 3257 968; x_wconf 86' lang='lat' dir='ltr'>Jeremia,</span> <span class='ocrx_word' id='word_1_286' title='bbox 3284 898 3438 968; x_wconf 91' lang='lat' dir='ltr'>quod</span> <span class='ocrx_word' id='word_1_287' title='bbox 3466 897 3658 952; x_wconf 90' lang='lat' dir='ltr'>Semel</span> 
     </span>
    </p>
   </div>
   <div class='ocr_carea' id='block_1_38' title="bbox 2016 986 3654 1060">
    <p class='ocr_par' dir='ltr' id='par_1_38' title="bbox 2016 986 3654 1060">
     <span class='ocr_line' id='line_1_38' title="bbox 2016 986 3654 1060; baseline -0.002 -17"><span class='ocrx_word' id='word_1_288' title='bbox 2016 989 2523 1060; x_wconf 83' lang='lat' dir='ltr'>pseudopropheta</span> <span class='ocrx_word' id='word_1_289' title='bbox 2546 989 2731 1043; x_wconf 89' lang='lat' dir='ltr'>iratus</span> <span class='ocrx_word' id='word_1_290' title='bbox 2765 989 2840 1043; x_wconf 88' lang='lat' dir='ltr'>sit</span> <span class='ocrx_word' id='word_1_291' title='bbox 2862 993 3063 1042; x_wconf 89' lang='lat' dir='ltr'>contra</span> <span class='ocrx_word' id='word_1_292' title='bbox 3087 986 3457 1042; x_wconf 90' lang='lat' dir='ltr'>mendacium</span> <span class='ocrx_word' id='word_1_293' title='bbox 3480 1002 3654 1040; x_wconf 91' lang='lat' dir='ltr'>suum</span> 
     </span>
    </p>
   </div>
   <div class='ocr_carea' id='block_1_39' title="bbox 2014 1076 3660 1149">
    <p class='ocr_par' dir='ltr' id='par_1_39' title="bbox 2014 1076 3660 1149">
     <span class='ocr_line' id='line_1_39' title="bbox 2014 1076 3660 1149; baseline -0.001 -19"><span class='ocrx_word' id='word_1_294' title='bbox 2014 1094 2147 1132; x_wconf 88' lang='lat' dir='ltr'>vera</span> <span class='ocrx_word' id='word_1_295' title='bbox 2178 1078 2483 1149; x_wconf 86' lang='lat' dir='ltr'>scripsisse</span> <span class='ocrx_word' id='word_1_296' title='bbox 2509 1078 2845 1133; x_wconf 84' lang='lat' dir='ltr'>Jeremiam.</span> <span class='ocrx_word' id='word_1_297' title='bbox 2883 1077 3044 1131; x_wconf 88' lang='lat' dir='ltr'>Unde</span> <span class='ocrx_word' id='word_1_298' title='bbox 3076 1081 3131 1131; x_wconf 89' lang='lat' dir='ltr'>et</span> <span class='ocrx_word' id='word_1_299' title='bbox 3159 1076 3441 1131; x_wconf 89' lang='lat' dir='ltr'>Dominus</span> <span class='ocrx_word' id='word_1_300' title='bbox 3475 1092 3486 1129; x_wconf 95' lang='lat'>:</span> <span class='ocrx_word' id='word_1_301' title='bbox 3529 1077 3660 1130; x_wconf 82' lang='lat' dir='ltr'>Ecce</span> 
     </span>
    </p>
   </div>
   <div class='ocr_carea' id='block_1_40' title="bbox 2012 1163 3650 1237">
    <p class='ocr_par' dir='ltr' id='par_1_40' title="bbox 2012 1163 3650 1237">
     <span class='ocr_line' id='line_1_40' title="bbox 2012 1163 3650 1237; baseline -0.003 -17"><span class='ocrx_word' id='word_1_302' title='bbox 2012 1182 2103 1234; x_wconf 86' lang='lat' dir='ltr'>ego</span> <span class='ocrx_word' id='word_1_303' title='bbox 2128 1167 2357 1221; x_wconf 81' lang='lat' dir='ltr'>visitabo</span> <span class='ocrx_word' id='word_1_304' title='bbox 2374 1183 2540 1237; x_wconf 82' lang='lat' dir='ltr'>super</span> <span class='ocrx_word' id='word_1_305' title='bbox 2560 1166 2832 1221; x_wconf 86' lang='lat' dir='ltr'>Semeiam</span> <span class='ocrx_word' id='word_1_306' title='bbox 2856 1167 2985 1237; x_wconf 89' lang='lat' dir='ltr'>(Jer.</span> <span class='ocrx_word' id='word_1_307' title='bbox 3010 1183 3163 1235; x_wconf 81' lang='lat' dir='ltr'><strong>xx1x,</strong></span> <span class='ocrx_word' id='word_1_308' title='bbox 3195 1166 3304 1235; x_wconf 91' lang='grc'>32).</span> <span class='ocrx_word' id='word_1_309' title='bbox 3334 1164 3402 1218; x_wconf 89' lang='lat' dir='ltr'>Et</span> <span class='ocrx_word' id='word_1_310' title='bbox 3434 1163 3613 1218; x_wconf 87' lang='lat' dir='ltr'>Isaias</span> <span class='ocrx_word' id='word_1_311' title='bbox 3638 1179 3650 1216; x_wconf 92' lang='lat'>:</span> 
     </span>
    </p>
   </div>
   <div class='ocr_carea' id='block_1_41' title="bbox 2016 1254 3659 1325">
    <p class='ocr_par' dir='ltr' id='par_1_41' title="bbox 2016 1254 3659 1325">
     <span class='ocr_line' id='line_1_41' title="bbox 2016 1254 3659 1325; baseline -0.003 -16"><span class='ocrx_word' id='word_1_312' title='bbox 2016 1255 2071 1309; x_wconf 89' lang='lat' dir='ltr'>In</span> <span class='ocrx_word' id='word_1_313' title='bbox 2106 1272 2207 1324; x_wconf 88' lang='lat' dir='ltr'>quo</span> <span class='ocrx_word' id='word_1_314' title='bbox 2238 1259 2539 1325; x_wconf 84' lang='lat' dir='ltr'>percutiam</span> <span class='ocrx_word' id='word_1_315' title='bbox 2571 1272 2659 1310; x_wconf 88' lang='lat' dir='ltr'>vos</span> <span class='ocrx_word' id='word_1_316' title='bbox 2690 1256 2837 1309; x_wconf 89' lang='lat' dir='ltr'>ultra</span> <span class='ocrx_word' id='word_1_317' title='bbox 2867 1254 3120 1309; x_wconf 83' lang='lat' dir='ltr'>addentes</span> <span class='ocrx_word' id='word_1_318' title='bbox 3140 1254 3659 1325; x_wconf 70' lang='lat' dir='ltr'>praevaricationes?</span> 
     </span>
    </p>
   </div>
   <div class='ocr_carea' id='block_1_42' title="bbox 2014 1342 3657 1415">
    <p class='ocr_par' dir='ltr' id='par_1_42' title="bbox 2014 1342 3657 1415">
     <span class='ocr_line' id='line_1_42' title="bbox 2014 1342 3657 1415; baseline -0.002 -18"><span class='ocrx_word' id='word_1_319' title='bbox 2014 1345 2144 1413; x_wconf 88' lang='lat' dir='ltr'>([sa.</span> <span class='ocrx_word' id='word_1_320' title='bbox 2182 1362 2220 1410; x_wconf 96' lang='lat'>1,</span> <span class='ocrx_word' id='word_1_321' title='bbox 2251 1346 2328 1414; x_wconf 84' lang='lat'>5.)</span> <span class='ocrx_word' id='word_1_322' title='bbox 2364 1345 2500 1399; x_wconf 89' lang='lat' dir='ltr'>Item</span> <span class='ocrx_word' id='word_1_323' title='bbox 2555 1345 2609 1398; x_wconf 91' lang='lat' dir='ltr'>in</span> <span class='ocrx_word' id='word_1_324' title='bbox 2667 1344 2910 1415; x_wconf 88' lang='lat' dir='ltr'>psalmis</span> <span class='ocrx_word' id='word_1_325' title='bbox 2943 1362 2953 1397; x_wconf 91' lang='lat'>:</span> <span class='ocrx_word' id='word_1_326' title='bbox 3010 1344 3349 1399; x_wconf 84' lang='lat' dir='ltr'>Declinantcs</span> <span class='ocrx_word' id='word_1_327' title='bbox 3387 1344 3567 1397; x_wconf 88' lang='lat' dir='ltr'>autem</span> <span class='ocrx_word' id='word_1_328' title='bbox 3598 1342 3657 1393; x_wconf 87' lang='lat' dir='ltr'>in</span> 
     </span>
    </p>
   </div>
   <div class='ocr_carea' id='block_1_43' title="bbox 2010 1432 3651 1505">
    <p class='ocr_par' dir='ltr' id='par_1_43' title="bbox 2010 1432 3651 1505">
     <span class='ocr_line' id='line_1_43' title="bbox 2010 1432 3651 1505; baseline -0.002 -16"><span class='ocrx_word' id='word_1_329' title='bbox 2010 1434 2431 1505; x_wconf 84' lang='lat' dir='ltr'>obligationem,</span> <span class='ocrx_word' id='word_1_330' title='bbox 2457 1434 2684 1490; x_wconf 75' lang='lat' dir='ltr'>adducet</span> <span class='ocrx_word' id='word_1_331' title='bbox 2716 1436 2976 1488; x_wconf 85' lang='lat' dir='ltr'>Dominus</span> <span class='ocrx_word' id='word_1_332' title='bbox 3006 1450 3127 1487; x_wconf 90' lang='lat' dir='ltr'>cum</span> <span class='ocrx_word' id='word_1_333' title='bbox 3156 1432 3503 1503; x_wconf 82' lang='lat' dir='ltr'>cperantibus</span> <span class='ocrx_word' id='word_1_334' title='bbox 3531 1432 3651 1485; x_wconf 87' lang='lat' dir='ltr'>ini-</span> 
     </span>
    </p>
   </div>
   <div class='ocr_carea' id='block_1_44' title="bbox 2010 1520 3654 1593">
    <p class='ocr_par' dir='ltr' id='par_1_44' title="bbox 2010 1520 3654 1593">
     <span class='ocr_line' id='line_1_44' title="bbox 2010 1520 3654 1593; baseline -0.001 -18"><span class='ocrx_word' id='word_1_335' title='bbox 2010 1525 2270 1592; x_wconf 81' lang='lat' dir='ltr'>quitatem</span> <span class='ocrx_word' id='word_1_336' title='bbox 2292 1524 2459 1590; x_wconf 86' lang='lat' dir='ltr'>(Psal.</span> <span class='ocrx_word' id='word_1_337' title='bbox 2486 1540 2671 1593; x_wconf 82' lang='lat' dir='ltr'>cxxw,</span> <span class='ocrx_word' id='word_1_338' title='bbox 2694 1525 2769 1591; x_wconf 84' lang='lat'>5).</span> <span class='ocrx_word' id='word_1_339' title='bbox 2795 1524 2862 1577; x_wconf 89' lang='lat' dir='ltr'>Et</span> <span class='ocrx_word' id='word_1_340' title='bbox 2882 1522 3083 1577; x_wconf 86' lang='lat' dir='ltr'>Petrus</span> <span class='ocrx_word' id='word_1_341' title='bbox 3106 1520 3435 1591; x_wconf 88' lang='lat' dir='ltr'>apostolus:</span> <span class='ocrx_word' id='word_1_342' title='bbox 3464 1520 3654 1574; x_wconf 84' lang='lat' dir='ltr'>Omnis</span> 
     </span>
    </p>
   </div>
   <div class='ocr_carea' id='block_1_45' title="bbox 2008 1608 3653 1683">
    <p class='ocr_par' dir='ltr' id='par_1_45' title="bbox 2008 1608 3653 1683">
     <span class='ocr_line' id='line_1_45' title="bbox 2008 1608 3653 1683; baseline -0.001 -20"><span class='ocrx_word' id='word_1_343' title='bbox 2008 1612 2297 1681; x_wconf 86' lang='lat' dir='ltr'>prephetia</span> <span class='ocrx_word' id='word_1_344' title='bbox 2327 1612 2407 1667; x_wconf 81' lang='lat' dir='ltr'>rel</span> <span class='ocrx_word' id='word_1_345' title='bbox 2432 1614 2713 1683; x_wconf 88' lang='lat' dir='ltr'>scriptura</span> <span class='ocrx_word' id='word_1_346' title='bbox 2730 1613 2960 1683; x_wconf 83' lang='lat' dir='ltr'>propria</span> <span class='ocrx_word' id='word_1_347' title='bbox 2984 1610 3436 1679; x_wconf 84' lang='lat' dir='ltr'>interpretatione</span> <span class='ocrx_word' id='word_1_348' title='bbox 3459 1624 3569 1663; x_wconf 89' lang='lat' dir='ltr'>non</span> <span class='ocrx_word' id='word_1_349' title='bbox 3590 1608 3653 1676; x_wconf 81' lang='lat' dir='ltr'>ﬁt</span> 
     </span>
    </p>
   </div>
   <div class='ocr_carea' id='block_1_46' title="bbox 2010 1696 3657 1772">
    <p class='ocr_par' dir='ltr' id='par_1_46' title="bbox 2010 1696 3657 1772">
     <span class='ocr_line' id='line_1_46' title="bbox 2010 1696 3657 1772; baseline -0.002 -19"><span class='ocrx_word' id='word_1_350' title='bbox 2010 1700 2059 1770; x_wconf 92' lang='lat' dir='ltr'>(I</span> <span class='ocrx_word' id='word_1_351' title='bbox 2083 1701 2231 1754; x_wconf 88' lang='lat' dir='ltr'>Petr.</span> <span class='ocrx_word' id='word_1_352' title='bbox 2266 1718 2301 1766; x_wconf 91' lang='lat'>1,</span> <span class='ocrx_word' id='word_1_353' title='bbox 2336 1702 2448 1772; x_wconf 84' lang='grc'>20).</span> <span class='ocrx_word' id='word_1_354' title='bbox 2495 1701 2562 1755; x_wconf 88' lang='lat' dir='ltr'>Et</span> <span class='ocrx_word' id='word_1_355' title='bbox 2590 1701 2845 1756; x_wconf 88' lang='lat' dir='ltr'>Joannes</span> <span class='ocrx_word' id='word_1_356' title='bbox 2878 1717 2889 1753; x_wconf 95' lang='lat'>:</span> <span class='ocrx_word' id='word_1_357' title='bbox 2951 1699 3139 1754; x_wconf 88' lang='lat' dir='ltr'>Omnis</span> <span class='ocrx_word' id='word_1_358' title='bbox 3178 1701 3275 1769; x_wconf 86' lang='lat' dir='ltr'>qui</span> <span class='ocrx_word' id='word_1_359' title='bbox 3300 1696 3575 1768; x_wconf 72' lang='lat' dir='ltr'>praecedit,</span> <span class='ocrx_word' id='word_1_360' title='bbox 3607 1699 3657 1749; x_wconf 86' lang='lat' dir='ltr'>et</span> 
     </span>
    </p>
   </div>
   <div class='ocr_carea' id='block_1_47' title="bbox 2007 1785 3653 1855">
    <p class='ocr_par' dir='ltr' id='par_1_47' title="bbox 2007 1785 3653 1855">
     <span class='ocr_line' id='line_1_47' title="bbox 2007 1785 3653 1855; baseline -0.002 -13"><span class='ocrx_word' id='word_1_361' title='bbox 2007 1804 2116 1843; x_wconf 85' lang='lat' dir='ltr'>non</span> <span class='ocrx_word' id='word_1_362' title='bbox 2146 1795 2333 1844; x_wconf 85' lang='lat' dir='ltr'>manet</span> <span class='ocrx_word' id='word_1_363' title='bbox 2364 1792 2423 1843; x_wconf 88' lang='lat' dir='ltr'>in</span> <span class='ocrx_word' id='word_1_364' title='bbox 2452 1790 2698 1845; x_wconf 86' lang='lat' dir='ltr'>doctrina</span> <span class='ocrx_word' id='word_1_365' title='bbox 2732 1790 2953 1855; x_wconf 84' lang='lat' dir='ltr'>Christi,</span> <span class='ocrx_word' id='word_1_366' title='bbox 2991 1790 3159 1844; x_wconf 89' lang='lat' dir='ltr'>Deum</span> <span class='ocrx_word' id='word_1_367' title='bbox 3201 1804 3311 1842; x_wconf 89' lang='lat' dir='ltr'>non</span> <span class='ocrx_word' id='word_1_368' title='bbox 3355 1786 3513 1841; x_wconf 88' lang='lat' dir='ltr'>habet</span> <span class='ocrx_word' id='word_1_369' title='bbox 3562 1786 3577 1853; x_wconf 96' lang='lat'>(</span> <span class='ocrx_word' id='word_1_370' title='bbox 3598 1785 3653 1839; x_wconf 84' lang='lat' dir='ltr'>ll</span> 
     </span>
    </p>
   </div>
   <div class='ocr_carea' id='block_1_48' title="bbox 2006 1874 3652 1947">
    <p class='ocr_par' dir='ltr' id='par_1_48' title="bbox 2006 1874 3652 1947">
     <span class='ocr_line' id='line_1_48' title="bbox 2006 1874 3652 1947; baseline -0.005 -13"><span class='ocrx_word' id='word_1_371' title='bbox 2006 1882 2175 1935; x_wconf 84' lang='lat' dir='ltr'>Joan.</span> <span class='ocrx_word' id='word_1_372' title='bbox 2212 1879 2305 1947; x_wconf 87' lang='lat' dir='ltr'>1x).</span> <span class='ocrx_word' id='word_1_373' title='bbox 2340 1878 2410 1931; x_wconf 85' lang='lat' dir='ltr'>Et</span> <span class='ocrx_word' id='word_1_374' title='bbox 2438 1879 2689 1933; x_wconf 79' lang='lat' dir='ltr'>Iacobus</span> <span class='ocrx_word' id='word_1_375' title='bbox 2718 1896 2730 1933; x_wconf 91' lang='lat'>:</span> <span class='ocrx_word' id='word_1_376' title='bbox 2763 1880 2828 1932; x_wconf 84' lang='lat' dir='ltr'>Si</span> <span class='ocrx_word' id='word_1_377' title='bbox 2857 1879 3035 1933; x_wconf 72' lang='lat' dir='ltr'>zelum</span> <span class='ocrx_word' id='word_1_378' title='bbox 3062 1893 3315 1931; x_wconf 86' lang='lat' dir='ltr'>amarum</span> <span class='ocrx_word' id='word_1_379' title='bbox 3345 1874 3569 1937; x_wconf 88' lang='lat' dir='ltr'>habetis,</span> <span class='ocrx_word' id='word_1_380' title='bbox 3602 1879 3652 1927; x_wconf 92' lang='lat' dir='ltr'>et</span> 
     </span>
    </p>
   </div>
   <div class='ocr_carea' id='block_1_49' title="bbox 2010 1963 3651 2034">
    <p class='ocr_par' dir='ltr' id='par_1_49' title="bbox 2010 1963 3651 2034">
     <span class='ocr_line' id='line_1_49' title="bbox 2010 1963 3651 2034; baseline -0.003 -14"><span class='ocrx_word' id='word_1_381' title='bbox 2010 1967 2377 2021; x_wconf 86' lang='lat' dir='ltr'>contentiones</span> <span class='ocrx_word' id='word_1_382' title='bbox 2420 1968 2478 2020; x_wconf 89' lang='lat' dir='ltr'>in</span> <span class='ocrx_word' id='word_1_383' title='bbox 2508 1966 2762 2022; x_wconf 86' lang='lat' dir='ltr'>cordibus</span> <span class='ocrx_word' id='word_1_384' title='bbox 2794 1968 3005 2031; x_wconf 81' lang='lat' dir='ltr'>vestris,</span> <span class='ocrx_word' id='word_1_385' title='bbox 3038 1965 3213 2020; x_wconf 84' lang='lat' dir='ltr'>nolite</span> <span class='ocrx_word' id='word_1_386' title='bbox 3243 1964 3481 2034; x_wconf 87' lang='lat' dir='ltr'>gloriari</span> <span class='ocrx_word' id='word_1_387' title='bbox 3510 1963 3651 2033; x_wconf 85' lang='lat' dir='ltr'>(Jac.</span> 
     </span>
    </p>
   </div>
   <div class='ocr_carea' id='block_1_50' title="bbox 2013 2053 3655 2125">
    <p class='ocr_par' dir='ltr' id='par_1_50' title="bbox 2013 2053 3655 2125">
     <span class='ocr_line' id='line_1_50' title="bbox 2013 2053 3655 2125; baseline -0.002 -17"><span class='ocrx_word' id='word_1_388' title='bbox 2013 2072 2094 2123; x_wconf 87' lang='lat'>111,</span> <span class='ocrx_word' id='word_1_389' title='bbox 2132 2056 2236 2125; x_wconf 81' lang='grc'>14).</span> <span class='ocrx_word' id='word_1_390' title='bbox 2285 2055 2351 2109; x_wconf 92' lang='lat' dir='ltr'>Hi</span> <span class='ocrx_word' id='word_1_391' title='bbox 2402 2054 2614 2109; x_wconf 90' lang='lat' dir='ltr'>etenim</span> <span class='ocrx_word' id='word_1_392' title='bbox 2660 2056 2875 2125; x_wconf 82' lang='lat' dir='ltr'>injuste</span> <span class='ocrx_word' id='word_1_393' title='bbox 2905 2055 3169 2109; x_wconf 87' lang='lat' dir='ltr'>damnari</span> <span class='ocrx_word' id='word_1_394' title='bbox 3202 2053 3349 2107; x_wconf 90' lang='lat' dir='ltr'>nihil</span> <span class='ocrx_word' id='word_1_395' title='bbox 3384 2056 3655 2107; x_wconf 85' lang='lat' dir='ltr'>metuunt</span> 
     </span>
    </p>
   </div>
   <div class='ocr_carea' id='block_1_51' title="bbox 2011 2140 3651 2215">
    <p class='ocr_par' dir='ltr' id='par_1_51' title="bbox 2011 2140 3651 2215">
     <span class='ocr_line' id='line_1_51' title="bbox 2011 2140 3651 2215; baseline -0.003 -17"><span class='ocrx_word' id='word_1_396' title='bbox 2011 2143 2361 2215; x_wconf 84' lang='lat' dir='ltr'>proximum,</span> <span class='ocrx_word' id='word_1_397' title='bbox 2398 2145 2496 2198; x_wconf 85' lang='lat' dir='ltr'>ubi</span> <span class='ocrx_word' id='word_1_398' title='bbox 2529 2144 2782 2199; x_wconf 83' lang='lat' dir='ltr'>favorem</span> <span class='ocrx_word' id='word_1_399' title='bbox 2816 2147 3055 2215; x_wconf 80' lang='lat' dir='ltr'>sperant</span> <span class='ocrx_word' id='word_1_400' title='bbox 3086 2142 3387 2214; x_wconf 88' lang='lat' dir='ltr'>acquirere</span> <span class='ocrx_word' id='word_1_401' title='bbox 3432 2140 3651 2211; x_wconf 90' lang='lat' dir='ltr'>princi-</span> 
     </span>
    </p>
   </div>
   <div class='ocr_carea' id='block_1_52' title="bbox 2012 2228 3656 2304">
    <p class='ocr_par' dir='ltr' id='par_1_52' title="bbox 2012 2228 3656 2304">
     <span class='ocr_line' id='line_1_52' title="bbox 2012 2228 3656 2304; baseline -0.004 -17"><span class='ocrx_word' id='word_1_402' title='bbox 2012 2249 2174 2304; x_wconf 91' lang='lat' dir='ltr'>pum,</span> <span class='ocrx_word' id='word_1_403' title='bbox 2210 2233 2280 2287; x_wconf 92' lang='lat' dir='ltr'>de</span> <span class='ocrx_word' id='word_1_404' title='bbox 2323 2233 2539 2304; x_wconf 87' lang='lat' dir='ltr'>quibus</span> <span class='ocrx_word' id='word_1_405' title='bbox 2582 2234 2755 2288; x_wconf 88' lang='lat' dir='ltr'>etiam</span> <span class='ocrx_word' id='word_1_406' title='bbox 2805 2238 2861 2288; x_wconf 91' lang='lat' dir='ltr'>et</span> <span class='ocrx_word' id='word_1_407' title='bbox 2906 2233 3107 2287; x_wconf 86' lang='lat' dir='ltr'>beatus</span> <span class='ocrx_word' id='word_1_408' title='bbox 3156 2248 3306 2303; x_wconf 92' lang='lat' dir='ltr'>papa</span> <span class='ocrx_word' id='word_1_409' title='bbox 3334 2228 3656 2284; x_wconf 84' lang='lat' dir='ltr'>Alexander</span> 
     </span>
    </p>
   </div>
   <div class='ocr_carea' id='block_1_53' title="bbox 2018 2404 3650 2480">
    <p class='ocr_par' dir='ltr' id='par_1_53' title="bbox 2018 2404 3650 2480">
     <span class='ocr_line' id='line_1_53' title="bbox 2018 2404 3650 2480; baseline -0.004 -16"><span class='ocrx_word' id='word_1_410' title='bbox 2018 2446 2031 2464; x_wconf 90' lang='lat'>.</span> <span class='ocrx_word' id='word_1_411' title='bbox 2064 2448 2075 2463; x_wconf 91' lang='lat'>.</span> <span class='ocrx_word' id='word_1_412' title='bbox 2107 2448 2119 2464; x_wconf 92' lang='lat'>.</span> <span class='ocrx_word' id='word_1_413' title='bbox 2164 2409 2469 2463; x_wconf 83' lang='lat' dir='ltr'>Personam</span> <span class='ocrx_word' id='word_1_414' title='bbox 2505 2408 2755 2480; x_wconf 86' lang='lat' dir='ltr'>potentis</span> <span class='ocrx_word' id='word_1_415' title='bbox 2786 2408 3047 2479; x_wconf 89' lang='lat' dir='ltr'>accipere</span> <span class='ocrx_word' id='word_1_416' title='bbox 3080 2412 3143 2461; x_wconf 91' lang='lat' dir='ltr'>ut</span> <span class='ocrx_word' id='word_1_417' title='bbox 3172 2404 3437 2477; x_wconf 90' lang='lat' dir='ltr'>requisiti</span> <span class='ocrx_word' id='word_1_418' title='bbox 3470 2404 3541 2459; x_wconf 89' lang='lat' dir='ltr'>ab</span> <span class='ocrx_word' id='word_1_419' title='bbox 3586 2418 3650 2457; x_wconf 91' lang='lat' dir='ltr'>eo</span> 
     </span>
    </p>
   </div>
   <div class='ocr_carea' id='block_1_54' title="bbox 2010 2493 3641 2567">
    <p class='ocr_par' dir='ltr' id='par_1_54' title="bbox 2010 2493 3641 2567">
     <span class='ocr_line' id='line_1_54' title="bbox 2010 2493 3641 2567; baseline 0 -18"><span class='ocrx_word' id='word_1_420' title='bbox 2010 2512 2113 2567; x_wconf 92' lang='lat' dir='ltr'>pro</span> <span class='ocrx_word' id='word_1_421' title='bbox 2137 2497 2328 2551; x_wconf 81' lang='lat' dir='ltr'>favore</span> <span class='ocrx_word' id='word_1_422' title='bbox 2548 2515 2661 2552; x_wconf 92' lang='lat' dir='ltr'>non</span> <span class='ocrx_word' id='word_1_423' title='bbox 2685 2497 2955 2552; x_wconf 86' lang='lat' dir='ltr'>dubitent</span> <span class='ocrx_word' id='word_1_424' title='bbox 2987 2496 3043 2549; x_wconf 91' lang='lat' dir='ltr'>in</span> <span class='ocrx_word' id='word_1_425' title='bbox 3071 2512 3242 2549; x_wconf 87' lang='lat' dir='ltr'>causa</span> <span class='ocrx_word' id='word_1_426' title='bbox 3278 2493 3523 2565; x_wconf 84' lang='lat' dir='ltr'>proximi</span> <span class='ocrx_word' id='word_1_427' title='bbox 3558 2529 3641 2549; x_wconf 90' lang='lat'>...</span> 
     </span>
    </p>
   </div>
   <div class='ocr_carea' id='block_1_55' title="bbox 2010 2583 3651 2656">
    <p class='ocr_par' dir='ltr' id='par_1_55' title="bbox 2010 2583 3651 2656">
     <span class='ocr_line' id='line_1_55' title="bbox 2010 2583 3651 2656; baseline -0.004 -17"><span class='ocrx_word' id='word_1_428' title='bbox 2010 2585 2143 2655; x_wconf 90' lang='lat' dir='ltr'>quis</span> <span class='ocrx_word' id='word_1_429' title='bbox 2166 2590 2253 2640; x_wconf 90' lang='lat' dir='ltr'>est</span> <span class='ocrx_word' id='word_1_430' title='bbox 2284 2585 2515 2652; x_wconf 89' lang='lat' dir='ltr'>veritas,</span> <span class='ocrx_word' id='word_1_431' title='bbox 2541 2586 2650 2641; x_wconf 88' lang='lat' dir='ltr'>nisi</span> <span class='ocrx_word' id='word_1_432' title='bbox 2683 2586 2778 2640; x_wconf 88' lang='lat' dir='ltr'>ille</span> <span class='ocrx_word' id='word_1_433' title='bbox 2802 2584 2901 2656; x_wconf 92' lang='lat' dir='ltr'>qui</span> <span class='ocrx_word' id='word_1_434' title='bbox 2936 2584 3113 2639; x_wconf 84' lang='lat' dir='ltr'>dixit:</span> <span class='ocrx_word' id='word_1_435' title='bbox 3144 2586 3249 2654; x_wconf 87' lang='lat' dir='ltr'>Ego</span> <span class='ocrx_word' id='word_1_436' title='bbox 3279 2599 3399 2636; x_wconf 90' lang='lat' dir='ltr'>sum</span> <span class='ocrx_word' id='word_1_437' title='bbox 3431 2583 3537 2648; x_wconf 87' lang='lat' dir='ltr'>via,</span> <span class='ocrx_word' id='word_1_438' title='bbox 3564 2596 3651 2634; x_wconf 84' lang='lat' dir='ltr'>ve-</span> 
     </span>
    </p>
   </div>
   <div class='ocr_carea' id='block_1_56' title="bbox 2008 2662 3638 2747">
    <p class='ocr_par' dir='ltr' id='par_1_56' title="bbox 2008 2662 3638 2747">
     <span class='ocr_line' id='line_1_56' title="bbox 2008 2662 3638 2747; baseline -0.002 -19"><span class='ocrx_word' id='word_1_439' title='bbox 2008 2662 2145 2729; x_wconf 80' lang='lat' dir='ltr'>ritus</span> <span class='ocrx_word' id='word_1_440' title='bbox 2164 2680 2217 2729; x_wconf 87' lang='lat' dir='ltr'>et</span> <span class='ocrx_word' id='word_1_441' title='bbox 2246 2678 2401 2730; x_wconf 80' lang='lat' dir='ltr'>vita?</span> <span class='ocrx_word' id='word_1_442' title='bbox 2431 2676 2607 2745; x_wconf 87' lang='lat' dir='ltr'>(Joan.</span> <span class='ocrx_word' id='word_1_443' title='bbox 2632 2693 2667 2729; x_wconf 76' lang='grc' dir='ltr'>ιι</span> <span class='ocrx_word' id='word_1_444' title='bbox 2692 2693 2745 2740; x_wconf 93' lang='lat' dir='ltr'>v,</span> <span class='ocrx_word' id='word_1_445' title='bbox 2770 2676 2846 2746; x_wconf 83' lang='lat'>6.)</span> <span class='ocrx_word' id='word_1_446' title='bbox 2872 2672 3290 2747; x_wconf 87' lang='lat' dir='ltr'>Augumentari</span> <span class='ocrx_word' id='word_1_447' title='bbox 3312 2671 3487 2727; x_wconf 90' lang='lat' dir='ltr'>etiam</span> <span class='ocrx_word' id='word_1_448' title='bbox 3521 2712 3530 2725; x_wconf 96' lang='lat'>.</span> <span class='ocrx_word' id='word_1_449' title='bbox 3556 2711 3566 2725; x_wconf 95' lang='lat'>.</span> <span class='ocrx_word' id='word_1_450' title='bbox 3591 2708 3603 2725; x_wconf 92' lang='lat'>.</span> <span class='ocrx_word' id='word_1_451' title='bbox 3626 2709 3638 2724; x_wconf 93' lang='lat'>.</span> 
     </span>
    </p>
   </div>
   <div class='ocr_carea' id='block_1_57' title="bbox 2008 2759 3648 2835">
    <p class='ocr_par' dir='ltr' id='par_1_57' title="bbox 2008 2759 3648 2835">
     <span class='ocr_line' id='line_1_57' title="bbox 2008 2759 3648 2835; baseline -0.004 -18"><span class='ocrx_word' id='word_1_452' title='bbox 2008 2762 2221 2818; x_wconf 91' lang='lat' dir='ltr'>scelere</span> <span class='ocrx_word' id='word_1_453' title='bbox 2243 2780 2419 2835; x_wconf 90' lang='lat' dir='ltr'>quam</span> <span class='ocrx_word' id='word_1_454' title='bbox 2442 2764 2587 2819; x_wconf 90' lang='lat' dir='ltr'>etde</span> <span class='ocrx_word' id='word_1_455' title='bbox 2608 2780 3022 2835; x_wconf 89' lang='lat' dir='ltr'>oppressorum</span> <span class='ocrx_word' id='word_1_456' title='bbox 3047 2760 3366 2817; x_wconf 83' lang='lat' dir='ltr'>miserabili</span> <span class='ocrx_word' id='word_1_457' title='bbox 3385 2759 3648 2825; x_wconf 88' lang='lat' dir='ltr'>elisione,</span> 
     </span>
    </p>
   </div>
   <div class='ocr_carea' id='block_1_58' title="bbox 2007 2850 3652 2925">
    <p class='ocr_par' dir='ltr' id='par_1_58' title="bbox 2007 2850 3652 2925">
     <span class='ocr_line' id='line_1_58' title="bbox 2007 2850 3652 2925; baseline -0.004 -17"><span class='ocrx_word' id='word_1_458' title='bbox 2007 2870 2141 2908; x_wconf 91' lang='lat' dir='ltr'>cum</span> <span class='ocrx_word' id='word_1_459' title='bbox 2168 2854 2244 2909; x_wconf 91' lang='lat' dir='ltr'>sit</span> <span class='ocrx_word' id='word_1_460' title='bbox 2275 2854 2458 2909; x_wconf 89' lang='lat' dir='ltr'>nostri</span> <span class='ocrx_word' id='word_1_461' title='bbox 2482 2854 2753 2925; x_wconf 91' lang='lat' dir='ltr'>opprimi,</span> <span class='ocrx_word' id='word_1_462' title='bbox 2800 2896 2811 2907; x_wconf 97' lang='lat'>.</span> <span class='ocrx_word' id='word_1_463' title='bbox 2858 2896 2870 2909; x_wconf 94' lang='lat'>.</span> <span class='ocrx_word' id='word_1_464' title='bbox 2917 2895 2929 2908; x_wconf 94' lang='lat'>.</span> <span class='ocrx_word' id='word_1_465' title='bbox 2976 2894 2988 2907; x_wconf 95' lang='lat'>.</span> <span class='ocrx_word' id='word_1_466' title='bbox 3036 2894 3047 2907; x_wconf 98' lang='lat'>.</span> <span class='ocrx_word' id='word_1_467' title='bbox 3094 2895 3106 2907; x_wconf 92' lang='lat'>.</span> <span class='ocrx_word' id='word_1_468' title='bbox 3154 2850 3652 2907; x_wconf 89' lang='lat' dir='ltr'>.veroinstantis-</span> 
     </span>
    </p>
   </div>
   <div class='ocr_carea' id='block_1_59' title="bbox 2008 2941 3650 3013">
    <p class='ocr_par' dir='ltr' id='par_1_59' title="bbox 2008 2941 3650 3013">
     <span class='ocr_line' id='line_1_59' title="bbox 2008 2941 3650 3013; baseline -0.003 -16"><span class='ocrx_word' id='word_1_469' title='bbox 2008 2942 2154 2997; x_wconf 90' lang='lat' dir='ltr'>sime</span> <span class='ocrx_word' id='word_1_470' title='bbox 2199 2945 2423 3013; x_wconf 83' lang='lat' dir='ltr'>juvare.</span> <span class='ocrx_word' id='word_1_471' title='bbox 2460 2943 2621 2998; x_wconf 89' lang='lat' dir='ltr'>Unde</span> <span class='ocrx_word' id='word_1_472' title='bbox 2669 2944 2876 2999; x_wconf 90' lang='lat' dir='ltr'>beatus</span> <span class='ocrx_word' id='word_1_473' title='bbox 2915 2941 3302 2997; x_wconf 83' lang='lat' dir='ltr'>Ambrosius:</span> <span class='ocrx_word' id='word_1_474' title='bbox 3360 2943 3650 2995; x_wconf 83' lang='lat' dir='ltr'>Errantem</span> 
     </span>
    </p>
   </div>
   <div class='ocr_carea' id='block_1_60' title="bbox 2007 3028 3651 3101">
    <p class='ocr_par' dir='ltr' id='par_1_60' title="bbox 2007 3028 3651 3101">
     <span class='ocr_line' id='line_1_60' title="bbox 2007 3028 3651 3101; baseline -0.001 -18"><span class='ocrx_word' id='word_1_475' title='bbox 2007 3034 2247 3085; x_wconf 89' lang='lat' dir='ltr'>amicum</span> <span class='ocrx_word' id='word_1_476' title='bbox 2275 3034 2492 3101; x_wconf 87' lang='lat' dir='ltr'>corripe</span> <span class='ocrx_word' id='word_1_477' title='bbox 2526 3074 2537 3086; x_wconf 95' lang='lat'>.</span> <span class='ocrx_word' id='word_1_478' title='bbox 2585 3072 2597 3086; x_wconf 93' lang='lat'>.</span> <span class='ocrx_word' id='word_1_479' title='bbox 2644 3074 2655 3085; x_wconf 94' lang='lat'>.</span> <span class='ocrx_word' id='word_1_480' title='bbox 2702 3073 2714 3085; x_wconf 95' lang='lat'>.</span> <span class='ocrx_word' id='word_1_481' title='bbox 2761 3074 2773 3086; x_wconf 93' lang='lat'>.</span> <span class='ocrx_word' id='word_1_482' title='bbox 2822 3072 2833 3084; x_wconf 98' lang='lat'>.</span> <span class='ocrx_word' id='word_1_483' title='bbox 2881 3073 2894 3086; x_wconf 95' lang='lat'>.</span> <span class='ocrx_word' id='word_1_484' title='bbox 2935 3047 3004 3085; x_wconf 89' lang='lat' dir='ltr'>ne</span> <span class='ocrx_word' id='word_1_485' title='bbox 3032 3030 3293 3096; x_wconf 78' lang='lat' dir='ltr'>deseras;</span> <span class='ocrx_word' id='word_1_486' title='bbox 3324 3031 3384 3083; x_wconf 89' lang='lat' dir='ltr'>in</span> <span class='ocrx_word' id='word_1_487' title='bbox 3413 3028 3651 3084; x_wconf 86' lang='lat' dir='ltr'>adversis</span> 
     </span>
    </p>
   </div>
   <div class='ocr_carea' id='block_1_61' title="bbox 2007 3119 3651 3190">
    <p class='ocr_par' dir='ltr' id='par_1_61' title="bbox 2007 3119 3651 3190">
     <span class='ocr_line' id='line_1_61' title="bbox 2007 3119 3651 3190; baseline 0 -16"><span class='ocrx_word' id='word_1_488' title='bbox 2007 3121 2159 3174; x_wconf 85' lang='lat' dir='ltr'>enim</span> <span class='ocrx_word' id='word_1_489' title='bbox 2185 3122 2392 3175; x_wconf 89' lang='lat' dir='ltr'>amicus</span> <span class='ocrx_word' id='word_1_490' title='bbox 2419 3119 2848 3190; x_wconf 79' lang='lat' dir='ltr'>probaturJVam</span> <span class='ocrx_word' id='word_1_491' title='bbox 2875 3122 2932 3173; x_wconf 90' lang='lat' dir='ltr'>in</span> <span class='ocrx_word' id='word_1_492' title='bbox 2961 3122 3244 3190; x_wconf 77' lang='lat' dir='ltr'>prosperis</span> <span class='ocrx_word' id='word_1_493' title='bbox 3273 3120 3443 3174; x_wconf 86' lang='lat' dir='ltr'>amici</span> <span class='ocrx_word' id='word_1_494' title='bbox 3466 3134 3651 3174; x_wconf 87' lang='lat' dir='ltr'>omnes</span> 
     </span>
    </p>
   </div>
   <div class='ocr_carea' id='block_1_62' title="bbox 2008 3207 3651 3278">
    <p class='ocr_par' dir='ltr' id='par_1_62' title="bbox 2008 3207 3651 3278">
     <span class='ocr_line' id='line_1_62' title="bbox 2008 3207 3651 3278; baseline -0.001 -15"><span class='ocrx_word' id='word_1_495' title='bbox 2008 3207 2281 3264; x_wconf 88' lang='lat' dir='ltr'>videntur.</span> <span class='ocrx_word' id='word_1_496' title='bbox 2335 3208 2402 3261; x_wconf 88' lang='lat' dir='ltr'>Et</span> <span class='ocrx_word' id='word_1_497' title='bbox 2448 3208 2709 3262; x_wconf 88' lang='lat' dir='ltr'>iterum:</span> <span class='ocrx_word' id='word_1_498' title='bbox 2762 3208 2878 3262; x_wconf 88' lang='lat' dir='ltr'>Non</span> <span class='ocrx_word' id='word_1_499' title='bbox 2926 3207 3181 3277; x_wconf 80' lang='lat' dir='ltr'>defendas</span> <span class='ocrx_word' id='word_1_500' title='bbox 3235 3207 3558 3278; x_wconf 88' lang='lat' dir='ltr'>improbum,</span> <span class='ocrx_word' id='word_1_501' title='bbox 3598 3211 3651 3263; x_wconf 81' lang='lat' dir='ltr'>et</span> 
     </span>
    </p>
   </div>
   <div class='ocr_carea' id='block_1_63' title="bbox 240 3273 3652 3373">
    <p class='ocr_par' dir='ltr' id='par_1_63' title="bbox 240 3273 3652 3373">
     <span class='ocr_line' id='line_1_63' title="bbox 240 3273 3652 3373; baseline 0.002 -31"><span class='ocrx_word' id='word_1_502' title='bbox 240 3288 335 3344; x_wconf 87' lang='lat' dir='ltr'>vel</span> <span class='ocrx_word' id='word_1_503' title='bbox 356 3289 543 3360; x_wconf 88' lang='lat' dir='ltr'>gloria</span> <span class='ocrx_word' id='word_1_504' title='bbox 564 3293 691 3349; x_wconf 63' lang='lat' dir='ltr'>vitae</span> <span class='ocrx_word' id='word_1_505' title='bbox 706 3273 1055 3367; x_wconf 70' lang='lat' dir='ltr'>temporalis</span> <span class='ocrx_word' id='word_1_506' title='bbox 1077 3316 1180 3369; x_wconf 90' lang='lat' dir='ltr'>per</span> <span class='ocrx_word' id='word_1_507' title='bbox 1204 3273 1556 3356; x_wconf 85' lang='lat' dir='ltr'>adulationis</span> <span class='ocrx_word' id='word_1_508' title='bbox 1578 3300 1809 3373; x_wconf 89' lang='lat' dir='ltr'>lapsum</span> <span class='ocrx_word' id='word_1_509' title='bbox 1832 3317 1892 3357; x_wconf 91' lang='lat' dir='ltr'>se</span> <span class='ocrx_word' id='word_1_510' title='bbox 1926 3273 1968 3340; x_wconf 60' lang='grc' dir='ltr'>(ἶ</span> <span class='ocrx_word' id='word_1_511' title='bbox 2006 3302 2205 3353; x_wconf 89' lang='lat' dir='ltr'>sancta</span> <span class='ocrx_word' id='word_1_512' title='bbox 2230 3298 2453 3367; x_wconf 88' lang='lat' dir='ltr'>indigno</span> <span class='ocrx_word' id='word_1_513' title='bbox 2474 3297 2861 3352; x_wconf 81' lang='lat' dir='ltr'>committenda</span> <span class='ocrx_word' id='word_1_514' title='bbox 2884 3273 2998 3351; x_wconf 28' lang='lat' dir='ltr'>non-</span> <span class='ocrx_word' id='word_1_515' title='bbox 3015 3273 3335 3357; x_wconf 86' lang='lat' dir='ltr'>arbitreris</span> <span class='ocrx_word' id='word_1_516' title='bbox 3357 3312 3531 3366; x_wconf 88' lang='lat' dir='ltr'>neque</span> <span class='ocrx_word' id='word_1_517' title='bbox 3546 3273 3652 3351; x_wconf 86' lang='lat' dir='ltr'>im-</span> 
     </span>
    </p>
   </div>
   <div class='ocr_carea' id='block_1_64' title="bbox 243 3380 1889 3453">
    <p class='ocr_par' dir='ltr' id='par_1_64' title="bbox 243 3380 1889 3453">
     <span class='ocr_line' id='line_1_64' title="bbox 243 3380 1889 3453; baseline 0.009 -22"><span class='ocrx_word' id='word_1_518' title='bbox 243 3380 495 3435; x_wconf 85' lang='lat' dir='ltr'>terrenis</span> <span class='ocrx_word' id='word_1_519' title='bbox 524 3384 912 3453; x_wconf 87' lang='lat' dir='ltr'>potestatibus</span> <span class='ocrx_word' id='word_1_520' title='bbox 991 3429 1003 3440; x_wconf 98' lang='lat'>.</span> <span class='ocrx_word' id='word_1_521' title='bbox 1052 3430 1063 3442; x_wconf 96' lang='lat'>.</span> <span class='ocrx_word' id='word_1_522' title='bbox 1113 3429 1124 3440; x_wconf 95' lang='lat'>.</span> <span class='ocrx_word' id='word_1_523' title='bbox 1173 3429 1183 3440; x_wconf 93' lang='lat'>.</span> <span class='ocrx_word' id='word_1_524' title='bbox 1231 3426 1242 3438; x_wconf 97' lang='lat'>.</span> <span class='ocrx_word' id='word_1_525' title='bbox 1289 3429 1301 3441; x_wconf 94' lang='lat'>.</span> <span class='ocrx_word' id='word_1_526' title='bbox 1348 3428 1360 3441; x_wconf 93' lang='lat'>.</span> <span class='ocrx_word' id='word_1_527' title='bbox 1407 3431 1418 3442; x_wconf 97' lang='lat'>.</span> <span class='ocrx_word' id='word_1_528' title='bbox 1466 3430 1478 3442; x_wconf 92' lang='lat'>.</span> <span class='ocrx_word' id='word_1_529' title='bbox 1525 3432 1535 3442; x_wconf 95' lang='lat'>.</span> <span class='ocrx_word' id='word_1_530' title='bbox 1583 3430 1596 3445; x_wconf 92' lang='lat'>.</span> <span class='ocrx_word' id='word_1_531' title='bbox 1641 3433 1652 3444; x_wconf 94' lang='lat'>.</span> <span class='ocrx_word' id='word_1_532' title='bbox 1700 3432 1711 3443; x_wconf 96' lang='lat'>.</span> <span class='ocrx_word' id='word_1_533' title='bbox 1760 3433 1771 3444; x_wconf 95' lang='lat'>.</span> <span class='ocrx_word' id='word_1_534' title='bbox 1819 3432 1830 3444; x_wconf 93' lang='lat'>.</span> <span class='ocrx_word' id='word_1_535' title='bbox 1877 3434 1889 3445; x_wconf 97' lang='lat'>.</span> 
     </span>
    </p>
   </div>
   <div class='ocr_carea' id='block_1_65' title="bbox 247 3471 1892 3547">
    <p class='ocr_par' dir='ltr' id='par_1_65' title="bbox 247 3471 1892 3547">
     <span class='ocr_line' id='line_1_65' title="bbox 247 3471 1892 3547; baseline 0.006 -22"><span class='ocrx_word' id='word_1_536' title='bbox 247 3471 590 3541; x_wconf 83' lang='lat' dir='ltr'>subjiciunt.</span> <span class='ocrx_word' id='word_1_537' title='bbox 622 3473 688 3527; x_wconf 87' lang='lat' dir='ltr'>Et</span> <span class='ocrx_word' id='word_1_538' title='bbox 718 3472 825 3528; x_wconf 92' lang='lat' dir='ltr'>hoc</span> <span class='ocrx_word' id='word_1_539' title='bbox 855 3479 1007 3530; x_wconf 90' lang='lat' dir='ltr'>certe</span> <span class='ocrx_word' id='word_1_540' title='bbox 1039 3477 1279 3547; x_wconf 91' lang='lat' dir='ltr'>quidam</span> <span class='ocrx_word' id='word_1_541' title='bbox 1311 3477 1438 3532; x_wconf 90' lang='lat' dir='ltr'>ideo</span> <span class='ocrx_word' id='word_1_542' title='bbox 1479 3478 1663 3534; x_wconf 87' lang='lat' dir='ltr'>facere</span> <span class='ocrx_word' id='word_1_543' title='bbox 1694 3480 1892 3536; x_wconf 90' lang='lat' dir='ltr'>viden-</span> 
     </span>
    </p>
   </div>
   <div class='ocr_carea' id='block_1_66' title="bbox 245 3560 1895 3636">
    <p class='ocr_par' dir='ltr' id='par_1_66' title="bbox 245 3560 1895 3636">
     <span class='ocr_line' id='line_1_66' title="bbox 245 3560 1895 3636; baseline 0.007 -23"><span class='ocrx_word' id='word_1_544' title='bbox 245 3564 363 3629; x_wconf 90' lang='lat' dir='ltr'>tur,</span> <span class='ocrx_word' id='word_1_545' title='bbox 389 3564 451 3614; x_wconf 88' lang='lat' dir='ltr'>ut</span> <span class='ocrx_word' id='word_1_546' title='bbox 477 3560 740 3633; x_wconf 91' lang='lat' dir='ltr'>ipsorum</span> <span class='ocrx_word' id='word_1_547' title='bbox 767 3562 975 3618; x_wconf 91' lang='lat' dir='ltr'>delicta</span> <span class='ocrx_word' id='word_1_548' title='bbox 1006 3567 1329 3636; x_wconf 88' lang='lat' dir='ltr'>potentium</span> <span class='ocrx_word' id='word_1_549' title='bbox 1354 3567 1693 3623; x_wconf 86' lang='lat' dir='ltr'>auctoritate</span> <span class='ocrx_word' id='word_1_550' title='bbox 1716 3568 1895 3625; x_wconf 89' lang='lat' dir='ltr'>indis-</span> 
     </span>
    </p>
   </div>
   <div class='ocr_carea' id='block_1_67' title="bbox 244 3649 1891 3728">
    <p class='ocr_par' dir='ltr' id='par_1_67' title="bbox 244 3649 1891 3728">
     <span class='ocr_line' id='line_1_67' title="bbox 244 3649 1891 3728; baseline 0.007 -26"><span class='ocrx_word' id='word_1_551' title='bbox 244 3665 422 3704; x_wconf 90' lang='lat' dir='ltr'>cussa</span> <span class='ocrx_word' id='word_1_552' title='bbox 452 3649 893 3722; x_wconf 87' lang='lat' dir='ltr'>relinquantur;</span> <span class='ocrx_word' id='word_1_553' title='bbox 927 3653 1157 3725; x_wconf 91' lang='lat' dir='ltr'>sibique</span> <span class='ocrx_word' id='word_1_554' title='bbox 1189 3656 1407 3709; x_wconf 90' lang='lat' dir='ltr'>conscii</span> <span class='ocrx_word' id='word_1_555' title='bbox 1442 3657 1511 3710; x_wconf 92' lang='lat' dir='ltr'>de</span> <span class='ocrx_word' id='word_1_556' title='bbox 1550 3658 1783 3728; x_wconf 90' lang='lat' dir='ltr'>proprio</span> <span class='ocrx_word' id='word_1_557' title='bbox 1815 3659 1891 3713; x_wconf 90' lang='lat' dir='ltr'>ti-</span> 
     </span>
    </p>
   </div>
   <div class='ocr_carea' id='block_1_68' title="bbox 245 3738 1893 3816">
    <p class='ocr_par' dir='ltr' id='par_1_68' title="bbox 245 3738 1893 3816">
     <span class='ocr_line' id='line_1_68' title="bbox 245 3738 1893 3816; baseline 0.006 -24"><span class='ocrx_word' id='word_1_558' title='bbox 245 3742 409 3793; x_wconf 88' lang='lat' dir='ltr'>ment</span> <span class='ocrx_word' id='word_1_559' title='bbox 431 3738 685 3795; x_wconf 84' lang='lat' dir='ltr'>facinore</span> <span class='ocrx_word' id='word_1_560' title='bbox 708 3742 895 3812; x_wconf 87' lang='lat' dir='ltr'>argui,</span> <span class='ocrx_word' id='word_1_561' title='bbox 920 3742 968 3797; x_wconf 92' lang='lat' dir='ltr'>si</span> <span class='ocrx_word' id='word_1_562' title='bbox 993 3741 1226 3798; x_wconf 89' lang='lat' dir='ltr'>illorum</span> <span class='ocrx_word' id='word_1_563' title='bbox 1249 3745 1557 3801; x_wconf 80' lang='lat' dir='ltr'>defendere</span> <span class='ocrx_word' id='word_1_564' title='bbox 1580 3746 1893 3816; x_wconf 88' lang='lat' dir='ltr'>pravitates</span> 
     </span>
    </p>
   </div>
   <div class='ocr_carea' id='block_1_69' title="bbox 245 3829 1895 3904">
    <p class='ocr_par' dir='ltr' id='par_1_69' title="bbox 245 3829 1895 3904">
     <span class='ocr_line' id='line_1_69' title="bbox 245 3829 1895 3904; baseline 0.006 -23"><span class='ocrx_word' id='word_1_565' title='bbox 245 3844 360 3882; x_wconf 89' lang='lat' dir='ltr'>non</span> <span class='ocrx_word' id='word_1_566' title='bbox 408 3829 845 3886; x_wconf 81' lang='lat' dir='ltr'>decertaverint.</span> <span class='ocrx_word' id='word_1_567' title='bbox 880 3832 1033 3893; x_wconf 89' lang='lat' dir='ltr'>Quos</span> <span class='ocrx_word' id='word_1_568' title='bbox 1080 3836 1136 3887; x_wconf 89' lang='lat' dir='ltr'>et</span> <span class='ocrx_word' id='word_1_569' title='bbox 1183 3838 1566 3904; x_wconf 87' lang='lat' dir='ltr'>congruenter</span> <span class='ocrx_word' id='word_1_570' title='bbox 1620 3836 1895 3891; x_wconf 88' lang='lat' dir='ltr'>admonet</span> 
     </span>
    </p>
   </div>
   <div class='ocr_carea' id='block_1_70' title="bbox 243 3915 1892 4001">
    <p class='ocr_par' dir='ltr' id='par_1_70' title="bbox 243 3915 1892 4001">
     <span class='ocr_line' id='line_1_70' title="bbox 243 3915 1892 4001; baseline 0.005 -32"><span class='ocrx_word' id='word_1_571' title='bbox 243 3915 399 3971; x_wconf 90' lang='lat' dir='ltr'>idem</span> <span class='ocrx_word' id='word_1_572' title='bbox 432 3916 666 3972; x_wconf 88' lang='lat' dir='ltr'>dicens:</span> <span class='ocrx_word' id='word_1_573' title='bbox 703 3940 729 3966; x_wconf 85' lang='grc'><strong>‹‹</strong></span> <span class='ocrx_word' id='word_1_574' title='bbox 759 3918 1096 3974; x_wconf 89' lang='lat' dir='ltr'>Consideret</span> <span class='ocrx_word' id='word_1_575' title='bbox 1126 3937 1379 3991; x_wconf 89' lang='lat' dir='ltr'>namque</span> <span class='ocrx_word' id='word_1_576' title='bbox 1410 3922 1583 3976; x_wconf 89' lang='lat' dir='ltr'>homo</span> <span class='ocrx_word' id='word_1_577' title='bbox 1614 3940 1745 4001; x_wconf 84' lang='lat' dir='ltr'>eum</span> <span class='ocrx_word' id='word_1_578' title='bbox 1778 3942 1892 3995; x_wconf 92' lang='lat' dir='ltr'>quo</span> 
     </span>
    </p>
   </div>
   <div class='ocr_carea' id='block_1_71' title="bbox 240 4004 1891 4081">
    <p class='ocr_par' dir='ltr' id='par_1_71' title="bbox 240 4004 1891 4081">
     <span class='ocr_line' id='line_1_71' title="bbox 240 4004 1891 4081; baseline 0.005 -23"><span class='ocrx_word' id='word_1_579' title='bbox 240 4005 573 4059; x_wconf 89' lang='lat' dir='ltr'>adversario</span> <span class='ocrx_word' id='word_1_580' title='bbox 606 4004 827 4061; x_wconf 90' lang='lat' dir='ltr'>bellum</span> <span class='ocrx_word' id='word_1_581' title='bbox 858 4012 1040 4078; x_wconf 88' lang='lat' dir='ltr'>gerat,</span> <span class='ocrx_word' id='word_1_582' title='bbox 1068 4007 1126 4061; x_wconf 91' lang='lat' dir='ltr'>in</span> <span class='ocrx_word' id='word_1_583' title='bbox 1160 4025 1328 4063; x_wconf 89' lang='lat' dir='ltr'>suam</span> <span class='ocrx_word' id='word_1_584' title='bbox 1361 4025 1421 4063; x_wconf 91' lang='lat' dir='ltr'>se</span> <span class='ocrx_word' id='word_1_585' title='bbox 1455 4008 1614 4075; x_wconf 88' lang='lat' dir='ltr'>mali,</span> <span class='ocrx_word' id='word_1_586' title='bbox 1649 4027 1762 4081; x_wconf 91' lang='lat' dir='ltr'>quo</span> <span class='ocrx_word' id='word_1_587' title='bbox 1794 4012 1891 4066; x_wconf 86' lang='lat' dir='ltr'>de-</span> 
     </span>
    </p>
   </div>
   <div class='ocr_carea' id='block_1_72' title="bbox 243 4092 1894 4169">
    <p class='ocr_par' dir='ltr' id='par_1_72' title="bbox 243 4092 1894 4169">
     <span class='ocr_line' id='line_1_72' title="bbox 243 4092 1894 4169; baseline 0.004 -22"><span class='ocrx_word' id='word_1_588' title='bbox 243 4092 490 4163; x_wconf 90' lang='lat' dir='ltr'>liquisse</span> <span class='ocrx_word' id='word_1_589' title='bbox 523 4094 849 4165; x_wconf 87' lang='lat' dir='ltr'>perpendit,</span> <span class='ocrx_word' id='word_1_590' title='bbox 882 4096 1088 4151; x_wconf 88' lang='lat' dir='ltr'>saltem</span> <span class='ocrx_word' id='word_1_591' title='bbox 1132 4098 1202 4151; x_wconf 91' lang='lat' dir='ltr'>ad</span> <span class='ocrx_word' id='word_1_592' title='bbox 1251 4097 1477 4167; x_wconf 90' lang='lat' dir='ltr'>culpam</span> <span class='ocrx_word' id='word_1_593' title='bbox 1513 4099 1793 4169; x_wconf 90' lang='lat' dir='ltr'>protrahi,</span> <span class='ocrx_word' id='word_1_594' title='bbox 1826 4116 1894 4154; x_wconf 87' lang='lat' dir='ltr'>ex</span> 
     </span>
    </p>
   </div>
   <div class='ocr_carea' id='block_1_73' title="bbox 243 4180 1889 4257">
    <p class='ocr_par' dir='ltr' id='par_1_73' title="bbox 243 4180 1889 4257">
     <span class='ocr_line' id='line_1_73' title="bbox 243 4180 1889 4257; baseline 0.004 -21"><span class='ocrx_word' id='word_1_595' title='bbox 243 4180 419 4254; x_wconf 91' lang='lat' dir='ltr'>culpa</span> <span class='ocrx_word' id='word_1_596' title='bbox 451 4183 844 4254; x_wconf 87' lang='lat' dir='ltr'>pertimescat.</span> <span class='ocrx_word' id='word_1_597' title='bbox 870 4184 1109 4241; x_wconf 90' lang='lat' dir='ltr'>Talibus</span> <span class='ocrx_word' id='word_1_598' title='bbox 1140 4185 1375 4257; x_wconf 91' lang='lat' dir='ltr'>quidem</span> <span class='ocrx_word' id='word_1_599' title='bbox 1400 4186 1683 4242; x_wconf 91' lang='lat' dir='ltr'>Dominus</span> <span class='ocrx_word' id='word_1_600' title='bbox 1714 4187 1889 4243; x_wconf 89' lang='lat' dir='ltr'>etiam</span> 
     </span>
    </p>
   </div>
   <div class='ocr_carea' id='block_1_74' title="bbox 241 4272 1893 4346">
    <p class='ocr_par' dir='ltr' id='par_1_74' title="bbox 241 4272 1893 4346">
     <span class='ocr_line' id='line_1_74' title="bbox 241 4272 1893 4346; baseline 0.005 -21"><span class='ocrx_word' id='word_1_601' title='bbox 241 4287 347 4342; x_wconf 90' lang='lat' dir='ltr'>per</span> <span class='ocrx_word' id='word_1_602' title='bbox 373 4272 579 4327; x_wconf 89' lang='lat' dir='ltr'>Isaiam</span> <span class='ocrx_word' id='word_1_603' title='bbox 614 4273 1024 4345; x_wconf 89' lang='lat' dir='ltr'>comminatur,</span> <span class='ocrx_word' id='word_1_604' title='bbox 1049 4275 1249 4330; x_wconf 90' lang='lat' dir='ltr'>dicens</span> <span class='ocrx_word' id='word_1_605' title='bbox 1276 4292 1288 4331; x_wconf 91' lang='lat'>:</span> <span class='ocrx_word' id='word_1_606' title='bbox 1330 4277 1416 4331; x_wconf 69' lang='lat' dir='ltr'>Vae</span> <span class='ocrx_word' id='word_1_607' title='bbox 1443 4278 1540 4346; x_wconf 86' lang='lat' dir='ltr'>qui</span> <span class='ocrx_word' id='word_1_608' title='bbox 1568 4276 1751 4332; x_wconf 73' lang='lat' dir='ltr'>dicitis</span> <span class='ocrx_word' id='word_1_609' title='bbox 1779 4294 1893 4333; x_wconf 86' lang='lat' dir='ltr'>ma-</span> 
     </span>
    </p>
   </div>
   <div class='ocr_carea' id='block_1_75' title="bbox 242 4360 1890 4435">
    <p class='ocr_par' dir='ltr' id='par_1_75' title="bbox 242 4360 1890 4435">
     <span class='ocr_line' id='line_1_75' title="bbox 242 4360 1890 4435; baseline 0.005 -22"><span class='ocrx_word' id='word_1_610' title='bbox 242 4360 359 4414; x_wconf 85' lang='lat' dir='ltr'>lum</span> <span class='ocrx_word' id='word_1_611' title='bbox 412 4361 630 4426; x_wconf 90' lang='lat' dir='ltr'>bonum,</span> <span class='ocrx_word' id='word_1_612' title='bbox 687 4366 737 4417; x_wconf 88' lang='lat' dir='ltr'>et</span> <span class='ocrx_word' id='word_1_613' title='bbox 788 4364 986 4418; x_wconf 89' lang='lat' dir='ltr'>bonum</span> <span class='ocrx_word' id='word_1_614' title='bbox 1044 4363 1280 4431; x_wconf 86' lang='lat' dir='ltr'>malum,</span> <span class='ocrx_word' id='word_1_615' title='bbox 1328 4373 1585 4435; x_wconf 87' lang='lat' dir='ltr'>ponentes</span> <span class='ocrx_word' id='word_1_616' title='bbox 1643 4367 1890 4421; x_wconf 84' lang='lat' dir='ltr'>tenebras</span> 
     </span>
    </p>
   </div>
   <div class='ocr_carea' id='block_1_76' title="bbox 242 4449 1891 4525">
    <p class='ocr_par' dir='ltr' id='par_1_76' title="bbox 242 4449 1891 4525">
     <span class='ocr_line' id='line_1_76' title="bbox 242 4449 1891 4525; baseline 0.005 -23"><span class='ocrx_word' id='word_1_617' title='bbox 242 4449 442 4513; x_wconf 86' lang='lat' dir='ltr'>lucem,</span> <span class='ocrx_word' id='word_1_618' title='bbox 475 4455 531 4504; x_wconf 87' lang='lat' dir='ltr'>et</span> <span class='ocrx_word' id='word_1_619' title='bbox 584 4450 763 4507; x_wconf 85' lang='lat' dir='ltr'>lucem</span> <span class='ocrx_word' id='word_1_620' title='bbox 814 4453 1059 4506; x_wconf 86' lang='lat' dir='ltr'>tenebras</span> <span class='ocrx_word' id='word_1_621' title='bbox 1110 4454 1265 4522; x_wconf 85' lang='lat' dir='ltr'>(lsai.</span> <span class='ocrx_word' id='word_1_622' title='bbox 1320 4471 1370 4519; x_wconf 82' lang='lat' dir='ltr'>v,</span> <span class='ocrx_word' id='word_1_623' title='bbox 1425 4456 1535 4520; x_wconf 92' lang='grc'>20).</span> <span class='ocrx_word' id='word_1_624' title='bbox 1592 4455 1660 4508; x_wconf 89' lang='lat' dir='ltr'>Et</span> <span class='ocrx_word' id='word_1_625' title='bbox 1713 4471 1891 4525; x_wconf 88' lang='lat' dir='ltr'>supra</span> 
     </span>
    </p>
   </div>
   <div class='ocr_carea' id='block_1_77' title="bbox 242 4539 1888 4610">
    <p class='ocr_par' dir='ltr' id='par_1_77' title="bbox 242 4539 1888 4610">
     <span class='ocr_line' id='line_1_77' title="bbox 242 4539 1888 4610; baseline 0.003 -18"><span class='ocrx_word' id='word_1_626' title='bbox 242 4539 315 4592; x_wconf 90' lang='lat' dir='ltr'>ad</span> <span class='ocrx_word' id='word_1_627' title='bbox 374 4539 788 4595; x_wconf 88' lang='lat' dir='ltr'>Hierusalem:</span> <span class='ocrx_word' id='word_1_628' title='bbox 840 4540 1118 4610; x_wconf 82' lang='lat' dir='ltr'>Caupones</span> <span class='ocrx_word' id='word_1_629' title='bbox 1172 4544 1257 4595; x_wconf 89' lang='lat' dir='ltr'>tui</span> <span class='ocrx_word' id='word_1_630' title='bbox 1310 4544 1647 4596; x_wconf 87' lang='lat' dir='ltr'>miscuerunt</span> <span class='ocrx_word' id='word_1_631' title='bbox 1700 4545 1888 4597; x_wconf 83' lang='lat' dir='ltr'>vinum</span> 
     </span>
    </p>
   </div>
   <div class='ocr_carea' id='block_1_78' title="bbox 1997 3384 3649 3458">
    <p class='ocr_par' dir='ltr' id='par_1_78' title="bbox 1997 3384 3649 3458">
     <span class='ocr_line' id='line_1_78' title="bbox 1997 3384 3649 3458; baseline 0 -17"><span class='ocrx_word' id='word_1_632' title='bbox 1997 3402 2209 3458; x_wconf 84' lang='lat' dir='ltr'>pugnes</span> <span class='ocrx_word' id='word_1_633' title='bbox 2238 3388 2421 3441; x_wconf 89' lang='lat' dir='ltr'>acrius</span> <span class='ocrx_word' id='word_1_634' title='bbox 2452 3386 2679 3451; x_wconf 87' lang='lat' dir='ltr'>crimen,</span> <span class='ocrx_word' id='word_1_635' title='bbox 2710 3401 2816 3439; x_wconf 89' lang='lat' dir='ltr'>non</span> <span class='ocrx_word' id='word_1_636' title='bbox 2834 3384 3187 3455; x_wconf 87' lang='lat' dir='ltr'>deprehendis</span> <span class='ocrx_word' id='word_1_637' title='bbox 3216 3384 3440 3456; x_wconf 86' lang='lat' dir='ltr'>(sic).Et</span> <span class='ocrx_word' id='word_1_638' title='bbox 3461 3384 3601 3440; x_wconf 85' lang='lat' dir='ltr'>alibi</span> <span class='ocrx_word' id='word_1_639' title='bbox 3635 3409 3649 3441; x_wconf 86' lang='lat'>:</span> 
     </span>
    </p>
   </div>
   <div class='ocr_carea' id='block_1_79' title="bbox 2000 3472 3651 3547">
    <p class='ocr_par' dir='ltr' id='par_1_79' title="bbox 2000 3472 3651 3547">
     <span class='ocr_line' id='line_1_79' title="bbox 2000 3472 3651 3547; baseline -0.001 -15"><span class='ocrx_word' id='word_1_640' title='bbox 2000 3476 2155 3533; x_wconf 84' lang='lat' dir='ltr'>Nihil</span> <span class='ocrx_word' id='word_1_641' title='bbox 2185 3477 2496 3547; x_wconf 89' lang='lat' dir='ltr'>opinionem</span> <span class='ocrx_word' id='word_1_642' title='bbox 2527 3476 2636 3529; x_wconf 90' lang='lat' dir='ltr'>imo</span> <span class='ocrx_word' id='word_1_643' title='bbox 2669 3472 2791 3545; x_wconf 90' lang='lat' dir='ltr'>(sic)</span> <span class='ocrx_word' id='word_1_644' title='bbox 2838 3472 2998 3543; x_wconf 81' lang='lat' dir='ltr'>ﬁdem</span> <span class='ocrx_word' id='word_1_645' title='bbox 3038 3482 3250 3544; x_wconf 86' lang='lat' dir='ltr'>gravat,</span> <span class='ocrx_word' id='word_1_646' title='bbox 3284 3490 3445 3545; x_wconf 87' lang='lat' dir='ltr'>quam</span> <span class='ocrx_word' id='word_1_647' title='bbox 3492 3476 3542 3530; x_wconf 94' lang='lat' dir='ltr'>si</span> <span class='ocrx_word' id='word_1_648' title='bbox 3590 3477 3651 3530; x_wconf 88' lang='lat' dir='ltr'>in</span> 
     </span>
    </p>
   </div>
   <div class='ocr_carea' id='block_1_80' title="bbox 1991 3563 3647 3635">
    <p class='ocr_par' dir='ltr' id='par_1_80' title="bbox 1991 3563 3647 3635">
     <span class='ocr_line' id='line_1_80' title="bbox 1991 3563 3647 3635; baseline 0 -16"><span class='ocrx_word' id='word_1_649' title='bbox 1991 3564 2296 3635; x_wconf 85' lang='lat' dir='ltr'>judicando</span> <span class='ocrx_word' id='word_1_650' title='bbox 2322 3565 2618 3635; x_wconf 87' lang='lat' dir='ltr'>potentiori</span> <span class='ocrx_word' id='word_1_651' title='bbox 2646 3563 2810 3618; x_wconf 86' lang='lat' dir='ltr'>dones</span> <span class='ocrx_word' id='word_1_652' title='bbox 2839 3578 3064 3618; x_wconf 87' lang='lat' dir='ltr'>causam</span> <span class='ocrx_word' id='word_1_653' title='bbox 3092 3564 3401 3634; x_wconf 87' lang='lat' dir='ltr'>inferioris,</span> <span class='ocrx_word' id='word_1_654' title='bbox 3426 3572 3476 3619; x_wconf 87' lang='lat' dir='ltr'>et</span> <span class='ocrx_word' id='word_1_655' title='bbox 3506 3581 3647 3632; x_wconf 87' lang='lat' dir='ltr'>pau-</span> 
     </span>
    </p>
   </div>
   <div class='ocr_carea' id='block_1_81' title="bbox 2000 3652 3649 3725">
    <p class='ocr_par' dir='ltr' id='par_1_81' title="bbox 2000 3652 3649 3725">
     <span class='ocr_line' id='line_1_81' title="bbox 2000 3652 3649 3725; baseline 0 -17"><span class='ocrx_word' id='word_1_656' title='bbox 2000 3670 2184 3725; x_wconf 89' lang='lat' dir='ltr'>perem</span> <span class='ocrx_word' id='word_1_657' title='bbox 2240 3656 2587 3709; x_wconf 70' lang='lat' dir='ltr'>innatantem</span> <span class='ocrx_word' id='word_1_658' title='bbox 2640 3669 2873 3723; x_wconf 87' lang='lat' dir='ltr'>arguas,</span> <span class='ocrx_word' id='word_1_659' title='bbox 2934 3652 3162 3707; x_wconf 86' lang='lat' dir='ltr'>divitem</span> <span class='ocrx_word' id='word_1_660' title='bbox 3218 3668 3435 3708; x_wconf 74' lang='lat' dir='ltr'>excuses</span> <span class='ocrx_word' id='word_1_661' title='bbox 3492 3670 3649 3708; x_wconf 89' lang='lat' dir='ltr'>reum</span> 
     </span>
    </p>
   </div>
   <div class='ocr_carea' id='block_1_82' title="bbox 2002 3743 3645 3814">
    <p class='ocr_par' dir='ltr' id='par_1_82' title="bbox 2002 3743 3645 3814">
     <span class='ocr_line' id='line_1_82' title="bbox 2002 3743 3645 3814; baseline -0.001 -16"><span class='ocrx_word' id='word_1_662' title='bbox 2002 3744 2194 3814; x_wconf 75' lang='lat' dir='ltr'>culpae.</span> <span class='ocrx_word' id='word_1_663' title='bbox 2228 3744 2299 3797; x_wconf 85' lang='lat' dir='ltr'>Et</span> <span class='ocrx_word' id='word_1_664' title='bbox 2344 3759 2549 3797; x_wconf 89' lang='lat' dir='ltr'>rursus</span> <span class='ocrx_word' id='word_1_665' title='bbox 2584 3760 2597 3795; x_wconf 92' lang='lat'>:</span> <span class='ocrx_word' id='word_1_666' title='bbox 2647 3743 2740 3797; x_wconf 76' lang='lat' dir='ltr'>Itis</span> <span class='ocrx_word' id='word_1_667' title='bbox 2786 3744 2933 3797; x_wconf 88' lang='lat' dir='ltr'>enim</span> <span class='ocrx_word' id='word_1_668' title='bbox 2972 3744 3219 3812; x_wconf 89' lang='lat' dir='ltr'>favemus</span> <span class='ocrx_word' id='word_1_669' title='bbox 3244 3744 3584 3814; x_wconf 83' lang='lat' dir='ltr'>frequenter,</span> <span class='ocrx_word' id='word_1_670' title='bbox 3612 3760 3645 3797; x_wconf 88' lang='lat' dir='ltr'>a</span> 
     </span>
    </p>
   </div>
   <div class='ocr_carea' id='block_1_83' title="bbox 2002 3830 3649 3903">
    <p class='ocr_par' dir='ltr' id='par_1_83' title="bbox 2002 3830 3649 3903">
     <span class='ocr_line' id='line_1_83' title="bbox 2002 3830 3649 3903; baseline -0.001 -17"><span class='ocrx_word' id='word_1_671' title='bbox 2002 3833 2199 3903; x_wconf 86' lang='lat' dir='ltr'>quibus</span> <span class='ocrx_word' id='word_1_672' title='bbox 2220 3831 2523 3900; x_wconf 57' lang='lat' dir='ltr'>referenda?</span> <span class='ocrx_word' id='word_1_673' title='bbox 2544 3833 2713 3885; x_wconf 86' lang='lat' dir='ltr'>vicem</span> <span class='ocrx_word' id='word_1_674' title='bbox 2732 3846 3019 3902; x_wconf 85' lang='lat' dir='ltr'>speramus</span> <span class='ocrx_word' id='word_1_675' title='bbox 3036 3833 3252 3901; x_wconf 77' lang='lat' dir='ltr'>gratiae.</span> <span class='ocrx_word' id='word_1_676' title='bbox 3274 3830 3376 3886; x_wconf 89' lang='lat' dir='ltr'>Sed</span> <span class='ocrx_word' id='word_1_677' title='bbox 3394 3846 3454 3887; x_wconf 88' lang='lat' dir='ltr'>eo</span> <span class='ocrx_word' id='word_1_678' title='bbox 3477 3833 3649 3902; x_wconf 87' lang='lat' dir='ltr'>magis</span> 
     </span>
    </p>
   </div>
   <div class='ocr_carea' id='block_1_84' title="bbox 2004 3922 3646 3991">
    <p class='ocr_par' dir='ltr' id='par_1_84' title="bbox 2004 3922 3646 3991">
     <span class='ocr_line' id='line_1_84' title="bbox 2004 3922 3646 3991; baseline 0.001 -17"><span class='ocrx_word' id='word_1_679' title='bbox 2004 3922 2253 3989; x_wconf 84' lang='lat' dir='ltr'>infirmos</span> <span class='ocrx_word' id='word_1_680' title='bbox 2301 3932 2350 3973; x_wconf 89' lang='lat' dir='ltr'>et</span> <span class='ocrx_word' id='word_1_681' title='bbox 2401 3922 2583 3989; x_wconf 88' lang='lat' dir='ltr'>inopes</span> <span class='ocrx_word' id='word_1_682' title='bbox 2624 3922 2933 3974; x_wconf 87' lang='lat' dir='ltr'>sustentare</span> <span class='ocrx_word' id='word_1_683' title='bbox 2961 3922 3227 3985; x_wconf 86' lang='lat' dir='ltr'>convenit,</span> <span class='ocrx_word' id='word_1_684' title='bbox 3260 3922 3395 3991; x_wconf 88' lang='lat' dir='ltr'>quia</span> <span class='ocrx_word' id='word_1_685' title='bbox 3422 3936 3519 3991; x_wconf 86' lang='lat' dir='ltr'>pro</span> <span class='ocrx_word' id='word_1_686' title='bbox 3563 3936 3646 3987; x_wconf 86' lang='lat' dir='ltr'>eo,</span> 
     </span>
    </p>
   </div>
   <div class='ocr_carea' id='block_1_85' title="bbox 2003 4008 3647 4079">
    <p class='ocr_par' dir='ltr' id='par_1_85' title="bbox 2003 4008 3647 4079">
     <span class='ocr_line' id='line_1_85' title="bbox 2003 4008 3647 4079; baseline 0.001 -18"><span class='ocrx_word' id='word_1_687' title='bbox 2003 4011 2100 4079; x_wconf 87' lang='lat' dir='ltr'>qui</span> <span class='ocrx_word' id='word_1_688' title='bbox 2126 4024 2236 4064; x_wconf 88' lang='lat' dir='ltr'>non</span> <span class='ocrx_word' id='word_1_689' title='bbox 2266 4008 2441 4073; x_wconf 85' lang='lat' dir='ltr'>habet,</span> <span class='ocrx_word' id='word_1_690' title='bbox 2474 4010 2974 4062; x_wconf 88' lang='lat' dir='ltr'>remunerationem</span> <span class='ocrx_word' id='word_1_691' title='bbox 3008 4024 3287 4079; x_wconf 87' lang='lat' dir='ltr'>speramus</span> <span class='ocrx_word' id='word_1_692' title='bbox 3333 4025 3372 4064; x_wconf 89' lang='lat' dir='ltr'>a</span> <span class='ocrx_word' id='word_1_693' title='bbox 3421 4010 3647 4064; x_wconf 87' lang='lat' dir='ltr'>Domino</span> 
     </span>
    </p>
   </div>
   <div class='ocr_carea' id='block_1_86' title="bbox 1998 4096 3648 4167">
    <p class='ocr_par' dir='ltr' id='par_1_86' title="bbox 1998 4096 3648 4167">
     <span class='ocr_line' id='line_1_86' title="bbox 1998 4096 3648 4167; baseline -0.002 -13"><span class='ocrx_word' id='word_1_694' title='bbox 1998 4102 2152 4161; x_wconf 75' lang='lat' dir='ltr'>Iesu,</span> <span class='ocrx_word' id='word_1_695' title='bbox 2175 4098 2273 4167; x_wconf 91' lang='lat' dir='ltr'>qui</span> <span class='ocrx_word' id='word_1_696' title='bbox 2294 4098 2397 4151; x_wconf 90' lang='lat' dir='ltr'>sub</span> <span class='ocrx_word' id='word_1_697' title='bbox 2421 4096 2592 4167; x_wconf 86' lang='lat' dir='ltr'>specie</span> <span class='ocrx_word' id='word_1_698' title='bbox 2611 4098 2848 4150; x_wconf 87' lang='lat' dir='ltr'>convivii</span> <span class='ocrx_word' id='word_1_699' title='bbox 2867 4097 3173 4166; x_wconf 83' lang='lat' dir='ltr'>generalem</span> <span class='ocrx_word' id='word_1_700' title='bbox 3197 4098 3459 4151; x_wconf 87' lang='lat' dir='ltr'>virtutum</span> <span class='ocrx_word' id='word_1_701' title='bbox 3478 4097 3648 4152; x_wconf 87' lang='lat' dir='ltr'>edidit</span> 
     </span>
    </p>
   </div>
   <div class='ocr_carea' id='block_1_87' title="bbox 2000 4185 3649 4257">
    <p class='ocr_par' dir='ltr' id='par_1_87' title="bbox 2000 4185 3649 4257">
     <span class='ocr_line' id='line_1_87' title="bbox 2000 4185 3649 4257; baseline -0.001 -17"><span class='ocrx_word' id='word_1_702' title='bbox 2000 4188 2266 4257; x_wconf 87' lang='lat' dir='ltr'>formam,</span> <span class='ocrx_word' id='word_1_703' title='bbox 2288 4192 2350 4239; x_wconf 88' lang='lat' dir='ltr'>ut</span> <span class='ocrx_word' id='word_1_704' title='bbox 2386 4186 2471 4240; x_wconf 87' lang='lat' dir='ltr'>his</span> <span class='ocrx_word' id='word_1_705' title='bbox 2499 4186 2677 4255; x_wconf 89' lang='lat' dir='ltr'>potius</span> <span class='ocrx_word' id='word_1_706' title='bbox 2697 4186 2883 4239; x_wconf 87' lang='lat' dir='ltr'>nostra</span> <span class='ocrx_word' id='word_1_707' title='bbox 2902 4186 3245 4253; x_wconf 86' lang='lat' dir='ltr'>conferamus</span> <span class='ocrx_word' id='word_1_708' title='bbox 3266 4185 3526 4254; x_wconf 81' lang='lat' dir='ltr'>beneﬁcia</span> <span class='ocrx_word' id='word_1_709' title='bbox 3552 4188 3649 4255; x_wconf 89' lang='lat' dir='ltr'>qui</span> 
     </span>
    </p>
   </div>
   <div class='ocr_carea' id='block_1_88' title="bbox 2001 4273 3648 4345">
    <p class='ocr_par' dir='ltr' id='par_1_88' title="bbox 2001 4273 3648 4345">
     <span class='ocr_line' id='line_1_88' title="bbox 2001 4273 3648 4345; baseline -0.001 -15"><span class='ocrx_word' id='word_1_710' title='bbox 2001 4277 2155 4331; x_wconf 86' lang='lat' dir='ltr'>nobis</span> <span class='ocrx_word' id='word_1_711' title='bbox 2184 4292 2248 4330; x_wconf 88' lang='lat' dir='ltr'>ea</span> <span class='ocrx_word' id='word_1_712' title='bbox 2276 4291 2385 4329; x_wconf 90' lang='lat' dir='ltr'>non</span> <span class='ocrx_word' id='word_1_713' title='bbox 2413 4278 2637 4345; x_wconf 87' lang='lat' dir='ltr'>possunt</span> <span class='ocrx_word' id='word_1_714' title='bbox 2665 4276 3082 4344; x_wconf 75' lang='lat' dir='ltr'>reprzesentare,</span> <span class='ocrx_word' id='word_1_715' title='bbox 3106 4273 3289 4328; x_wconf 87' lang='lat' dir='ltr'>dicens</span> <span class='ocrx_word' id='word_1_716' title='bbox 3312 4289 3331 4326; x_wconf 86' lang='lat'><strong><em>:</em></strong></span> <span class='ocrx_word' id='word_1_717' title='bbox 3362 4273 3445 4327; x_wconf 85' lang='lat' dir='ltr'>Ad</span> <span class='ocrx_word' id='word_1_718' title='bbox 3467 4275 3648 4328; x_wconf 83' lang='lat' dir='ltr'>convi-</span> 
     </span>
    </p>
   </div>
   <div class='ocr_carea' id='block_1_89' title="bbox 2002 4362 3643 4436">
    <p class='ocr_par' dir='ltr' id='par_1_89' title="bbox 2002 4362 3643 4436">
     <span class='ocr_line' id='line_1_89' title="bbox 2002 4362 3643 4436; baseline -0.001 -16"><span class='ocrx_word' id='word_1_719' title='bbox 2002 4366 2153 4421; x_wconf 89' lang='lat' dir='ltr'>vium</span> <span class='ocrx_word' id='word_1_720' title='bbox 2183 4373 2341 4436; x_wconf 88' lang='lat' dir='ltr'>atque</span> <span class='ocrx_word' id='word_1_721' title='bbox 2371 4364 2559 4433; x_wconf 86' lang='lat' dir='ltr'>epulas</span> <span class='ocrx_word' id='word_1_722' title='bbox 2589 4380 2701 4417; x_wconf 89' lang='lat' dir='ltr'>non</span> <span class='ocrx_word' id='word_1_723' title='bbox 2728 4379 2815 4419; x_wconf 86' lang='lat' dir='ltr'>eos</span> <span class='ocrx_word' id='word_1_724' title='bbox 2846 4365 2941 4434; x_wconf 89' lang='lat' dir='ltr'>qui</span> <span class='ocrx_word' id='word_1_725' title='bbox 2969 4363 3159 4418; x_wconf 88' lang='lat' dir='ltr'>divites</span> <span class='ocrx_word' id='word_1_726' title='bbox 3188 4370 3336 4428; x_wconf 87' lang='lat' dir='ltr'>sunt,</span> <span class='ocrx_word' id='word_1_727' title='bbox 3365 4362 3454 4417; x_wconf 90' lang='lat' dir='ltr'>sed</span> <span class='ocrx_word' id='word_1_728' title='bbox 3494 4380 3643 4434; x_wconf 86' lang='lat' dir='ltr'>pau-</span> 
     </span>
    </p>
   </div>
   <div class='ocr_carea' id='block_1_90' title="bbox 1995 4452 3645 4526">
    <p class='ocr_par' dir='ltr' id='par_1_90' title="bbox 1995 4452 3645 4526">
     <span class='ocr_line' id='line_1_90' title="bbox 1995 4452 3645 4526; baseline -0.001 -16"><span class='ocrx_word' id='word_1_729' title='bbox 1995 4471 2152 4526; x_wconf 88' lang='lat' dir='ltr'>peres</span> <span class='ocrx_word' id='word_1_730' title='bbox 2182 4454 2528 4513; x_wconf 85' lang='lat' dir='ltr'>invitandos;</span> <span class='ocrx_word' id='word_1_731' title='bbox 2561 4453 2701 4507; x_wconf 89' lang='lat' dir='ltr'>idem</span> <span class='ocrx_word' id='word_1_732' title='bbox 2748 4452 2971 4525; x_wconf 87' lang='lat' dir='ltr'>adjuvat</span> <span class='ocrx_word' id='word_1_733' title='bbox 3020 4453 3093 4507; x_wconf 86' lang='lat' dir='ltr'>ad</span> <span class='ocrx_word' id='word_1_734' title='bbox 3140 4454 3445 4523; x_wconf 88' lang='lat' dir='ltr'>profectum</span> <span class='ocrx_word' id='word_1_735' title='bbox 3486 4453 3645 4509; x_wconf 52' lang='lat' dir='ltr'>bona</span> 
     </span>
    </p>
   </div>
   <div class='ocr_carea' id='block_1_91' title="bbox 1999 4541 3641 4613">
    <p class='ocr_par' dir='ltr' id='par_1_91' title="bbox 1999 4541 3641 4613">
     <span class='ocr_line' id='line_1_91' title="bbox 1999 4541 3641 4613; baseline -0.001 -15"><span class='ocrx_word' id='word_1_736' title='bbox 1999 4544 2445 4607; x_wconf 73' lang='lat' dir='ltr'>existimationis,</span> <span class='ocrx_word' id='word_1_737' title='bbox 2470 4544 2519 4596; x_wconf 90' lang='lat' dir='ltr'>si</span> <span class='ocrx_word' id='word_1_738' title='bbox 2550 4542 2613 4597; x_wconf 88' lang='lat' dir='ltr'>de</span> <span class='ocrx_word' id='word_1_739' title='bbox 2630 4544 2867 4613; x_wconf 89' lang='lat' dir='ltr'>potentis</span> <span class='ocrx_word' id='word_1_740' title='bbox 2896 4541 3153 4596; x_wconf 86' lang='lat' dir='ltr'>manibus</span> <span class='ocrx_word' id='word_1_741' title='bbox 3172 4544 3375 4613; x_wconf 88' lang='lat' dir='ltr'>eripias</span> <span class='ocrx_word' id='word_1_742' title='bbox 3402 4544 3641 4611; x_wconf 87' lang='lat' dir='ltr'>inopem.</span> 
     </span>
    </p>
   </div>
   <div class='ocr_carea' id='block_1_92' title="bbox 238 4628 3644 4706">
    <p class='ocr_par' dir='ltr' id='par_1_92' title="bbox 238 4628 3644 4706">
     <span class='ocr_line' id='line_1_92' title="bbox 238 4628 3644 4706; baseline 0.002 -25"><span class='ocrx_word' id='word_1_743' title='bbox 238 4643 386 4699; x_wconf 88' lang='lat' dir='ltr'>aqua</span> <span class='ocrx_word' id='word_1_744' title='bbox 438 4628 592 4700; x_wconf 87' lang='lat' dir='ltr'>(Isai.</span> <span class='ocrx_word' id='word_1_745' title='bbox 638 4647 676 4695; x_wconf 88' lang='lat'>1,</span> <span class='ocrx_word' id='word_1_746' title='bbox 718 4630 831 4700; x_wconf 86' lang='lat'>22).</span> <span class='ocrx_word' id='word_1_747' title='bbox 865 4650 893 4679; x_wconf 89' lang='grc'><strong>››</strong></span> <span class='ocrx_word' id='word_1_748' title='bbox 943 4629 1333 4702; x_wconf 82' lang='lat' dir='ltr'>Hieronymus</span> <span class='ocrx_word' id='word_1_749' title='bbox 1363 4630 1485 4701; x_wconf 90' lang='lat' dir='ltr'>(lib.</span> <span class='ocrx_word' id='word_1_750' title='bbox 1521 4648 1577 4685; x_wconf 81' lang='grc' dir='ltr'>ιν</span> <span class='ocrx_word' id='word_1_751' title='bbox 1608 4634 1665 4685; x_wconf 89' lang='lat' dir='ltr'>in</span> <span class='ocrx_word' id='word_1_752' title='bbox 1694 4634 1888 4688; x_wconf 88' lang='lat' dir='ltr'>Jercm.</span> <span class='ocrx_word' id='word_1_753' title='bbox 1922 4643 1968 4706; x_wconf 86' lang='lat' dir='ltr'><strong>D</strong></span> <span class='ocrx_word' id='word_1_754' title='bbox 1999 4634 2139 4688; x_wconf 87' lang='lat' dir='ltr'>Nam</span> <span class='ocrx_word' id='word_1_755' title='bbox 2177 4634 2225 4687; x_wconf 89' lang='lat' dir='ltr'>si</span> <span class='ocrx_word' id='word_1_756' title='bbox 2265 4647 2581 4702; x_wconf 85' lang='lat' dir='ltr'>oppressum</span> <span class='ocrx_word' id='word_1_757' title='bbox 2608 4633 2799 4701; x_wconf 87' lang='lat' dir='ltr'>opibus</span> <span class='ocrx_word' id='word_1_758' title='bbox 2827 4632 3060 4703; x_wconf 87' lang='lat' dir='ltr'>potentis</span> <span class='ocrx_word' id='word_1_759' title='bbox 3107 4635 3158 4686; x_wconf 90' lang='lat' dir='ltr'>et</span> <span class='ocrx_word' id='word_1_760' title='bbox 3204 4633 3439 4701; x_wconf 84' lang='lat' dir='ltr'>factione</span> <span class='ocrx_word' id='word_1_761' title='bbox 3469 4634 3644 4699; x_wconf 89' lang='lat' dir='ltr'>magis</span> 
     </span>
    </p>
   </div>
   <div class='ocr_carea' id='block_1_93' title="bbox 240 4717 1890 4791">
    <p class='ocr_par' dir='ltr' id='par_1_93' title="bbox 240 4717 1890 4791">
     <span class='ocr_line' id='line_1_93' title="bbox 240 4717 1890 4791; baseline 0.002 -20"><span class='ocrx_word' id='word_1_762' title='bbox 240 4732 293 4771; x_wconf 92' lang='lat' dir='ltr'>c.</span> <span class='ocrx_word' id='word_1_763' title='bbox 350 4718 482 4789; x_wconf 88' lang='lat'>13):</span> <span class='ocrx_word' id='word_1_764' title='bbox 542 4742 568 4767; x_wconf 85' lang='grc'><strong>‹‹</strong></span> <span class='ocrx_word' id='word_1_765' title='bbox 605 4719 766 4791; x_wconf 70' lang='lat' dir='ltr'>Sazpe</span> <span class='ocrx_word' id='word_1_766' title='bbox 816 4717 1083 4774; x_wconf 88' lang='lat' dir='ltr'>imitatur</span> <span class='ocrx_word' id='word_1_767' title='bbox 1139 4719 1512 4775; x_wconf 90' lang='lat' dir='ltr'>mendacium</span> <span class='ocrx_word' id='word_1_768' title='bbox 1566 4721 1890 4791; x_wconf 89' lang='lat' dir='ltr'>veritatem,</span> 
     </span>
    </p>
   </div>
   <div class='ocr_carea' id='block_1_94' title="bbox 240 4806 1889 4880">
    <p class='ocr_par' dir='ltr' id='par_1_94' title="bbox 240 4806 1889 4880">
     <span class='ocr_line' id='line_1_94' title="bbox 240 4806 1889 4880; baseline 0.003 -20"><span class='ocrx_word' id='word_1_769' title='bbox 240 4808 298 4860; x_wconf 86' lang='lat' dir='ltr'>et</span> <span class='ocrx_word' id='word_1_770' title='bbox 346 4806 459 4861; x_wconf 91' lang='lat' dir='ltr'>nisi</span> <span class='ocrx_word' id='word_1_771' title='bbox 512 4806 783 4863; x_wconf 90' lang='lat' dir='ltr'>habuerit</span> <span class='ocrx_word' id='word_1_772' title='bbox 821 4807 1080 4880; x_wconf 91' lang='lat' dir='ltr'>aliquam</span> <span class='ocrx_word' id='word_1_773' title='bbox 1112 4809 1250 4863; x_wconf 89' lang='lat' dir='ltr'>recti</span> <span class='ocrx_word' id='word_1_774' title='bbox 1284 4808 1758 4877; x_wconf 88' lang='lat' dir='ltr'>similitudinem,</span> <span class='ocrx_word' id='word_1_775' title='bbox 1790 4811 1889 4865; x_wconf 89' lang='lat' dir='ltr'>de-</span> 
     </span>
    </p>
   </div>
   <div class='ocr_carea' id='block_1_95' title="bbox 240 4893 1889 4967">
    <p class='ocr_par' dir='ltr' id='par_1_95' title="bbox 240 4893 1889 4967">
     <span class='ocr_line' id='line_1_95' title="bbox 240 4893 1889 4967; baseline 0.005 -20"><span class='ocrx_word' id='word_1_776' title='bbox 240 4893 431 4965; x_wconf 90' lang='lat' dir='ltr'>cipere</span> <span class='ocrx_word' id='word_1_777' title='bbox 479 4912 596 4951; x_wconf 93' lang='lat' dir='ltr'>non</span> <span class='ocrx_word' id='word_1_778' title='bbox 640 4901 832 4967; x_wconf 86' lang='lat' dir='ltr'>potest</span> <span class='ocrx_word' id='word_1_779' title='bbox 872 4898 1233 4953; x_wconf 90' lang='lat' dir='ltr'>innocentes.</span> <span class='ocrx_word' id='word_1_780' title='bbox 1271 4918 1299 4946; x_wconf 89' lang='grc'><strong>››</strong></span> <span class='ocrx_word' id='word_1_781' title='bbox 1355 4898 1423 4952; x_wconf 88' lang='lat' dir='ltr'>Et</span> <span class='ocrx_word' id='word_1_782' title='bbox 1451 4896 1664 4953; x_wconf 85' lang='lat' dir='ltr'>iterum</span> <span class='ocrx_word' id='word_1_783' title='bbox 1699 4916 1711 4954; x_wconf 91' lang='lat'>:</span> <span class='ocrx_word' id='word_1_784' title='bbox 1768 4922 1795 4948; x_wconf 85' lang='lat'><strong>«</strong></span> <span class='ocrx_word' id='word_1_785' title='bbox 1830 4900 1889 4955; x_wconf 91' lang='lat' dir='ltr'>Si</span> 
     </span>
    </p>
   </div>
   <div class='ocr_carea' id='block_1_96' title="bbox 246 4981 1887 5058">
    <p class='ocr_par' dir='ltr' id='par_1_96' title="bbox 246 4981 1887 5058">
     <span class='ocr_line' id='line_1_96' title="bbox 246 4981 1887 5058; baseline 0.004 -21"><span class='ocrx_word' id='word_1_786' title='bbox 246 4981 557 5054; x_wconf 91' lang='lat' dir='ltr'>aliquando</span> <span class='ocrx_word' id='word_1_787' title='bbox 585 4985 755 5040; x_wconf 90' lang='lat' dir='ltr'>nobis</span> <span class='ocrx_word' id='word_1_788' title='bbox 776 5003 880 5057; x_wconf 90' lang='lat' dir='ltr'>pro</span> <span class='ocrx_word' id='word_1_789' title='bbox 903 4987 1349 5043; x_wconf 89' lang='lat' dir='ltr'>necessitatibus</span> <span class='ocrx_word' id='word_1_790' title='bbox 1371 4991 1425 5041; x_wconf 92' lang='lat' dir='ltr'>et</span> <span class='ocrx_word' id='word_1_791' title='bbox 1457 4988 1749 5058; x_wconf 86' lang='lat' dir='ltr'>augustiis</span> <span class='ocrx_word' id='word_1_792' title='bbox 1779 4987 1887 5043; x_wconf 88' lang='lat' dir='ltr'>hu-</span> 
     </span>
    </p>
   </div>
   <div class='ocr_carea' id='block_1_97' title="bbox 244 5071 1885 5145">
    <p class='ocr_par' dir='ltr' id='par_1_97' title="bbox 244 5071 1885 5145">
     <span class='ocr_line' id='line_1_97' title="bbox 244 5071 1885 5145; baseline 0.005 -20"><span class='ocrx_word' id='word_1_793' title='bbox 244 5071 456 5129; x_wconf 89' lang='lat' dir='ltr'>militas</span> <span class='ocrx_word' id='word_1_794' title='bbox 487 5090 638 5145; x_wconf 84' lang='lat' dir='ltr'>Opus</span> <span class='ocrx_word' id='word_1_795' title='bbox 683 5081 789 5145; x_wconf 88' lang='lat' dir='ltr'>est,</span> <span class='ocrx_word' id='word_1_796' title='bbox 823 5075 904 5130; x_wconf 92' lang='lat' dir='ltr'>sic</span> <span class='ocrx_word' id='word_1_797' title='bbox 950 5093 1077 5131; x_wconf 90' lang='lat' dir='ltr'>eam</span> <span class='ocrx_word' id='word_1_798' title='bbox 1120 5093 1449 5140; x_wconf 90' lang='lat' dir='ltr'>sumamus,</span> <span class='ocrx_word' id='word_1_799' title='bbox 1484 5093 1555 5130; x_wconf 90' lang='lat' dir='ltr'>ne</span> <span class='ocrx_word' id='word_1_800' title='bbox 1584 5077 1885 5133; x_wconf 84' lang='lat' dir='ltr'>veritatem</span> 
     </span>
    </p>
   </div>
   <div class='ocr_carea' id='block_1_98' title="bbox 242 5163 1886 5231">
    <p class='ocr_par' dir='ltr' id='par_1_98' title="bbox 242 5163 1886 5231">
     <span class='ocr_line' id='line_1_98' title="bbox 242 5163 1886 5231; baseline 0.004 -17"><span class='ocrx_word' id='word_1_801' title='bbox 242 5164 298 5215; x_wconf 90' lang='lat' dir='ltr'>et</span> <span class='ocrx_word' id='word_1_802' title='bbox 324 5163 713 5218; x_wconf 88' lang='lat' dir='ltr'>constantiam</span> <span class='ocrx_word' id='word_1_803' title='bbox 741 5164 1101 5220; x_wconf 89' lang='lat' dir='ltr'>deseramus.</span> <span class='ocrx_word' id='word_1_804' title='bbox 1130 5188 1156 5214; x_wconf 84' lang='lat'>»</span> <span class='ocrx_word' id='word_1_805' title='bbox 1188 5166 1549 5231; x_wconf 86' lang='lat' dir='ltr'>Quibusdam</span> <span class='ocrx_word' id='word_1_806' title='bbox 1572 5166 1746 5221; x_wconf 89' lang='lat' dir='ltr'>etiam</span> <span class='ocrx_word' id='word_1_807' title='bbox 1782 5182 1886 5221; x_wconf 91' lang='lat' dir='ltr'>nec</span> 
     </span>
    </p>
   </div>
   <div class='ocr_carea' id='block_1_99' title="bbox 1082 5254 1639 5276">
    <p class='ocr_par' dir='ltr' id='par_1_99' title="bbox 1082 5254 1639 5276">
     <span class='ocr_line' id='line_1_99' title="bbox 1082 5254 1639 5276; baseline 0 -8"><span class='ocrx_word' id='word_1_808' title='bbox 1082 5254 1110 5268; x_wconf 66' lang='grc' dir='ltr'><strong>Λ</strong></span> <span class='ocrx_word' id='word_1_809' title='bbox 1153 5256 1186 5268; x_wconf 75' lang='grc' dir='ltr'>Ι.</span> <span class='ocrx_word' id='word_1_810' title='bbox 1312 5255 1325 5272; x_wconf 70' lang='grc' dir='ltr'><strong>Ι</strong></span> <span class='ocrx_word' id='word_1_811' title='bbox 1400 5254 1639 5276; x_wconf 28' lang='grc' dir='ltr'>ιγᾼῗξλιι</span> 
     </span>
    </p>
   </div>
   <div class='ocr_carea' id='block_1_100' title="bbox 1683 5271 1831 5280">
    <p class='ocr_par' dir='ltr' id='par_1_100' title="bbox 1683 5271 1831 5280">
     <span class='ocr_line' id='line_1_100' title="bbox 1683 5271 1831 5280; baseline 0.014 -2"><span class='ocrx_word' id='word_1_812' title='bbox 1683 5271 1831 5280; x_wconf 58' lang='grc' dir='ltr'>--Ααυ.</span> 
     </span>
    </p>
   </div>
   <div class='ocr_carea' id='block_1_101' title="bbox 2003 4720 3643 4794">
    <p class='ocr_par' dir='ltr' id='par_1_101' title="bbox 2003 4720 3643 4794">
     <span class='ocr_line' id='line_1_101' title="bbox 2003 4720 3643 4794; baseline -0.001 -18"><span class='ocrx_word' id='word_1_813' title='bbox 2003 4738 2167 4794; x_wconf 88' lang='lat' dir='ltr'>quam</span> <span class='ocrx_word' id='word_1_814' title='bbox 2203 4721 2418 4775; x_wconf 77' lang='lat' dir='ltr'>sceleris</span> <span class='ocrx_word' id='word_1_815' title='bbox 2465 4721 2553 4775; x_wconf 87' lang='lat' dir='ltr'>sui</span> <span class='ocrx_word' id='word_1_816' title='bbox 2580 4721 2712 4775; x_wconf 88' lang='lat' dir='ltr'>vitio</span> <span class='ocrx_word' id='word_1_817' title='bbox 2741 4723 3030 4788; x_wconf 84' lang='lat' dir='ltr'>gravatum</span> <span class='ocrx_word' id='word_1_818' title='bbox 3061 4720 3397 4785; x_wconf 88' lang='lat' dir='ltr'>liberaveris,</span> <span class='ocrx_word' id='word_1_819' title='bbox 3428 4722 3643 4790; x_wconf 84' lang='lat' dir='ltr'>egregie</span> 
     </span>
    </p>
   </div>
   <div class='ocr_carea' id='block_1_102' title="bbox 2001 4807 3644 4880">
    <p class='ocr_par' dir='ltr' id='par_1_102' title="bbox 2001 4807 3644 4880">
     <span class='ocr_line' id='line_1_102' title="bbox 2001 4807 3644 4880; baseline -0.004 -14"><span class='ocrx_word' id='word_1_820' title='bbox 2001 4811 2223 4866; x_wconf 89' lang='lat' dir='ltr'>valescit</span> <span class='ocrx_word' id='word_1_821' title='bbox 2246 4810 2500 4880; x_wconf 86' lang='lat' dir='ltr'>opinioni</span> <span class='ocrx_word' id='word_1_822' title='bbox 2524 4811 2917 4864; x_wconf 89' lang='lat' dir='ltr'>testimonium.</span> <span class='ocrx_word' id='word_1_823' title='bbox 2943 4813 3011 4862; x_wconf 88' lang='lat' dir='ltr'>Et</span> <span class='ocrx_word' id='word_1_824' title='bbox 3027 4809 3058 4864; x_wconf 88' lang='lat' dir='ltr'><strong>J</strong></span> <span class='ocrx_word' id='word_1_825' title='bbox 3065 4809 3135 4863; x_wconf 92' lang='lat' dir='ltr'>ob</span> <span class='ocrx_word' id='word_1_826' title='bbox 3160 4808 3271 4863; x_wconf 89' lang='lat' dir='ltr'>ait:</span> <span class='ocrx_word' id='word_1_827' title='bbox 3301 4807 3520 4863; x_wconf 85' lang='lat' dir='ltr'>Salvum</span> <span class='ocrx_word' id='word_1_828' title='bbox 3538 4807 3644 4876; x_wconf 90' lang='lat' dir='ltr'>feci</span> 
     </span>
    </p>
   </div>
   <div class='ocr_carea' id='block_1_103' title="bbox 1998 4896 3644 4971">
    <p class='ocr_par' dir='ltr' id='par_1_103' title="bbox 1998 4896 3644 4971">
     <span class='ocr_line' id='line_1_103' title="bbox 1998 4896 3644 4971; baseline -0.004 -16"><span class='ocrx_word' id='word_1_829' title='bbox 1998 4914 2292 4971; x_wconf 83' lang='lat' dir='ltr'>pauperem</span> <span class='ocrx_word' id='word_1_830' title='bbox 2321 4899 2385 4955; x_wconf 87' lang='lat' dir='ltr'>de</span> <span class='ocrx_word' id='word_1_831' title='bbox 2413 4915 2585 4953; x_wconf 88' lang='lat' dir='ltr'>manu</span> <span class='ocrx_word' id='word_1_832' title='bbox 2615 4899 2872 4969; x_wconf 86' lang='lat' dir='ltr'>potentis,</span> <span class='ocrx_word' id='word_1_833' title='bbox 2906 4902 2960 4952; x_wconf 89' lang='lat' dir='ltr'>et</span> <span class='ocrx_word' id='word_1_834' title='bbox 2987 4898 3264 4969; x_wconf 90' lang='lat' dir='ltr'>pupillum</span> <span class='ocrx_word' id='word_1_835' title='bbox 3293 4898 3384 4951; x_wconf 89' lang='lat' dir='ltr'>cui</span> <span class='ocrx_word' id='word_1_836' title='bbox 3422 4896 3644 4966; x_wconf 88' lang='lat' dir='ltr'>adjutor</span> 
     </span>
    </p>
   </div>
   <div class='ocr_carea' id='block_1_104' title="bbox 1997 4983 3643 5061">
    <p class='ocr_par' dir='ltr' id='par_1_104' title="bbox 1997 4983 3643 5061">
     <span class='ocr_line' id='line_1_104' title="bbox 1997 4983 3643 5061; baseline -0.003 -18"><span class='ocrx_word' id='word_1_837' title='bbox 1997 5007 2112 5043; x_wconf 89' lang='lat' dir='ltr'>non</span> <span class='ocrx_word' id='word_1_838' title='bbox 2142 4996 2283 5055; x_wconf 88' lang='lat' dir='ltr'>erat,</span> <span class='ocrx_word' id='word_1_839' title='bbox 2315 4989 2506 5061; x_wconf 86' lang='lat' dir='ltr'>adjuvi</span> <span class='ocrx_word' id='word_1_840' title='bbox 2538 4988 2652 5059; x_wconf 86' lang='lat' dir='ltr'>(Job</span> <span class='ocrx_word' id='word_1_841' title='bbox 2685 5004 2837 5053; x_wconf 67' lang='grc' dir='ltr'>χχιιι,</span> <span class='ocrx_word' id='word_1_842' title='bbox 2873 4988 2980 5057; x_wconf 87' lang='grc'>12).</span> <span class='ocrx_word' id='word_1_843' title='bbox 3012 4988 3082 5041; x_wconf 88' lang='lat' dir='ltr'>Et</span> <span class='ocrx_word' id='word_1_844' title='bbox 3111 4986 3249 5040; x_wconf 87' lang='lat' dir='ltr'>item</span> <span class='ocrx_word' id='word_1_845' title='bbox 3284 5003 3298 5040; x_wconf 95' lang='lat'>:</span> <span class='ocrx_word' id='word_1_846' title='bbox 3330 4983 3643 5039; x_wconf 83' lang='lat' dir='ltr'>Benedictio</span> 
     </span>
    </p>
   </div>
   <div class='ocr_carea' id='block_1_105' title="bbox 1991 5072 3645 5149">
    <p class='ocr_par' dir='ltr' id='par_1_105' title="bbox 1991 5072 3645 5149">
     <span class='ocr_line' id='line_1_105' title="bbox 1991 5072 3645 5149; baseline -0.005 -15"><span class='ocrx_word' id='word_1_847' title='bbox 1991 5078 2233 5149; x_wconf 89' lang='lat' dir='ltr'>perituri</span> <span class='ocrx_word' id='word_1_848' title='bbox 2258 5078 2319 5132; x_wconf 89' lang='lat' dir='ltr'>in</span> <span class='ocrx_word' id='word_1_849' title='bbox 2346 5095 2429 5133; x_wconf 90' lang='lat' dir='ltr'>me</span> <span class='ocrx_word' id='word_1_850' title='bbox 2448 5078 2635 5132; x_wconf 81' lang='lat' dir='ltr'>veniat</span> <span class='ocrx_word' id='word_1_851' title='bbox 2659 5076 2845 5147; x_wconf 87' lang='lat' dir='ltr'>(lbid.,</span> <span class='ocrx_word' id='word_1_852' title='bbox 2874 5076 2981 5143; x_wconf 89' lang='lat'>13).</span> <span class='ocrx_word' id='word_1_853' title='bbox 3006 5076 3073 5129; x_wconf 86' lang='lat' dir='ltr'>Et</span> <span class='ocrx_word' id='word_1_854' title='bbox 3100 5073 3310 5128; x_wconf 91' lang='lat' dir='ltr'>Isaias:</span> <span class='ocrx_word' id='word_1_855' title='bbox 3338 5072 3645 5140; x_wconf 86' lang='lat' dir='ltr'>Confortate</span> 
     </span>
    </p>
   </div>
   <div class='ocr_carea' id='block_1_106' title="bbox 1994 5159 3647 5236">
    <p class='ocr_par' dir='ltr' id='par_1_106' title="bbox 1994 5159 3647 5236">
     <span class='ocr_line' id='line_1_106' title="bbox 1994 5159 3647 5236; baseline -0.005 -13"><span class='ocrx_word' id='word_1_856' title='bbox 1994 5184 2193 5223; x_wconf 88' lang='lat' dir='ltr'>manus</span> <span class='ocrx_word' id='word_1_857' title='bbox 2224 5166 2535 5231; x_wconf 87' lang='lat' dir='ltr'>dissolutas,</span> <span class='ocrx_word' id='word_1_858' title='bbox 2569 5171 2619 5220; x_wconf 87' lang='lat' dir='ltr'>et</span> <span class='ocrx_word' id='word_1_859' title='bbox 2664 5183 2847 5236; x_wconf 83' lang='lat' dir='ltr'>genua</span> <span class='ocrx_word' id='word_1_860' title='bbox 2890 5163 3100 5219; x_wconf 81' lang='lat' dir='ltr'>debilia</span> <span class='ocrx_word' id='word_1_861' title='bbox 3138 5162 3388 5216; x_wconf 88' lang='lat' dir='ltr'>roborate</span> <span class='ocrx_word' id='word_1_862' title='bbox 3416 5178 3437 5214; x_wconf 70' lang='grc' dir='ltr'>,ο</span> <span class='ocrx_word' id='word_1_863' title='bbox 3482 5159 3647 5215; x_wconf 89' lang='lat' dir='ltr'>dicite</span> 
     </span>
    </p>
   </div>
   <div class='ocr_carea' id='block_1_107' title="bbox 1996 5249 3621 5284">
    <p class='ocr_par' dir='ltr' id='par_1_107' title="bbox 1996 5249 3621 5284">
     <span class='ocr_line' id='line_1_107' title="bbox 1996 5249 3621 5284; baseline 0 0"><span class='ocrx_word' id='word_1_864' title='bbox 1996 5257 2374 5284; x_wconf 61' lang='grc' dir='ltr'>...ιιηἾιι-..ιίυμίη</span> <span class='ocrx_word' id='word_1_865' title='bbox 2417 5256 2589 5284; x_wconf 56' lang='grc' dir='ltr'>--Αιέδη</span> <span class='ocrx_word' id='word_1_866' title='bbox 2613 5257 2799 5284; x_wconf 55' lang='grc' dir='ltr'>θλυυιηυιη</span> <span class='ocrx_word' id='word_1_867' title='bbox 2820 5257 2834 5283; x_wconf 76' lang='grc' dir='ltr'><em>Ῑ</em></span> <span class='ocrx_word' id='word_1_868' title='bbox 2852 5258 2931 5284; x_wconf 67' lang='grc' dir='ltr'>,ριν</span> <span class='ocrx_word' id='word_1_869' title='bbox 2971 5266 3112 5284; x_wconf 71' lang='grc' dir='ltr'>νυνυ</span> <span class='ocrx_word' id='word_1_870' title='bbox 3259 5251 3621 5284; x_wconf 66' lang='lat' dir='ltr'>nnonhnninn</span> 
     </span>
    </p>
   </div>
  </div>
