  <div class='ocr_page' id='page_1' title='image "/cluster/home/n/w/nwhite01/storage/ocr_20150623/134/hvd.32044015471741/045.png"; bbox 0 0 4030 5310; ppageno 0'>
   <div class='ocr_carea' id='block_1_1' title="bbox 366 395 3764 470">
    <p class='ocr_par' dir='ltr' id='par_1_1' title="bbox 366 395 3764 470">
     <span class='ocr_line' id='line_1_1' title="bbox 366 395 3764 470; baseline 0.004 -14"><span class='ocrx_word' id='word_1_1' title='bbox 366 395 444 457; x_wconf 78' lang='lat'><strong>95</strong></span> <span class='ocrx_word' id='word_1_2' title='bbox 1387 404 1720 466; x_wconf 82' lang='lat' dir='ltr'><strong>ATTONIS</strong></span> <span class='ocrx_word' id='word_1_3' title='bbox 1769 406 2349 466; x_wconf 64' lang='lat' dir='ltr'><strong>VI‘IRCELIENSIS</strong></span> <span class='ocrx_word' id='word_1_4' title='bbox 2397 407 2743 467; x_wconf 76' lang='lat' dir='ltr'><strong>EPISCOPI</strong></span> <span class='ocrx_word' id='word_1_5' title='bbox 3687 411 3764 470; x_wconf 87' lang='grc'>96</span> 
     </span>
    </p>
   </div>
   <div class='ocr_carea' id='block_1_2' title="bbox 373 526 3761 622">
    <p class='ocr_par' dir='ltr' id='par_1_2' title="bbox 373 526 3761 622">
     <span class='ocr_line' id='line_1_2' title="bbox 373 526 3761 622; baseline 0.004 -39"><span class='ocrx_word' id='word_1_6' title='bbox 373 526 627 622; x_wconf 74' lang='lat' dir='ltr'><strong>portibus</strong></span> <span class='ocrx_word' id='word_1_7' title='bbox 640 527 957 622; x_wconf 85' lang='lat' dir='ltr'><strong>excipitur;</strong></span> <span class='ocrx_word' id='word_1_8' title='bbox 983 531 1081 588; x_wconf 88' lang='lat' dir='ltr'><strong>sed</strong></span> <span class='ocrx_word' id='word_1_9' title='bbox 1104 531 1164 588; x_wconf 92' lang='lat' dir='ltr'><strong>in</strong></span> <span class='ocrx_word' id='word_1_10' title='bbox 1185 532 1430 592; x_wconf 91' lang='lat' dir='ltr'><strong>Domino</strong></span> <span class='ocrx_word' id='word_1_11' title='bbox 1458 537 1814 594; x_wconf 84' lang='lat' dir='ltr'><strong>unanimiter</strong></span> <span class='ocrx_word' id='word_1_12' title='bbox 1834 538 2010 594; x_wconf 84' lang='lat' dir='ltr'><strong>confi-</strong></span> <span class='ocrx_word' id='word_1_13' title='bbox 2042 556 2098 622; x_wconf 76' lang='grc' dir='ltr'><strong>Α</strong></span> <span class='ocrx_word' id='word_1_14' title='bbox 2127 541 2285 597; x_wconf 85' lang='lat' dir='ltr'><strong>Beati</strong></span> <span class='ocrx_word' id='word_1_15' title='bbox 2313 541 2411 612; x_wconf 86' lang='lat' dir='ltr'><strong>qui</strong></span> <span class='ocrx_word' id='word_1_16' title='bbox 2434 543 2860 613; x_wconf 76' lang='lat' dir='ltr'><strong>persecutionem</strong></span> <span class='ocrx_word' id='word_1_17' title='bbox 2889 543 3184 613; x_wconf 83' lang='lat' dir='ltr'><strong>patiuntur</strong></span> <span class='ocrx_word' id='word_1_18' title='bbox 3206 548 3431 613; x_wconf 79' lang='lat' dir='ltr'><strong>propter</strong></span> <span class='ocrx_word' id='word_1_19' title='bbox 3458 540 3761 614; x_wconf 77' lang='lat' dir='ltr'><strong>justitiam,</strong></span> 
     </span>
    </p>
   </div>
   <div class='ocr_carea' id='block_1_3' title="bbox 369 618 2016 700">
    <p class='ocr_par' dir='ltr' id='par_1_3' title="bbox 369 618 2016 700">
     <span class='ocr_line' id='line_1_3' title="bbox 369 618 2016 700; baseline 0.007 -28"><span class='ocrx_word' id='word_1_20' title='bbox 369 618 574 674; x_wconf 85' lang='lat' dir='ltr'><strong>dentes</strong></span> <span class='ocrx_word' id='word_1_21' title='bbox 596 619 864 676; x_wconf 85' lang='lat' dir='ltr'><strong>dicamus</strong></span> <span class='ocrx_word' id='word_1_22' title='bbox 885 638 897 676; x_wconf 92' lang='lat'><strong>:</strong></span> <span class='ocrx_word' id='word_1_23' title='bbox 921 623 1132 678; x_wconf 83' lang='lat' dir='ltr'><strong>Bonum</strong></span> <span class='ocrx_word' id='word_1_24' title='bbox 1152 633 1232 678; x_wconf 88' lang='lat' dir='ltr'><strong>est</strong></span> <span class='ocrx_word' id='word_1_25' title='bbox 1251 624 1515 694; x_wconf 85' lang='lat' dir='ltr'><strong>conﬁdere</strong></span> <span class='ocrx_word' id='word_1_26' title='bbox 1536 628 1596 681; x_wconf 87' lang='lat' dir='ltr'><strong>in</strong></span> <span class='ocrx_word' id='word_1_27' title='bbox 1610 628 1837 684; x_wconf 86' lang='lat' dir='ltr'><strong>Domino</strong></span> <span class='ocrx_word' id='word_1_28' title='bbox 1857 646 2016 700; x_wconf 85' lang='lat' dir='ltr'><strong>quam</strong></span> 
     </span>
    </p>
   </div>
   <div class='ocr_carea' id='block_1_4' title="bbox 375 707 2016 785">
    <p class='ocr_par' dir='ltr' id='par_1_4' title="bbox 375 707 2016 785">
     <span class='ocr_line' id='line_1_4' title="bbox 375 707 2016 785; baseline 0.006 -22"><span class='ocrx_word' id='word_1_29' title='bbox 375 707 650 778; x_wconf 83' lang='lat' dir='ltr'><strong>conﬁdere</strong></span> <span class='ocrx_word' id='word_1_30' title='bbox 697 711 759 763; x_wconf 88' lang='lat' dir='ltr'><strong>in</strong></span> <span class='ocrx_word' id='word_1_31' title='bbox 809 709 1045 766; x_wconf 86' lang='lat' dir='ltr'><strong>homine.</strong></span> <span class='ocrx_word' id='word_1_32' title='bbox 1084 714 1291 767; x_wconf 88' lang='lat' dir='ltr'><strong>Bonum</strong></span> <span class='ocrx_word' id='word_1_33' title='bbox 1329 722 1409 768; x_wconf 87' lang='lat' dir='ltr'><strong>est</strong></span> <span class='ocrx_word' id='word_1_34' title='bbox 1447 731 1667 785; x_wconf 83' lang='lat' dir='ltr'><strong>sperare</strong></span> <span class='ocrx_word' id='word_1_35' title='bbox 1698 719 1757 771; x_wconf 85' lang='lat' dir='ltr'><strong>in</strong></span> <span class='ocrx_word' id='word_1_36' title='bbox 1788 719 2016 773; x_wconf 87' lang='lat' dir='ltr'><strong>Domi-no</strong></span> 
     </span>
    </p>
   </div>
   <div class='ocr_carea' id='block_1_5' title="bbox 371 801 2013 876">
    <p class='ocr_par' dir='ltr' id='par_1_5' title="bbox 371 801 2013 876">
     <span class='ocr_line' id='line_1_5' title="bbox 371 801 2013 876; baseline 0.006 -25"><span class='ocrx_word' id='word_1_37' title='bbox 371 812 544 867; x_wconf 84' lang='lat' dir='ltr'><strong>quam</strong></span> <span class='ocrx_word' id='word_1_38' title='bbox 564 812 786 869; x_wconf 84' lang='lat' dir='ltr'><strong>sperare</strong></span> <span class='ocrx_word' id='word_1_39' title='bbox 805 801 865 853; x_wconf 83' lang='lat' dir='ltr'><strong>in</strong></span> <span class='ocrx_word' id='word_1_40' title='bbox 880 801 1226 872; x_wconf 74' lang='lat' dir='ltr'><strong>principibus</strong></span> <span class='ocrx_word' id='word_1_41' title='bbox 1245 803 1411 874; x_wconf 85' lang='lat' dir='ltr'><strong>(Psal.</strong></span> <span class='ocrx_word' id='word_1_42' title='bbox 1431 819 1596 875; x_wconf 81' lang='lat' dir='ltr'><strong>cxvu,</strong></span> <span class='ocrx_word' id='word_1_43' title='bbox 1619 807 1671 871; x_wconf 92' lang='lat'><strong>8,</strong></span> <span class='ocrx_word' id='word_1_44' title='bbox 1690 807 1773 876; x_wconf 88' lang='lat'><strong>9),</strong></span> <span class='ocrx_word' id='word_1_45' title='bbox 1791 811 1846 861; x_wconf 88' lang='lat' dir='ltr'><strong>et</strong></span> <span class='ocrx_word' id='word_1_46' title='bbox 1869 806 2013 861; x_wconf 91' lang='lat' dir='ltr'><strong>illud</strong></span> 
     </span>
    </p>
   </div>
   <div class='ocr_carea' id='block_1_6' title="bbox 371 886 2012 967">
    <p class='ocr_par' dir='ltr' id='par_1_6' title="bbox 371 886 2012 967">
     <span class='ocr_line' id='line_1_6' title="bbox 371 886 2012 967; baseline 0.007 -26"><span class='ocrx_word' id='word_1_47' title='bbox 371 886 572 956; x_wconf 83' lang='lat' dir='ltr'><strong>procul</strong></span> <span class='ocrx_word' id='word_1_48' title='bbox 604 887 780 943; x_wconf 92' lang='lat' dir='ltr'><strong>dubio</strong></span> <span class='ocrx_word' id='word_1_49' title='bbox 809 889 1186 961; x_wconf 88' lang='lat' dir='ltr'><strong>Evangelium</strong></span> <span class='ocrx_word' id='word_1_50' title='bbox 1231 892 1518 964; x_wconf 82' lang='lat' dir='ltr'><strong>patienter</strong></span> <span class='ocrx_word' id='word_1_51' title='bbox 1566 901 1965 967; x_wconf 82' lang='lat' dir='ltr'><strong>exspectemus</strong></span> <span class='ocrx_word' id='word_1_52' title='bbox 1998 914 2012 952; x_wconf 88' lang='lat'><strong>:</strong></span> 
     </span>
    </p>
   </div>
   <div class='ocr_carea' id='block_1_7' title="bbox 2126 631 3769 703">
    <p class='ocr_par' dir='ltr' id='par_1_7' title="bbox 2126 631 3769 703">
     <span class='ocr_line' id='line_1_7' title="bbox 2126 631 3769 703; baseline 0.001 -18"><span class='ocrx_word' id='word_1_53' title='bbox 2126 633 2392 702; x_wconf 86' lang='lat' dir='ltr'><strong>quoniam</strong></span> <span class='ocrx_word' id='word_1_54' title='bbox 2424 633 2666 702; x_wconf 86' lang='lat' dir='ltr'><strong>ipsorum</strong></span> <span class='ocrx_word' id='word_1_55' title='bbox 2697 639 2774 687; x_wconf 85' lang='lat' dir='ltr'><strong>est</strong></span> <span class='ocrx_word' id='word_1_56' title='bbox 2803 647 3031 702; x_wconf 82' lang='lat' dir='ltr'><strong><em>regnum</em></strong></span> <span class='ocrx_word' id='word_1_57' title='bbox 3055 632 3320 687; x_wconf 72' lang='lat' dir='ltr'><strong>caelorum</strong></span> <span class='ocrx_word' id='word_1_58' title='bbox 3347 631 3554 703; x_wconf 81' lang='lat' dir='ltr'><strong>(Matth.</strong></span> <span class='ocrx_word' id='word_1_59' title='bbox 3579 650 3631 698; x_wconf 88' lang='lat' dir='ltr'><strong>v,</strong></span> <span class='ocrx_word' id='word_1_60' title='bbox 3661 633 3769 703; x_wconf 88' lang='grc'><strong>10),</strong></span> 
     </span>
    </p>
   </div>
   <div class='ocr_carea' id='block_1_8' title="bbox 2128 720 3768 792">
    <p class='ocr_par' dir='ltr' id='par_1_8' title="bbox 2128 720 3768 792">
     <span class='ocr_line' id='line_1_8' title="bbox 2128 720 3768 792; baseline 0.001 -18"><span class='ocrx_word' id='word_1_61' title='bbox 2128 721 2225 775; x_wconf 92' lang='lat' dir='ltr'><strong>ubi</strong></span> <span class='ocrx_word' id='word_1_62' title='bbox 2252 737 2356 775; x_wconf 88' lang='lat' dir='ltr'><strong>nos</strong></span> <span class='ocrx_word' id='word_1_63' title='bbox 2380 720 2513 790; x_wconf 91' lang='lat' dir='ltr'><strong>pius</strong></span> <span class='ocrx_word' id='word_1_64' title='bbox 2534 720 2818 776; x_wconf 85' lang='lat' dir='ltr'><strong>Dominus</strong></span> <span class='ocrx_word' id='word_1_65' title='bbox 2843 721 3156 792; x_wconf 82' lang='lat' dir='ltr'><strong>perducere</strong></span> <span class='ocrx_word' id='word_1_66' title='bbox 3178 721 3465 792; x_wconf 82' lang='lat' dir='ltr'><strong>dignetur,</strong></span> <span class='ocrx_word' id='word_1_67' title='bbox 3490 723 3659 790; x_wconf 84' lang='lat' dir='ltr'><strong>cujus</strong></span> <span class='ocrx_word' id='word_1_68' title='bbox 3683 738 3768 777; x_wconf 86' lang='lat' dir='ltr'><strong>re-</strong></span> 
     </span>
    </p>
   </div>
   <div class='ocr_carea' id='block_1_9' title="bbox 2124 809 3769 880">
    <p class='ocr_par' dir='ltr' id='par_1_9' title="bbox 2124 809 3769 880">
     <span class='ocr_line' id='line_1_9' title="bbox 2124 809 3769 880; baseline 0.002 -19"><span class='ocrx_word' id='word_1_69' title='bbox 2124 824 2307 880; x_wconf 85' lang='lat' dir='ltr'><strong>gnum</strong></span> <span class='ocrx_word' id='word_1_70' title='bbox 2332 814 2386 864; x_wconf 90' lang='lat' dir='ltr'><strong>et</strong></span> <span class='ocrx_word' id='word_1_71' title='bbox 2408 809 2720 880; x_wconf 89' lang='lat' dir='ltr'><strong>imperium</strong></span> <span class='ocrx_word' id='word_1_72' title='bbox 2743 809 2868 864; x_wconf 85' lang='lat' dir='ltr'><strong>sine</strong></span> <span class='ocrx_word' id='word_1_73' title='bbox 2893 810 3007 865; x_wconf 89' lang='lat' dir='ltr'><strong>ﬁne</strong></span> <span class='ocrx_word' id='word_1_74' title='bbox 3029 814 3330 880; x_wconf 78' lang='lat' dir='ltr'><strong>permanet</strong></span> <span class='ocrx_word' id='word_1_75' title='bbox 3349 809 3409 863; x_wconf 92' lang='lat' dir='ltr'><strong>in</strong></span> <span class='ocrx_word' id='word_1_76' title='bbox 3433 809 3644 865; x_wconf 68' lang='lat' dir='ltr'><strong>saecula</strong></span> <span class='ocrx_word' id='word_1_77' title='bbox 3665 827 3769 864; x_wconf 81' lang='lat' dir='ltr'><strong>sae-</strong></span> 
     </span>
    </p>
   </div>
   <div class='ocr_carea' id='block_1_10' title="bbox 2125 896 3768 969">
    <p class='ocr_par' dir='ltr' id='par_1_10' title="bbox 2125 896 3768 969">
     <span class='ocr_line' id='line_1_10' title="bbox 2125 896 3768 969; baseline 0 -17"><span class='ocrx_word' id='word_1_78' title='bbox 2125 897 2412 952; x_wconf 86' lang='lat' dir='ltr'><strong>culorum.</strong></span> <span class='ocrx_word' id='word_1_79' title='bbox 2441 902 2624 952; x_wconf 89' lang='lat' dir='ltr'><strong>Amen</strong></span> <span class='ocrx_word' id='word_1_80' title='bbox 2660 897 2890 968; x_wconf 77' lang='lat' dir='ltr'><strong>(MANSI,</strong></span> <span class='ocrx_word' id='word_1_81' title='bbox 2916 897 3070 969; x_wconf 90' lang='lat' dir='ltr'><strong>apud</strong></span> <span class='ocrx_word' id='word_1_82' title='bbox 3092 896 3308 966; x_wconf 89' lang='lat' dir='ltr'><strong>Baluz.,</strong></span> <span class='ocrx_word' id='word_1_83' title='bbox 3329 899 3548 953; x_wconf 81' lang='lat' dir='ltr'><strong>Miscetl.</strong></span> <span class='ocrx_word' id='word_1_84' title='bbox 3576 900 3768 968; x_wconf 87' lang='lat' dir='ltr'><strong>saer.).</strong></span> 
     </span>
    </p>
   </div>
   <div class='ocr_carea' id='block_1_11' title="bbox 369 1061 3772 1088">
    <p class='ocr_par' dir='ltr' id='par_1_11' title="bbox 369 1061 3772 1088">
     <span class='ocr_line' id='line_1_11' title="bbox 369 1061 3772 1088; baseline -0 -7"><span class='ocrx_word' id='word_1_85' title='bbox 369 1061 3772 1088; x_wconf 56' lang='lat' dir='ltr'><strong>mw</strong></span> 
     </span>
    </p>
   </div>
   <div class='ocr_carea' id='block_1_12' title="bbox 1283 1241 2874 1349">
    <p class='ocr_par' dir='ltr' id='par_1_12' title="bbox 1283 1241 2874 1349">
     <span class='ocr_line' id='line_1_12' title="bbox 1283 1241 2874 1349; baseline 0.001 -5"><span class='ocrx_word' id='word_1_86' title='bbox 1283 1243 2022 1348; x_wconf 75' lang='lat' dir='ltr'><strong>ATTONIS</strong></span> <span class='ocrx_word' id='word_1_87' title='bbox 2109 1241 2874 1349; x_wconf 73' lang='lat' dir='ltr'><strong>EPISGOPI</strong></span> 
     </span>
    </p>
   </div>
   <div class='ocr_carea' id='block_1_13' title="bbox 1805 1441 2330 1499">
    <p class='ocr_par' dir='ltr' id='par_1_13' title="bbox 1805 1441 2330 1499">
     <span class='ocr_line' id='line_1_13' title="bbox 1805 1441 2330 1499; baseline 0.006 -4"><span class='ocrx_word' id='word_1_88' title='bbox 1805 1441 2330 1499; x_wconf 81' lang='lat' dir='ltr'><strong>VERCELLENSIS</strong></span> 
     </span>
    </p>
   </div>
   <div class='ocr_carea' id='block_1_14' title="bbox 1492 1615 2642 1738">
    <p class='ocr_par' dir='ltr' id='par_1_14' title="bbox 1492 1615 2642 1738">
     <span class='ocr_line' id='line_1_14' title="bbox 1492 1615 2642 1738; baseline 0.002 -2"><span class='ocrx_word' id='word_1_89' title='bbox 1492 1615 2642 1738; x_wconf 55' lang='lat' dir='ltr'><strong>EPISTOLXE.</strong></span> 
     </span>
    </p>
   </div>
   <div class='ocr_carea' id='block_1_15' title="bbox 1329 1837 2816 1913">
    <p class='ocr_par' dir='ltr' id='par_1_15' title="bbox 1329 1837 2816 1913">
     <span class='ocr_line' id='line_1_15' title="bbox 1329 1837 2816 1913; baseline 0.001 -21"><span class='ocrx_word' id='word_1_90' title='bbox 1329 1837 1516 1910; x_wconf 89' lang='lat' dir='ltr'><strong>(Apud</strong></span> <span class='ocrx_word' id='word_1_91' title='bbox 1547 1837 1883 1910; x_wconf 85' lang='lat' dir='ltr'><strong>Acherium,</strong></span> <span class='ocrx_word' id='word_1_92' title='bbox 1917 1838 2210 1912; x_wconf 87' lang='lat' dir='ltr'><strong>Spicilegii</strong></span> <span class='ocrx_word' id='word_1_93' title='bbox 2239 1843 2396 1896; x_wconf 88' lang='lat' dir='ltr'><strong>tomo</strong></span> <span class='ocrx_word' id='word_1_94' title='bbox 2429 1839 2471 1912; x_wconf 90' lang='grc' dir='ltr'><strong>Ι,</strong></span> <span class='ocrx_word' id='word_1_95' title='bbox 2502 1856 2634 1913; x_wconf 90' lang='lat' dir='ltr'><strong>pag.</strong></span> <span class='ocrx_word' id='word_1_96' title='bbox 2669 1841 2816 1910; x_wconf 88' lang='grc'><strong>431.)</strong></span> 
     </span>
    </p>
   </div>
   <div class='ocr_carea' id='block_1_16' title="bbox 893 2132 1491 2188">
    <p class='ocr_par' dir='ltr' id='par_1_16' title="bbox 893 2132 1491 2188">
     <span class='ocr_line' id='line_1_16' title="bbox 893 2132 1491 2188; baseline -0.003 0"><span class='ocrx_word' id='word_1_97' title='bbox 893 2132 1232 2188; x_wconf 77' lang='lat' dir='ltr'><strong>EPISTULA</strong></span> <span class='ocrx_word' id='word_1_98' title='bbox 1265 2133 1491 2188; x_wconf 84' lang='lat' dir='ltr'><strong>PRIMA</strong></span> 
     </span>
    </p>
   </div>
   <div class='ocr_carea' id='block_1_17' title="bbox 796 2238 1598 2277">
    <p class='ocr_par' dir='ltr' id='par_1_17' title="bbox 796 2238 1598 2277">
     <span class='ocr_line' id='line_1_17' title="bbox 796 2238 1598 2277; baseline -0.001 0"><span class='ocrx_word' id='word_1_99' title='bbox 796 2239 869 2277; x_wconf 82' lang='lat' dir='ltr'><strong>AD</strong></span> <span class='ocrx_word' id='word_1_100' title='bbox 910 2239 1216 2277; x_wconf 82' lang='lat' dir='ltr'><strong>VALDONEM</strong></span> <span class='ocrx_word' id='word_1_101' title='bbox 1254 2238 1598 2277; x_wconf 83' lang='lat' dir='ltr'><strong>EPISCOPUM.</strong></span> 
     </span>
    </p>
   </div>
   <div class='ocr_carea' id='block_1_18' title="bbox 443 2309 2016 2382">
    <p class='ocr_par' dir='ltr' id='par_1_18' title="bbox 443 2309 2016 2382">
     <span class='ocr_line' id='line_1_18' title="bbox 443 2309 2016 2382; baseline -0.001 -17"><span class='ocrx_word' id='word_1_102' title='bbox 443 2312 594 2365; x_wconf 75' lang='grc' dir='ltr'><strong>Αττο</strong></span> <span class='ocrx_word' id='word_1_103' title='bbox 611 2310 911 2381; x_wconf 91' lang='lat' dir='ltr'><strong>gratiaDei</strong></span> <span class='ocrx_word' id='word_1_104' title='bbox 933 2310 1178 2368; x_wconf 87' lang='lat' dir='ltr'><strong>humilis</strong></span> <span class='ocrx_word' id='word_1_105' title='bbox 1198 2310 1508 2382; x_wconf 90' lang='lat' dir='ltr'><strong>episcopus</strong></span> <span class='ocrx_word' id='word_1_106' title='bbox 1530 2309 1696 2366; x_wconf 85' lang='lat' dir='ltr'><strong>ﬁdele</strong></span> <span class='ocrx_word' id='word_1_107' title='bbox 1717 2309 2016 2366; x_wconf 84' lang='lat' dir='ltr'><strong>servitium</strong></span> 
     </span>
    </p>
   </div>
   <div class='ocr_carea' id='block_1_19' title="bbox 376 2399 1180 2454">
    <p class='ocr_par' dir='ltr' id='par_1_19' title="bbox 376 2399 1180 2454">
     <span class='ocr_line' id='line_1_19' title="bbox 376 2399 1180 2454; baseline -0.002 0"><span class='ocrx_word' id='word_1_108' title='bbox 376 2415 509 2454; x_wconf 90' lang='lat' dir='ltr'><strong>cum</strong></span> <span class='ocrx_word' id='word_1_109' title='bbox 541 2399 766 2454; x_wconf 84' lang='lat' dir='ltr'><strong>devotis</strong></span> <span class='ocrx_word' id='word_1_110' title='bbox 797 2399 1180 2454; x_wconf 79' lang='lat' dir='ltr'><strong>orationibus.</strong></span> 
     </span>
    </p>
   </div>
   <div class='ocr_carea' id='block_1_20' title="bbox 447 2486 2018 2559">
    <p class='ocr_par' dir='ltr' id='par_1_20' title="bbox 447 2486 2018 2559">
     <span class='ocr_line' id='line_1_20' title="bbox 447 2486 2018 2559; baseline 0 -16"><span class='ocrx_word' id='word_1_111' title='bbox 447 2486 659 2543; x_wconf 87' lang='lat' dir='ltr'><strong>Multas</strong></span> <span class='ocrx_word' id='word_1_112' title='bbox 689 2491 891 2544; x_wconf 70' lang='lat' dir='ltr'><strong>vestrae</strong></span> <span class='ocrx_word' id='word_1_113' title='bbox 923 2487 1192 2543; x_wconf 88' lang='lat' dir='ltr'><strong>charitati</strong></span> <span class='ocrx_word' id='word_1_114' title='bbox 1226 2488 1524 2543; x_wconf 86' lang='lat' dir='ltr'><strong>mercedes</strong></span> <span class='ocrx_word' id='word_1_115' title='bbox 1565 2487 1873 2543; x_wconf 83' lang='lat' dir='ltr'><strong>referimus</strong></span> <span class='ocrx_word' id='word_1_116' title='bbox 1916 2504 2018 2559; x_wconf 87' lang='lat' dir='ltr'><strong>pro</strong></span> 
     </span>
    </p>
   </div>
   <div class='ocr_carea' id='block_1_21' title="bbox 375 2575 2014 2649">
    <p class='ocr_par' dir='ltr' id='par_1_21' title="bbox 375 2575 2014 2649">
     <span class='ocr_line' id='line_1_21' title="bbox 375 2575 2014 2649; baseline 0 -17"><span class='ocrx_word' id='word_1_117' title='bbox 375 2580 495 2632; x_wconf 91' lang='lat' dir='ltr'><strong>tam</strong></span> <span class='ocrx_word' id='word_1_118' title='bbox 519 2575 794 2632; x_wconf 87' lang='lat' dir='ltr'><strong>benevola</strong></span> <span class='ocrx_word' id='word_1_119' title='bbox 813 2575 1100 2648; x_wconf 85' lang='lat' dir='ltr'><strong>legatione</strong></span> <span class='ocrx_word' id='word_1_120' title='bbox 1116 2577 1304 2649; x_wconf 88' lang='lat' dir='ltr'><strong>gratia</strong></span> <span class='ocrx_word' id='word_1_121' title='bbox 1326 2576 1706 2632; x_wconf 89' lang='lat' dir='ltr'><strong>fraternitatis</strong></span> <span class='ocrx_word' id='word_1_122' title='bbox 1724 2583 2014 2648; x_wconf 88' lang='lat' dir='ltr'><strong>suscepta.</strong></span> 
     </span>
    </p>
   </div>
   <div class='ocr_carea' id='block_1_22' title="bbox 377 2664 2020 2736">
    <p class='ocr_par' dir='ltr' id='par_1_22' title="bbox 377 2664 2020 2736">
     <span class='ocr_line' id='line_1_22' title="bbox 377 2664 2020 2736; baseline 0.001 -17"><span class='ocrx_word' id='word_1_123' title='bbox 377 2665 538 2728; x_wconf 87' lang='lat' dir='ltr'><strong>Quod</strong></span> <span class='ocrx_word' id='word_1_124' title='bbox 561 2669 756 2720; x_wconf 86' lang='lat' dir='ltr'><strong>autem</strong></span> <span class='ocrx_word' id='word_1_125' title='bbox 786 2681 888 2720; x_wconf 86' lang='lat' dir='ltr'><strong>vos</strong></span> <span class='ocrx_word' id='word_1_126' title='bbox 919 2665 1224 2720; x_wconf 85' lang='lat' dir='ltr'><strong>nobiscum</strong></span> <span class='ocrx_word' id='word_1_127' title='bbox 1249 2664 1604 2736; x_wconf 89' lang='lat' dir='ltr'><strong>colloquium</strong></span> <span class='ocrx_word' id='word_1_128' title='bbox 1635 2665 1847 2720; x_wconf 89' lang='lat' dir='ltr'><strong>habere</strong></span> <span class='ocrx_word' id='word_1_129' title='bbox 1876 2664 2020 2720; x_wconf 86' lang='lat' dir='ltr'><strong>velle</strong></span> 
     </span>
    </p>
   </div>
   <div class='ocr_carea' id='block_1_23' title="bbox 377 2753 2019 2826">
    <p class='ocr_par' dir='ltr' id='par_1_23' title="bbox 377 2753 2019 2826">
     <span class='ocr_line' id='line_1_23' title="bbox 377 2753 2019 2826; baseline -0.001 -17"><span class='ocrx_word' id='word_1_130' title='bbox 377 2753 701 2820; x_wconf 85' lang='lat' dir='ltr'><strong>indicastis,</strong></span> <span class='ocrx_word' id='word_1_131' title='bbox 723 2753 812 2810; x_wconf 83' lang='lat' dir='ltr'><strong>vel</strong></span> <span class='ocrx_word' id='word_1_132' title='bbox 844 2771 978 2809; x_wconf 93' lang='lat' dir='ltr'><strong>cum</strong></span> <span class='ocrx_word' id='word_1_133' title='bbox 1010 2758 1208 2810; x_wconf 87' lang='lat' dir='ltr'><strong>nostro</strong></span> <span class='ocrx_word' id='word_1_134' title='bbox 1234 2754 1436 2819; x_wconf 77' lang='lat' dir='ltr'><strong>misso,</strong></span> <span class='ocrx_word' id='word_1_135' title='bbox 1460 2754 1611 2809; x_wconf 88' lang='lat' dir='ltr'><strong>Deus</strong></span> <span class='ocrx_word' id='word_1_136' title='bbox 1645 2755 1777 2821; x_wconf 89' lang='lat' dir='ltr'><strong>scit,</strong></span> <span class='ocrx_word' id='word_1_137' title='bbox 1803 2755 1940 2826; x_wconf 82' lang='lat' dir='ltr'><strong>quia</strong></span> <span class='ocrx_word' id='word_1_138' title='bbox 1969 2755 2019 2809; x_wconf 90' lang='lat' dir='ltr'><strong>si</strong></span> 
     </span>
    </p>
   </div>
   <div class='ocr_carea' id='block_1_24' title="bbox 377 2842 2019 2914">
    <p class='ocr_par' dir='ltr' id='par_1_24' title="bbox 377 2842 2019 2914">
     <span class='ocr_line' id='line_1_24' title="bbox 377 2842 2019 2914; baseline 0 -16"><span class='ocrx_word' id='word_1_139' title='bbox 377 2843 573 2898; x_wconf 90' lang='lat' dir='ltr'><strong>debita</strong></span> <span class='ocrx_word' id='word_1_140' title='bbox 599 2842 752 2898; x_wconf 86' lang='lat' dir='ltr'><strong>inter</strong></span> <span class='ocrx_word' id='word_1_141' title='bbox 781 2860 885 2898; x_wconf 89' lang='lat' dir='ltr'><strong>nos</strong></span> <span class='ocrx_word' id='word_1_142' title='bbox 917 2843 1112 2898; x_wconf 87' lang='lat' dir='ltr'><strong>unitas</strong></span> <span class='ocrx_word' id='word_1_143' title='bbox 1138 2849 1520 2914; x_wconf 85' lang='lat' dir='ltr'><strong>permaneret,</strong></span> <span class='ocrx_word' id='word_1_144' title='bbox 1556 2842 1805 2898; x_wconf 87' lang='lat' dir='ltr'><strong>libenter</strong></span> <span class='ocrx_word' id='word_1_145' title='bbox 1832 2842 1890 2896; x_wconf 91' lang='lat' dir='ltr'><strong>in</strong></span> <span class='ocrx_word' id='word_1_146' title='bbox 1922 2859 2019 2898; x_wconf 90' lang='lat' dir='ltr'><strong>ve-</strong></span> 
     </span>
    </p>
   </div>
   <div class='ocr_carea' id='block_1_25' title="bbox 377 2931 2019 3004">
    <p class='ocr_par' dir='ltr' id='par_1_25' title="bbox 377 2931 2019 3004">
     <span class='ocr_line' id='line_1_25' title="bbox 377 2931 2019 3004; baseline -0.001 -17"><span class='ocrx_word' id='word_1_147' title='bbox 377 2936 563 2987; x_wconf 88' lang='lat' dir='ltr'><strong>strum</strong></span> <span class='ocrx_word' id='word_1_148' title='bbox 596 2935 653 2986; x_wconf 90' lang='lat' dir='ltr'><strong>et</strong></span> <span class='ocrx_word' id='word_1_149' title='bbox 680 2931 1010 2987; x_wconf 81' lang='lat' dir='ltr'><strong>veniremus</strong></span> <span class='ocrx_word' id='word_1_150' title='bbox 1042 2936 1098 2986; x_wconf 89' lang='lat' dir='ltr'><strong>et</strong></span> <span class='ocrx_word' id='word_1_151' title='bbox 1136 2931 1521 3004; x_wconf 85' lang='lat' dir='ltr'><strong>dirigeremus</strong></span> <span class='ocrx_word' id='word_1_152' title='bbox 1551 2931 1873 2987; x_wconf 86' lang='lat' dir='ltr'><strong>servitium.</strong></span> <span class='ocrx_word' id='word_1_153' title='bbox 1907 2932 2019 2987; x_wconf 87' lang='lat' dir='ltr'><strong>Sed</strong></span> 
     </span>
    </p>
   </div>
   <div class='ocr_carea' id='block_1_26' title="bbox 377 3019 2019 3092">
    <p class='ocr_par' dir='ltr' id='par_1_26' title="bbox 377 3019 2019 3092">
     <span class='ocr_line' id='line_1_26' title="bbox 377 3019 2019 3092; baseline 0.001 -18"><span class='ocrx_word' id='word_1_154' title='bbox 377 3021 532 3092; x_wconf 88' lang='lat' dir='ltr'><strong>quod</strong></span> <span class='ocrx_word' id='word_1_155' title='bbox 555 3021 721 3091; x_wconf 83' lang='lat' dir='ltr'><strong>pejus</strong></span> <span class='ocrx_word' id='word_1_156' title='bbox 743 3024 850 3087; x_wconf 89' lang='lat' dir='ltr'><strong>est,</strong></span> <span class='ocrx_word' id='word_1_157' title='bbox 875 3023 1038 3075; x_wconf 87' lang='lat' dir='ltr'><strong>tanta</strong></span> <span class='ocrx_word' id='word_1_158' title='bbox 1059 3019 1210 3075; x_wconf 90' lang='lat' dir='ltr'><strong>inter</strong></span> <span class='ocrx_word' id='word_1_159' title='bbox 1231 3024 1498 3075; x_wconf 87' lang='lat' dir='ltr'><strong>nostrum</strong></span> <span class='ocrx_word' id='word_1_160' title='bbox 1522 3021 1809 3076; x_wconf 88' lang='lat' dir='ltr'><strong>seniorem</strong></span> <span class='ocrx_word' id='word_1_161' title='bbox 1833 3024 1889 3075; x_wconf 91' lang='lat' dir='ltr'><strong>et</strong></span> <span class='ocrx_word' id='word_1_162' title='bbox 1918 3036 2019 3076; x_wconf 91' lang='lat' dir='ltr'><strong>vos</strong></span> 
     </span>
    </p>
   </div>
   <div class='ocr_carea' id='block_1_27' title="bbox 376 3108 2018 3180">
    <p class='ocr_par' dir='ltr' id='par_1_27' title="bbox 376 3108 2018 3180">
     <span class='ocr_line' id='line_1_27' title="bbox 376 3108 2018 3180; baseline -0.001 -15"><span class='ocrx_word' id='word_1_163' title='bbox 376 3109 623 3166; x_wconf 85' lang='lat' dir='ltr'><strong>excrevit</strong></span> <span class='ocrx_word' id='word_1_164' title='bbox 664 3109 973 3177; x_wconf 87' lang='lat' dir='ltr'><strong>dissensio,</strong></span> <span class='ocrx_word' id='word_1_165' title='bbox 1007 3113 1072 3163; x_wconf 91' lang='lat' dir='ltr'><strong>ut</strong></span> <span class='ocrx_word' id='word_1_166' title='bbox 1118 3125 1222 3164; x_wconf 91' lang='lat' dir='ltr'><strong>nec</strong></span> <span class='ocrx_word' id='word_1_167' title='bbox 1269 3108 1564 3180; x_wconf 88' lang='lat' dir='ltr'><strong>loquendi,</strong></span> <span class='ocrx_word' id='word_1_168' title='bbox 1599 3125 1704 3164; x_wconf 91' lang='lat' dir='ltr'><strong>nec</strong></span> <span class='ocrx_word' id='word_1_169' title='bbox 1751 3114 2018 3165; x_wconf 86' lang='lat' dir='ltr'><strong>nostrum</strong></span> 
     </span>
    </p>
   </div>
   <div class='ocr_carea' id='block_1_28' title="bbox 379 3198 2020 3270">
    <p class='ocr_par' dir='ltr' id='par_1_28' title="bbox 379 3198 2020 3270">
     <span class='ocr_line' id='line_1_28' title="bbox 379 3198 2020 3270; baseline -0.001 -16"><span class='ocrx_word' id='word_1_170' title='bbox 379 3199 627 3255; x_wconf 89' lang='lat' dir='ltr'><strong>missum</strong></span> <span class='ocrx_word' id='word_1_171' title='bbox 651 3198 938 3270; x_wconf 88' lang='lat' dir='ltr'><strong>dirigendi</strong></span> <span class='ocrx_word' id='word_1_172' title='bbox 957 3198 1017 3253; x_wconf 88' lang='lat' dir='ltr'><strong>in</strong></span> <span class='ocrx_word' id='word_1_173' title='bbox 1038 3203 1296 3254; x_wconf 89' lang='lat' dir='ltr'><strong>vestrum</strong></span> <span class='ocrx_word' id='word_1_174' title='bbox 1323 3199 1622 3254; x_wconf 88' lang='lat' dir='ltr'><strong>servitium</strong></span> <span class='ocrx_word' id='word_1_175' title='bbox 1650 3198 1871 3270; x_wconf 88' lang='lat' dir='ltr'><strong>absque</strong></span> <span class='ocrx_word' id='word_1_176' title='bbox 1892 3199 2020 3267; x_wconf 83' lang='lat' dir='ltr'><strong>eius</strong></span> 
     </span>
    </p>
   </div>
   <div class='ocr_carea' id='block_1_29' title="bbox 377 3287 2020 3359">
    <p class='ocr_par' dir='ltr' id='par_1_29' title="bbox 377 3287 2020 3359">
     <span class='ocr_line' id='line_1_29' title="bbox 377 3287 2020 3359; baseline -0.001 -16"><span class='ocrx_word' id='word_1_177' title='bbox 377 3287 614 3344; x_wconf 86' lang='lat' dir='ltr'><strong>licentia</strong></span> <span class='ocrx_word' id='word_1_178' title='bbox 634 3287 805 3343; x_wconf 90' lang='lat' dir='ltr'><strong>nobis</strong></span> <span class='ocrx_word' id='word_1_179' title='bbox 829 3303 985 3343; x_wconf 89' lang='lat' dir='ltr'><strong>nunc</strong></span> <span class='ocrx_word' id='word_1_180' title='bbox 1006 3292 1242 3359; x_wconf 88' lang='lat' dir='ltr'><strong>tempus</strong></span> <span class='ocrx_word' id='word_1_181' title='bbox 1262 3288 1583 3342; x_wconf 86' lang='lat' dir='ltr'><strong>conveniat.</strong></span> <span class='ocrx_word' id='word_1_182' title='bbox 1606 3287 2020 3342; x_wconf 84' lang='lat' dir='ltr'><strong>Verumtamen</strong></span> 
     </span>
    </p>
   </div>
   <div class='ocr_carea' id='block_1_30' title="bbox 380 3374 2023 3457">
    <p class='ocr_par' dir='ltr' id='par_1_30' title="bbox 380 3374 2023 3457">
     <span class='ocr_line' id='line_1_30' title="bbox 380 3374 2023 3457; baseline -0.002 -26"><span class='ocrx_word' id='word_1_183' title='bbox 380 3377 533 3447; x_wconf 91' lang='lat' dir='ltr'><strong>quod</strong></span> <span class='ocrx_word' id='word_1_184' title='bbox 556 3376 744 3457; x_wconf 81' lang='lat' dir='ltr'><strong>magis</strong></span> <span class='ocrx_word' id='word_1_185' title='bbox 766 3376 825 3429; x_wconf 89' lang='lat' dir='ltr'><strong>in</strong></span> <span class='ocrx_word' id='word_1_186' title='bbox 849 3391 1161 3430; x_wconf 89' lang='lat' dir='ltr'><strong>commune</strong></span> <span class='ocrx_word' id='word_1_187' title='bbox 1182 3375 1576 3430; x_wconf 88' lang='lat' dir='ltr'><strong>necessarium</strong></span> <span class='ocrx_word' id='word_1_188' title='bbox 1601 3389 1729 3429; x_wconf 88' lang='lat' dir='ltr'><strong>esse</strong></span> <span class='ocrx_word' id='word_1_189' title='bbox 1759 3374 2023 3443; x_wconf 73' lang='lat' dir='ltr'><strong>cognovi-</strong></span> 
     </span>
    </p>
   </div>
   <div class='ocr_carea' id='block_1_31' title="bbox 2044 2131 3781 2206">
    <p class='ocr_par' dir='ltr' id='par_1_31' title="bbox 2044 2131 3781 2206">
     <span class='ocr_line' id='line_1_31' title="bbox 2044 2131 3781 2206; baseline -0.001 -17"><span class='ocrx_word' id='word_1_190' title='bbox 2044 2136 2090 2200; x_wconf 91' lang='lat' dir='ltr'><strong>B</strong></span> <span class='ocrx_word' id='word_1_191' title='bbox 2124 2132 2404 2205; x_wconf 87' lang='lat' dir='ltr'><strong>spelunca</strong></span> <span class='ocrx_word' id='word_1_192' title='bbox 2443 2134 2503 2188; x_wconf 91' lang='lat' dir='ltr'><strong>in</strong></span> <span class='ocrx_word' id='word_1_193' title='bbox 2545 2149 2724 2189; x_wconf 90' lang='lat' dir='ltr'><strong>manu</strong></span> <span class='ocrx_word' id='word_1_194' title='bbox 2752 2133 2941 2206; x_wconf 88' lang='lat' dir='ltr'><strong>ipsius</strong></span> <span class='ocrx_word' id='word_1_195' title='bbox 2973 2133 3113 2189; x_wconf 89' lang='lat' dir='ltr'><strong>Saul</strong></span> <span class='ocrx_word' id='word_1_196' title='bbox 3145 2132 3470 2202; x_wconf 88' lang='lat' dir='ltr'><strong>incidisset,</strong></span> <span class='ocrx_word' id='word_1_197' title='bbox 3504 2131 3781 2188; x_wconf 87' lang='lat' dir='ltr'><strong>dixerunt</strong></span> 
     </span>
    </p>
   </div>
   <div class='ocr_carea' id='block_1_32' title="bbox 2129 2222 3778 2294">
    <p class='ocr_par' dir='ltr' id='par_1_32' title="bbox 2129 2222 3778 2294">
     <span class='ocr_line' id='line_1_32' title="bbox 2129 2222 3778 2294; baseline -0.001 -16"><span class='ocrx_word' id='word_1_198' title='bbox 2129 2222 2278 2278; x_wconf 88' lang='lat' dir='ltr'><strong>servi</strong></span> <span class='ocrx_word' id='word_1_199' title='bbox 2311 2222 2492 2277; x_wconf 84' lang='lat' dir='ltr'><strong>David</strong></span> <span class='ocrx_word' id='word_1_200' title='bbox 2526 2224 2595 2276; x_wconf 90' lang='lat' dir='ltr'><strong>ad</strong></span> <span class='ocrx_word' id='word_1_201' title='bbox 2631 2239 2764 2278; x_wconf 92' lang='lat' dir='ltr'><strong>eum</strong></span> <span class='ocrx_word' id='word_1_202' title='bbox 2800 2240 2812 2279; x_wconf 95' lang='lat'>:</span> <span class='ocrx_word' id='word_1_203' title='bbox 2855 2226 2998 2278; x_wconf 83' lang='lat' dir='ltr'><strong>Ecce</strong></span> <span class='ocrx_word' id='word_1_204' title='bbox 3025 2223 3139 2278; x_wconf 87' lang='lat' dir='ltr'><strong>dies</strong></span> <span class='ocrx_word' id='word_1_205' title='bbox 3167 2222 3234 2276; x_wconf 87' lang='lat' dir='ltr'><strong>de</strong></span> <span class='ocrx_word' id='word_1_206' title='bbox 3263 2238 3371 2294; x_wconf 86' lang='lat' dir='ltr'><strong>qua</strong></span> <span class='ocrx_word' id='word_1_207' title='bbox 3402 2223 3666 2277; x_wconf 84' lang='lat' dir='ltr'><strong>Dominus</strong></span> <span class='ocrx_word' id='word_1_208' title='bbox 3697 2223 3778 2276; x_wconf 88' lang='lat' dir='ltr'><strong>lo-</strong></span> 
     </span>
    </p>
   </div>
   <div class='ocr_carea' id='block_1_33' title="bbox 2128 2311 3788 2382">
    <p class='ocr_par' dir='ltr' id='par_1_33' title="bbox 2128 2311 3788 2382">
     <span class='ocr_line' id='line_1_33' title="bbox 2128 2311 3788 2382; baseline -0.001 -16"><span class='ocrx_word' id='word_1_209' title='bbox 2128 2320 2285 2368; x_wconf 84' lang='lat' dir='ltr'><strong>cutus</strong></span> <span class='ocrx_word' id='word_1_210' title='bbox 2314 2319 2391 2367; x_wconf 89' lang='lat' dir='ltr'><strong>est</strong></span> <span class='ocrx_word' id='word_1_211' title='bbox 2419 2311 2487 2366; x_wconf 87' lang='lat' dir='ltr'><strong>ad</strong></span> <span class='ocrx_word' id='word_1_212' title='bbox 2517 2321 2568 2366; x_wconf 87' lang='lat' dir='ltr'><strong>te</strong></span> <span class='ocrx_word' id='word_1_213' title='bbox 2597 2330 2616 2366; x_wconf 85' lang='lat'><strong><em>:</em></strong></span> <span class='ocrx_word' id='word_1_214' title='bbox 2666 2314 2771 2382; x_wconf 85' lang='lat' dir='ltr'><strong>Ego</strong></span> <span class='ocrx_word' id='word_1_215' title='bbox 2801 2312 3016 2367; x_wconf 85' lang='lat' dir='ltr'><strong>tradam</strong></span> <span class='ocrx_word' id='word_1_216' title='bbox 3050 2313 3157 2366; x_wconf 89' lang='lat' dir='ltr'><strong>tibi</strong></span> <span class='ocrx_word' id='word_1_217' title='bbox 3185 2312 3482 2366; x_wconf 87' lang='lat' dir='ltr'><strong>inimicum</strong></span> <span class='ocrx_word' id='word_1_218' title='bbox 3510 2315 3687 2379; x_wconf 84' lang='lat' dir='ltr'><strong>tuum,</strong></span> <span class='ocrx_word' id='word_1_219' title='bbox 3722 2316 3788 2364; x_wconf 80' lang='lat' dir='ltr'><strong>ut</strong></span> 
     </span>
    </p>
   </div>
   <div class='ocr_carea' id='block_1_34' title="bbox 2127 2401 3788 2476">
    <p class='ocr_par' dir='ltr' id='par_1_34' title="bbox 2127 2401 3788 2476">
     <span class='ocr_line' id='line_1_34' title="bbox 2127 2401 3788 2476; baseline -0.001 -20"><span class='ocrx_word' id='word_1_220' title='bbox 2127 2402 2312 2476; x_wconf 78' lang='lat' dir='ltr'><strong>facias</strong></span> <span class='ocrx_word' id='word_1_221' title='bbox 2359 2402 2412 2456; x_wconf 84' lang='lat' dir='ltr'><strong>ei</strong></span> <span class='ocrx_word' id='word_1_222' title='bbox 2448 2403 2586 2456; x_wconf 82' lang='lat' dir='ltr'><strong>sicut</strong></span> <span class='ocrx_word' id='word_1_223' title='bbox 2610 2401 2886 2472; x_wconf 81' lang='lat' dir='ltr'><strong>placuerit</strong></span> <span class='ocrx_word' id='word_1_224' title='bbox 2915 2402 2976 2455; x_wconf 87' lang='lat' dir='ltr'><strong>in</strong></span> <span class='ocrx_word' id='word_1_225' title='bbox 3004 2402 3178 2456; x_wconf 85' lang='lat' dir='ltr'><strong>oculis</strong></span> <span class='ocrx_word' id='word_1_226' title='bbox 3209 2403 3338 2454; x_wconf 88' lang='lat' dir='ltr'><strong>tuis.</strong></span> <span class='ocrx_word' id='word_1_227' title='bbox 3373 2401 3626 2454; x_wconf 70' lang='lat' dir='ltr'><strong>Surrexit</strong></span> <span class='ocrx_word' id='word_1_228' title='bbox 3655 2415 3788 2469; x_wconf 88' lang='lat' dir='ltr'><strong>ergo</strong></span> 
     </span>
    </p>
   </div>
   <div class='ocr_carea' id='block_1_35' title="bbox 2130 2488 3782 2560">
    <p class='ocr_par' dir='ltr' id='par_1_35' title="bbox 2130 2488 3782 2560">
     <span class='ocr_line' id='line_1_35' title="bbox 2130 2488 3782 2560; baseline -0.003 -14"><span class='ocrx_word' id='word_1_229' title='bbox 2130 2490 2328 2560; x_wconf 85' lang='lat' dir='ltr'><strong>David,</strong></span> <span class='ocrx_word' id='word_1_230' title='bbox 2377 2493 2430 2544; x_wconf 88' lang='lat' dir='ltr'><strong>et</strong></span> <span class='ocrx_word' id='word_1_231' title='bbox 2475 2489 2729 2560; x_wconf 73' lang='lat' dir='ltr'><strong>praecidit</strong></span> <span class='ocrx_word' id='word_1_232' title='bbox 2775 2505 2937 2545; x_wconf 91' lang='lat' dir='ltr'><strong>oram</strong></span> <span class='ocrx_word' id='word_1_233' title='bbox 2985 2488 3289 2559; x_wconf 82' lang='lat' dir='ltr'><strong>chlamydis</strong></span> <span class='ocrx_word' id='word_1_234' title='bbox 3340 2489 3479 2543; x_wconf 86' lang='lat' dir='ltr'><strong>Saut</strong></span> <span class='ocrx_word' id='word_1_235' title='bbox 3529 2489 3782 2542; x_wconf 79' lang='lat' dir='ltr'><strong>sitenier.</strong></span> 
     </span>
    </p>
   </div>
   <div class='ocr_carea' id='block_1_36' title="bbox 2128 2576 3784 2649">
    <p class='ocr_par' dir='ltr' id='par_1_36' title="bbox 2128 2576 3784 2649">
     <span class='ocr_line' id='line_1_36' title="bbox 2128 2576 3784 2649; baseline -0.002 -15"><span class='ocrx_word' id='word_1_236' title='bbox 2128 2582 2256 2634; x_wconf 87' lang='lat' dir='ltr'><strong>Post</strong></span> <span class='ocrx_word' id='word_1_237' title='bbox 2287 2578 2406 2635; x_wconf 75' lang='lat' dir='ltr'><strong>haec</strong></span> <span class='ocrx_word' id='word_1_238' title='bbox 2429 2581 2700 2649; x_wconf 81' lang='lat' dir='ltr'><strong>percussit</strong></span> <span class='ocrx_word' id='word_1_239' title='bbox 2747 2594 2839 2633; x_wconf 88' lang='lat' dir='ltr'><strong>cor</strong></span> <span class='ocrx_word' id='word_1_240' title='bbox 2879 2595 3038 2633; x_wconf 87' lang='lat' dir='ltr'><strong>suum</strong></span> <span class='ocrx_word' id='word_1_241' title='bbox 3082 2577 3256 2633; x_wconf 85' lang='lat' dir='ltr'><strong>David</strong></span> <span class='ocrx_word' id='word_1_242' title='bbox 3304 2592 3363 2632; x_wconf 92' lang='lat' dir='ltr'><strong>eo</strong></span> <span class='ocrx_word' id='word_1_243' title='bbox 3413 2577 3557 2648; x_wconf 84' lang='lat' dir='ltr'><strong>quod</strong></span> <span class='ocrx_word' id='word_1_244' title='bbox 3602 2576 3784 2631; x_wconf 81' lang='lat' dir='ltr'><strong>absci-</strong></span> 
     </span>
    </p>
   </div>
   <div class='ocr_carea' id='block_1_37' title="bbox 2127 2667 3785 2738">
    <p class='ocr_par' dir='ltr' id='par_1_37' title="bbox 2127 2667 3785 2738">
     <span class='ocr_line' id='line_1_37' title="bbox 2127 2667 3785 2738; baseline -0.001 -16"><span class='ocrx_word' id='word_1_245' title='bbox 2127 2667 2292 2722; x_wconf 83' lang='lat' dir='ltr'><strong>disset</strong></span> <span class='ocrx_word' id='word_1_246' title='bbox 2321 2684 2474 2722; x_wconf 86' lang='lat' dir='ltr'><strong>oram</strong></span> <span class='ocrx_word' id='word_1_247' title='bbox 2504 2685 2521 2720; x_wconf 88' lang='lat'><em>:</em></span> <span class='ocrx_word' id='word_1_248' title='bbox 2571 2667 2818 2738; x_wconf 69' lang='lat' dir='ltr'><strong>dixitque</strong></span> <span class='ocrx_word' id='word_1_249' title='bbox 2864 2667 2933 2722; x_wconf 88' lang='lat' dir='ltr'><strong>ad</strong></span> <span class='ocrx_word' id='word_1_250' title='bbox 2980 2669 3124 2723; x_wconf 84' lang='lat' dir='ltr'><strong>viros</strong></span> <span class='ocrx_word' id='word_1_251' title='bbox 3171 2683 3294 2722; x_wconf 87' lang='lat' dir='ltr'><strong>suos</strong></span> <span class='ocrx_word' id='word_1_252' title='bbox 3326 2683 3345 2720; x_wconf 89' lang='lat'><strong><em>:</em></strong></span> <span class='ocrx_word' id='word_1_253' title='bbox 3391 2668 3662 2738; x_wconf 86' lang='lat' dir='ltr'><strong>propitius</strong></span> <span class='ocrx_word' id='word_1_254' title='bbox 3703 2669 3785 2720; x_wconf 85' lang='lat' dir='ltr'><strong>sit</strong></span> 
     </span>
    </p>
   </div>
   <div class='ocr_carea' id='block_1_38' title="bbox 2128 2755 3784 2826">
    <p class='ocr_par' dir='ltr' id='par_1_38' title="bbox 2128 2755 3784 2826">
     <span class='ocr_line' id='line_1_38' title="bbox 2128 2755 3784 2826; baseline -0.001 -16"><span class='ocrx_word' id='word_1_255' title='bbox 2128 2756 2269 2810; x_wconf 87' lang='lat' dir='ltr'><strong>mihi</strong></span> <span class='ocrx_word' id='word_1_256' title='bbox 2316 2757 2594 2823; x_wconf 83' lang='lat' dir='ltr'><strong>Dominus,</strong></span> <span class='ocrx_word' id='word_1_257' title='bbox 2646 2772 2713 2811; x_wconf 89' lang='lat' dir='ltr'><strong>ne</strong></span> <span class='ocrx_word' id='word_1_258' title='bbox 2759 2758 2976 2826; x_wconf 83' lang='lat' dir='ltr'><strong>faciam</strong></span> <span class='ocrx_word' id='word_1_259' title='bbox 3026 2756 3167 2812; x_wconf 86' lang='lat' dir='ltr'><strong>hanc</strong></span> <span class='ocrx_word' id='word_1_260' title='bbox 3223 2772 3342 2812; x_wconf 87' lang='lat' dir='ltr'><strong>rem</strong></span> <span class='ocrx_word' id='word_1_261' title='bbox 3389 2755 3608 2811; x_wconf 86' lang='lat' dir='ltr'><strong>domino</strong></span> <span class='ocrx_word' id='word_1_262' title='bbox 3656 2771 3784 2809; x_wconf 85' lang='lat' dir='ltr'><strong>meo</strong></span> 
     </span>
    </p>
   </div>
   <div class='ocr_carea' id='block_1_39' title="bbox 2127 2845 3781 2914">
    <p class='ocr_par' dir='ltr' id='par_1_39' title="bbox 2127 2845 3781 2914">
     <span class='ocr_line' id='line_1_39' title="bbox 2127 2845 3781 2914; baseline -0.001 -16"><span class='ocrx_word' id='word_1_263' title='bbox 2127 2845 2331 2900; x_wconf 82' lang='lat' dir='ltr'><strong>chrislo</strong></span> <span class='ocrx_word' id='word_1_264' title='bbox 2363 2846 2613 2914; x_wconf 85' lang='lat' dir='ltr'><strong>Domini,</strong></span> <span class='ocrx_word' id='word_1_265' title='bbox 2649 2853 2713 2899; x_wconf 87' lang='lat' dir='ltr'><strong>ut</strong></span> <span class='ocrx_word' id='word_1_266' title='bbox 2756 2846 2976 2900; x_wconf 83' lang='lat' dir='ltr'><strong>mittam</strong></span> <span class='ocrx_word' id='word_1_267' title='bbox 3022 2861 3248 2899; x_wconf 87' lang='lat' dir='ltr'><strong>manum</strong></span> <span class='ocrx_word' id='word_1_268' title='bbox 3294 2860 3474 2899; x_wconf 84' lang='lat' dir='ltr'><strong>meam</strong></span> <span class='ocrx_word' id='word_1_269' title='bbox 3525 2845 3581 2898; x_wconf 89' lang='lat' dir='ltr'><strong>in</strong></span> <span class='ocrx_word' id='word_1_270' title='bbox 3629 2859 3781 2911; x_wconf 85' lang='lat' dir='ltr'><strong>eum,</strong></span> 
     </span>
    </p>
   </div>
   <div class='ocr_carea' id='block_1_40' title="bbox 2130 2933 3788 3006">
    <p class='ocr_par' dir='ltr' id='par_1_40' title="bbox 2130 2933 3788 3006">
     <span class='ocr_line' id='line_1_40' title="bbox 2130 2933 3788 3006; baseline -0.001 -19"><span class='ocrx_word' id='word_1_271' title='bbox 2130 2935 2260 3006; x_wconf 85' lang='lat' dir='ltr'><strong>quia</strong></span> <span class='ocrx_word' id='word_1_272' title='bbox 2305 2933 2545 2988; x_wconf 78' lang='lat' dir='ltr'><strong>christus</strong></span> <span class='ocrx_word' id='word_1_273' title='bbox 2595 2934 2814 2989; x_wconf 84' lang='lat' dir='ltr'><strong>Domini</strong></span> <span class='ocrx_word' id='word_1_274' title='bbox 2855 2937 2952 2988; x_wconf 85' lang='lat' dir='ltr'><strong>est.</strong></span> <span class='ocrx_word' id='word_1_275' title='bbox 2987 2935 3130 2988; x_wconf 79' lang='lat' dir='ltr'><strong>Vivit</strong></span> <span class='ocrx_word' id='word_1_276' title='bbox 3177 2934 3458 2998; x_wconf 86' lang='lat' dir='ltr'><strong>Dominus,</strong></span> <span class='ocrx_word' id='word_1_277' title='bbox 3491 2933 3620 3004; x_wconf 82' lang='lat' dir='ltr'><strong>quia.</strong></span> <span class='ocrx_word' id='word_1_278' title='bbox 3666 2933 3788 2986; x_wconf 84' lang='lat' dir='ltr'><strong>nisi</strong></span> 
     </span>
    </p>
   </div>
   <div class='ocr_carea' id='block_1_41' title="bbox 2131 3022 3788 3093">
    <p class='ocr_par' dir='ltr' id='par_1_41' title="bbox 2131 3022 3788 3093">
     <span class='ocr_line' id='line_1_41' title="bbox 2131 3022 3788 3093; baseline -0.002 -15"><span class='ocrx_word' id='word_1_279' title='bbox 2131 3023 2398 3078; x_wconf 87' lang='lat' dir='ltr'><strong>Dominus</strong></span> <span class='ocrx_word' id='word_1_280' title='bbox 2442 3023 2774 3090; x_wconf 85' lang='lat' dir='ltr'><strong>percusserit</strong></span> <span class='ocrx_word' id='word_1_281' title='bbox 2815 3037 2957 3093; x_wconf 87' lang='lat' dir='ltr'><strong>eum,</strong></span> <span class='ocrx_word' id='word_1_282' title='bbox 2993 3030 3087 3077; x_wconf 90' lang='lat' dir='ltr'><strong>aut</strong></span> <span class='ocrx_word' id='word_1_283' title='bbox 3136 3022 3250 3077; x_wconf 88' lang='lat' dir='ltr'><strong>dies</strong></span> <span class='ocrx_word' id='word_1_284' title='bbox 3297 3025 3418 3093; x_wconf 86' lang='lat' dir='ltr'><strong>ejus</strong></span> <span class='ocrx_word' id='word_1_285' title='bbox 3469 3023 3673 3076; x_wconf 84' lang='lat' dir='ltr'><strong>venerit</strong></span> <span class='ocrx_word' id='word_1_286' title='bbox 3720 3029 3788 3074; x_wconf 84' lang='lat' dir='ltr'><strong>ut</strong></span> 
     </span>
    </p>
   </div>
   <div class='ocr_carea' id='block_1_42' title="bbox 2128 3110 3789 3182">
    <p class='ocr_par' dir='ltr' id='par_1_42' title="bbox 2128 3110 3789 3182">
     <span class='ocr_line' id='line_1_42' title="bbox 2128 3110 3789 3182; baseline -0.002 -17"><span class='ocrx_word' id='word_1_287' title='bbox 2128 3113 2422 3180; x_wconf 80' lang='lat' dir='ltr'><strong>moriatur,</strong></span> <span class='ocrx_word' id='word_1_288' title='bbox 2445 3115 2541 3166; x_wconf 85' lang='lat' dir='ltr'><strong>aut</strong></span> <span class='ocrx_word' id='word_1_289' title='bbox 2568 3111 2899 3167; x_wconf 78' lang='lat' dir='ltr'><strong>descendens</strong></span> <span class='ocrx_word' id='word_1_290' title='bbox 2928 3113 2989 3165; x_wconf 89' lang='lat' dir='ltr'><strong>in</strong></span> <span class='ocrx_word' id='word_1_291' title='bbox 3014 3112 3276 3182; x_wconf 69' lang='lat' dir='ltr'><strong>praelium</strong></span> <span class='ocrx_word' id='word_1_292' title='bbox 3300 3112 3569 3181; x_wconf 84' lang='lat' dir='ltr'><strong>perierit;</strong></span> <span class='ocrx_word' id='word_1_293' title='bbox 3597 3110 3789 3180; x_wconf 85' lang='lat' dir='ltr'><strong>propi-</strong></span> 
     </span>
    </p>
   </div>
   <div class='ocr_carea' id='block_1_43' title="bbox 2130 3199 3789 3266">
    <p class='ocr_par' dir='ltr' id='par_1_43' title="bbox 2130 3199 3789 3266">
     <span class='ocr_line' id='line_1_43' title="bbox 2130 3199 3789 3266; baseline -0.002 -12"><span class='ocrx_word' id='word_1_294' title='bbox 2130 3203 2240 3254; x_wconf 88' lang='lat' dir='ltr'><strong>tius</strong></span> <span class='ocrx_word' id='word_1_295' title='bbox 2284 3201 2358 3253; x_wconf 85' lang='lat' dir='ltr'><strong>sit</strong></span> <span class='ocrx_word' id='word_1_296' title='bbox 2402 3199 2551 3254; x_wconf 86' lang='lat' dir='ltr'><strong>mihi</strong></span> <span class='ocrx_word' id='word_1_297' title='bbox 2585 3203 2875 3266; x_wconf 89' lang='lat' dir='ltr'><strong>Dominus,</strong></span> <span class='ocrx_word' id='word_1_298' title='bbox 2905 3216 2974 3255; x_wconf 88' lang='lat' dir='ltr'><strong>ne</strong></span> <span class='ocrx_word' id='word_1_299' title='bbox 3009 3202 3225 3254; x_wconf 78' lang='lat' dir='ltr'><strong>mittam</strong></span> <span class='ocrx_word' id='word_1_300' title='bbox 3253 3215 3480 3252; x_wconf 85' lang='lat' dir='ltr'><strong>manum</strong></span> <span class='ocrx_word' id='word_1_301' title='bbox 3508 3213 3689 3252; x_wconf 89' lang='lat' dir='ltr'><strong>meam</strong></span> <span class='ocrx_word' id='word_1_302' title='bbox 3720 3199 3789 3251; x_wconf 82' lang='lat' dir='ltr'><strong>in</strong></span> 
     </span>
    </p>
   </div>
   <div class='ocr_carea' id='block_1_44' title="bbox 2129 3287 3789 3359">
    <p class='ocr_par' dir='ltr' id='par_1_44' title="bbox 2129 3287 3789 3359">
     <span class='ocr_line' id='line_1_44' title="bbox 2129 3287 3789 3359; baseline -0.002 -16"><span class='ocrx_word' id='word_1_303' title='bbox 2129 3289 2398 3344; x_wconf 73' lang='lat' dir='ltr'><strong>Christum</strong></span> <span class='ocrx_word' id='word_1_304' title='bbox 2427 3289 2667 3343; x_wconf 89' lang='lat' dir='ltr'><strong>Domini.</strong></span> <span class='ocrx_word' id='word_1_305' title='bbox 2701 3292 2776 3343; x_wconf 91' lang='lat' dir='ltr'><strong>Et</strong></span> <span class='ocrx_word' id='word_1_306' title='bbox 2804 3290 3069 3359; x_wconf 82' lang='lat' dir='ltr'><strong>confregit</strong></span> <span class='ocrx_word' id='word_1_307' title='bbox 3098 3287 3268 3342; x_wconf 88' lang='lat' dir='ltr'><strong>David</strong></span> <span class='ocrx_word' id='word_1_308' title='bbox 3298 3288 3445 3341; x_wconf 84' lang='lat' dir='ltr'><strong>viros</strong></span> <span class='ocrx_word' id='word_1_309' title='bbox 3487 3301 3610 3339; x_wconf 88' lang='lat' dir='ltr'><strong>suos</strong></span> <span class='ocrx_word' id='word_1_310' title='bbox 3658 3301 3789 3340; x_wconf 79' lang='lat' dir='ltr'><strong>ser-</strong></span> 
     </span>
    </p>
   </div>
   <div class='ocr_carea' id='block_1_45' title="bbox 2130 3367 3786 3446">
    <p class='ocr_par' dir='ltr' id='par_1_45' title="bbox 2130 3367 3786 3446">
     <span class='ocr_line' id='line_1_45' title="bbox 2130 3367 3786 3446; baseline -0.001 -16"><span class='ocrx_word' id='word_1_311' title='bbox 2130 3376 2406 3442; x_wconf 84' lang='lat' dir='ltr'><strong>monibus,</strong></span> <span class='ocrx_word' id='word_1_312' title='bbox 2459 3379 2512 3430; x_wconf 87' lang='lat' dir='ltr'><strong>et</strong></span> <span class='ocrx_word' id='word_1_313' title='bbox 2561 3392 2672 3430; x_wconf 90' lang='lat' dir='ltr'><strong>non</strong></span> <span class='ocrx_word' id='word_1_314' title='bbox 2715 3376 2972 3446; x_wconf 86' lang='lat' dir='ltr'><strong>permisit</strong></span> <span class='ocrx_word' id='word_1_315' title='bbox 3016 3390 3122 3439; x_wconf 84' lang='lat' dir='ltr'><strong>eos,</strong></span> <span class='ocrx_word' id='word_1_316' title='bbox 3178 3381 3238 3429; x_wconf 88' lang='lat' dir='ltr'><strong>ut</strong></span> <span class='ocrx_word' id='word_1_317' title='bbox 3281 3378 3667 3444; x_wconf 84' lang='lat' dir='ltr'><strong>consurgerent</strong></span> <span class='ocrx_word' id='word_1_318' title='bbox 3722 3367 3786 3428; x_wconf 79' lang='lat' dir='ltr'><strong>in</strong></span> 
     </span>
    </p>
   </div>
   <div class='ocr_carea' id='block_1_46' title="bbox 382 3461 3785 3569">
    <p class='ocr_par' dir='ltr' id='par_1_46' title="bbox 382 3461 3785 3569">
     <span class='ocr_line' id='line_1_46' title="bbox 382 3461 3785 3569; baseline -0.001 -51"><span class='ocrx_word' id='word_1_319' title='bbox 382 3480 536 3529; x_wconf 89' lang='lat' dir='ltr'><strong>mus,</strong></span> <span class='ocrx_word' id='word_1_320' title='bbox 561 3463 766 3562; x_wconf 60' lang='lat' dir='ltr'><strong>debita</strong></span> <span class='ocrx_word' id='word_1_321' title='bbox 797 3463 1102 3569; x_wconf 74' lang='lat' dir='ltr'><strong>charitatis</strong></span> <span class='ocrx_word' id='word_1_322' title='bbox 1124 3461 1356 3569; x_wconf 72' lang='lat' dir='ltr'><strong>vinculo</strong></span> <span class='ocrx_word' id='word_1_323' title='bbox 1380 3462 1698 3532; x_wconf 87' lang='lat' dir='ltr'><strong>constricti,</strong></span> <span class='ocrx_word' id='word_1_324' title='bbox 1724 3462 1910 3518; x_wconf 90' lang='lat' dir='ltr'><strong>celare</strong></span> <span class='ocrx_word' id='word_1_325' title='bbox 1929 3479 2024 3518; x_wconf 91' lang='lat' dir='ltr'><strong>vo-</strong></span> <span class='ocrx_word' id='word_1_326' title='bbox 2053 3503 2095 3569; x_wconf 77' lang='lat' dir='ltr'>C</span> <span class='ocrx_word' id='word_1_327' title='bbox 2133 3463 2268 3519; x_wconf 86' lang='lat' dir='ltr'><strong>Saut</strong></span> <span class='ocrx_word' id='word_1_328' title='bbox 2316 3463 2362 3533; x_wconf 84' lang='lat' dir='ltr'><strong>(I</strong></span> <span class='ocrx_word' id='word_1_329' title='bbox 2389 3463 2520 3530; x_wconf 84' lang='lat' dir='ltr'><strong>Reg.</strong></span> <span class='ocrx_word' id='word_1_330' title='bbox 2543 3479 2694 3569; x_wconf 61' lang='lat' dir='ltr'><strong>xxw:</strong></span> <span class='ocrx_word' id='word_1_331' title='bbox 2718 3464 2796 3533; x_wconf 87' lang='lat'><strong>5).</strong></span> <span class='ocrx_word' id='word_1_332' title='bbox 2826 3462 3110 3560; x_wconf 42' lang='lat' dir='ltr'><strong>Quamvis.</strong></span> <span class='ocrx_word' id='word_1_333' title='bbox 3133 3462 3290 3516; x_wconf 89' lang='lat' dir='ltr'><strong>enim</strong></span> <span class='ocrx_word' id='word_1_334' title='bbox 3322 3462 3392 3562; x_wconf 79' lang='lat' dir='ltr'><strong>de</strong></span> <span class='ocrx_word' id='word_1_335' title='bbox 3426 3461 3584 3516; x_wconf 91' lang='lat' dir='ltr'><strong>illius</strong></span> <span class='ocrx_word' id='word_1_336' title='bbox 3617 3461 3785 3532; x_wconf 88' lang='lat' dir='ltr'><strong>abje-</strong></span> 
     </span>
    </p>
   </div>
   <div class='ocr_carea' id='block_1_47' title="bbox 380 3549 2024 3623">
    <p class='ocr_par' dir='ltr' id='par_1_47' title="bbox 380 3549 2024 3623">
     <span class='ocr_line' id='line_1_47' title="bbox 380 3549 2024 3623; baseline -0.001 -16"><span class='ocrx_word' id='word_1_337' title='bbox 380 3552 472 3608; x_wconf 87' lang='lat' dir='ltr'><strong>bis</strong></span> <span class='ocrx_word' id='word_1_338' title='bbox 521 3550 764 3606; x_wconf 88' lang='lat' dir='ltr'><strong>minime</strong></span> <span class='ocrx_word' id='word_1_339' title='bbox 810 3550 1092 3606; x_wconf 90' lang='lat' dir='ltr'><strong>valemus.</strong></span> <span class='ocrx_word' id='word_1_340' title='bbox 1131 3549 1437 3605; x_wconf 84' lang='lat' dir='ltr'><strong>Humiliter</strong></span> <span class='ocrx_word' id='word_1_341' title='bbox 1466 3555 1717 3605; x_wconf 87' lang='lat' dir='ltr'><strong>vestram</strong></span> <span class='ocrx_word' id='word_1_342' title='bbox 1754 3555 2024 3623; x_wconf 81' lang='lat' dir='ltr'><strong>rogantes</strong></span> 
     </span>
    </p>
   </div>
   <div class='ocr_carea' id='block_1_48' title="bbox 382 3639 2028 3712">
    <p class='ocr_par' dir='ltr' id='par_1_48' title="bbox 382 3639 2028 3712">
     <span class='ocr_line' id='line_1_48' title="bbox 382 3639 2028 3712; baseline -0.001 -16"><span class='ocrx_word' id='word_1_343' title='bbox 382 3640 814 3706; x_wconf 87' lang='lat' dir='ltr'><strong>celsitudinem,</strong></span> <span class='ocrx_word' id='word_1_344' title='bbox 847 3643 912 3694; x_wconf 89' lang='lat' dir='ltr'><strong>ut</strong></span> <span class='ocrx_word' id='word_1_345' title='bbox 957 3656 1084 3711; x_wconf 78' lang='lat' dir='ltr'><strong>quas</strong></span> <span class='ocrx_word' id='word_1_346' title='bbox 1135 3657 1169 3694; x_wconf 60' lang='grc' dir='ltr'>ξι</span> <span class='ocrx_word' id='word_1_347' title='bbox 1212 3655 1305 3694; x_wconf 89' lang='lat' dir='ltr'><strong>me</strong></span> <span class='ocrx_word' id='word_1_348' title='bbox 1352 3644 1542 3694; x_wconf 89' lang='lat' dir='ltr'><strong>vestro</strong></span> <span class='ocrx_word' id='word_1_349' title='bbox 1588 3639 1765 3706; x_wconf 84' lang='lat' dir='ltr'><strong>fideli,</strong></span> <span class='ocrx_word' id='word_1_350' title='bbox 1798 3639 1938 3712; x_wconf 90' lang='lat' dir='ltr'><strong>quin</strong></span> <span class='ocrx_word' id='word_1_351' title='bbox 1971 3644 2028 3695; x_wconf 91' lang='lat' dir='ltr'><strong>et</strong></span> 
     </span>
    </p>
   </div>
   <div class='ocr_carea' id='block_1_49' title="bbox 383 3727 2026 3800">
    <p class='ocr_par' dir='ltr' id='par_1_49' title="bbox 383 3727 2026 3800">
     <span class='ocr_line' id='line_1_49' title="bbox 383 3727 2026 3800; baseline 0 -16"><span class='ocrx_word' id='word_1_352' title='bbox 383 3729 587 3784; x_wconf 82' lang='lat' dir='ltr'><strong>infimo</strong></span> <span class='ocrx_word' id='word_1_353' title='bbox 635 3727 913 3784; x_wconf 84' lang='lat' dir='ltr'><strong>confratri</strong></span> <span class='ocrx_word' id='word_1_354' title='bbox 961 3727 1264 3783; x_wconf 88' lang='lat' dir='ltr'><strong>humiliter</strong></span> <span class='ocrx_word' id='word_1_355' title='bbox 1293 3727 1541 3783; x_wconf 91' lang='lat' dir='ltr'><strong>dicenda</strong></span> <span class='ocrx_word' id='word_1_356' title='bbox 1571 3732 1728 3798; x_wconf 89' lang='lat' dir='ltr'><strong>sunt,</strong></span> <span class='ocrx_word' id='word_1_357' title='bbox 1762 3729 2026 3800; x_wconf 90' lang='lat' dir='ltr'><strong>deposito</strong></span> 
     </span>
    </p>
   </div>
   <div class='ocr_carea' id='block_1_50' title="bbox 383 3816 2028 3889">
    <p class='ocr_par' dir='ltr' id='par_1_50' title="bbox 383 3816 2028 3889">
     <span class='ocr_line' id='line_1_50' title="bbox 383 3816 2028 3889; baseline 0 -15"><span class='ocrx_word' id='word_1_358' title='bbox 383 3816 695 3889; x_wconf 86' lang='lat' dir='ltr'><strong>supercilio</strong></span> <span class='ocrx_word' id='word_1_359' title='bbox 740 3817 980 3889; x_wconf 80' lang='lat' dir='ltr'><strong>paciﬁca</strong></span> <span class='ocrx_word' id='word_1_360' title='bbox 1019 3816 1222 3872; x_wconf 88' lang='lat' dir='ltr'><strong>audire</strong></span> <span class='ocrx_word' id='word_1_361' title='bbox 1250 3816 1592 3889; x_wconf 86' lang='lat' dir='ltr'><strong>dignemini.</strong></span> <span class='ocrx_word' id='word_1_362' title='bbox 1625 3818 1751 3872; x_wconf 91' lang='lat' dir='ltr'><strong>Non</strong></span> <span class='ocrx_word' id='word_1_363' title='bbox 1802 3823 1876 3886; x_wconf 88' lang='lat' dir='ltr'><strong>te,</strong></span> <span class='ocrx_word' id='word_1_364' title='bbox 1911 3819 2028 3874; x_wconf 85' lang='lat' dir='ltr'><strong>Do-</strong></span> 
     </span>
    </p>
   </div>
   <div class='ocr_carea' id='block_1_51' title="bbox 385 3905 2024 3978">
    <p class='ocr_par' dir='ltr' id='par_1_51' title="bbox 385 3905 2024 3978">
     <span class='ocr_line' id='line_1_51' title="bbox 385 3905 2024 3978; baseline -0.001 -16"><span class='ocrx_word' id='word_1_365' title='bbox 385 3905 561 3978; x_wconf 86' lang='lat' dir='ltr'><strong>mine,</strong></span> <span class='ocrx_word' id='word_1_366' title='bbox 593 3905 784 3974; x_wconf 83' lang='lat' dir='ltr'><strong>laedat,</strong></span> <span class='ocrx_word' id='word_1_367' title='bbox 819 3906 974 3977; x_wconf 90' lang='lat' dir='ltr'><strong>quod</strong></span> <span class='ocrx_word' id='word_1_368' title='bbox 1005 3905 1224 3977; x_wconf 91' lang='lat' dir='ltr'><strong>aliquid</strong></span> <span class='ocrx_word' id='word_1_369' title='bbox 1261 3906 1430 3978; x_wconf 88' lang='lat' dir='ltr'><strong>quasi</strong></span> <span class='ocrx_word' id='word_1_370' title='bbox 1471 3906 1872 3978; x_wconf 87' lang='lat' dir='ltr'><strong>magistrando</strong></span> <span class='ocrx_word' id='word_1_371' title='bbox 1920 3907 2024 3962; x_wconf 91' lang='lat' dir='ltr'><strong>tibi</strong></span> 
     </span>
    </p>
   </div>
   <div class='ocr_carea' id='block_1_52' title="bbox 385 3995 2028 4067">
    <p class='ocr_par' dir='ltr' id='par_1_52' title="bbox 385 3995 2028 4067">
     <span class='ocr_line' id='line_1_52' title="bbox 385 3995 2028 4067; baseline 0.001 -17"><span class='ocrx_word' id='word_1_372' title='bbox 385 3996 686 4050; x_wconf 80' lang='lat' dir='ltr'><strong>insinuare</strong></span> <span class='ocrx_word' id='word_1_373' title='bbox 715 4011 1092 4067; x_wconf 75' lang='lat' dir='ltr'><strong>praesumam,</strong></span> <span class='ocrx_word' id='word_1_374' title='bbox 1119 3995 1221 4067; x_wconf 92' lang='lat' dir='ltr'><strong>qui</strong></span> <span class='ocrx_word' id='word_1_375' title='bbox 1253 4000 1314 4050; x_wconf 88' lang='lat' dir='ltr'><strong>ut</strong></span> <span class='ocrx_word' id='word_1_376' title='bbox 1347 3995 1653 4051; x_wconf 87' lang='lat' dir='ltr'><strong>familiaris</strong></span> <span class='ocrx_word' id='word_1_377' title='bbox 1683 3996 2028 4052; x_wconf 87' lang='lat' dir='ltr'><strong>vernaculus</strong></span> 
     </span>
    </p>
   </div>
   <div class='ocr_carea' id='block_1_53' title="bbox 387 4084 2026 4157">
    <p class='ocr_par' dir='ltr' id='par_1_53' title="bbox 387 4084 2026 4157">
     <span class='ocr_line' id='line_1_53' title="bbox 387 4084 2026 4157; baseline 0.001 -19"><span class='ocrx_word' id='word_1_378' title='bbox 387 4099 696 4156; x_wconf 83' lang='lat' dir='ltr'><strong>suggerere</strong></span> <span class='ocrx_word' id='word_1_379' title='bbox 712 4088 915 4140; x_wconf 83' lang='lat' dir='ltr'><strong>vestrae</strong></span> <span class='ocrx_word' id='word_1_380' title='bbox 935 4084 1378 4156; x_wconf 64' lang='lat' dir='ltr'><strong>magnificentia</strong></span> <span class='ocrx_word' id='word_1_381' title='bbox 1393 4091 1722 4157; x_wconf 89' lang='lat' dir='ltr'><strong>opportuna</strong></span> <span class='ocrx_word' id='word_1_382' title='bbox 1739 4086 2026 4141; x_wconf 90' lang='lat' dir='ltr'><strong>desidero.</strong></span> 
     </span>
    </p>
   </div>
   <div class='ocr_carea' id='block_1_54' title="bbox 387 4172 2031 4246">
    <p class='ocr_par' dir='ltr' id='par_1_54' title="bbox 387 4172 2031 4246">
     <span class='ocr_line' id='line_1_54' title="bbox 387 4172 2031 4246; baseline 0.001 -18"><span class='ocrx_word' id='word_1_383' title='bbox 387 4172 570 4240; x_wconf 89' lang='lat' dir='ltr'><strong>Unde,</strong></span> <span class='ocrx_word' id='word_1_384' title='bbox 617 4173 858 4229; x_wconf 89' lang='lat' dir='ltr'><strong>Domine</strong></span> <span class='ocrx_word' id='word_1_385' title='bbox 910 4174 1011 4242; x_wconf 91' lang='lat' dir='ltr'><strong>mi,</strong></span> <span class='ocrx_word' id='word_1_386' title='bbox 1065 4177 1230 4229; x_wconf 84' lang='lat' dir='ltr'><strong>tanta</strong></span> <span class='ocrx_word' id='word_1_387' title='bbox 1275 4180 1467 4230; x_wconf 88' lang='lat' dir='ltr'><strong>vestro</strong></span> <span class='ocrx_word' id='word_1_388' title='bbox 1520 4175 1678 4229; x_wconf 88' lang='lat' dir='ltr'><strong>cordi</strong></span> <span class='ocrx_word' id='word_1_389' title='bbox 1728 4174 2031 4246; x_wconf 89' lang='lat' dir='ltr'><strong>subripere</strong></span> 
     </span>
    </p>
   </div>
   <div class='ocr_carea' id='block_1_55' title="bbox 388 4262 2030 4334">
    <p class='ocr_par' dir='ltr' id='par_1_55' title="bbox 388 4262 2030 4334">
     <span class='ocr_line' id='line_1_55' title="bbox 388 4262 2030 4334; baseline 0 -16"><span class='ocrx_word' id='word_1_390' title='bbox 388 4262 578 4334; x_wconf 89' lang='lat' dir='ltr'><strong>potuit</strong></span> <span class='ocrx_word' id='word_1_391' title='bbox 606 4263 908 4319; x_wconf 88' lang='lat' dir='ltr'><strong>temeritas</strong></span> <span class='ocrx_word' id='word_1_392' title='bbox 927 4262 954 4316; x_wconf 84' lang='lat'><strong>?</strong></span> <span class='ocrx_word' id='word_1_393' title='bbox 983 4263 1136 4318; x_wconf 88' lang='lat' dir='ltr'><strong>unde</strong></span> <span class='ocrx_word' id='word_1_394' title='bbox 1166 4266 1332 4318; x_wconf 88' lang='lat' dir='ltr'><strong>tanta</strong></span> <span class='ocrx_word' id='word_1_395' title='bbox 1361 4263 1585 4332; x_wconf 84' lang='lat' dir='ltr'><strong>exquiri</strong></span> <span class='ocrx_word' id='word_1_396' title='bbox 1632 4262 1819 4334; x_wconf 89' lang='lat' dir='ltr'><strong>potuit</strong></span> <span class='ocrx_word' id='word_1_397' title='bbox 1866 4279 2030 4318; x_wconf 88' lang='lat' dir='ltr'><strong>occa-</strong></span> 
     </span>
    </p>
   </div>
   <div class='ocr_carea' id='block_1_56' title="bbox 389 4349 2033 4422">
    <p class='ocr_par' dir='ltr' id='par_1_56' title="bbox 389 4349 2033 4422">
     <span class='ocr_line' id='line_1_56' title="bbox 389 4349 2033 4422; baseline 0.001 -18"><span class='ocrx_word' id='word_1_398' title='bbox 389 4350 475 4404; x_wconf 88' lang='lat' dir='ltr'><strong>sio</strong></span> <span class='ocrx_word' id='word_1_399' title='bbox 494 4351 522 4404; x_wconf 84' lang='lat'><strong>?</strong></span> <span class='ocrx_word' id='word_1_400' title='bbox 551 4352 707 4406; x_wconf 91' lang='lat' dir='ltr'><strong>unde</strong></span> <span class='ocrx_word' id='word_1_401' title='bbox 733 4355 921 4406; x_wconf 89' lang='lat' dir='ltr'><strong>vestra</strong></span> <span class='ocrx_word' id='word_1_402' title='bbox 946 4367 1110 4406; x_wconf 90' lang='lat' dir='ltr'><strong>mens</strong></span> <span class='ocrx_word' id='word_1_403' title='bbox 1143 4355 1259 4405; x_wconf 90' lang='lat' dir='ltr'><strong>tam</strong></span> <span class='ocrx_word' id='word_1_404' title='bbox 1291 4351 1400 4406; x_wconf 89' lang='lat' dir='ltr'><strong>cito</strong></span> <span class='ocrx_word' id='word_1_405' title='bbox 1433 4349 1624 4422; x_wconf 91' lang='lat' dir='ltr'><strong>potuit</strong></span> <span class='ocrx_word' id='word_1_406' title='bbox 1642 4351 1940 4416; x_wconf 85' lang='lat' dir='ltr'><strong>concitari,</strong></span> <span class='ocrx_word' id='word_1_407' title='bbox 1971 4356 2033 4406; x_wconf 88' lang='lat' dir='ltr'><strong>ut</strong></span> 
     </span>
    </p>
   </div>
   <div class='ocr_carea' id='block_1_57' title="bbox 327 4438 2033 4512">
    <p class='ocr_par' dir='ltr' id='par_1_57' title="bbox 327 4438 2033 4512">
     <span class='ocr_line' id='line_1_57' title="bbox 327 4438 2033 4512; baseline 0.002 -20"><span class='ocrx_word' id='word_1_408' title='bbox 327 4507 332 4512; x_wconf 89' lang='lat'>_</span> <span class='ocrx_word' id='word_1_409' title='bbox 390 4438 767 4494; x_wconf 87' lang='lat' dir='ltr'><strong>sacerdotalis</strong></span> <span class='ocrx_word' id='word_1_410' title='bbox 798 4441 1174 4494; x_wconf 89' lang='lat' dir='ltr'><strong>immemores</strong></span> <span class='ocrx_word' id='word_1_411' title='bbox 1213 4440 1565 4507; x_wconf 68' lang='lat' dir='ltr'><strong>reverentiae,</strong></span> <span class='ocrx_word' id='word_1_412' title='bbox 1600 4457 1668 4494; x_wconf 86' lang='lat' dir='ltr'><strong>ex</strong></span> <span class='ocrx_word' id='word_1_413' title='bbox 1715 4440 2033 4512; x_wconf 81' lang='lat' dir='ltr'><strong>improviso</strong></span> 
     </span>
    </p>
   </div>
   <div class='ocr_carea' id='block_1_58' title="bbox 391 4527 2032 4600">
    <p class='ocr_par' dir='ltr' id='par_1_58' title="bbox 391 4527 2032 4600">
     <span class='ocr_line' id='line_1_58' title="bbox 391 4527 2032 4600; baseline 0.002 -19"><span class='ocrx_word' id='word_1_414' title='bbox 391 4543 426 4581; x_wconf 90' lang='lat' dir='ltr'><strong>a</strong></span> <span class='ocrx_word' id='word_1_415' title='bbox 466 4531 655 4582; x_wconf 85' lang='lat' dir='ltr'><strong>vestro</strong></span> <span class='ocrx_word' id='word_1_416' title='bbox 696 4527 1069 4584; x_wconf 85' lang='lat' dir='ltr'><strong>discederetis</strong></span> <span class='ocrx_word' id='word_1_417' title='bbox 1108 4527 1353 4597; x_wconf 87' lang='lat' dir='ltr'><strong>seniore,</strong></span> <span class='ocrx_word' id='word_1_418' title='bbox 1383 4530 1710 4600; x_wconf 89' lang='lat' dir='ltr'><strong>vestrisque</strong></span> <span class='ocrx_word' id='word_1_419' title='bbox 1739 4529 2032 4584; x_wconf 89' lang='lat' dir='ltr'><strong>benevolis</strong></span> 
     </span>
    </p>
   </div>
   <div class='ocr_carea' id='block_1_59' title="bbox 391 4615 2030 4691">
    <p class='ocr_par' dir='ltr' id='par_1_59' title="bbox 391 4615 2030 4691">
     <span class='ocr_line' id='line_1_59' title="bbox 391 4615 2030 4691; baseline 0.002 -20"><span class='ocrx_word' id='word_1_420' title='bbox 391 4615 802 4682; x_wconf 83' lang='lat' dir='ltr'><strong>confratribus,</strong></span> <span class='ocrx_word' id='word_1_421' title='bbox 827 4621 883 4672; x_wconf 87' lang='lat' dir='ltr'><strong>et</strong></span> <span class='ocrx_word' id='word_1_422' title='bbox 906 4616 1090 4688; x_wconf 85' lang='lat' dir='ltr'><strong>gratis</strong></span> <span class='ocrx_word' id='word_1_423' title='bbox 1119 4617 1179 4672; x_wconf 88' lang='lat' dir='ltr'><strong>in</strong></span> <span class='ocrx_word' id='word_1_424' title='bbox 1208 4618 1370 4689; x_wconf 89' lang='lat' dir='ltr'><strong>ipsos</strong></span> <span class='ocrx_word' id='word_1_425' title='bbox 1401 4619 1704 4691; x_wconf 87' lang='lat' dir='ltr'><strong>insurgere</strong></span> <span class='ocrx_word' id='word_1_426' title='bbox 1728 4635 1845 4672; x_wconf 91' lang='lat' dir='ltr'><strong>non</strong></span> <span class='ocrx_word' id='word_1_427' title='bbox 1867 4633 2030 4674; x_wconf 88' lang='lat' dir='ltr'><strong>vere-</strong></span> 
     </span>
    </p>
   </div>
   <div class='ocr_carea' id='block_1_60' title="bbox 389 4703 2031 4778">
    <p class='ocr_par' dir='ltr' id='par_1_60' title="bbox 389 4703 2031 4778">
     <span class='ocr_line' id='line_1_60' title="bbox 389 4703 2031 4778; baseline 0.001 -20"><span class='ocrx_word' id='word_1_428' title='bbox 389 4703 597 4759; x_wconf 91' lang='lat' dir='ltr'><strong>remini</strong></span> <span class='ocrx_word' id='word_1_429' title='bbox 622 4706 649 4759; x_wconf 74' lang='lat' dir='ltr'><strong>‘I</strong></span> <span class='ocrx_word' id='word_1_430' title='bbox 678 4704 802 4759; x_wconf 90' lang='lat' dir='ltr'><strong>Non</strong></span> <span class='ocrx_word' id='word_1_431' title='bbox 833 4704 953 4760; x_wconf 89' lang='lat' dir='ltr'><strong>leve</strong></span> <span class='ocrx_word' id='word_1_432' title='bbox 975 4709 1064 4760; x_wconf 89' lang='lat' dir='ltr'><strong>est</strong></span> <span class='ocrx_word' id='word_1_433' title='bbox 1091 4706 1344 4778; x_wconf 87' lang='lat' dir='ltr'><strong>regalem</strong></span> <span class='ocrx_word' id='word_1_434' title='bbox 1379 4707 1722 4778; x_wconf 86' lang='lat' dir='ltr'><strong>impugnare</strong></span> <span class='ocrx_word' id='word_1_435' title='bbox 1752 4707 2031 4778; x_wconf 84' lang='lat' dir='ltr'><strong>majesta-</strong></span> 
     </span>
    </p>
   </div>
   <div class='ocr_carea' id='block_1_61' title="bbox 391 4793 2030 4866">
    <p class='ocr_par' dir='ltr' id='par_1_61' title="bbox 391 4793 2030 4866">
     <span class='ocr_line' id='line_1_61' title="bbox 391 4793 2030 4866; baseline 0.001 -18"><span class='ocrx_word' id='word_1_436' title='bbox 391 4797 532 4860; x_wconf 87' lang='lat' dir='ltr'><strong>tem,</strong></span> <span class='ocrx_word' id='word_1_437' title='bbox 566 4793 676 4849; x_wconf 86' lang='lat' dir='ltr'><strong>etsi</strong></span> <span class='ocrx_word' id='word_1_438' title='bbox 707 4793 928 4863; x_wconf 80' lang='lat' dir='ltr'><strong>injuste</strong></span> <span class='ocrx_word' id='word_1_439' title='bbox 975 4795 1034 4848; x_wconf 91' lang='lat' dir='ltr'><strong>in</strong></span> <span class='ocrx_word' id='word_1_440' title='bbox 1078 4795 1276 4866; x_wconf 89' lang='lat' dir='ltr'><strong>aliquo</strong></span> <span class='ocrx_word' id='word_1_441' title='bbox 1306 4796 1585 4851; x_wconf 88' lang='lat' dir='ltr'><strong>videatur.</strong></span> <span class='ocrx_word' id='word_1_442' title='bbox 1624 4795 1718 4851; x_wconf 88' lang='lat' dir='ltr'><strong>Dei</strong></span> <span class='ocrx_word' id='word_1_443' title='bbox 1750 4796 1906 4850; x_wconf 91' lang='lat' dir='ltr'><strong>enim</strong></span> <span class='ocrx_word' id='word_1_444' title='bbox 1939 4813 2030 4850; x_wconf 89' lang='lat' dir='ltr'><strong>or-</strong></span> 
     </span>
    </p>
   </div>
   <div class='ocr_carea' id='block_1_62' title="bbox 2134 3549 3787 3621">
    <p class='ocr_par' dir='ltr' id='par_1_62' title="bbox 2134 3549 3787 3621">
     <span class='ocr_line' id='line_1_62' title="bbox 2134 3549 3787 3621; baseline 0 -15"><span class='ocrx_word' id='word_1_445' title='bbox 2134 3551 2341 3620; x_wconf 88' lang='lat' dir='ltr'><strong>ctione,</strong></span> <span class='ocrx_word' id='word_1_446' title='bbox 2376 3567 2601 3621; x_wconf 90' lang='lat' dir='ltr'><strong>suaque</strong></span> <span class='ocrx_word' id='word_1_447' title='bbox 2646 3550 2926 3607; x_wconf 90' lang='lat' dir='ltr'><strong>electione</strong></span> <span class='ocrx_word' id='word_1_448' title='bbox 2969 3549 3212 3606; x_wconf 79' lang='lat' dir='ltr'><strong>minime</strong></span> <span class='ocrx_word' id='word_1_449' title='bbox 3250 3550 3564 3616; x_wconf 87' lang='lat' dir='ltr'><strong>dubitaret,</strong></span> <span class='ocrx_word' id='word_1_450' title='bbox 3597 3566 3787 3621; x_wconf 88' lang='lat' dir='ltr'><strong>eoque</strong></span> 
     </span>
    </p>
   </div>
   <div class='ocr_carea' id='block_1_63' title="bbox 2135 3638 3784 3711">
    <p class='ocr_par' dir='ltr' id='par_1_63' title="bbox 2135 3638 3784 3711">
     <span class='ocr_line' id='line_1_63' title="bbox 2135 3638 3784 3711; baseline -0.002 -17"><span class='ocrx_word' id='word_1_451' title='bbox 2135 3641 2520 3711; x_wconf 88' lang='lat' dir='ltr'><strong>persequente</strong></span> <span class='ocrx_word' id='word_1_452' title='bbox 2551 3655 2738 3709; x_wconf 91' lang='lat' dir='ltr'><strong>usque</strong></span> <span class='ocrx_word' id='word_1_453' title='bbox 2769 3639 2839 3694; x_wconf 90' lang='lat' dir='ltr'><strong>ad</strong></span> <span class='ocrx_word' id='word_1_454' title='bbox 2872 3638 3102 3694; x_wconf 88' lang='lat' dir='ltr'><strong>interna</strong></span> <span class='ocrx_word' id='word_1_455' title='bbox 3123 3641 3512 3694; x_wconf 84' lang='lat' dir='ltr'><strong>coarctaretur</strong></span> <span class='ocrx_word' id='word_1_456' title='bbox 3543 3638 3784 3710; x_wconf 88' lang='lat' dir='ltr'><strong>spelun-</strong></span> 
     </span>
    </p>
   </div>
   <div class='ocr_carea' id='block_1_64' title="bbox 2137 3727 3784 3797">
    <p class='ocr_par' dir='ltr' id='par_1_64' title="bbox 2137 3727 3784 3797">
     <span class='ocr_line' id='line_1_64' title="bbox 2137 3727 3784 3797; baseline -0.001 -14"><span class='ocrx_word' id='word_1_457' title='bbox 2137 3743 2235 3797; x_wconf 76' lang='lat' dir='ltr'><strong>cas,</strong></span> <span class='ocrx_word' id='word_1_458' title='bbox 2267 3732 2463 3782; x_wconf 86' lang='lat' dir='ltr'><strong>tamen</strong></span> <span class='ocrx_word' id='word_1_459' title='bbox 2506 3744 2747 3782; x_wconf 88' lang='lat' dir='ltr'><strong>manum</strong></span> <span class='ocrx_word' id='word_1_460' title='bbox 2791 3729 2853 3782; x_wconf 87' lang='lat' dir='ltr'><strong>in</strong></span> <span class='ocrx_word' id='word_1_461' title='bbox 2900 3743 3036 3783; x_wconf 88' lang='lat' dir='ltr'><strong>eum</strong></span> <span class='ocrx_word' id='word_1_462' title='bbox 3087 3729 3391 3784; x_wconf 84' lang='lat' dir='ltr'><strong>extendere</strong></span> <span class='ocrx_word' id='word_1_463' title='bbox 3439 3727 3643 3791; x_wconf 88' lang='lat' dir='ltr'><strong>noluit,</strong></span> <span class='ocrx_word' id='word_1_464' title='bbox 3677 3729 3784 3782; x_wconf 89' lang='lat' dir='ltr'><strong>sed</strong></span> 
     </span>
    </p>
   </div>
   <div class='ocr_carea' id='block_1_65' title="bbox 2136 3815 3783 3887">
    <p class='ocr_par' dir='ltr' id='par_1_65' title="bbox 2136 3815 3783 3887">
     <span class='ocr_line' id='line_1_65' title="bbox 2136 3815 3783 3887; baseline 0 -17"><span class='ocrx_word' id='word_1_465' title='bbox 2136 3815 2400 3871; x_wconf 89' lang='lat' dir='ltr'><strong>divinum</strong></span> <span class='ocrx_word' id='word_1_466' title='bbox 2433 3815 2728 3886; x_wconf 87' lang='lat' dir='ltr'><strong>judicium</strong></span> <span class='ocrx_word' id='word_1_467' title='bbox 2765 3815 3140 3887; x_wconf 83' lang='lat' dir='ltr'><strong>exspectavit.</strong></span> <span class='ocrx_word' id='word_1_468' title='bbox 3172 3817 3242 3871; x_wconf 88' lang='lat' dir='ltr'><strong>Et</strong></span> <span class='ocrx_word' id='word_1_469' title='bbox 3269 3816 3422 3887; x_wconf 92' lang='lat' dir='ltr'><strong>quod</strong></span> <span class='ocrx_word' id='word_1_470' title='bbox 3456 3831 3616 3871; x_wconf 90' lang='lat' dir='ltr'><strong>oram</strong></span> <span class='ocrx_word' id='word_1_471' title='bbox 3651 3819 3783 3870; x_wconf 85' lang='lat' dir='ltr'><strong>tan-</strong></span> 
     </span>
    </p>
   </div>
   <div class='ocr_carea' id='block_1_66' title="bbox 2135 3904 3780 3977">
    <p class='ocr_par' dir='ltr' id='par_1_66' title="bbox 2135 3904 3780 3977">
     <span class='ocr_line' id='line_1_66' title="bbox 2135 3904 3780 3977; baseline -0.001 -16"><span class='ocrx_word' id='word_1_472' title='bbox 2135 3904 2440 3962; x_wconf 87' lang='lat' dir='ltr'><strong>tummodo</strong></span> <span class='ocrx_word' id='word_1_473' title='bbox 2471 3904 2796 3977; x_wconf 81' lang='lat' dir='ltr'><strong>chlamydis</strong></span> <span class='ocrx_word' id='word_1_474' title='bbox 2827 3905 3016 3976; x_wconf 89' lang='lat' dir='ltr'><strong>ipsius</strong></span> <span class='ocrx_word' id='word_1_475' title='bbox 3046 3904 3378 3970; x_wconf 86' lang='lat' dir='ltr'><strong>absciderit,</strong></span> <span class='ocrx_word' id='word_1_476' title='bbox 3411 3908 3611 3976; x_wconf 90' lang='lat' dir='ltr'><strong>postea</strong></span> <span class='ocrx_word' id='word_1_477' title='bbox 3642 3920 3780 3960; x_wconf 86' lang='lat' dir='ltr'><strong>eum</strong></span> 
     </span>
    </p>
   </div>
   <div class='ocr_carea' id='block_1_67' title="bbox 2139 3993 3784 4065">
    <p class='ocr_par' dir='ltr' id='par_1_67' title="bbox 2139 3993 3784 4065">
     <span class='ocr_line' id='line_1_67' title="bbox 2139 3993 3784 4065; baseline -0.001 -16"><span class='ocrx_word' id='word_1_478' title='bbox 2139 3993 2430 4065; x_wconf 83' lang='lat' dir='ltr'><strong>pcenituit,</strong></span> <span class='ocrx_word' id='word_1_479' title='bbox 2471 4011 2536 4048; x_wconf 90' lang='lat' dir='ltr'><strong>eo</strong></span> <span class='ocrx_word' id='word_1_480' title='bbox 2587 3994 2745 4064; x_wconf 79' lang='lat' dir='ltr'><strong>quod</strong></span> <span class='ocrx_word' id='word_1_481' title='bbox 2793 3993 3076 4065; x_wconf 88' lang='lat' dir='ltr'><strong>principis</strong></span> <span class='ocrx_word' id='word_1_482' title='bbox 3126 3993 3537 4048; x_wconf 88' lang='lat' dir='ltr'><strong>indumentum</strong></span> <span class='ocrx_word' id='word_1_483' title='bbox 3587 3993 3673 4048; x_wconf 90' lang='lat' dir='ltr'><strong>vel</strong></span> <span class='ocrx_word' id='word_1_484' title='bbox 3722 3993 3784 4047; x_wconf 91' lang='lat' dir='ltr'><strong>in</strong></span> 
     </span>
    </p>
   </div>
   <div class='ocr_carea' id='block_1_68' title="bbox 2139 4081 3786 4154">
    <p class='ocr_par' dir='ltr' id='par_1_68' title="bbox 2139 4081 3786 4154">
     <span class='ocr_line' id='line_1_68' title="bbox 2139 4081 3786 4154; baseline -0.001 -17"><span class='ocrx_word' id='word_1_485' title='bbox 2139 4081 2337 4154; x_wconf 89' lang='lat' dir='ltr'><strong>aliquo</strong></span> <span class='ocrx_word' id='word_1_486' title='bbox 2389 4081 2876 4137; x_wconf 87' lang='lat' dir='ltr'><strong>dehonestaverit.</strong></span> <span class='ocrx_word' id='word_1_487' title='bbox 2923 4081 3017 4136; x_wconf 93' lang='lat' dir='ltr'><strong>Sic</strong></span> <span class='ocrx_word' id='word_1_488' title='bbox 3066 4097 3163 4136; x_wconf 83' lang='lat' dir='ltr'><strong>rex</strong></span> <span class='ocrx_word' id='word_1_489' title='bbox 3210 4081 3430 4137; x_wconf 88' lang='lat' dir='ltr'><strong>electus</strong></span> <span class='ocrx_word' id='word_1_490' title='bbox 3479 4082 3786 4153; x_wconf 87' lang='lat' dir='ltr'><strong>reprobate</strong></span> 
     </span>
    </p>
   </div>
   <div class='ocr_carea' id='block_1_69' title="bbox 2141 4170 3784 4242">
    <p class='ocr_par' dir='ltr' id='par_1_69' title="bbox 2141 4170 3784 4242">
     <span class='ocr_line' id='line_1_69' title="bbox 2141 4170 3784 4242; baseline -0.002 -15"><span class='ocrx_word' id='word_1_491' title='bbox 2141 4171 2417 4242; x_wconf 87' lang='lat' dir='ltr'><strong>pepercit,</strong></span> <span class='ocrx_word' id='word_1_492' title='bbox 2441 4170 2708 4241; x_wconf 89' lang='lat' dir='ltr'><strong>quamvis</strong></span> <span class='ocrx_word' id='word_1_493' title='bbox 2739 4171 2810 4224; x_wconf 87' lang='lat' dir='ltr'><strong>ab</strong></span> <span class='ocrx_word' id='word_1_494' title='bbox 2844 4170 2972 4242; x_wconf 89' lang='lat' dir='ltr'><strong>ipso</strong></span> <span class='ocrx_word' id='word_1_495' title='bbox 3003 4170 3284 4226; x_wconf 86' lang='lat' dir='ltr'><strong>innocens</strong></span> <span class='ocrx_word' id='word_1_496' title='bbox 3315 4174 3784 4242; x_wconf 86' lang='lat' dir='ltr'><strong>persequeretur,</strong></span> 
     </span>
    </p>
   </div>
   <div class='ocr_carea' id='block_1_70' title="bbox 2141 4259 3144 4330">
    <p class='ocr_par' dir='ltr' id='par_1_70' title="bbox 2141 4259 3144 4330">
     <span class='ocr_line' id='line_1_70' title="bbox 2141 4259 3144 4330; baseline -0.001 -15"><span class='ocrx_word' id='word_1_497' title='bbox 2141 4260 2435 4330; x_wconf 89' lang='lat' dir='ltr'><strong>nimisque</strong></span> <span class='ocrx_word' id='word_1_498' title='bbox 2463 4262 2878 4330; x_wconf 86' lang='lat' dir='ltr'><strong>angustaretur</strong></span> <span class='ocrx_word' id='word_1_499' title='bbox 2909 4259 3144 4328; x_wconf 87' lang='lat' dir='ltr'><strong>injuste.</strong></span> 
     </span>
    </p>
   </div>
   <div class='ocr_carea' id='block_1_71' title="bbox 2210 4348 3786 4418">
    <p class='ocr_par' dir='ltr' id='par_1_71' title="bbox 2210 4348 3786 4418">
     <span class='ocr_line' id='line_1_71' title="bbox 2210 4348 3786 4418; baseline -0.001 -16"><span class='ocrx_word' id='word_1_500' title='bbox 2210 4348 2440 4410; x_wconf 85' lang='lat' dir='ltr'><strong>Samuel</strong></span> <span class='ocrx_word' id='word_1_501' title='bbox 2477 4363 2710 4418; x_wconf 90' lang='lat' dir='ltr'><strong>quoque</strong></span> <span class='ocrx_word' id='word_1_502' title='bbox 2742 4348 3161 4418; x_wconf 88' lang='lat' dir='ltr'><strong>cum,jubente</strong></span> <span class='ocrx_word' id='word_1_503' title='bbox 3191 4349 3454 4416; x_wconf 91' lang='lat' dir='ltr'><strong>Domino,</strong></span> <span class='ocrx_word' id='word_1_504' title='bbox 3480 4348 3636 4402; x_wconf 90' lang='lat' dir='ltr'><strong>hunc</strong></span> <span class='ocrx_word' id='word_1_505' title='bbox 3663 4348 3786 4418; x_wconf 89' lang='lat' dir='ltr'><strong>jam</strong></span> 
     </span>
    </p>
   </div>
   <div class='ocr_carea' id='block_1_72' title="bbox 2141 4435 3790 4510">
    <p class='ocr_par' dir='ltr' id='par_1_72' title="bbox 2141 4435 3790 4510">
     <span class='ocr_line' id='line_1_72' title="bbox 2141 4435 3790 4510; baseline -0.001 -18"><span class='ocrx_word' id='word_1_506' title='bbox 2141 4453 2334 4510; x_wconf 88' lang='lat' dir='ltr'><strong>regem</strong></span> <span class='ocrx_word' id='word_1_507' title='bbox 2375 4453 2552 4508; x_wconf 89' lang='lat' dir='ltr'><strong>super</strong></span> <span class='ocrx_word' id='word_1_508' title='bbox 2600 4436 2780 4491; x_wconf 88' lang='lat' dir='ltr'><strong>Israel</strong></span> <span class='ocrx_word' id='word_1_509' title='bbox 2831 4437 3083 4503; x_wconf 89' lang='lat' dir='ltr'><strong>unxerit,</strong></span> <span class='ocrx_word' id='word_1_510' title='bbox 3116 4442 3355 4493; x_wconf 89' lang='lat' dir='ltr'><strong>vocatus</strong></span> <span class='ocrx_word' id='word_1_511' title='bbox 3406 4455 3442 4492; x_wconf 89' lang='lat' dir='ltr'><strong>a</strong></span> <span class='ocrx_word' id='word_1_512' title='bbox 3487 4436 3659 4492; x_wconf 90' lang='lat' dir='ltr'><strong>Saule</strong></span> <span class='ocrx_word' id='word_1_513' title='bbox 3705 4435 3790 4490; x_wconf 88' lang='lat' dir='ltr'><strong>ire</strong></span> 
     </span>
    </p>
   </div>
   <div class='ocr_carea' id='block_1_73' title="bbox 2141 4524 3787 4596">
    <p class='ocr_par' dir='ltr' id='par_1_73' title="bbox 2141 4524 3787 4596">
     <span class='ocr_line' id='line_1_73' title="bbox 2141 4524 3787 4596; baseline -0.002 -15"><span class='ocrx_word' id='word_1_514' title='bbox 2141 4543 2256 4582; x_wconf 88' lang='lat' dir='ltr'><strong>non</strong></span> <span class='ocrx_word' id='word_1_515' title='bbox 2280 4525 2529 4592; x_wconf 88' lang='lat' dir='ltr'><strong>distulit,</strong></span> <span class='ocrx_word' id='word_1_516' title='bbox 2555 4524 2694 4595; x_wconf 91' lang='lat' dir='ltr'><strong>quin</strong></span> <span class='ocrx_word' id='word_1_517' title='bbox 2719 4529 2776 4579; x_wconf 88' lang='lat' dir='ltr'><strong>et</strong></span> <span class='ocrx_word' id='word_1_518' title='bbox 2805 4541 2908 4596; x_wconf 91' lang='lat' dir='ltr'><strong>pro</strong></span> <span class='ocrx_word' id='word_1_519' title='bbox 2940 4541 3006 4580; x_wconf 92' lang='lat' dir='ltr'><strong>eo</strong></span> <span class='ocrx_word' id='word_1_520' title='bbox 3037 4541 3100 4580; x_wconf 91' lang='lat' dir='ltr'><strong>se</strong></span> <span class='ocrx_word' id='word_1_521' title='bbox 3126 4529 3429 4581; x_wconf 87' lang='lat' dir='ltr'><strong>oraturum</strong></span> <span class='ocrx_word' id='word_1_522' title='bbox 3451 4524 3787 4595; x_wconf 89' lang='lat' dir='ltr'><strong>spopondit,</strong></span> 
     </span>
    </p>
   </div>
   <div class='ocr_carea' id='block_1_74' title="bbox 2140 4615 3785 4685">
    <p class='ocr_par' dir='ltr' id='par_1_74' title="bbox 2140 4615 3785 4685">
     <span class='ocr_line' id='line_1_74' title="bbox 2140 4615 3785 4685; baseline -0.002 -15"><span class='ocrx_word' id='word_1_523' title='bbox 2140 4616 2377 4671; x_wconf 89' lang='lat' dir='ltr'><strong>dicens:</strong></span> <span class='ocrx_word' id='word_1_524' title='bbox 2411 4615 2564 4669; x_wconf 83' lang='lat' dir='ltr'><strong>Absit</strong></span> <span class='ocrx_word' id='word_1_525' title='bbox 2591 4631 2628 4669; x_wconf 92' lang='lat' dir='ltr'><strong>a</strong></span> <span class='ocrx_word' id='word_1_526' title='bbox 2659 4630 2744 4668; x_wconf 89' lang='lat' dir='ltr'><strong>me</strong></span> <span class='ocrx_word' id='word_1_527' title='bbox 2773 4621 2835 4669; x_wconf 89' lang='lat' dir='ltr'><strong>ut</strong></span> <span class='ocrx_word' id='word_1_528' title='bbox 2849 4629 3052 4670; x_wconf 87' lang='lat' dir='ltr'><strong>cessem</strong></span> <span class='ocrx_word' id='word_1_529' title='bbox 3068 4629 3230 4671; x_wconf 83' lang='lat' dir='ltr'><strong>orare</strong></span> <span class='ocrx_word' id='word_1_530' title='bbox 3257 4630 3356 4685; x_wconf 89' lang='lat' dir='ltr'><strong>pro</strong></span> <span class='ocrx_word' id='word_1_531' title='bbox 3379 4622 3428 4669; x_wconf 88' lang='lat' dir='ltr'><strong>te</strong></span> <span class='ocrx_word' id='word_1_532' title='bbox 3459 4615 3508 4683; x_wconf 87' lang='grc' dir='ltr'><strong>(Ι</strong></span> <span class='ocrx_word' id='word_1_533' title='bbox 3535 4615 3660 4684; x_wconf 85' lang='lat' dir='ltr'><strong>Reg.</strong></span> <span class='ocrx_word' id='word_1_534' title='bbox 3686 4629 3785 4684; x_wconf 84' lang='lat' dir='ltr'><strong>xu,</strong></span> 
     </span>
    </p>
   </div>
   <div class='ocr_carea' id='block_1_75' title="bbox 2138 4702 3787 4776">
    <p class='ocr_par' dir='ltr' id='par_1_75' title="bbox 2138 4702 3787 4776">
     <span class='ocr_line' id='line_1_75' title="bbox 2138 4702 3787 4776; baseline -0.002 -16"><span class='ocrx_word' id='word_1_535' title='bbox 2138 4704 2252 4776; x_wconf 85' lang='lat'><strong>23).</strong></span> <span class='ocrx_word' id='word_1_536' title='bbox 2286 4704 2396 4760; x_wconf 91' lang='lat' dir='ltr'><strong>Sed</strong></span> <span class='ocrx_word' id='word_1_537' title='bbox 2430 4719 2584 4758; x_wconf 86' lang='lat' dir='ltr'><strong>nunc</strong></span> <span class='ocrx_word' id='word_1_538' title='bbox 2605 4702 2848 4759; x_wconf 88' lang='lat' dir='ltr'><strong>rebelles</strong></span> <span class='ocrx_word' id='word_1_539' title='bbox 2880 4703 3096 4758; x_wconf 88' lang='lat' dir='ltr'><strong>milites</strong></span> <span class='ocrx_word' id='word_1_540' title='bbox 3124 4703 3395 4759; x_wconf 89' lang='lat' dir='ltr'><strong>resistere</strong></span> <span class='ocrx_word' id='word_1_541' title='bbox 3418 4702 3661 4758; x_wconf 91' lang='lat' dir='ltr'><strong>Domino</strong></span> <span class='ocrx_word' id='word_1_542' title='bbox 3683 4717 3787 4757; x_wconf 92' lang='lat' dir='ltr'><strong>suo</strong></span> 
     </span>
    </p>
   </div>
   <div class='ocr_carea' id='block_1_76' title="bbox 2144 4789 3788 4863">
    <p class='ocr_par' dir='ltr' id='par_1_76' title="bbox 2144 4789 3788 4863">
     <span class='ocr_line' id='line_1_76' title="bbox 2144 4789 3788 4863; baseline -0.002 -15"><span class='ocrx_word' id='word_1_543' title='bbox 2144 4809 2324 4848; x_wconf 89' lang='lat' dir='ltr'><strong>manu</strong></span> <span class='ocrx_word' id='word_1_544' title='bbox 2357 4797 2583 4846; x_wconf 89' lang='lat' dir='ltr'><strong>armata</strong></span> <span class='ocrx_word' id='word_1_545' title='bbox 2615 4809 2732 4846; x_wconf 92' lang='lat' dir='ltr'><strong>non</strong></span> <span class='ocrx_word' id='word_1_546' title='bbox 2781 4792 3119 4858; x_wconf 81' lang='lat' dir='ltr'><strong>formidant,</strong></span> <span class='ocrx_word' id='word_1_547' title='bbox 3153 4808 3406 4863; x_wconf 87' lang='lat' dir='ltr'><strong>eumque</strong></span> <span class='ocrx_word' id='word_1_548' title='bbox 3434 4789 3718 4862; x_wconf 85' lang='lat' dir='ltr'><strong>expellere</strong></span> <span class='ocrx_word' id='word_1_549' title='bbox 3755 4806 3788 4844; x_wconf 89' lang='lat' dir='ltr'><strong>a</strong></span> 
     </span>
    </p>
   </div>
   <div class='ocr_carea' id='block_1_77' title="bbox 390 4874 3790 4954">
    <p class='ocr_par' dir='ltr' id='par_1_77' title="bbox 390 4874 3790 4954">
     <span class='ocr_line' id='line_1_77' title="bbox 390 4874 3790 4954; baseline -0.002 -17"><span class='ocrx_word' id='word_1_550' title='bbox 390 4883 612 4938; x_wconf 90' lang='lat' dir='ltr'><strong>dinatio</strong></span> <span class='ocrx_word' id='word_1_551' title='bbox 634 4886 724 4937; x_wconf 88' lang='lat' dir='ltr'><strong>est</strong></span> <span class='ocrx_word' id='word_1_552' title='bbox 751 4900 764 4948; x_wconf 93' lang='lat'><strong>;</strong></span> <span class='ocrx_word' id='word_1_553' title='bbox 799 4883 895 4937; x_wconf 90' lang='lat' dir='ltr'><strong>Dei</strong></span> <span class='ocrx_word' id='word_1_554' title='bbox 922 4887 1013 4938; x_wconf 90' lang='lat' dir='ltr'><strong>est</strong></span> <span class='ocrx_word' id='word_1_555' title='bbox 1035 4883 1412 4954; x_wconf 88' lang='lat' dir='ltr'><strong>dispensatio.</strong></span> <span class='ocrx_word' id='word_1_556' title='bbox 1437 4883 1750 4939; x_wconf 83' lang='lat' dir='ltr'><strong>Profanum</strong></span> <span class='ocrx_word' id='word_1_557' title='bbox 1772 4889 1861 4939; x_wconf 90' lang='lat' dir='ltr'><strong>est</strong></span> <span class='ocrx_word' id='word_1_558' title='bbox 1881 4885 2037 4939; x_wconf 91' lang='lat' dir='ltr'><strong>enim</strong></span> <span class='ocrx_word' id='word_1_559' title='bbox 2070 4874 2115 4938; x_wconf 90' lang='lat' dir='ltr'><strong>D</strong></span> <span class='ocrx_word' id='word_1_560' title='bbox 2147 4881 2310 4953; x_wconf 89' lang='lat' dir='ltr'><strong>regni</strong></span> <span class='ocrx_word' id='word_1_561' title='bbox 2333 4881 2480 4936; x_wconf 90' lang='lat' dir='ltr'><strong>solio</strong></span> <span class='ocrx_word' id='word_1_562' title='bbox 2501 4881 2858 4937; x_wconf 89' lang='lat' dir='ltr'><strong>omnimodis</strong></span> <span class='ocrx_word' id='word_1_563' title='bbox 2879 4881 3164 4937; x_wconf 86' lang='lat' dir='ltr'><strong>laborant.</strong></span> <span class='ocrx_word' id='word_1_564' title='bbox 3192 4883 3268 4936; x_wconf 89' lang='lat' dir='ltr'><strong>De</strong></span> <span class='ocrx_word' id='word_1_565' title='bbox 3294 4879 3512 4935; x_wconf 86' lang='lat' dir='ltr'><strong>talibus</strong></span> <span class='ocrx_word' id='word_1_566' title='bbox 3531 4879 3688 4934; x_wconf 90' lang='lat' dir='ltr'><strong>enim</strong></span> <span class='ocrx_word' id='word_1_567' title='bbox 3710 4875 3790 4932; x_wconf 83' lang='lat' dir='ltr'><strong>ait</strong></span> 
     </span>
    </p>
   </div>
   <div class='ocr_carea' id='block_1_78' title="bbox 389 4969 3787 5043">
    <p class='ocr_par' dir='ltr' id='par_1_78' title="bbox 389 4969 3787 5043">
     <span class='ocr_line' id='line_1_78' title="bbox 389 4969 3787 5043; baseline -0.001 -18"><span class='ocrx_word' id='word_1_568' title='bbox 389 4971 606 5026; x_wconf 88' lang='lat' dir='ltr'><strong>violare</strong></span> <span class='ocrx_word' id='word_1_569' title='bbox 635 4971 786 5042; x_wconf 90' lang='lat' dir='ltr'><strong>quod</strong></span> <span class='ocrx_word' id='word_1_570' title='bbox 826 4975 978 5027; x_wconf 89' lang='lat' dir='ltr'><strong>Deus</strong></span> <span class='ocrx_word' id='word_1_571' title='bbox 1026 4971 1275 5028; x_wconf 85' lang='lat' dir='ltr'><strong>ordinat.</strong></span> <span class='ocrx_word' id='word_1_572' title='bbox 1309 4973 1400 5027; x_wconf 86' lang='lat' dir='ltr'><strong>Ait</strong></span> <span class='ocrx_word' id='word_1_573' title='bbox 1438 4973 1593 5028; x_wconf 89' lang='lat' dir='ltr'><strong>enim</strong></span> <span class='ocrx_word' id='word_1_574' title='bbox 1627 4972 1908 5028; x_wconf 88' lang='lat' dir='ltr'><strong>Dominus</strong></span> <span class='ocrx_word' id='word_1_575' title='bbox 1939 4989 2042 5043; x_wconf 90' lang='lat' dir='ltr'><strong>per</strong></span> <span class='ocrx_word' id='word_1_576' title='bbox 2149 4970 2433 5026; x_wconf 91' lang='lat' dir='ltr'><strong>Dominus</strong></span> <span class='ocrx_word' id='word_1_577' title='bbox 2468 4987 2481 5026; x_wconf 89' lang='lat'>:</span> <span class='ocrx_word' id='word_1_578' title='bbox 2519 4970 2694 5026; x_wconf 80' lang='lat' dir='ltr'><strong>Sinite</strong></span> <span class='ocrx_word' id='word_1_579' title='bbox 2721 4971 2870 5037; x_wconf 83' lang='lat' dir='ltr'><strong>ittos,</strong></span> <span class='ocrx_word' id='word_1_580' title='bbox 2901 4971 3033 5026; x_wconf 61' lang='lat' dir='ltr'><strong>caci</strong></span> <span class='ocrx_word' id='word_1_581' title='bbox 3057 4977 3205 5036; x_wconf 85' lang='lat' dir='ltr'><strong>sunt,</strong></span> <span class='ocrx_word' id='word_1_582' title='bbox 3235 4977 3285 5025; x_wconf 90' lang='lat' dir='ltr'><strong>et</strong></span> <span class='ocrx_word' id='word_1_583' title='bbox 3313 4969 3472 5023; x_wconf 86' lang='lat' dir='ltr'><strong>duces</strong></span> <span class='ocrx_word' id='word_1_584' title='bbox 3499 4981 3787 5024; x_wconf 80' lang='lat' dir='ltr'><strong>caecorum.</strong></span> 
     </span>
    </p>
   </div>
   <div class='ocr_carea' id='block_1_79' title="bbox 391 5056 3791 5120">
    <p class='ocr_par' dir='ltr' id='par_1_79' title="bbox 391 5056 3791 5120">
     <span class='ocr_line' id='line_1_79' title="bbox 391 5056 3791 5120; baseline -0.001 -6"><span class='ocrx_word' id='word_1_585' title='bbox 391 5062 620 5120; x_wconf 79' lang='lat' dir='ltr'><strong>Moysen</strong></span> <span class='ocrx_word' id='word_1_586' title='bbox 659 5077 671 5115; x_wconf 74' lang='grc' dir='ltr'>ε</span> <span class='ocrx_word' id='word_1_587' title='bbox 724 5062 1033 5120; x_wconf 81' lang='lat' dir='ltr'><strong>Principem</strong></span> <span class='ocrx_word' id='word_1_588' title='bbox 1067 5063 1257 5120; x_wconf 76' lang='lat' dir='ltr'><strong>pepuli</strong></span> <span class='ocrx_word' id='word_1_589' title='bbox 1297 5063 1386 5116; x_wconf 82' lang='lat' dir='ltr'><strong>tui</strong></span> <span class='ocrx_word' id='word_1_590' title='bbox 1422 5079 1494 5116; x_wconf 89' lang='lat' dir='ltr'><strong>ne</strong></span> <span class='ocrx_word' id='word_1_591' title='bbox 1520 5061 1818 5117; x_wconf 78' lang='lat' dir='ltr'><strong>maledicas</strong></span> <span class='ocrx_word' id='word_1_592' title='bbox 1849 5062 2037 5120; x_wconf 76' lang='lat' dir='ltr'><strong>(Exod.</strong></span> <span class='ocrx_word' id='word_1_593' title='bbox 2149 5059 2330 5115; x_wconf 74' lang='lat' dir='ltr'><strong>Caecus</strong></span> <span class='ocrx_word' id='word_1_594' title='bbox 2350 5061 2500 5114; x_wconf 88' lang='lat' dir='ltr'><strong>enim</strong></span> <span class='ocrx_word' id='word_1_595' title='bbox 2528 5060 2577 5114; x_wconf 88' lang='lat' dir='ltr'><strong>si</strong></span> <span class='ocrx_word' id='word_1_596' title='bbox 2595 5075 2734 5114; x_wconf 71' lang='lat' dir='ltr'><strong>caeco</strong></span> <span class='ocrx_word' id='word_1_597' title='bbox 2757 5059 3015 5114; x_wconf 87' lang='lat' dir='ltr'><strong>ducatum</strong></span> <span class='ocrx_word' id='word_1_598' title='bbox 3043 5058 3462 5120; x_wconf 51' lang='lat' dir='ltr'><strong>praebentembo</strong></span> <span class='ocrx_word' id='word_1_599' title='bbox 3486 5059 3546 5112; x_wconf 84' lang='lat' dir='ltr'><strong>in</strong></span> <span class='ocrx_word' id='word_1_600' title='bbox 3575 5056 3791 5120; x_wconf 85' lang='lat' dir='ltr'><strong>foveam</strong></span> 
     </span>
    </p>
   </div>
  </div>
