4030 5310
218 405 284 458 97
1227 359 1236 366 ’
1697 401 2115 458 ltPlSTt'lL/E.
3531 402 3608 461 as

215 532 443 590 honoris
475 531 794 588 reverentia
824 531 1270 604 intelligendum
1317 537 1423 589 est.
1459 533 1618 597 Quod
1677 531 1850 587 etiam
1879 533 1934 597 Α
1963 536 2156 602 grates
2186 532 2391 587 exinde
2421 533 2629 603 dignas
2651 531 3020 604 persolvant;
3054 533 3309 589 siautem
3331 535 3609 592 adversus

214 624 329 694 ipse
358 637 494 675 cum
519 621 590 675 ab
621 621 983 676 exactoribus
1002 627 1066 675 ut
1097 622 1379 686 redderet,
1398 625 1845 692 urgeretur,non

218 710 559 782 dedignatus
590 713 677 764 est
706 709 1064 780 perselvere;
1099 709 1199 762 sed
1259 709 1342 764 ait
1401 709 1566 763 Petro
1613 707 1849 763 Vadeatl

219 815 382 866 mare,
413 806 464 853 et
491 800 649 852 mitte
677 798 921 862 hamum,
971 800 1022 852 et
1069 813 1193 852 eum
1246 800 1448 868 piscem
1489 797 1584 868 qui
1635 798 1850 867 primus

221 887 533 952 ascenderit,
563 887 717 950 tolle,
747 894 800 940 et
828 891 1017 956 aperto
1040 902 1132 940 ore
1161 888 1274 957 ejus
1293 888 1534 941 invenies
1553 890 1850 945 stateram;

223 977 378 1032 illum
398 991 632 1039 sumens,
667 975 736 1028 da
760 976 838 1029 eis
862 992 966 1046 pro
987 990 1092 1041 me,
1125 979 1176 1028 et
1227 991 1331 1045 pro
1361 979 1413 1029 te
1442 975 1651 1045 (Matth.
1711 990 1848 1042 xvn,

222 1066 324 1134 26).
357 1063 518 1119 Unde
547 1069 603 1118 et
631 1063 753 1134 ipse
783 1067 946 1118 tanta
976 1062 1236 1134 Magistri
1270 1064 1534 1119 eruditus
1588 1061 1854 1117 doctrina

224 1155 488 1208 admonet
516 1151 832 1208 Ecclesiam
864 1152 1197 1207 omnimode
1215 1152 1451 1224 regibus
1464 1168 1692 1208 servare
1712 1151 1852 1205 obe-

223 1240 515 1296 dientiam.
546 1239 642 1295 Ait
677 1240 832 1294 enim
867 1256 879 1295 :
912 1241 1082 1296 Deum
1118 1240 1321 1309 timete,
1383 1255 1562 1310 regem
1590 1239 1852 1308 honoriﬁ-

221 1334 329 1386 cate
356 1331 407 1397 (Ι
432 1332 585 1385 Petr.
619 1346 699 1396 ιιι,
736 1331 844 1395 14).
877 1329 1022 1384 Nam
1073 1334 1203 1400 post
1259 1329 1535 1383 timorem
1596 1328 1696 1384 Dei
1755 1327 1856 1398 qui

221 1419 512 1490 sapientiae
543 1418 780 1473 initium
812 1422 918 1485 est,
952 1418 1178 1489 regium
1210 1418 1414 1474 statim
1439 1416 1855 1489 prazcepitser-

217 1508 468 1563 vandum
526 1524 654 1562 esse
712 1507 1014 1562 honorem.
1077 1508 1145 1562 Et
1201 1507 1374 1562 item:
1441 1505 1642 1577 Sujecti
1695 1509 1856 1560 estote

218 1597 360 1652 omni
389 1595 662 1652 humana:
688 1605 956 1650 creaturae
983 1599 1203 1666 propter
1216 1596 1523 1664 Deum,sive
1553 1595 1673 1664 regi
1698 1594 1858 1665 quasi

214 1685 570 1756 praecellenti,
602 1684 712 1739 sive
742 1685 969 1738 ducibus
1001 1691 1258 1754 tanquam
1313 1686 1385 1738 ab
1435 1699 1493 1738 eo
1550 1684 1730 1737 missis
1786 1680 1855 1735 ad

219 1772 517 1828 vindictam
544 1773 982 1844 male/actorum,
1015 1773 1231 1828 laudem
1260 1788 1382 1828 vero
1423 1773 1702 1828 bonorum.
1762 1770 1860 1824 Sic

217 1862 366 1919 enim
396 1879 516 1918 nos
545 1864 699 1932 regis
716 1862 1012 1932 subjectos
1033 1878 1162 1918 esse
1183 1862 1349 1916 docet
1388 1860 1540 1916 sicut
1570 1858 1858 1931 praecelle-

219 1952 298 2006 sic
328 1950 584 2006 ducibus
614 1955 894 2023 tanquam
918 1950 989 2004 ab
1020 1948 1580 2005 eomissis.Multum
1611 1963 1865 2018 namque

223 2039 476 2095 estinter
509 2039 854 2111 principem,
887 2043 944 2093 et
991 2039 1240 2093 missum
1299 2039 1370 2093 ab
1431 2055 1516 2092 eo.
1577 2037 1685 2092 Sed
1745 2036 1866 2090 haec

226 2129 491 2200 princeps
549 2128 713 2182 docet
767 2127 1054 2182 Ecclesiae.
1119 2127 1438 2182 Vibeamus
1489 2126 1628 2198 quid
1662 2126 1864 2196 etejus

230 2218 443 2273 socius:
486 2218 603 2272 Non
647 2225 724 2272 est
765 2220 1030 2284 postestas
1060 2218 1175 2270 nisi
1227 2233 1262 2270 a
1306 2217 1452 2270 Deo:
1509 2231 1627 2285 quae
1685 2218 1867 2269 autem

233 2311 356 2372 sunt,
385 2325 419 2361 a
452 2307 566 2361 Deo
597 2305 850 2360 ordinata
879 2310 1025 2373 sunt,
1057 2307 1246 2376 Itaque
1303 2307 1400 2375 qui
1455 2306 1659 2359 resistit
1712 2309 1868 2375 pote-

232 2399 358 2462 stati,
394 2397 513 2449 Dei
540 2394 884 2450 ordinationi
936 2395 1160 2449 resistit.
1219 2395 1326 2462 Qui
1351 2401 1531 2448 autem
1586 2393 1866 2460 resistunt,

233 2485 328 2556 ipsi
344 2486 456 2539 sibi
491 2483 902 2538 damnationem
931 2485 1244 2554 acquirunt.
1268 2484 1406 2537 Nam
1457 2484 1729 2553 principes
1760 2497 1869 2536 non

224 2577 338 2628 sunt
371 2573 593 2628 timoris
622 2573 750 2628 boni
777 2573 976 2641 operis.
1007 2571 1104 2626 sed
1123 2571 1282 2626 mali.
1316 2571 1400 2625 Vis
1430 2575 1618 2625 autem
1672 2586 1778 2624 non
1799 2571 1870 2624 ti-

222 2678 361 2717 mere
375 2665 696 2732 potestatem
726 2681 744 2727 ;
779 2660 974 2716 bonum
1004 2663 1113 2731 fac,
1171 2664 1223 2715 et
1280 2659 1496 2714 habebis
1557 2659 1774 2714 laudem
1803 2673 1872 2713 ea:

223 2752 340 2805 illa.
377 2752 480 2806 Dei
512 2752 765 2805 minister
791 2752 866 2804 est
895 2750 998 2804 tibi
1027 2751 1082 2804 in
1120 2750 1336 2805 bonum.
1381 2747 1441 2803 Si
1495 2757 1679 2803 autem
1725 2746 1874 2802 male

216 2841 440 2911 feceris,
475 2840 622 2894 time.
658 2839 776 2893 Non
807 2840 959 2894 enim
985 2840 1104 2893 sine
1143 2854 1310 2892 causa
1366 2837 1615 2908 gladium
1667 2841 1871 2908 portat,

215 2930 313 2984 Dei
340 2930 503 2984 enim
557 2929 816 2982 minister
869 2931 967 2990 est,
1022 2928 1232 2982 vindex
1262 2929 1321 2981 in
1352 2928 1495 2980 iram
1535 2928 1589 2981 ei
1617 2928 1712 2996 qui
1732 2925 1876 2979 male

212 3020 354 3088 agit.
379 3017 509 3073 Ideo
539 3018 858 3071 necessitate
885 3015 1095 3069 subditi
1119 3020 1314 3069 estote:
1346 3030 1453 3069 non
1510 3015 1692 3068 solum
1745 3029 1876 3081 pro-

203 3111 338 3176 pter
372 3108 548 3171 iram,
579 3105 672 3158 sed
700 3107 749 3158 et
777 3107 1002 3173 propter
1029 3103 1418 3157 conscientiam
1440 3120 1459 3156 :
1491 3101 1610 3156 Ideo
1641 3102 1788 3155 enim
1827 3109 1878 3156 et

202 3195 434 3251 tributa
457 3193 736 3262 praestatis
759 3209 777 3245 :
793 3191 1045 3246 ministri
1060 3193 1347 3246 enimsunt
1366 3191 1464 3245 Dei
1484 3191 1545 3244 in
1579 3190 1675 3245 hoc
1696 3190 1877 3259 ipsum

1895 1909 1942 1974 B

1962 621 2156 686 fuerit,
2191 620 2314 675 suis
2345 619 2453 675 hoc
2482 621 2774 692 imputent
2801 621 3072 692 peccatis,
3107 622 3420 694 ipsumque
3451 625 3612 697 ﬂagi-

1961 713 2084 763 tare
2116 725 2230 763 non
2256 708 2745 776 desinant,uthoc
2777 711 3101 765 secundum
3165 710 3607 768 multitudinem

1964 797 2373 852 misericordiae
2405 814 2524 852 suae
2557 799 3147 870 propitiusdisponat.
3173 799 3318 854 Nam
3338 800 3608 870 dejicien-

1961 887 2072 940 dus
2104 885 2188 940 vel
2217 885 2654 958 impugnandus
2686 886 2846 941 nullo
2883 888 3054 942 modo
3088 893 3176 942 est
3207 905 3240 943 a
3262 889 3607 961 populo,qui

1954 977 2080 1045 jam
2113 976 2417 1029 ordinatus
2449 981 2540 1030 est
2564 993 2597 1030 a
2633 977 2765 1030 Deo.
2797 976 3081 1047 Equidem
3106 976 3389 1047 scriptum
3424 983 3513 1034 est
3552 978 3610 1032 in

1965 1063 2199 1118 Daniele
2224 1082 2236 1118 :
2271 1065 2415 1132 Quia
2442 1065 2758 1120 dominatur
2781 1065 3023 1120 excelsus
3047 1067 3106 1120 in
3139 1081 3304 1135 regno
3327 1066 3614 1123 hominum

1963 1155 2012 1208 et
2043 1154 2134 1208 cui
2161 1154 2414 1221 voluerit,
2444 1155 2556 1224 ipse
2585 1155 2691 1208 dat
2711 1154 2852 1208 illud
2894 1155 3055 1225 (Dan.
3110 1173 3182 1220 IV,
3243 1157 3348 1226 14).
3404 1156 3614 1212 Nullus

1964 1242 2035 1296 de
2057 1240 2306 1311 alicujus
2337 1243 2546 1312 dejecti
2580 1243 2732 1313 regis
2763 1243 2979 1313 injuria
3007 1243 3120 1298 sibi
3150 1249 3416 1300 assumat
3470 1246 3617 1301 ﬁdu-

1966 1330 2136 1386 ciam.
2171 1331 2455 1396 Quoniam
2486 1333 2753 1403 quamvis
2805 1332 2946 1387 mul.
3027 1374 3040 1386 .
3123 1374 3136 1388 .
3219 1374 3231 1386 .
3314 1375 3328 1389 .
3411 1377 3422 1388 .
3505 1376 3519 1388 .
3600 1377 3613 1390 .

2065 1551 2078 1563 .
2155 1509 2299 1563 tanti
2335 1509 2607 1565 facinoris
2638 1508 2969 1564 miserabile
3005 1509 3313 1580 pertulisse
3345 1511 3611 1568 exitium.

1967 1598 2127 1662 Quod
2161 1597 2208 1652 si
2243 1598 2334 1652 cui
2365 1615 2708 1654 enumerare
2737 1599 2928 1663 liceat,
2960 1597 3612 1670 abipsiusgentisexor-

1968 1687 2060 1741 dio
2092 1686 2539 1759 diligentissime
2570 1687 2952 1758 perquirat.et
2981 1691 3120 1742 tunc
3151 1703 3496 1758 cognoscere
3509 1706 3612 1761 po-

1967 1776 2103 1832 terit
2132 1775 2330 1847 populi
2361 1775 2538 1846 hujus
2577 1776 3028 1832 destructionem
3081 1776 3334 1832 maxime
3372 1784 3612 1850 prOpter

1973 1866 2122 1919 hanc
2169 1864 2431 1920 evenisse
2469 1864 2850 1920 occasionem.
2903 1864 3050 1931 Quia
3127 1865 3310 1920 donec
3376 1867 3612 1940 regibus

1976 1970 2298 2025 repugnare
2312 1958 2709 2024 quaerunt,eta
2731 1953 2972 2025 paganis
2995 1953 3256 2024 undique
3277 1957 3622 2025 opprimun-

1973 2046 2089 2108 tur,
2139 2046 2195 2096 et
2237 2059 2271 2096 a
2303 2042 2568 2096 finitimis
2606 2042 2879 2114 gentibus
2914 2042 3044 2096 ideo
3082 2043 3520 2098 conculcantur.
3551 2045 3621 2100 Et

1984 2131 2122 2185 dum
2157 2135 2522 2201 praesumunt
2551 2130 2779 2196 illicita,
2800 2148 2830 2184 a
2851 2131 3061 2186 debitis
3088 2130 3474 2186 nihilominus
3506 2133 3620 2204 pri-

1975 2224 2188 2273 vantur
2216 2219 2556 2274 honoribus.

2048 2309 2159 2364 Sed
2192 2308 2330 2378 quid
2363 2309 2434 2362 de
2466 2307 2623 2379 regia
2651 2307 2928 2362 ﬁdelitate
2959 2312 3016 2362 et
3045 2308 3250 2362 beatus
3307 2308 3619 2380 Gregorius

1978 2398 2154 2465 dicat,
2187 2397 2518 2452 audiamus.
2551 2397 2820 2452 Aitenim
2849 2397 2920 2450 ad
2965 2397 3303 2451 Mauritium
3353 2397 3619 2454 scribens

1980 2488 2387 2558 imperatorem
2421 2487 2538 2557 (lib.
2573 2502 2637 2552 ιι,
2659 2488 2817 2556 epist.
2847 2487 2937 2555 61)
2968 2507 2995 2535 ‹‹
3044 2485 3444 2557 Omnipotenti
3503 2487 3620 2543 Deo

1981 2571 3089 2645 reusest,quiserenissimisdominisin
3122 2590 3293 2629 omne
3325 2576 3477 2646 quod
3505 2576 3624 2648 agit

1981 2669 2037 2718 et
2068 2665 2343 2734 loquitur,
2371 2680 2552 2734 purus
2584 2680 2696 2718 non
2727 2667 2836 2717 est.
2860 2663 2976 2734 Ego
2993 2663 3480 2735 autemindignus
3500 2665 3621 2735 pie-

1982 2752 2120 2807 tatis
2153 2756 2351 2806 vestra
2385 2750 2643 2805 famulus
2677 2750 2733 2804 in
2767 2750 2875 2804 hac
2895 2750 3265 2821 suggestione
3285 2766 3412 2805 mea
3434 2766 3621 2822 neque

1982 2844 2048 2895 ut
2077 2839 2404 2912 episcopus,
2434 2855 2621 2910 neque
2651 2843 2715 2893 ut
2744 2854 2948 2894 servus
2969 2839 3104 2909 jure
3135 2838 3486 2909 reipublicae,
3521 2841 3623 2895 sed

1983 2947 2050 2985 ex
2082 2928 2180 2983 illo
2206 2929 2333 2998 jam
2369 2933 2626 3000 tempore
2656 2928 2932 2982 dominus
2966 2944 3130 2982 meus
3165 2927 3345 2996 fuisti,
3388 2929 3623 2999 quando

1985 3018 2176 3072 adhuc
2235 3017 2509 3072 dominus
2565 3016 2826 3072 omnium
2889 3033 3003 3071 non
3075 3032 3288 3071 eras.»
3348 3017 3624 3080 Quamvis

1985 3105 2140 3160 enim
2174 3105 2483 3158 Mauritius
2516 3105 2572 3158 in
2603 3104 2955 3175 quibusdam
2987 3104 3372 3160 inclementer
3407 3111 3621 3177 ageret,

1986 3199 2043 3249 et
2073 3193 2323 3248 maxime
2353 3197 2558 3247 contra
2584 3192 2803 3262 ipsum,
2837 3193 2990 3247 sicut
3017 3193 3206 3263 ipsius
3237 3193 3470 3264 scriptis
3529 3196 3628 3249 de-

199 3285 542 3341 servientes.
578 3280 801 3335 Reddite
857 3280 1108 3334 omnibus
1161 3279 1381 3334 debita:
1438 3281 1530 3334 cui
1585 3278 1874 3343 tributum,
1908 3269 1950 3334 C
1987 3283 2262 3347 claratur,
2293 3286 2488 3336 tamen
2539 3281 2776 3337 domino
2831 3280 2938 3335 hoc
2993 3281 3417 3350 committebat,
3461 3283 3630 3354 eique

203 3366 501 3432 tributum
528 3391 547 3436 ;
576 3371 670 3424 cui
699 3369 956 3438 vectigal,
991 3369 1265 3437 vectigal:
1295 3370 1384 3423 cui
1414 3370 1688 3437 timorem,
1721 3369 1877 3433 timo-

210 3479 379 3525 rem;
413 3460 518 3515 cui
548 3458 826 3521 honorem,
859 3458 1120 3513 honorem
1150 3457 1322 3527 (Rom.
1356 3473 1476 3524 xm,
1509 3457 1585 3528 2).
1618 3455 1756 3512 Item
1808 3456 1877 3511 ad

218 3551 644 3610 Timotheum:
681 3548 903 3603 Obsecro
942 3548 1112 3617 igitur
1154 3547 1402 3616 primum
1449 3547 1697 3601 omnium
1751 3543 1882 3615 ﬁeri

222 3640 654 3704 obsecrationes,
735 3637 1033 3702 orationes,
1097 3636 1512 3706 postulationes,
1571 3635 1883 3703 gratiarum

226 3733 475 3787 actiones
519 3742 618 3798 pro
649 3725 897 3781 omnibus
954 3723 1286 3792 hominibus,
1316 3740 1417 3795 pro
1439 3725 1656 3794 regibus
1686 3733 1737 3778 et
1766 3739 1880 3778 om-

223 3819 399 3874 nibus
430 3817 534 3888 qui
557 3819 685 3870 sunt
705 3815 765 3868 in
784 3814 1122 3869 sublimitate
1141 3814 1430 3868 constituti
1461 3814 1505 3881 (l
1538 3813 1672 3866 Tim.
1706 3816 1771 3865 II.
1807 3812 1878 3882 1).

291 3908 446 3963 Nam
483 3909 542 3960 et
571 3905 777 3959 beatus
807 3901 988 3958 David
1021 3919 1155 3956 cum
1180 3906 1480 3972 peccatum
1503 3917 1677 3954 suum
1698 3899 1884 3955 Domi-

224 4013 297 4050 no
329 3995 734 4057 conﬁteretur,
769 3992 886 4056 ait;
918 3991 1049 4046 Tibi
1074 3991 1178 4045 soli
1218 3991 1444 4060 peccavi
1501 3989 1671 4061 (Psal.
1702 4006 1753 4058 L,
1803 3989 1881 4059 ὃ),

223 4088 412 4153 Quam
433 4081 791 4139 sententiam
807 4079 1258 4151 diligentissime
1274 4095 1568 4151 exponens
1581 4077 1884 4133 Gassiodo-

222 4191 324 4230 rus
348 4173 541 4228 dicit:
577 4191 602 4222 u
636 4170 715 4224 De
748 4168 962 4241 populo
995 4168 1043 4223 si
1105 4168 1239 4239 quis
1297 4166 1592 4236 erraverit,
1655 4172 1711 4221 et
1766 4166 1884 4221 Deo

228 4266 434 4335 peccat
465 4263 525 4316 et
558 4257 676 4331 regi
710 4274 722 4312 :
756 4274 889 4312 nam
914 4258 1148 4327 quando
1167 4273 1267 4312 rex
1289 4256 1595 4327 delinquit,
1625 4254 1736 4311 soli
1767 4255 1884 4310 Deo

229 4369 363 4408 reus
395 4353 512 4416 est,
548 4347 686 4419 quia
715 4345 1011 4402 hominem
1036 4363 1150 4400 non
1185 4345 1361 4401 habet
1402 4345 1503 4416 qui
1549 4345 1675 4415 ejus
1734 4344 1887 4399 facta

232 4440 542 4512 dijudicet.
577 4436 781 4492 Merito
813 4452 947 4508 ergo
980 4453 1077 4490 rex
1105 4436 1222 4491 Deo
1244 4440 1472 4490 tantum
1495 4434 1639 4489 dicit
1668 4452 1728 4489 se
1756 4450 1885 4505 pec-

234 4547 420 4596 casse,
451 4527 596 4599 quia
627 4526 788 4580 solus
819 4529 961 4580 erat.
998 4525 1096 4595 qui
1129 4525 1256 4594 ejus
1291 4523 1577 4595 potuisset
1626 4523 1886 4578 admissa

1989 3371 2161 3426 fidem
2196 3371 2482 3436 servabat,
2515 3375 2572 3425 et
2602 3387 2705 3442 pro
2735 3386 2799 3424 eo
2832 3385 2996 3425 orare
3026 3386 3140 3425 non
3173 3369 3493 3425 differebat.
3534 3373 3632 3425 De-

1990 3460 2167 3530 nique
2197 3459 2558 3514 enumeratis
2587 3458 2820 3528 injuriis
2834 3459 2904 3513 ab
2937 3474 3002 3514 eo
3022 3458 3501 3530 sibiinflictis,ait
3517 3476 3636 3514 rur-

1991 3565 2092 3603 sus
2123 3548 2242 3618 (lib,
2277 3566 2338 3614 ιι,
2379 3549 2534 3618 epist.
2606 3549 2631 3602 1
2667 3550 2728 3602 in
2768 3547 2943 3618 fine):
2979 3568 3007 3597 ‹‹
3070 3548 3226 3602 Inter
3282 3547 3401 3602 haec
3433 3549 3632 3604 omnia

1989 3637 2210 3692 incerta
2239 3637 2310 3691 ad
2342 3636 2497 3692 solas
2528 3635 3228 3706 lacrymasredeo,petens
3261 3639 3324 3691 nt
3343 3637 3490 3692 idem
3511 3654 3633 3693 om-

1992 3728 2260 3797 nipotens
2290 3726 2444 3780 Deus
2474 3725 2806 3796 piissimum
2839 3724 3143 3780 dominum
3163 3731 3428 3780 nostrum
3454 3730 3633 3782 etsua

1993 3815 2087 3871 hic
2119 3831 2296 3868 manu
2317 3812 2747 3886 regat,etinillo
2763 3813 3010 3868 terribili
3033 3813 3258 3884 judicio
3288 3812 3537 3868 liberum
3561 3814 3634 3869 ab

1993 3903 2269 3959 omnibus
2301 3901 2526 3956 delictis
2559 3901 2833 3955 inveniat.
2862 3923 2882 3949 ι»
2910 3901 3020 3956 Sed
3049 3902 3187 3972 quia
3213 3902 3499 3958 Dominus
3522 3903 3637 3958 sibi

1992 3991 2368 4047 commissam
2401 3990 2717 4044 vindictam
2749 4007 2863 4044 non
2885 3990 3133 4055 differat,
3165 3991 3354 4046 eidem
3370 3993 3636 4048 Mauritio

1994 4084 2198 4151 postea
2227 4083 2420 4150 aperte
2443 4078 2904 4132 demonstratum
2965 4083 3072 4132 est.
3132 4083 3344 4133 Beatus
3401 4096 3636 4152 quoque

1993 4167 2338 4224 Ambrosius
2369 4181 2500 4220 cum
2532 4165 2749 4235 injuste
2793 4170 3235 4236 persequeretur
3265 4183 3298 4221 a
3353 4167 3634 4239 principe,

1993 4262 2181 4313 totum
2215 4273 2276 4312 se
2307 4255 2553 4310 Domino
2573 4252 3147 4322 commendabat,nec
3169 4253 3531 4309 defendendo
3554 4272 3640 4312 re-

1996 4347 2200 4403 sistere
2229 4345 2546 4416 quaerebat.
2579 4341 2794 4398 Taliter
2825 4343 3155 4398 sacerdotes
3187 4342 3284 4398 Dei
3317 4359 3379 4400 se
3436 4350 3638 4402 contra

1997 4437 2230 4507 iniquos
2263 4434 2554 4506 principes
2587 4431 2816 4487 munire
2844 4432 3077 4488 debent.
3111 4431 3275 4486 Sicut
3305 4432 3386 4487 ait
3432 4433 3640 4490 beatus

2001 4524 2210 4580 Paulus
2243 4522 2578 4594 apostolus:
2613 4525 2734 4576 Non
2782 4524 3128 4592 vosmetipsos
3184 4521 3445 4594 defentes,
3503 4523 3637 4579 cha-

223 4618 589 4674 discutere.»
622 4615 730 4670 Sed
765 4615 903 4685 quid
935 4614 1246 4669 dicendum
1265 4617 1353 4668 est
1369 4613 1439 4667 de
1460 4612 1736 4667 omnibus
1754 4611 1885 4668 aliis
1917 4635 1962 4699 Ι)
1994 4615 2182 4669 rissmi
2233 4613 2325 4667 sed
2353 4612 2475 4667 dale
2505 4612 2685 4667 locum
2714 4612 2833 4665 irae.
2861 4611 3134 4682 Scriptum
3156 4619 3238 4666 est
3263 4629 3280 4665 :
3333 4613 3465 4667 Mihi
3519 4615 3642 4667 vtn-

237 4707 458 4763 sanctis
491 4704 832 4759 doctoribus
855 4704 912 4758 i-n
936 4703 1043 4758 hoc
1066 4701 1568 4758 consentientibus
1586 4702 1612 4756 ?
1630 4703 1736 4768 Qui
1752 4717 1883 4757 vero

240 4801 445 4852 contra
476 4795 589 4848 hos
620 4808 822 4848 omnes
852 4792 1152 4848 calcitrare
1182 4791 1445 4856 voluerit,
1481 4790 1702 4865 liquido
1737 4795 1892 4862 patet

245 4886 380 4956 quia
411 4901 482 4940 ex
515 4881 837 4937 Dominicis
867 4883 1072 4938 ovibus
1104 4898 1219 4936 non
1260 4881 1387 4948 erit,
1419 4896 1617 4936 vocem
1658 4880 1892 4936 Domini

247 4991 361 5029 non
384 4973 575 5039 audit,
612 4971 829 5026 bonum
861 4977 1155 5043 pastorem
1172 4987 1283 5024 non
1306 4968 1622 5042 cognoscit,
1649 4986 1888 5040 pascen-

250 5066 360 5117 tem
389 5063 530 5117 oves
563 5075 677 5114 non
701 5057 1894 5133 intelligit,magistrumspernit.Superest

251 5154 311 5205 ut
339 5151 433 5205 l‘ur
463 5149 544 5204 sit
565 5153 621 5204 et
653 5147 820 5215 latro,
853 5155 1061 5206 mactet
1095 5152 1152 5203 et
1191 5149 1411 5218 perdat.
1459 5148 1531 5203 Et
1561 5146 1610 5199 si
1652 5146 1710 5199 in
1759 5147 1895 5203 ovili

581 5252 642 5266 nn
658 5239 934 5266 nnnnn:n;L
1308 5239 1459 5266 ιςνιᾹΛ
1485 5233 1570 5266 Ινήι
1599 5237 1889 5266 ΠΙῚΛΜΛᾹΛ

1993 4704 2213 4771 dictam,
2245 4717 2338 4771 ego
2370 4701 2690 4768 retribuam,
2721 4700 2857 4755 dicit
2901 4701 3162 4756 Dominus
3191 4701 3363 4770 (Rom.
3397 4717 3498 4770 xu,
3533 4701 3642 4771 17).

1999 4793 2144 4847 Nam
2175 4789 2357 4846 armis
2388 4789 2640 4853 delendi,
2675 4789 3103 4858 depraedatione
3131 4789 3220 4844 vel
3250 4788 3646 4844 devastatione

1999 4879 2504 4950 vindicari,praeda
2518 4877 2710 4943 ditari,
2727 4877 2812 4932 vel
2826 4877 3142 4934 homicidio
3156 4877 3244 4932 vel
3258 4877 3651 4932 dévastatione

2000 4968 2303 5034 vindicari,
2337 4970 2532 5040 praeda
2562 4967 2755 5034 ditari,
2787 4966 3196 5024 velhomicidio
3211 4964 3296 5020 vel
3339 4966 3653 5020 detrunca-

2001 5060 2158 5118 tione
2187 5059 2528 5126 timeri,non
2566 5056 3068 5124 sacerdotum,sed
3083 5055 3413 5109 daemonum
3445 5052 3658 5110 est.Ait

2003 5163 2260 5220 namque
2291 5146 2498 5203 beatus
2529 5144 2703 5199 David
2732 5160 2743 5196 :
2779 5145 2959 5202 Nolite
2988 5158 3208 5215 sperare
3241 5142 3296 5195 in
3332 5143 3656 5211 iniquitate:

2097 5242 2141 5266 θ-.
2180 5237 2403 5266 ..ι-κη’..ιή
2432 5236 2596 5266 ...ΑΙΗΑ
2627 5239 3006 5266 μηνυηη-ιέριιηνο
3035 5230 3182 5266 {Dcnl
3239 5246 3320 5266 ινι
3383 5230 3470 5266 44)
3499 5229 3658 5266 Talin

2108 5257 2141 5266 Α.
2180 5237 2403 5266 «an4.~an'n
2432 5236 2596 5266 MA";‘A
2627 5249 2753 5266 nnnn
