4030 5310
396 426 470 480 Slll
1420 417 1754 476 ATTQNIS
1802 419 2381 478 VERGICLLENSIS
2434 420 2774 479 ICPISCODI

3681 420 3802 480 lOO

392 554 603 626 aliquid
633 554 921 609 aduersum
951 553 1034 606 te:
1068 550 1315 620 relinque
1344 550 1423 603 ibi
1452 565 1653 604 munus
1703 552 1856 605 iuum
1913 564 2039 605 ante
2067 558 2112 617 Α
2153 552 2299 605 ﬁdite
2334 552 2714 623 impietatem.
2748 551 3792 623 Jurantenimregibussuis,etﬁdem

391 644 583 711 altare,
616 646 669 697 et
698 640 831 697 vade
861 641 1011 709 prius
1032 638 1383 693 reconciliari
1438 640 1607 708 fratri
1654 649 1763 704 tuo,
1824 648 1873 694 et
1911 648 2039 694 tunc

386 735 603 789 veniens
633 732 827 802 oﬂeres
858 745 1059 785 munus
1090 733 1245 783 tuum
1278 727 1481 799 (Matth.
1514 728 1768 799 v,23,24)
1827 771 1838 782 .

390 864 403 877 .
486 863 497 874 .
579 863 591 875 .
674 861 686 873 .
768 861 779 873 .
864 818 1219 871 .adversum
1254 832 1360 870 nos
1392 815 2032 883 haberesontimus,sa-

393 908 675 963 oriﬁcium
712 912 822 964 Deo
855 905 1189 961 nullatenus
1217 905 1420 959 offerre
1452 905 1752 960 debemus.

460 998 648 1070 Igitur
661 1014 787 1069 quae
803 998 871 1051 de
895 995 1179 1067 perversis
1206 994 1437 1064 regibus
1453 996 1735 1049 servanda
1755 994 2030 1049 ﬁdelitate

384 1089 499 1143 huc
530 1105 716 1159 usque
746 1086 1025 1151 diximus,
1066 1084 1193 1139 ideo
1241 1084 1517 1138 adnotare
1575 1084 1924 1153 curavimus,
1966 1089 2031 1140 ut

382 1178 587 1233 exinde
618 1176 939 1247 intelligere
961 1174 1507 1243 valeamus,quanta
1528 1171 1827 1245 diligentia
1849 1190 2029 1244 quan-

382 1272 558 1337 taque
590 1264 816 1321 cautela
846 1263 1016 1319 bonis
1045 1263 1280 1318 obedire
1313 1261 1889 1332 debeamus,quando
1924 1278 2027 1316 nec

381 1356 555 1411 etiam
588 1354 774 1409 malos
805 1370 838 1409 a
863 1352 1116 1408 subditis
1170 1351 1462 1405 vexandos
1518 1366 1646 1404 esse
1695 1366 2023 1406 monemur.

381 1444 542 1509 Quod
576 1444 623 1498 si
653 1445 737 1498 ira
771 1440 1049 1513 principis
1080 1439 1138 1494 in
1163 1428 1794 1509 tantum‘desaeviatﬁel
1827 1439 1875 1494 si
1906 1442 2023 1494 tam

380 1532 573 1605 gravis
608 1531 778 1586 fuerit
810 1529 1074 1601 culpa,ut
1096 1528 1164 1583 ad
1189 1529 1316 1597 ejus
1333 1527 1580 1598 gratiam
1603 1527 1881 1581 redeundi
1901 1528 2023 1582 adi-

380 1626 477 1675 tus
508 1618 666 1675 nullo
698 1619 869 1675 modo
897 1617 1237 1690 reperiatur,
1269 1632 1455 1687 neque
1488 1616 1826 1671 sacerdotali
1852 1617 2025 1671 inter-

376 1713 571 1777 ventu,
607 1725 792 1777 neque
826 1710 1165 1778 magnatum
1190 1704 1683 1776 precibus,verum
1719 1705 1893 1759 etiam
1919 1721 2021 1760 nec

380 1796 758 1853 familiarium
794 1793 1057 1850 consiliis
1074 1792 1159 1848 vel
1184 1792 2022 1864 supplicationibus,nullaquo

376 1886 775 1941 satisfactione
807 1884 993 1957 ipsius
1026 1883 1259 1937 animus
1283 1881 1497 1952 placari
1532 1881 1737 1952 possit,
1771 1885 1908 1934 tunc
1932 1881 2017 1934 fu-

374 1975 655 2047 giendum
688 1991 816 2029 esse
840 1972 1227 2036 consulimus,
1262 1971 1489 2025 dicente
1530 1970 1774 2024 Domino
1800 1985 1812 2023 :
1837 1970 1896 2023 Si
1931 1986 2019 2024 vos

372 2066 653 2132 persecuti
672 2065 883 2134 fuerint
898 2064 954 2116 in
976 2078 1090 2115 una
1111 2062 1330 2115 civitate
1348 2060 1520 2130 fugite
1533 2062 1590 2114 in
1607 2061 1777 2114 aliam
1810 2060 2014 2129 (Matth.

371 2171 425 2220 x,
456 2153 570 2224 23),
599 2153 780 2207 donec
813 2152 1005 2205 mittat
1022 2149 1305 2204 Dominus
1328 2148 1606 2203 auxilium
1632 2149 1701 2202 de
1733 2152 2019 2215 sancto,et

373 2244 441 2297 de
464 2240 689 2297 excelso
706 2240 1052 2296 misereatur
1065 2238 1436 2309 omnipotens
1465 2238 1891 2303 Congruentius
1915 2236 2016 2291 ita-

371 2346 481 2401 que
514 2330 633 2383 ﬁeri
660 2332 871 2399 potest,
905 2331 967 2380 ut
995 2326 1206 2398 aliquis
1238 2341 1542 2397 procerum
1576 2326 1826 2379 furorem
1863 2326 2015 2397 regis

370 2418 460 2474 sui
493 2415 1235 2489 fugiendozdeclinetajuam
1268 2430 1365 2467 rex
1395 2413 1545 2467 infra
1568 2414 1657 2468 sui
1691 2414 2014 2484 regniﬁnes

368 2505 747 2561 rebellantem
782 2504 1087 2559 adversum
1121 2519 1180 2557 se
1210 2502 1475 2574 persequi
1510 2502 1759 2557 omittat.
1784 2502 2015 2557 Audivi-

368 2612 499 2651 mus
532 2594 743 2650 etenim
774 2593 1060 2665 quosdam
1092 2592 1175 2646 sic
1216 2592 1547 2655 evadentes,
1598 2591 1668 2645 ad
1735 2591 2012 2661 pristinos

366 2684 741 2757 postmodum
773 2681 1107 2737 felicissime
1129 2696 1419 2735 remeasse
1442 2680 2009 2745 bonores.Qnosdam

363 2790 495 2828 vero
528 2770 1423 2845 pertinaciterintrantes,usque
1446 2769 1619 2823 etiam
1654 2769 1722 2822 ad
1757 2774 2012 2824 contem-

364 2862 628 2933 ptibilem
660 2860 877 2914 exitum
909 2857 1265 2930 pervenisse,
1298 2858 1398 2911 Est
1429 2857 1583 2911 enim
1618 2856 1881 2912 naturale
1922 2874 2010 2911 re-

367 2951 647 3017 medium,
683 2954 747 3003 ut
777 2948 877 3019 qui
910 2964 1012 3019 pro
1044 2946 1376 3001 diversitate
1409 2963 1636 3001 morum
1672 2946 1847 3000 simul
1878 2963 2009 3017 per-

367 3055 601 3095 manere
633 3055 747 3092 non
782 3041 1074 3109 poterunt,
1110 3036 1359 3105 majores
1393 3036 1646 3091 minores
1698 3035 2006 3105 expellant,

368 3128 621 3184 minores
652 3126 813 3199 ipsos
845 3127 1095 3196 majores
1127 3124 1372 3196 fugiant,
1404 3125 1548 3179 Nam
1583 3129 1645 3177 ut
1677 3142 1708 3178 a
1755 3124 2009 3179 subditis

366 3215 659 3289 praepositi
688 3213 1022 3270 violentiam
1054 3213 1153 3268 diu
1187 3213 1502 3285 patiantur,
1551 3213 2006 3283 ignominiosum

2150 657 2324 711 quam
2359 641 2705 711 pollicentur
2734 640 3315 712 praevaricanturmec
3337 646 3607 697 metuunt
3626 642 3794 697 volu-

2148 746 2277 785 men
2310 729 2453 783 illud
2484 730 2683 800 iudicii
2708 730 2938 801 Dei,per
2958 730 3110 800 quod
3134 729 3410 785 indicitur
3432 730 3790 788 maledictio.

2144 819 2441 889 Multaque
2472 824 2560 873 est
2592 836 2894 891 poenarum
2928 818 3302 873 comminatio
3336 836 3512 890 super
3535 835 3654 888 eos,
3688 821 3793 892 qui

2134 909 2339 979 jurant
2369 908 2427 963 in
2460 908 2693 963 nomine
2725 908 2825 962 Dei
2858 908 3231 962 mendaciter.
3265 910 3398 975 Qua:
3432 908 3611 979 igitur
3653 926 3791 980 spes

2140 995 2356 1053 talibus
2392 997 2621 1068 populis
2654 1002 2857 1052 contra
2888 997 3087 1051 hostes
3120 996 3520 1051 laborantibus
3541 996 3791 1052 ‘lEritne

2140 1085 2283 1139 ﬁdes
2299 1086 2450 1140 ultra
2463 1103 2595 1140 cum
2612 1086 3027 1158 aliisgentibus
3042 1087 3098 1140 in
3123 1086 3561 1157 pacecredenda
3578 1087 3785 1149 ‘?Quod

2139 1174 2327 1230 fcedus
2348 1192 2459 1230 non
2482 1176 2816 1230 violandum
2833 1176 2860 1229 ?
2878 1176 3081 1239 Quaain
3104 1175 3579 1245 hostibusjurata
3603 1190 3785 1245 spon-

2138 1263 2224 1317 sio
2258 1264 2643 1335 permanebit,
2669 1264 2902 1335 quando
2932 1280 3036 1318 nec
3056 1263 3521 1335 ipsius.propriis
3544 1263 3789 1335 regibus

2128 1354 2387 1423 juratam
2421 1354 2592 1407 ﬁdem
2622 1353 3010 1407 conservant?
3036 1352 3141 1415 Qui
3173 1353 3329 1406 enim
3352 1353 3493 1407 adeo
3526 1352 3790 1407 furiosus

2135 1447 2243 1507 est,
2272 1443 2367 1513 qui
2401 1447 2575 1513 caput
2615 1460 2787 1496 suum
2823 1459 2997 1497 manu
3033 1442 3266 1513 prepria
3297 1442 3572 1496 desecet'l
3601 1441 3670 1495 Et
3697 1440 3786 1495 illi

2135 1537 2199 1584 ut
2222 1536 2425 1585 notum
2455 1531 2941 1596 est,immemores
2971 1530 3177 1585 salutis
3200 1547 3317 1585 sua:
3341 1529 3577 1601 propria
3599 1546 3780 1584 manu

2133 1618 2357 1689 seipsos
2382 1618 2808 1687 interimunt,in
2828 1621 3172 1690 semetipsos
3200 1618 3582 1690 prepriosque
3611 1634 3780 1690 reges

2133 1723 2273 1761 suas
2304 1709 2687 1762 convertendo
2718 1708 2890 1763 vires.
2932 1708 3002 1761 Et
3049 1708 3188 1761 dum
3240 1706 3526 1762 Dominus
3584 1705 3780 1760 dicat:

2130 1796 2316 1850 Nolite
2344 1802 2571 1864 tangere
2600 1796 2828 1850 ehristos
2860 1812 3001 1851 meos
3032 1796 3201 1865 (Psal.
3235 1813 3345 1859 CIV,
3383 1795 3489 1865 45).
3544 1797 3611 1849 Et
3664 1799 3780 1849 Da-

2130 1883 2261 1938 vid:
2298 1885 2455 1952 Quis,
2489 1885 2698 1955 inquit,
2736 1884 2962 1939 emendet
2986 1902 3213 1938 manum
3232 1901 3390 1938 suam
3408 1886 3467 1938 in
3506 1883 3782 1938 rhristum

2128 1972 2365 2037 Domini,
2400 1982 2449 2029 et
2480 1976 2738 2029 innocens
2770 1976 2875 2028 erit
2902 1974 2929 2026 ?
2956 1973 3001 2044 (I
3032 1975 3153 2044 Reg.
3188 1990 3337 2039 xxvx,
3368 1972 3445 2038 9.)
3493 1971 3612 2026 Illis
3672 1988 3783 2026 nec

2126 2061 2306 2117 vitare
2339 2067 2529 2118 metus
2559 2070 2611 2117 et
2637 2062 2980 2134 perjurium,
3016 2079 3120 2117 nec
3152 2062 3383 2133 regibus
3415 2061 3540 2115 suis
3564 2061 3782 2116 inferre

2126 2150 2677 2207 exitium.IIostibus
2713 2152 2928 2223 quippe
2961 2152 3103 2206 ﬁdes
3135 2150 3287 2222 pacti
3336 2151 3641 2216 datur,nec
3661 2150 3782 2204 vio-

2128 2240 2299 2294 latur.
2338 2241 2495 2306 Quod
2529 2242 2575 2296 si
2608 2241 2666 2295 in
2691 2240 2840 2297 bello
2874 2241 3016 2295 ﬁdes
3046 2239 3215 2305 valet,
3252 2244 3468 2311 quanto
3501 2238 3690 2310 magis
3715 2239 3776 2292 in

2127 2330 2249 2385 suis
2281 2330 2567 2384 servanda
2592 2331 2725 2384 est?
2755 2328 3135 2400 Sacrilegium
3170 2329 3385 2400 quippe
3406 2323 3495 2383 eat
3526 2328 3572 2382 si
3596 2326 3776 2381 viole-

2122 2423 2220 2472 tur
2245 2436 2277 2473 a
2308 2419 2581 2489 gentibus
2614 2434 2815 2489 regum
2850 2434 3089 2472 suorum
3123 2419 3413 2487 promissa
3443 2417 3606 2485 ﬁdes,
3634 2415 3781 2486 quia

2126 2523 2240 2561 non
2273 2506 2459 2562 solum
2495 2506 2552 2560 in
2580 2523 2677 2561 eos
2712 2507 2775 2561 ﬁt
2805 2506 3022 2577 peccati
3060 2504 3465 2576 transgressio,
3488 2506 3587 2559 sed
3621 2510 3679 2559 et
3712 2506 3775 2562 in

2123 2595 2307 2650 Deum
2333 2597 2590 2667 quidem,
2623 2596 2679 2649 in
2706 2595 2875 2663 cujus
2907 2592 3141 2649 nomine
3167 2593 3475 2665 pollicetur
3496 2594 3623 2665 ipsa
3642 2610 3778 2665 pro~

2123 2684 2347 2739 missio.
2383 2685 2519 2739 Inde
2550 2688 2656 2748 est,
2678 2682 2843 2754 quod
2888 2682 3072 2738 multa
3094 2700 3273 2754 regna
3302 2687 3586 2737 terrarum
3604 2683 3775 2739 coale-

2122 2774 2229 2827 stis
2262 2772 2562 2827 iracundia
2595 2772 2705 2827 ista
2738 2772 3179 2843 permutavit,ut
3208 2772 3513 2843 impietate
3558 2771 3691 2827 ﬁdei
3711 2778 3775 2827 et

2122 2877 2353 2916 morum
2388 2860 2635 2915 alterum
2672 2862 2742 2916 ab
2766 2860 2943 2915 altero
2978 2860 3314 2915 solveretur.
3366 2860 3528 2915 Unde
3561 2864 3615 2914 et
3658 2877 3773 2916 nos

2121 2966 2317 3006 cavere
2349 2955 2573 3021 oportet
2609 2968 2807 3005 casum
2843 2950 3180 3019 hujusmodi
3217 2950 3583 3021 gentium,ne
3607 2949 3774 3003 simi-

2119 3039 2253 3093 liter
2282 3038 2453 3111 plaga
2487 3038 2761 3093 feriamur
2792 3037 3092 3109 praecipiti,
3122 3042 3179 3091 et
3221 3055 3389 3108 pcena
3447 3037 3770 3109 puniamur

2119 3127 2339 3184 crudeli
2368 3129 2425 3183 Si
2457 3128 2609 3183 enim
2649 3133 2794 3182 Deus
2826 3127 3048 3198 angelis
3080 3126 3137 3180 in
3161 3143 3222 3181 se
3246 3126 3769 3198 praevaricantibus

2119 3234 2231 3271 non
2267 3217 2538 3288 pepercit,
2578 3216 2675 3287 qui
2712 3233 2812 3287 per
2843 3216 3295 3270 ibobedientiam
3330 3214 3559 3269 coeleste
3596 3215 3768 3269 babi-

367 3312 475 3363 est.
512 3306 596 3361 Ait
629 3305 783 3360 enim
815 3303 1138 3359 Dominus:
1199 3304 1315 3357 Non
1370 3306 1449 3355 est
1503 3303 1807 3371 discipulus
1846 3316 2008 3371 super
2040 3288 2081 3352 C
2120 3305 2376 3359 tacuium
2410 3305 2788 3375 perdiderunt
2819 3320 2830 3355 :
2866 3304 3019 3357 unde
3051 3308 3107 3357 et
3137 3319 3237 3372 per
3296 3302 3509 3355 Isaiam
3568 3302 3711 3357 dicit
3747 3322 3761 3359 ;

364 3400 714 3465 magistrum,
772 3409 946 3465 neque
1015 3407 1196 3446 servus
1278 3407 1442 3461 super
1513 3390 1799 3444 dominum
1845 3406 2006 3443 suum

366 3480 1038 3557 (lbid.,2-’i).Venerabilis
1057 3480 1231 3534 etiam
1256 3479 1511 3533 Joannes
1552 3478 2003 3550 Chrysostomus

365 3575 421 3629 in
451 3573 703 3644 quadam
736 3548 1072 3625 bomiliasic
1096 3567 1211 3621 ait:
1236 3588 1257 3613 er
1289 3566 1623 3621 Sicutenim
1655 3567 1997 3621 videmusin

363 3663 493 3718 istis
524 3658 924 3715 mundialibus
956 3655 1149 3728 regnis
1181 3656 1473 3726 quomodo
1508 3656 1562 3708 in
1620 3655 1825 3725 primis
1878 3656 2005 3725 qui-

362 3753 493 3806 dem
528 3765 697 3804 nemo
732 3750 923 3818 potest
954 3746 1139 3800 facere
1172 3744 1430 3815 seipsum
1456 3744 1777 3813 regem,scd
1814 3761 2001 3814 popu—

359 3840 454 3896 lus
485 3838 647 3910 eligit
677 3837 787 3892 sibi
817 3852 1032 3907 regem,
1068 3850 1239 3905 quem
1259 3832 1418 3887 vult:
1454 3832 1554 3887 sed
1589 3848 1719 3886 cum
1755 3849 1851 3887 rex
1906 3832 2001 3887 ille

360 3930 534 3985 fuerit
566 3929 751 3982 factus
785 3930 840 3980 et
867 3923 1247 3979 conﬁrmatus
1293 3922 1351 3977 in
1399 3938 1598 3993 regno,
1647 3923 1768 3990 jam
1826 3921 2001 3977 habet

358 4016 781 4090 potestatemin
824 4013 1185 4077 hominibus,
1245 4016 1299 4064 et
1330 4027 1443 4065 non
1508 4014 1693 4081 potest
1747 4010 1998 4083 populus

351 4108 565 4179 jugum
597 4106 725 4175 ejus
757 4103 826 4158 de
857 4100 1075 4157 cervice
1106 4118 1213 4155 sua
1244 4100 1693 4172 repellere.Nam
1742 4100 1994 4169 primum

358 4197 593 4267 quidem
629 4194 687 4248 in
720 4196 1003 4265 potestate
1038 4189 1235 4262 p0puli
1268 4193 1356 4243 est
1394 4189 1583 4244 facere
1630 4188 1741 4243 sibi
1802 4204 1993 4260 regem

357 4302 529 4356 quem
584 4284 745 4351 vult;
807 4282 1022 4337 factum
1084 4284 1277 4333 autem
1338 4278 1408 4331 de
1467 4294 1638 4347 regno
1699 4276 1994 4349 repellere,

346 4375 473 4445 jam
508 4389 621 4427 non
653 4376 741 4426 est
771 4372 827 4425 in
859 4372 1141 4440 potestate
1166 4368 1315 4437 ejus,
1348 4370 1405 4421 et
1436 4366 1517 4421 sic
1565 4365 1834 4420 voluntas
1894 4384 1993 4438 po-

356 4461 479 4534 puli
513 4464 715 4532 postea
742 4458 801 4512 in
835 4455 1239 4511 necessitatem
1299 4454 1674 4509 convertitur.
1713 4477 1739 4501 ››
1800 4456 1995 4510 Sancti

355 4566 584 4621 quoque
607 4549 803 4603 Patres
825 4562 991 4601 sacra
1011 4543 1370 4599 celebrantes
1393 4541 1767 4614 concilia,pro
1791 4545 1993 4599 robore

355 4653 558 4709 regum
592 4641 649 4692 et
679 4634 994 4691 stabilitate
1026 4632 1184 4705 regni
1220 4631 1603 4705 sagacissime
1626 4632 1995 4703 protulerunt
2024 4656 2069 4719 D
2103 4650 2324 4689 eorum.
2355 4636 2556 4689 Amen.
2596 4656 2621 4682 »
2670 4634 2739 4687 Et
2803 4648 2977 4686 nunc.
3024 4673 3035 4684 .
3083 4673 3095 4685 .
3138 4673 3149 4685 .
3197 4673 3208 4685 .
3255 4673 3266 4685 .
3315 4672 3326 4685 .
3375 4673 3384 4683 .
3432 4673 3443 4684 .

353 4729 603 4781 decreta.
640 4726 721 4780 Ex
752 4722 993 4779 concilio
1024 4722 1300 4777 Toletano
1327 4738 1451 4794 cap.
1495 4723 1584 4789 75,
1637 4727 1767 4793 post
1823 4722 1991 4777 insti-

349 4820 476 4869 tuta
507 4815 769 4887 quzedam
804 4812 1175 4867 ecclesiastici
1207 4812 1448 4871 ordinis,
1475 4811 1557 4865 vel
1593 4812 1823 4866 decreta
1865 4827 1994 4882 quae

352 4904 420 4958 ad
456 4902 842 4975 quorumdam
877 4901 1168 4972 pertinent
1208 4900 1596 4972 disciplinam.
1632 4924 1657 4949 ‹‹
1694 4904 1992 4954 Postrema

351 4993 519 5048 nobis
542 4992 767 5047 cunctis
799 4992 1197 5046 sacerdotibus
1220 4990 1507 5045 sententia
1532 4994 1747 5060 est,pro
1787 4990 1991 5045 robore

2117 3394 2434 3450 Inebriatus
2463 3400 2541 3447 est
2571 3391 2787 3459 gladius
2818 3408 2968 3445 meus
3016 3392 3072 3444 in
3107 3392 3237 3444 (telo
3285 3390 3417 3459 (Isai
3467 3406 3635 3445 xxxrv
3659 3392 3716 3461 5)
3746 3409 3760 3446 :

2114 3488 2331 3553 quanto
2366 3480 2552 3553 magis
2585 3484 2790 3535 nostris
2810 3478 3329 3533 salutisinteritum
3354 3477 3560 3534 timere
3582 3479 3763 3535 debe-

2115 3587 2267 3637 mus,
2302 3587 2374 3624 ne
2404 3586 2503 3641 per
2533 3568 2933 3622 inﬁdelitatem
2976 3568 3240 3622 eamdem
3301 3566 3592 3623 saevientis
3652 3569 3758 3623 Dei

2113 3658 2304 3730 giadio
2320 3657 2664 3730 pereamus?
2681 3657 2839 3719 Quod
2858 3657 2904 3709 si
2923 3656 3177 3710 divinam
3193 3656 3555 3711 iracundiam
3570 3657 3757 3713 vitare

2111 3748 2402 3814 volumus,
2436 3751 2490 3801 et
2522 3746 2886 3801 severitatem
2920 3745 3047 3816 ejus
3074 3746 3141 3799 ad
3177 3744 3545 3800 clementiam
3587 3761 3752 3799 revo-

2111 3854 2239 3892 care
2271 3836 2543 3907 cupimus
2568 3837 2677 3903 (53)
2712 3851 2781 3889 ne
2802 3851 2918 3888 una
2940 3851 3071 3889 cum
3100 3834 3182 3888 eis
3207 3834 3303 3904 qui
3328 3834 3525 3888 eadem
3553 3834 3755 3904 coniu-

2110 3926 2327 3980 ratione
2360 3926 2628 3979 nituntur
2658 3942 2762 3996 par
2786 3940 2955 3995 poma
2985 3923 3325 3994 perditionis
3368 3923 3752 3994 constringat,

2109 4032 2255 4085 quos
2286 4015 2345 4069 in
2379 4014 2629 4083 pernicie
2661 4030 2836 4084 prava
2868 4014 3115 4067 societas
3146 4012 3395 4083 copulat.
3444 4012 3501 4065 Si
3565 4012 3752 4083 placet

2107 4104 2381 4159 omnibus
2412 4102 2510 4173 qui
2544 4102 2761 4157 adestis
2793 4102 2911 4155 haec
2942 4101 3116 4171 tertip
3150 4100 3417 4155 reiterata
3439 4102 3747 4171 sententia,

2105 4197 2309 4247 vestra:
2341 4192 2497 4247 vocis
2528 4208 2654 4247 eam
2680 4207 2967 4245 consensu
3034 4190 3283 4244 ﬁrmate.
3345 4190 3428 4243 Ab
3477 4189 3747 4245 universo

2106 4281 2257 4336 clero
2290 4285 2346 4336 et
2377 4279 2589 4352 populo
2622 4280 2841 4333 dictum
2874 4282 2997 4333 est:
3025 4301 3051 4327 «
3080 4277 3184 4341 Qui
3229 4281 3427 4332 contra
3475 4277 3622 4332 hanc
3651 4294 3748 4331 ve-

2104 4374 2285 4424 stram
2318 4368 2715 4423 deﬁnitionem
2750 4366 3753 4438 przesumpserit,anatbema,mara-

2104 4458 2301 4522 natha,
2339 4457 2445 4512 hoc
2479 4462 2567 4511 est
2598 4454 2848 4527 perditio
2879 4454 2939 4509 in
2998 4456 3245 4509 adventu
3305 4454 3530 4509 Domini
3562 4454 3660 4519 sit,
3693 4458 3752 4507 et

2102 4562 2233 4600 cum
2258 4546 2412 4600 Juda
2444 4543 2721 4599 Iscarioth
2757 4547 2978 4614 partem
3013 4542 3245 4611 habeat,
3272 4547 3327 4597 et
3348 4542 3491 4613 ipse,
3526 4547 3582 4597 et
3605 4541 3747 4597 socii

3462 4632 3481 4655 \

2108 4765 2119 4778 .
2167 4766 2177 4777 .
2226 4765 2237 4777 .
2287 4766 2297 4777 .
2345 4766 2355 4777 .
2402 4764 2416 4778 .
2463 4764 2474 4775 .
2523 4764 2534 4776 .
2583 4764 2595 4776 .
2642 4745 2715 4776 .‹‹
2752 4721 3101 4791 Quanquam
3124 4719 3449 4774 inconcilio
3472 4718 3744 4775 anteriori

2104 4814 2257 4884 quod
2292 4829 2443 4866 anno
2474 4813 2661 4881 primo
2695 4810 3099 4882 gloriosissimi
3135 4808 3415 4881 principis
3468 4809 3649 4863 nostri
3674 4809 3743 4862 de

2102 4902 2438 4971 hujusmodi
2474 4918 2532 4955 re
2565 4900 2736 4955 fuerit
2766 4899 3132 4969 promulgata
3170 4898 3478 4963 sententia,
3544 4903 3740 4952 tamen

2100 4990 2288 5062 placet
2320 4991 2527 5044 iterare
2559 4990 2774 5059 (concil.
2813 4988 2964 5043 Tolet
3018 5004 3092 5052 v1,
3128 5004 3175 5041 c.
3214 4988 3300 5054 17)
3332 4986 3485 5057 quod
3537 5002 3742 5040 conve-
