4030 5310
201 382 310 446 105

1691 382 2123 452 EPISTOL/E.

3489 396 3606 457 106

204 517 442 574 bibendi
459 516 1092 592 vinum,quousquead
1112 537 1279 577 suam
1301 524 1563 579 sanctam
1582 527 1851 594 matrem,
1883 526 1937 591 Α
1966 523 2201 594 injuria.
2227 524 2428 596 Fugite
2458 541 2615 597 ergo,
2644 525 2872 596 fratres,
2897 526 2969 583 ab
3001 525 3110 583 hac
3132 526 3419 584 stultitia:
3448 546 3514 584 su
3526 530 3609 585 fﬁ-

206 608 429 665 scilicet
456 608 884 665 Vercellensem
920 609 1253 678 Ecclesiam,
1290 617 1670 683 nostramque
1709 630 1852 685 prae-

205 695 450 753 sentiam
504 699 574 753 ad
625 698 1105 769 satisfactionem,
1137 717 1453 771 veramque
1503 700 1853 773 pmnitentize

206 787 599 842 humilitatem
616 787 978 858 judicandus
1000 788 1287 845 adveniat.
1310 790 1367 844 Si
1388 789 1521 861 quis
1543 794 1736 846 autem
1762 807 1855 844 su-

205 875 402 949 perbia
431 874 670 931 inﬂatus
693 881 896 933 contra
925 878 1033 933 hoc
1064 894 1233 949 agere
1264 880 1590 947 tentaverit,
1615 880 1761 935 sciat
1790 895 1852 935 se

206 965 278 1019 ab
304 964 570 1020 Ecclesiae
597 964 909 1022 liminibus
939 966 1297 1039 pellendum,
1321 971 1379 1023 et
1410 986 1443 1023 a
1474 973 1677 1024 sancta
1699 984 1854 1025 com-

207 1053 482 1109 munione
506 1058 846 1111 extraneum
873 1073 886 1122 ;
920 1058 1312 1127 omnibusque
1334 1056 1605 1113 fidelibus
1627 1059 1850 1113 abomi-

200 1143 490 1212 nandum,
520 1145 703 1200 donec
752 1150 965 1201 sanctae
1007 1146 1276 1203 Ecclesiae
1306 1147 1630 1219 susceperit
1661 1163 1849 1202 corre-

203 1232 480 1306 ptionem,
506 1236 625 1289 tam
658 1234 785 1305 ipse
817 1250 993 1306 quam
1016 1252 1220 1292 omnes
1252 1236 1353 1307 qui
1387 1236 1499 1307 ipsi
1529 1236 1853 1291 communi-

201 1326 677 1394 cant,postquam
696 1339 830 1379 eum
852 1324 1029 1380 talem
1053 1324 1459 1397 cognoverint;
1482 1325 1850 1381 sacerdotum

199 1426 327 1468 vero
352 1413 403 1467 si
432 1412 567 1484 quis
591 1413 858 1481 fortasse,
877 1413 1032 1485 quod
1061 1412 1216 1469 Deus
1241 1417 1483 1482 avertat,
1506 1413 1606 1470 tali
1628 1414 1852 1470 abomi-

200 1500 433 1557 natione
487 1500 750 1573 pollutus
799 1502 994 1568 fuerit,
1042 1502 1273 1558 nullum
1326 1502 1586 1558 divinum
1640 1503 1854 1559 audeat

200 1605 489 1663 usurpare
536 1591 905 1662 mysterium,
955 1591 1137 1646 donec
1191 1591 1431 1663 dignam
1482 1591 1618 1663 Deo,
1652 1596 1853 1649 nostro

193 1679 417 1751 judicio
466 1680 759 1753 persolvat
801 1681 1282 1736 satisfactionem.

785 1768 1133 1824 EPISTULA
1172 1770 1267 1823 IV.

491 1874 564 1912 AD
605 1873 793 1913 OMNES
833 1874 1059 1913 FIDELES
1100 1874 1227 1913 SUzE
1266 1874 1564 1914 DIOECESIS.

266 1946 419 2001 A'rro
472 1947 660 2019 gratia
716 1947 816 2002 Dei
873 1946 1117 2003 humilis
1174 1947 1505 2019 episcopus,
1559 1947 1849 2002 universis

200 2035 474 2091 ﬁdelibus
522 2039 733 2091 nostris
781 2035 1067 2103 Ecclesiae,
1103 2036 1405 2109 notrisque
1448 2035 1851 2093 dilectissimis

204 2124 331 2180 ﬁliis
371 2140 484 2196 pax
513 2124 592 2180 sit
631 2129 689 2180 et
730 2126 1031 2193 gaudium.

266 2213 319 2269 Si
379 2212 539 2269 enim
588 2212 814 2268 sincero
856 2213 1029 2269 corde
1070 2230 1198 2285 quas
1245 2230 1279 2269 a
1328 2213 1548 2269 sanctis
1576 2212 1851 2269 Patribus

211 2301 421 2356 tradita
450 2305 907 2373 cognoscuntur,
942 2318 976 2356 a
1014 2302 1179 2358 vobis
1217 2302 1491 2359 inviolata
1523 2305 1848 2368 servantur,

208 2405 480 2463 magnam
513 2391 685 2446 nobis
723 2391 783 2445 in
824 2390 934 2446 hoc
966 2392 1307 2463 praeparatis
1335 2392 1618 2447 lmtitiam.
1652 2392 1710 2447 Si
1743 2408 1850 2446 au-

200 2483 327 2545 tem,
374 2480 533 2551 quod
566 2479 738 2547 absit,
771 2480 1018 2535 diversis
1048 2480 1345 2537 erroribus
1374 2498 1475 2537 vos
1513 2479 1853 2553 cognoveri-

196 2582 322 2624 mus
370 2569 739 2640 depravatos,
772 2570 1013 2641 grandis
1051 2569 1185 2625 inde
1218 2586 1431 2625 mceror
1461 2574 1662 2625 nostro
1693 2569 1852 2625 cordi

190 2657 693 2714 accumulabitur.
726 2658 873 2714 Nam
906 2658 954 2714 si
986 2658 1233 2729 abjectio
1265 2658 1558 2731 discipuli,
1585 2658 1852 2731 magistri

191 2752 278 2803 est
309 2747 766 2817 detrimentum,
801 2750 1021 2819 quanto
1053 2747 1240 2821 magis
1280 2749 1672 2821 praevaricatio
1704 2747 1851 2803 ﬁlio-

192 2853 325 2891 rum
362 2836 551 2908 putris
578 2835 732 2891 valet
760 2853 887 2893 esse
921 2836 1247 2908 periculum
1268 2837 1295 2891 ?
1324 2838 1417 2892 Sic
1448 2855 1554 2893 nos
1586 2836 1852 2909 omnipo-

188 2929 323 2981 tens
358 2928 531 2997 pater
560 2926 771 2997 degere
801 2926 1099 2993 concedat,
1132 2929 1198 2980 ut
1235 2925 1468 2997 utrique
1501 2927 1570 2981 de
1600 2930 1852 2997 utroque

186 3030 671 3081 remuneremur,
688 3030 760 3067 ne
780 3014 1096 3069 damnandi
1114 3014 1467 3084 judicemur.
1488 3015 1669 3086 Igitur
1688 3014 1853 3069 audi-

182 3104 401 3157 vimus
432 3100 587 3155 inter
611 3117 714 3156 vos
746 3118 960 3157 novum
992 3103 1308 3173 quemdam
1347 3102 1669 3158 surrexisse
1699 3120 1853 3158 erro-

184 3207 347 3259 rem,
386 3194 452 3243 ut
499 3188 708 3245 dicatis
757 3193 919 3245 sexta
972 3190 1115 3246 feria
1166 3191 1280 3246 otio
1328 3207 1457 3247 esse
1504 3191 1851 3259 vacandum,

1964 614 2039 667 cit
2065 614 2220 669 enim
2257 615 2418 669 vobis
2451 614 2604 669 diem
2628 615 3018 687 Dominicum,
3043 620 3098 671 et
3128 614 3274 671 alias
3303 616 3607 674 celeberri-

1963 718 2091 757 mas
2118 707 2173 757 et
2194 718 2225 757 a
2247 703 2647 759 sacerdotibus
2674 705 3023 776 approbatas
3048 705 3393 761 festivitates
3416 707 3610 763 obser-

1962 808 2115 846 vare.
2146 795 2207 846 In
2242 792 2459 863 quibus
2490 793 2617 849 ideo
2650 794 2857 849 feriare
2888 794 3127 860 debetis,
3158 799 3224 849 ut
3253 812 3286 850 a
3314 795 3607 852 saeculari-

1960 878 2073 935 bus
2107 881 2354 952 negotiis
2398 882 2674 953 expediti,
2709 882 2949 938 liberius
3000 883 3313 940 Dominum
3364 885 3609 957 ejusque

1962 976 2195 1025 sanctos
2227 969 2561 1027 collaudare
2591 971 2677 1026 vel
2724 972 3058 1043 praedicare,
3092 972 3291 1044 eisque
3319 974 3609 1030 deservire

1962 1058 2221 1129 possitis.
2236 1060 2383 1115 Nam
2407 1064 2567 1116 sexta
2585 1060 2727 1115 feria
2749 1059 2960 1116 melius
2981 1065 3071 1117 est
3089 1060 3351 1117 laborare
3372 1078 3608 1133 panem,

1962 1149 2118 1202 unde
2160 1152 2216 1203 et
2260 1153 2423 1205 tuam
2462 1152 2517 1205 et
2558 1149 2806 1206 alienam
2841 1150 3076 1206 reﬁcere
3106 1150 3298 1223 possis
3328 1151 3605 1218 esuriem,

1962 1251 2137 1306 quam
2157 1237 2363 1293 otiosis
2382 1239 2656 1295 manibus
2675 1240 2883 1295 sedens
2900 1239 3104 1295 inanes
3121 1239 3349 1296 fabulas
3371 1238 3608 1312 garrulo

1961 1341 2058 1381 ore
2082 1326 2326 1396 jactare.

2555 1451 2907 1508 EPISTOLA
2943 1453 3013 1506 V.

2423 1575 2497 1613 AD
2537 1576 2763 1615 ΑΖΟΝΕΜ
2802 1574 3146 1616 EPISCOPUM.

1979 1656 1987 1669 ’
2032 1683 2278 1738 Summa
2307 1682 2609 1738 devotione
2638 1681 2877 1737 colendo
2908 1683 3123 1738 domno
3144 1684 3320 1739 Azom
3351 1697 3613 1741 reveren-

1964 1772 2210 1828 dissimo
2242 1775 2299 1826 et
2328 1772 2704 1828 sanctissimo
2730 1772 2966 1844 praesuli
2992 1774 3142 1828 A'rro
3163 1773 3352 1844 gratia
3376 1771 3477 1828 Dei
3501 1773 3613 1829 hu-

1883 1893 1930 1958 B
1964 1862 2122 1917 milis
2155 1862 2484 1934 episcopus,
2514 1864 2818 1933 vesterque
2850 1862 3257 1931 ﬁdelissimus,
3279 1862 3609 1919 orationum

1960 1951 2305 2007 instantiam
2336 1967 2467 2005 cum
2499 1951 2700 2006 devoto
2731 1950 3039 2006 famulatu.

2035 2042 2185 2096 Deus
2200 2039 2701 2111 omnipotens,qui
2714 2056 2814 2095 vos
2832 2039 2888 2094 in
2906 2040 3180 2112 pastorali
3194 2040 3404 2097 throno
3418 2026 3611 2096 locﬁe

1962 2128 2239 2202 dignatus
2267 2132 2374 2194 est,
2398 2127 2525 2199 ipse
2554 2143 2653 2183 vos
2678 2128 2806 2200 jugi
2836 2127 3218 2200 cpitulatione
3239 2131 3383 2185 adeo
3416 2134 3611 2185 custo-

1963 2218 2087 2272 dire
2112 2217 2405 2289 dignetur,
2429 2218 2493 2271 ut
2522 2215 2898 2271 sacerdotalis
2921 2215 3108 2271 honor
3128 2220 3367 2272 cunctos
3386 2220 3612 2272 vestros

1965 2306 2179 2377 dirigat
2196 2307 2746 2376 actus,rursumque
2758 2304 2967 2360 vestris
2986 2305 3167 2360 sacris
3180 2305 3409 2360 actibus
3426 2320 3613 2361 sacer-
3649 2298 3654 2302 ’

1963 2394 2175 2451 dotalis
2198 2394 2339 2449 ordo
2361 2392 2725 2466 praefulgeat.
2749 2392 2911 2456 Quod
2936 2397 3128 2448 autem
3150 2397 3343 2450 vestra
3363 2394 3613 2465 pruden-

1964 2486 2047 2541 tia
2076 2487 2337 2540 nostram
2372 2482 2636 2539 hebetem
2669 2481 2908 2554 dignata
2954 2486 3041 2537 est
3070 2483 3183 2554 (56)
3239 2482 3607 2555 parvitatem,

1964 2591 2141 2646 quare
2170 2572 2482 2645 quemdem
2507 2575 2719 2626 nostra:
2745 2570 3005 2626 Ecclesiae
3033 2571 3221 2626 ﬁlium
3250 2589 3285 2627 a
3313 2571 3445 2626 ﬁliae
3478 2587 3609 2628 sus-

1962 2662 2229 2734 cipientis
2252 2676 2313 2716 se
2334 2660 2405 2715 de
2428 2676 2591 2715 sacro
2615 2660 2773 2715 fonte
2794 2660 3239 2731 prohiberemus
3261 2660 3503 2732 nuptiis.
3522 2661 3607 2716 In-

1964 2764 2140 2822 super
2189 2749 2236 2803 si
2283 2746 2518 2819 aliquod
2552 2746 2873 2819 capitulum
2907 2752 3201 2818 repertum
3232 2747 3604 2814 haberemus,

1960 2838 2124 2894 vobis
2155 2836 2405 2909 dirigere
2435 2836 2780 2892 mandastis.
2814 2836 3009 2905 Scitis,
3040 2836 3264 2892 domini
3295 2837 3429 2903 mei,
3464 2836 3605 2909 quia

1962 2929 2024 2983 in
2056 2925 2390 2983 carnalibus
2423 2925 2647 2996 nuptiis
2691 2941 2807 2981 non
2856 2930 3084 2981 tantum
3131 2925 3475 2998 spiritualis,
3508 2924 3611 2980 sed

1965 3017 2141 3073 etiam
2164 3015 2458 3071 saecularis
2480 3014 2571 3069 lex
2592 3018 2681 3070 est
2704 3014 3071 3086 inquirenda.
3095 3014 3277 3087 Igitur
3299 3014 3612 3086 Luitpran-

1965 3106 2076 3159 dus
2111 3102 2432 3159 catholicus
2461 3119 2559 3158 rex
2600 3102 2776 3172 hujus
2824 3103 2882 3156 in
2928 3120 3045 3174 qua
3082 3102 3353 3175 degimus
3383 3102 3608 3173 patrias,

1964 3192 2079 3249 tale
2129 3208 2260 3248 cum
2313 3208 2601 3247 consensu
2652 3190 2812 3246 illius
2860 3190 3139 3262 temporis
3183 3206 3487 3262 procerum
3520 3190 3607 3245 vel

185 3285 245 3337 et
276 3277 502 3351 epulis,
534 3277 623 3332 vel
657 3278 935 3334 conviviis
975 3280 1336 3335 abutendum
1368 3299 1381 3348 ;
1441 3284 1496 3335 et
1548 3297 1681 3336 cum
1729 3281 1853 3353 ipse
1885 3265 1927 3332 (ἶ
1959 3283 2230 3355 judicum
2262 3280 2583 3353 capitulum
2617 3280 3008 3352 promulgavit
3037 3281 3186 3349 (Leg.
3211 3281 3381 3353 Long.
3412 3279 3516 3335 lib.
3544 3295 3609 3347 ιι,

187 3367 471 3425 omnidm
506 3366 859 3439 Redemptor
886 3368 1159 3423 eumdem
1191 3368 1344 3424 diem
1387 3370 1705 3425 tristiorem
1737 3387 1853 3442 prae

189 3455 435 3513 cunctis
464 3456 714 3520 duxerit,
740 3460 798 3512 et
828 3459 989 3511 tanta
1009 3474 1112 3528 pro
1138 3457 1307 3514 nobis
1333 3459 1645 3531 opprobria
1675 3461 1853 3516 susti-

190 3545 419 3609 nuerit,
451 3561 553 3599 vos
594 3544 747 3615 jocis
801 3545 1156 3613 incumbere,
1192 3550 1249 3601 et
1300 3548 1418 3602 otia
1469 3548 1676 3603 sectari
1731 3552 1856 3604 stu-

190 3633 410 3691 deatis.
443 3632 705 3705 Apostoli
743 3634 917 3689 etiam
969 3635 1275 3707 exterique
1331 3635 1533 3692 fideles
1580 3641 1702 3692 tam
1751 3639 1855 3692 tri-

193 3728 347 3780 stem
385 3723 658 3778 eumdem
683 3723 975 3778 duxerunt
1005 3723 1180 3788 diem,
1208 3727 1273 3778 ut
1302 3741 1405 3797 per
1425 3726 1683 3780 diversas
1714 3725 1856 3781 latc-

189 3813 334 3869 bras
384 3812 708 3883 fugitantes
761 3811 854 3865 vix
902 3812 1017 3866 duo
1065 3812 1241 3867 simul
1295 3814 1708 3885 reperirentur.
1743 3815 1858 3869 Nec

193 3902 512 3974 epularum
537 3904 764 3972 poterat
778 3899 903 3956 ﬁeri
926 3901 1169 3968 mentio,
1185 3901 1399 3971 quibus
1420 3902 1547 3956 vitae
1564 3903 1687 3972 jam
1712 3920 1859 3974 pene

196 3991 534 4047 adhaeserat
563 3990 913 4061 desperatio.
943 3989 1157 4045 Eadem
1190 3994 1426 4061 quoque
1457 3990 1548 4045 die
1579 3989 1663 4045 sol
1694 3995 1859 4047 tene-

198 4081 324 4135 bris
344 4079 605 4134 amictus
627 4076 828 4133 lumen
851 4078 1112 4144 obduxit,
1128 4083 1185 4133 et
1203 4078 1331 4151 ipsa
1356 4078 1645 4135 elementa
1667 4080 1862 4137 turba-

196 4172 256 4224 ta
283 4167 697 4224 turbationem
728 4168 911 4223 totius
942 4169 1327 4224 ostenderunt
1358 4169 1581 4225 mundi.
1616 4169 1761 4226 Nam
1811 4169 1862 4225 si

198 4258 357 4314 diem
397 4257 768 4313 Dominicum
810 4256 882 4312 ob
931 4257 1322 4313 venerabilem
1355 4258 1861 4315 Resurrectionem

201 4347 448 4404 Domini
481 4346 666 4403 nostri
696 4345 836 4402 Jesu
866 4346 1104 4417 Christi,
1133 4362 1231 4403 seu
1268 4348 1664 4420 apostolorum
1697 4352 1863 4405 caete-

204 4452 535 4507 rorumque
566 4434 831 4491 fidelium
862 4434 1124 4491 laetitiam
1158 4453 1270 4491 non
1303 4437 1493 4492 solum
1537 4438 1597 4492 in
1641 4438 1866 4494 Pascha

207 4526 601 4594 celebramus,
655 4540 859 4579 verum
913 4523 1088 4579 etiam
1148 4539 1250 4595 per
1305 4525 1565 4597 singulos
1615 4527 1864 4583 circulos

1966 3372 2054 3426 tit.
2086 3372 2139 3437 8,
2170 3369 2209 3424 l.
2233 3369 2287 3442 5)
2315 3387 2327 3425 :
2361 3392 2389 3419 «
2414 3373 2532 3424 Hoc
2559 3368 2897 3423 censuimus
2924 3373 3097 3439 atque
3119 3369 3526 3440 praecepimus,
3548 3371 3615 3423 ut

1966 3458 2167 3515 nullus
2190 3462 2507 3530 praesumat
2528 3462 2909 3514 commatrem
2932 3474 3100 3513 suam
3125 3473 3362 3513 uxorem
3381 3458 3610 3527 ducere,

1966 3548 2066 3603 sed
2097 3564 2203 3603 nec
2235 3547 2417 3602 ﬁliam
2450 3563 2625 3618 quam
2658 3547 2729 3602 de
2760 3563 2925 3602 sacro
2957 3546 3112 3602 fonte
3142 3546 3387 3616 levavit;
3421 3561 3611 3618 neque

1967 3636 2126 3691 filius
2176 3636 2306 3705 ejus
2351 3639 2672 3707 przssumat
2702 3634 2883 3690 ﬁliam
2915 3634 3077 3691 illius
3107 3652 3346 3691 uxorem
3378 3636 3610 3706 ducere,

1966 3725 2067 3795 qui
2092 3740 2225 3779 eum
2250 3725 2321 3778 de
2345 3725 2501 3779 fonte
2523 3723 2810 3795 suscepit;
2835 3724 2970 3794 quia
2991 3722 3326 3796 spirituales
3350 3723 3614 3796 germani

1967 3830 2094 3868 esse
2117 3817 2475 3867 noscuntur:
2502 3816 2559 3866 et
2578 3812 2677 3883 qui
2702 3812 2811 3868 hoc
2832 3812 3053 3868 malum
3078 3813 3265 3868 facere
3286 3812 3616 3881 tentaverit,

1969 3903 2172 3973 perdat
2197 3917 2427 3957 omnem
2461 3902 2851 3956 substantiam
2879 3919 3069 3957 suam.
3091 3903 3159 3956 Et
3176 3902 3278 3957 filii
3298 3902 3397 3973 qui
3419 3903 3491 3958 de
3510 3902 3616 3958 tali

1967 3990 2167 4044 illicito
2214 3988 2586 4043 matrimonio
2634 3994 2974 4060 nascuntur,
3009 3990 3267 4045 hzsredes
3320 4006 3448 4045 esse
3498 4007 3615 4046 non

1972 4079 2205 4145 debent,
2230 4078 2331 4132 sed
2363 4075 2675 4148 propinqui
2707 4081 2998 4147 parentes.
3029 4077 3139 4131 Ubi
3171 4082 3365 4133 autem
3395 4077 3616 4133 inventi

1973 4167 2211 4234 fuerint,
2236 4167 2332 4239 qui
2369 4182 2548 4237 supra
2569 4165 2786 4237 scripta
2806 4164 3008 4221 illicita
3027 4166 3297 4237 conjugia
3319 4169 3617 4221 contraxe-

1972 4257 2110 4323 rint,
2139 4257 2197 4311 in
2233 4255 2505 4326 praesenti
2532 4261 2897 4326 separentur,
2924 4258 2981 4310 et
3002 4271 3183 4327 posnze
3206 4253 3616 4327 suprascripta

1972 4346 2102 4416 subj
2112 4349 2332 4401 aceant.
2363 4363 2389 4396 η

2044 4436 2157 4490 Lex
2205 4434 2402 4500 etiam,
2451 4450 2577 4505 quae
2626 4433 2816 4489 Salica
2870 4432 3105 4503 dicitur,
3157 4434 3267 4490 hoc
3317 4433 3620 4489 continet:

1976 4548 2004 4575 ‹‹
2035 4525 2277 4580 Uxorem
2308 4522 2489 4594 patris
2511 4523 2559 4577 si
2584 4523 2716 4593 quis
2738 4522 3044 4595 acceperit,
3067 4524 3273 4580 mortis
3294 4521 3621 4596 periculum

207 4613 721 4670 hebdomadarum
770 4611 958 4685 ipsius
1005 4612 1119 4667 diei
1168 4612 1483 4685 imaginem
1529 4615 1863 4686 frequenta-
1900 4633 1945 4698 Ι)
1976 4614 2257 4679 incurrat,
2287 4616 2344 4667 et
2374 4612 2443 4667 de
2473 4611 2781 4683 praeteritis
2812 4612 3351 4683 conjunctionibus,
3376 4629 3503 4682 quae
3536 4613 3624 4668 in-

212 4719 349 4759 mus
379 4720 392 4771 ;
429 4704 671 4759 demens
694 4707 803 4773 est,
826 4702 925 4775 qui
952 4706 1173 4759 sextam
1200 4702 1425 4773 feriam,
1451 4719 1564 4775 qua
1588 4705 1871 4760 Dominus
1981 4707 2150 4759 cestaa
2181 4716 2310 4757 esse
2338 4700 2625 4771 videntur,
2662 4717 2764 4771 per
2793 4702 3184 4772 precationem
3218 4702 3628 4773 episcoporum

216 4792 535 4847 crucifixus
588 4796 697 4861 est,
732 4808 831 4862 per
880 4808 1084 4847 omnes
1131 4790 1531 4848 hebdomadas
1584 4794 1655 4848 ob
1709 4793 1871 4849 illius

217 4880 542 4952 imaginem
576 4897 712 4936 cum
745 4881 1099 4937 abstinentia
1150 4884 1207 4935 et
1256 4882 1701 4953 compunctione
1730 4900 1869 4938 mm-

220 4970 376 5024 roris
412 4970 665 5043 abnegat
696 4970 1132 5028 celebrandum.
1168 4970 1353 5025 Labor
1391 4970 1640 5043 denique
1687 4972 1872 5045 impe-

227 5058 558 5114 dimentum
609 5059 842 5116 dicitur.
876 5062 936 5116 In
990 5076 1203 5132 magno
1257 5075 1393 5131 ergo
1447 5077 1512 5116 eo
1568 5060 1660 5116 die
1710 5061 1875 5116 Chri-

225 5150 357 5201 stus
379 5146 569 5203 fuerat
588 5147 804 5214 labore,
820 5149 919 5220 qui
942 5153 1104 5204 tanta
1125 5148 1196 5203 ab
1220 5145 1419 5219 impiis
1442 5151 1734 5202 tormenta
1754 5164 1878 5219 per-

231 5232 470 5289 tulerat.
487 5235 768 5291 Similiter
789 5238 961 5294 etiam
986 5251 1193 5292 omnes
1214 5236 1341 5305 ejus
1360 5234 1583 5304 ﬁdeles,
1609 5237 1761 5307 quod
1787 5236 1877 5291 fu-

1975 4792 2271 4865 jussimus
2296 4790 2629 4845 emendare.
2651 4789 2759 4853 Qui
2790 4806 2925 4846 vero
2948 4791 3288 4863 episcopum
3321 4806 3495 4845 suum
3526 4806 3629 4845 no-

1982 4882 2156 4939 luerit
2189 4880 2409 4947 audire,
2436 4885 2493 4936 et
2521 4880 3065 4936 excommunicatus
3096 4879 3289 4949 fuerit,
3314 4894 3631 4951 perennem

1985 4970 2375 5028 conditionem
2399 4970 2510 5042 (57)
2535 4969 2689 5041 apud
2714 4968 2895 5026 Deum
2921 4968 3227 5035 sustineat,
3249 4972 3303 5023 et
3324 4966 3394 5021 de
3416 4965 3635 5038 palatio

1985 5063 2183 5116 nostro
2216 5057 2456 5115 omnino
2505 5056 2584 5114 sit
2628 5062 2960 5131 extraneus,
2995 5062 3053 5113 et
3104 5071 3309 5110 omnes
3354 5069 3448 5109 res
3497 5072 3640 5113 suas

1987 5147 2330 5224 parentibus
2352 5146 2634 5222 legitimis
2651 5147 2899 5205 amittat.
2920 5172 2946 5200 »
2969 5143 3215 5203 Romani
3234 5159 3465 5214 quoque
3486 5145 3645 5216 prin-

1987 5242 2149 5310 cipes
2182 5236 2363 5292 totius
2407 5253 2553 5310 pene
2582 5238 2935 5292 monarchiae
2967 5231 3357 5299 dominantes,
3391 5248 3645 5304 quorum
