4030 5310
446 380 557 440 107

1444 377 1778 439 ATTONIS
1822 375 2403 438 VERCELLENSIS
2448 377 2804 441 EPISCOPI

3721 390 3821 450 108

443 509 599 565 dere.
656 528 679 558 ι
711 509 824 566 Sed
856 510 905 566 si
937 525 1053 582 qua
1082 525 1184 582 per
1213 509 1586 581 adoptionem
1618 525 1785 565 soror
1815 507 1921 563 tibi
1955 524 2084 563 esse
2114 511 2168 576 Α
2199 509 2595 579 quaerant.Sed
2616 511 3033 582 nequesummi
3052 512 3359 585 pontifices
3372 514 3820 593 saecularesleges

441 598 698 669 cmperit,
714 598 977 671 quandiu
1000 599 1236 672 quidem
1261 601 1489 654 constat
1508 597 1916 669 adoptio,sane
1935 597 2089 652 inter

440 689 498 741 te
519 691 577 742 et
595 703 725 742 eam
753 687 970 760 nuptias
992 686 1309 743 consistere
1333 703 1449 741 non
1475 692 1742 758 possunt.
1760 708 1788 736 ι)
1818 686 1886 740 Et
1911 686 2082 740 item:

443 795 473 824 ‹‹
503 775 565 831 Si
608 776 887 832 adversus
915 792 983 831 ea
1012 793 1138 848 quas
1170 774 1427 831 diximus
1459 773 1643 845 aliqui
1675 774 1947 845 coierint,
1981 789 2087 828 nec

440 862 548 931 vir,
584 880 687 919 nec
737 880 900 933 uxor,
934 880 1041 921 nec
1070 862 1309 936 nuptiis,
1341 878 1448 918 nec
1481 862 1948 930 matrimonium,
1982 878 2087 916 nec

441 953 547 1008 dos
574 951 942 1026 intelligitur.
972 954 1174 1025 Itaque
1203 953 1305 1025 qui
1336 970 1406 1008 ex
1433 951 1537 1007 tali
1565 952 1719 1007 coitu
1741 955 2084 1017 nascuntur,

440 1041 501 1096 in
531 1047 820 1114 potestate
850 1042 1034 1115 patris
1065 1059 1182 1098 non
1214 1046 1372 1110 sunt,
1405 1042 1505 1097 sed
1536 1040 1681 1096 tales
1712 1045 1869 1110 sunt,
1900 1056 2084 1111 quan-

438 1134 567 1187 tum
590 1131 663 1187 ad
694 1130 946 1203 patriam
979 1136 1328 1203 potestatem
1355 1130 1623 1203 pertinet,
1648 1130 1853 1202 quales
1876 1133 2016 1185 sunt
2048 1127 2088 1182 ii

432 1234 588 1289 quos
613 1223 801 1276 mater
818 1219 991 1292 vulgo
1014 1220 1296 1292 concepit.
1325 1219 1605 1294 Sequitur
1626 1235 1761 1291 ergo
1788 1224 1851 1274 ut
1874 1223 1932 1273 et
1961 1217 2085 1273 dis-

440 1306 631 1364 soluto
662 1308 839 1379 coitu,
871 1324 977 1365 nec
1007 1308 1160 1365 dotis
1191 1308 1478 1365 exactioni
1507 1308 1671 1364 locus
1709 1307 1805 1374 sit,
1838 1311 1895 1361 et
1941 1305 2086 1362 alias

438 1413 641 1469 pcenas
664 1398 985 1470 patiantur,
1008 1414 1138 1468 qua:
1162 1399 1345 1455 sacris
1367 1396 1885 1454 constitutionibus
1907 1395 2087 1450 conti-

439 1490 674 1543 nentur.
707 1509 737 1537 »
781 1486 953 1543 Nulla
982 1487 1233 1559 denique
1263 1487 1499 1559 adoptio
1527 1485 1663 1541 talis
1692 1501 1819 1541 esse
1850 1483 2084 1556 poterit,

441 1591 619 1648 quam
650 1575 771 1632 haec
820 1592 921 1649 per
951 1593 1129 1649 quam
1161 1576 1430 1632 homines
1459 1575 1561 1630 filii
1597 1575 1690 1629 Dei
1725 1573 2082 1628 efﬁciuntur.

437 1663 569 1738 Haec
598 1669 687 1721 est
712 1667 869 1721 enim
897 1666 1155 1738 adoptio,
1186 1682 1314 1737 quas
1337 1663 1693 1736 emancipari
1726 1679 1838 1717 non
1873 1665 2082 1734 potest.

438 1732 603 1811 Unde
630 1754 836 1811 beatus
856 1732 1077 1811 Paulus
1109 1732 1191 1810 ait
1204 1732 1511 1827 apostolus
1536 1769 1549 1809 :
1570 1732 1694 1823 _Qui
1717 1732 2083 1824 praedestina-

439 1845 518 1900 vit
567 1845 629 1900 in
681 1844 1023 1917 adoptionem
1063 1844 1313 1916 ﬁliorum
1350 1859 1450 1915 per
1483 1842 1761 1897 Christum
1789 1843 1992 1907 Iesum,
2024 1842 2086 1895 in

436 1936 616 2006 ipsum
638 1933 935 1991 secundum
957 1936 1297 2005 propositum
1323 1933 1621 1988 voluntatis
1639 1946 1755 1987 suae
1774 1933 1836 1986 in
1860 1931 2083 1985 laudem

432 2024 626 2093 gloria
670 2025 877 2093 gratiae
920 2038 1039 2080 suae
1087 2024 1297 2095 (Ephes.
1340 2039 1380 2090 1,
1420 2023 1497 2094 5).
1538 2022 1719 2091 Cujus
1748 2020 2083 2091 adoptionis

433 2112 776 2185 participem
804 2128 975 2168 nemo
997 2112 1245 2184 ambigit
1261 2128 1395 2167 eum
1420 2111 1520 2182 qui
1547 2110 1872 2165 secundum
1893 2125 2082 2164 sacra-

434 2206 765 2258 mentorum
787 2201 1053 2257 ordinem
1078 2217 1287 2273 pueros
1303 2198 1740 2272 baptizantibus
1758 2199 1942 2264 offert,
1958 2198 2083 2269 qui-

434 2305 549 2361 que
570 2306 671 2362 pro
688 2290 832 2362 ipsis
855 2289 1179 2346 secundum
1197 2288 1493 2345 catholicae
1513 2288 1645 2343 fidei
1667 2303 2080 2351 normam,non

433 2379 934 2451 quemadmodum
972 2379 1043 2434 de
1081 2377 1285 2448 altera,
1318 2379 1418 2434 sed
1453 2379 1605 2433 sicut
1633 2378 1704 2432 de
1732 2376 1993 2449 propria,
2019 2376 2078 2430 in

431 2468 624 2542 prima
643 2484 891 2540 persona
910 2468 1282 2540 respondent,
1298 2468 1437 2539 quia
1452 2483 1556 2538 per
1578 2482 1805 2522 sacram
1823 2465 2082 2537 adoptio-

433 2573 570 2615 nem
578 2557 706 2630 jam
722 2555 957 2613 illorum
972 2557 1421 2627 conjunctusest
1436 2555 1897 2627 spiritus.Rursu
1907 2570 2079 2626 mque

435 2664 505 2704 ex
533 2662 698 2703 sacro
728 2647 909 2717 fonte,
941 2646 1110 2720 quasi
1160 2662 1230 2701 ex
1276 2645 1483 2701 matris
1530 2649 1694 2700 utero
1727 2648 1859 2715 post
1887 2643 2077 2715 bapti-

434 2751 634 2795 smum
655 2752 690 2791 a
710 2734 1111 2791 sacerdotibus
1128 2734 1273 2806 ipsis
1290 2735 1361 2789 ad
1387 2734 1797 2789 instruendum
1817 2731 2079 2787 commit-

432 2828 659 2882 tuntur.
690 2828 840 2880 Nam
872 2823 1024 2879 sicut
1048 2821 1311 2879 carnales
1340 2822 1524 2878 nostri
1567 2825 1840 2894 parentes
1869 2825 2078 2875 nostra:

433 2913 823 2987 generationis
856 2912 1107 2968 ministri
1139 2917 1297 2983 sunt,
1330 2911 1655 2967 secundum
1687 2911 1841 2981 quod
1873 2912 2077 2965 beatus

432 3003 701 3060 Clemens
724 3003 786 3057 in
808 3002 934 3058 suis
955 3000 1351 3058 Decretalibus
1377 3000 1606 3069 asserit,
1631 3000 1715 3056 sic
1735 2998 2078 3071 hujusmodi

432 3092 689 3149 ministri
720 3096 862 3148 sunt
891 3108 1066 3147 sacrae
1096 3089 1572 3163 regenerationis.
1608 3091 1758 3145 Deus
1787 3094 1987 3144 auctor
2017 3088 2076 3143 in

432 3182 700 3254 utrisque
730 3180 1020 3247 consistit,
1054 3180 1208 3236 sicut
1250 3179 1533 3251 scriptum
1582 3184 1671 3234 est
1701 3196 1713 3233 :
1771 3179 2078 3249 Unicuique

2197 597 2339 652 adeo
2355 598 2681 669 respuendo
2694 600 3170 672 contrivere,cum
3184 607 3383 659 noster
3394 608 3565 675 atque
3577 606 3818 678 ipsorum

2195 685 2480 741 Dominus
2503 702 2570 741 ac
2597 686 2875 759 Magister
2897 689 3053 745 dicat
3077 708 3091 746 :
3123 695 3245 747 Non
3272 694 3401 748 veni
3429 693 3597 764 legem
3614 695 3816 761 solvere,

2194 773 2289 828 sed
2311 773 2620 845 adimplere
2640 775 2853 846 (Matth.
2878 794 2933 842 v,
2959 779 3067 850 17).
3091 779 3233 835 Item
3260 781 3669 838 sanctissimus
3686 800 3818 856 papa

2196 862 2453 918 Calixtus
2482 865 2660 935 (epist.
2683 867 2737 936 2,
2768 866 2842 921 ad
2869 882 3053 924 omnes
3079 868 3388 926 Galliarum
3416 872 3599 943 episc.)
3625 889 3639 929 :
3670 896 3695 923 ‹‹
3717 874 3817 930 Nec

2197 967 2296 1006 eos
2327 952 2500 1022 viros,
2525 968 2673 1024 quos
2703 953 2860 1026 leges
2881 956 3079 1013 saeculi
3101 959 3391 1029 rejiciuut,
3416 961 3707 1032 suscipere
3732 963 3817 1019 de-

2196 1041 2424 1095 bemus.
2447 1044 2643 1112 Ipsam
2672 1059 2903 1115 quoque
2928 1045 3253 1112 infamiam,
3277 1064 3395 1119 qua
3423 1048 3643 1121 aspersi
3672 1056 3815 1118 sunt,

2195 1128 2388 1185 delere
2410 1147 2525 1185 non
2556 1147 2895 1202 possumus,
2921 1136 3021 1190 sed
3052 1136 3280 1193 animas
3303 1154 3506 1193 eorum
3534 1154 3633 1210 per
3655 1140 3818 1210 pumi-

2194 1218 2439 1273 tentiam
2464 1219 2756 1290 publicam
2780 1226 2836 1276 et
2860 1222 3128 1278 Ecclesiae
3150 1224 3608 1283 satisfactionem
3632 1244 3821 1284 sanare

2198 1307 2492 1379 cupimus.
2523 1330 2551 1357 »
2583 1310 2724 1365 Item
2751 1310 3065 1383 Dionysius
3091 1331 3104 1369 :
3139 1334 3167 1363 «
3200 1315 3453 1371 Infames
3482 1332 3680 1373 omnes
3706 1333 3821 1375 esse

2196 1410 2503 1451 censemus
2560 1398 2661 1470 qui
2721 1415 2888 1461 suam
2941 1400 3336 1458 Christianam
3391 1405 3823 1475 przevaricantur

2195 1483 2402 1557 legem.
2425 1505 2453 1534 »
2476 1490 2623 1540 Item
2646 1487 3045 1560 Entychiauus
3068 1506 3079 1546 :
3105 1514 3133 1541 «
3158 1490 3443 1548 Similiter
3461 1493 3821 1566 prohibemus

2196 1577 2261 1626 ut
2293 1573 2463 1629 nulla:
2494 1592 2683 1631 causae
2714 1594 2749 1630 a
2770 1577 3073 1648 judieibus
3093 1580 3507 1638 ecclesiasticis
3529 1583 3823 1639 audiantur

2195 1678 2321 1733 quae
2343 1663 2570 1734 legibus
2592 1681 2708 1720 non
2736 1667 3108 1724 continentur
3125 1669 3214 1725 vel
3236 1686 3363 1741 quis
3386 1671 3691 1744 prohibita
3708 1689 3822 1729 esse

2195 1756 2536 1807 noscuntur.
2569 1774 2599 1805 »
2645 1754 2750 1809 Hic
2780 1759 2838 1811 et
2867 1757 3279 1815 sanctissimus
3307 1759 3501 1816 Julius
3532 1777 3682 1833 papa
3707 1777 3823 1817 con-

2194 1841 2407 1896 firmat.
2426 1841 2811 1898 Beatissimus
2830 1844 3006 1899 etiam
3024 1846 3339 1919 Gregorius
3360 1848 3549 1905 multa
3567 1853 3820 1906 Romanis

2190 1927 2336 2001 legis
2385 1930 2642 2002 capitula
2691 1933 3070 2002 confirmans,
3110 1952 3216 1991 suo
3272 1936 3525 1993 inseruit
3571 1937 3819 2010 registro.

2192 2023 2357 2091 Ergo,
2375 2019 2610 2075 domine
2637 2020 2738 2089 mi,
2755 2022 3043 2079 absonum
3065 2040 3195 2080 esse
3213 2026 3462 2095 videtur,
3479 2030 3546 2083 ut
3562 2025 3822 2098 spiritalis

2191 2108 2451 2164 affinitas
2473 2109 2808 2166 carnalibus
2830 2112 3200 2183 amplexibus
3232 2114 3524 2171 deservire
3555 2121 3819 2188 cogatur:

2191 2197 2274 2252 ait
2295 2199 2450 2253 enim
2474 2199 2680 2255 beatus
2695 2199 2912 2256 Paulus
2936 2201 3236 2273 apostolus
3262 2221 3275 2261 :
3309 2206 3402 2261 Vos
3421 2205 3575 2260 enim
3597 2207 3659 2260 in
3680 2205 3824 2260 liber-

2190 2293 2299 2341 tate
2320 2290 2497 2342 vocali
2515 2291 2664 2354 estis,
2676 2291 2910 2360 fratres;
2933 2299 3150 2346 tantum
3168 2307 3236 2347 ne
3256 2293 3573 2349 libertatem
3601 2296 3661 2348 in
3687 2310 3822 2350 occa-

2187 2378 2341 2431 sione
2368 2375 2504 2431 detis
2531 2380 2717 2433 carnis
2749 2377 2886 2450 (Gal.
2921 2397 2972 2447 v,
3002 2382 3116 2451 13),
3150 2386 3208 2436 et
3239 2381 3451 2437 iterum
3490 2399 3504 2439 :
3537 2383 3649 2453 Qui
3673 2385 3827 2440 semi-

2187 2474 2284 2520 nat
2314 2466 2373 2520 in
2403 2482 2567 2522 carne
2593 2483 2717 2537 sua,
2749 2468 2817 2522 de
2843 2484 3010 2524 carne
3037 2472 3200 2525 metet
3236 2474 3647 2543 corruptionem
3678 2491 3697 2527 :
3741 2473 3827 2543 qui

2187 2556 2369 2608 autem
2397 2556 2630 2610 seminat
2651 2557 2710 2609 in
2732 2557 2953 2627 spiritu,
2981 2557 3045 2613 de
3071 2560 3277 2629 spiritu
3295 2568 3457 2617 metet
3485 2563 3659 2618 vitam
3675 2570 3825 2619 ater-

2184 2660 2318 2697 nam
2346 2642 2487 2714 (Gal.
2520 2661 2593 2712 v1,
2625 2645 2701 2712 8).
2735 2646 2805 2700 Et
2835 2663 3041 2702 rursus
3072 2663 3086 2702 :
3138 2648 3238 2704 Ubi
3262 2651 3520 2721 spiritus,
3554 2651 3637 2707 ibi
3671 2652 3824 2707 liber-

2186 2739 2269 2786 tas
2300 2732 2373 2803 (II
2400 2732 2519 2787 Cor.
2553 2750 2637 2795 ιιι,
2672 2734 2781 2805 17).
2815 2737 2881 2788 Et
2908 2735 2967 2790 in
2998 2733 3248 2792 Levitico
3278 2755 3291 2793 :
3325 2738 3519 2795 Omnis
3548 2756 3824 2796 consecra-

2183 2821 2261 2875 tio
2282 2836 2401 2892 quae
2419 2823 2671 2894 oﬂertur,
2685 2823 2753 2877 ab
2773 2822 2990 2880 homine
3007 2840 3115 2880 non
3139 2826 3646 2901 redimetur(Levit.
3662 2843 3823 2894 xxvn,

2183 2910 2296 2980 29),
2331 2926 2403 2965 ne
2432 2909 2648 2966 nostris
2679 2912 2886 2967 usibus
2917 2914 3375 2982 succumbendo,
3407 2924 3705 2975 sacratum
3737 2933 3823 2973 ex-

2186 2998 2470 3055 secrabile
2500 3000 2624 3055 fiat.

2257 3088 2364 3143 Sed
2417 3094 2473 3144 et
2521 3088 2571 3144 si
2622 3089 2741 3144 haec
2781 3094 2994 3147 cuncta
3031 3108 3156 3163 qum
3188 3094 3461 3166 superius
3489 3096 3611 3152 tale
3641 3112 3827 3169 repre-

2185 3176 2506 3233 hendentes
2537 3180 2877 3250 conjugium
2908 3180 3188 3248 diximus,
3221 3183 3555 3250 deficerent,
3590 3186 3735 3241 satis
3763 3184 3824 3240 ad

433 3273 575 3328 sicut
594 3253 856 3328 Dominus
885 3270 1052 3326 dedit.
1073 3271 1181 3340 Ego
1207 3269 1478 3339 plantavi,
1514 3267 1705 3339 Apollo
1733 3269 1953 3337 rigavit,
1980 3266 2075 3322 sed
2104 3253 2147 3318 C
2186 3265 2244 3319 id
2268 3266 2706 3337 reprimendum
2726 3268 2903 3323 etiam
2924 3274 3310 3326 remanerent.
3327 3271 3473 3326 Nam
3491 3273 3641 3329 adeo
3658 3274 3827 3343 hujus

435 3362 574 3417 Deus
599 3362 993 3416 incrementum
1024 3358 1172 3413 dedit
1207 3359 1247 3426 [l
1277 3358 1402 3412 Cor.
1437 3374 1521 3423 111,
1554 3356 1629 3427 6).
1664 3356 1752 3411 Illi
1801 3372 2076 3427 namque,

437 3449 641 3522 qui,ut
670 3447 941 3521 superius
971 3447 1248 3518 diximus,
1272 3462 1409 3518 erga
1438 3462 1650 3517 pueros
1679 3450 1881 3517 agunt,
1905 3445 2075 3515 spiri-

434 3536 671 3593 tualiter
700 3535 987 3607 plantant,
1011 3539 1068 3590 et
1096 3540 1289 3607 patres
1311 3540 1468 3589 sunt.
1494 3534 1599 3599 Qui
1632 3538 1826 3589 autem
1862 3534 2074 3605 rigant,

439 3627 696 3685 ministri
727 3625 1107 3683 ecclesiarum
1138 3629 1295 3692 sunt,
1320 3627 1687 3679 sacramenta
1716 3622 2076 3677 conferentes

434 3716 829 3791 baptismatis.
873 3714 1138 3771 Dominus
1185 3717 1370 3768 autem
1423 3714 1820 3768 incrementum
1868 3711 1968 3765 dat
2015 3711 2075 3766 in

435 3807 736 3876 omnibus,
766 3805 889 3863 sive
929 3805 991 3859 in
1043 3801 1469 3875 spiritualibus,
1502 3800 1622 3857 sive
1651 3800 1711 3855 in
1742 3798 2075 3855 carnalibus

430 3896 808 3971 profectibus.

502 3985 740 4059 Legitur
768 3984 945 4041 etiam
976 3984 1038 4039 in
1068 3982 1216 4038 libro
1234 3981 1531 4050 Codicum,
1557 3980 1710 4051 quod
1739 3982 1828 4034 est
1859 3978 2071 4033 Roma-

428 4093 516 4133 naa
546 4075 711 4149 legis,
735 4075 817 4131 ita
849 4092 862 4131 :
905 4095 930 4127 α
956 4072 1112 4129 Nihil
1135 4071 1295 4128 aliud
1326 4070 1409 4125 sic
1442 4069 1714 4123 inducere
1746 4071 1935 4138 potest
1969 4084 2069 4138 pa-

423 4169 653 4223 ternam
683 4164 1066 4230 affectionem,
1099 4164 1156 4217 et
1179 4162 1402 4232 justam
1437 4156 1776 4228 nuptiarum
1808 4155 2068 4227 prohibi-

422 4254 665 4322 tionem,
690 4269 867 4325 quam
899 4248 1239 4322 hujusmodi
1264 4262 1470 4311 nexus,
1493 4261 1597 4317 per
1616 4260 1792 4315 quem
1816 4250 1927 4299 Deo
1949 4243 2071 4298 ani-

423 4359 531 4398 ma;
553 4358 756 4398 eorum
776 4339 1055 4412 copulata:
1076 4340 1279 4391 sunt.»
1305 4336 1445 4390 ltem
1468 4332 1781 4389 exNovella
1797 4333 1960 4405 (Nov.
1980 4335 2065 4404 12,

422 4449 473 4487 c.
508 4432 559 4502 1)
590 4447 605 4487 :
665 4451 692 4483 (ι
721 4429 781 4485 Si
820 4428 920 4499 qui
960 4425 1247 4481 nefarium
1280 4429 1455 4496 atque
1485 4423 1829 4478 damnatum
1864 4423 2065 4478 matri-

422 4519 686 4575 monium
713 4515 1128 4585 contraxerint,
1152 4519 1210 4571 et
1239 4531 1307 4571 ex
1328 4513 1505 4586 priori
1532 4512 1906 4568 matrimonio
1928 4512 2067 4567 libe-

2186 3353 2485 3425 religionis
2508 3371 2686 3410 causa
2711 3356 2992 3411 hactenus
3016 3360 3106 3412 est
3133 3356 3444 3428 abolitum,
3467 3364 3535 3415 ut
3560 3378 3681 3417 non
3709 3368 3828 3418 tan-

2182 3446 2308 3496 tum
2332 3442 2624 3511 litteratis,
2638 3442 2724 3499 vel
2749 3445 3156 3516 prudentibus,
3172 3448 3272 3501 sed
3292 3446 3468 3503 etiam
3489 3448 3642 3520 ipsis
3664 3448 3829 3506 rusti-

2183 3530 2268 3587 cis
2300 3532 2480 3588 moris
2510 3547 2687 3589 causa
2715 3535 3025 3606 profanum
3055 3535 3183 3605 jam
3213 3536 3496 3605 videatur,
3532 3542 3602 3593 ut
3644 3538 3827 3596 sicubi

2185 3622 2438 3691 peccatis
2488 3622 2853 3693 exigentibus
2900 3622 3122 3694 aliquid
3181 3624 3295 3681 tale
3347 3626 3669 3699 audierint,
3703 3629 3825 3683 ideo

2184 3709 2669 3767 scandalizentur.
2698 3711 2860 3767 Unde
2886 3728 3062 3785 grave
3091 3714 3600 3773 committentibus
3632 3733 3826 3789 pecca-

2183 3802 2309 3854 tum
2340 3799 2613 3856 exoritur.
2648 3802 2741 3856 Ait
2769 3801 2926 3856 enim
2969 3802 3255 3859 Dominus
3286 3820 3299 3858 :
3355 3806 3437 3859 Vm
3481 3806 3706 3863 homini
3750 3807 3831 3861 illi

2179 3904 2279 3960 per
2306 3905 2463 3960 quem
2488 3889 2813 3945 scandalum
2840 3893 2992 3947 venit
3020 3892 3246 3963 (Matth.
3279 3908 3440 3962 XVIII,
3472 3894 3530 3966 7)
3556 3912 3570 3959 ;
3604 3902 3662 3952 et
3700 3896 3829 3952 bea-

2184 3982 2277 4033 tus
2299 3977 2551 4034 Paulus:
2583 3979 2939 4035 Providemus
2968 3982 3119 4035 enim
3144 3980 3283 4036 bona
3309 3998 3419 4039 non
3444 3983 3629 4039 solum
3652 3998 3828 4040 coram

2179 4068 2304 4133 Deo,
2336 4068 2432 4122 sed
2475 4069 2642 4122 etiam
2689 4083 2873 4122 coram
2917 4068 3229 4125 hominibus
3276 4070 3349 4142 (II
3378 4071 3500 4128 Cor.
3534 4073 3823 4144 vnn-21);

2179 4159 2235 4211 et
2265 4156 2406 4210 item
2439 4172 2451 4209 :
2505 4157 2639 4210 Sine
2680 4158 2974 4237 offensione
3001 4163 3171 4215 estote
3201 4159 3424 4227 Iudaeis,
3458 4170 3510 4217 et
3554 4164 3826 4233 gentibus,

2178 4247 2228 4300 et
2275 4245 2530 4301 Ecclesiae
2565 4245 2664 4299 Dei
2703 4246 2748 4315 (ι
2783 4247 2920 4302 Cor.
2952 4265 3007 4318 χ,
3040 4248 3131 4319 32)
3160 4264 3172 4311 ;
3207 4252 3264 4304 et
3294 4265 3500 4304 rursus
3538 4267 3552 4305 :
3605 4251 3671 4306 Si
3709 4265 3827 4306 esca

2172 4334 2517 4411 scandalizat
2544 4335 2779 4405 fratrem
2813 4352 3017 4403 meum,
3048 4353 3155 4393 non
3204 4338 3546 4395 manducabo
3598 4355 3825 4397 carnem

2175 4426 2237 4479 in
2283 4427 2566 4487 mter-num,
2600 4440 2669 4479 ne
2711 4425 2948 4495 fratrem
2994 4441 3175 4482 meum
3214 4428 3592 4484 scandalizem
3622 4432 3673 4498 (Ι
3702 4430 3819 4487 Cor.

2173 4530 2298 4579 Vm,
2332 4513 2458 4584 13);
2512 4517 2569 4568 et
2597 4514 2811 4569 iterum
2845 4531 2857 4570 :
2911 4517 3077 4570 Nemo
3121 4517 3260 4587 quod
3288 4532 3450 4573 suum
3479 4521 3559 4573 est
3589 4524 3819 4590 quaerat,

420 4624 518 4664 ros
538 4624 653 4664 non
678 4606 1013 4671 habuerint,
1040 4605 1235 4661 statim
1259 4603 1383 4659 suis
1407 4602 1782 4658 facultatibus
1805 4606 2059 4673 careant,
2092 4620 2140 4685 D
2170 4601 2263 4657 sed
2295 4602 2434 4673 quod
2480 4600 2714 4657 alterius
2744 4604 2788 4671 (l
2819 4604 2939 4659 Cor.
2971 4620 3028 4671 x,
3060 4606 3172 4673 24).
3223 4603 3425 4661 Plures
3474 4622 3693 4679 nempe
3741 4605 3822 4661 of—

419 4700 477 4753 et
504 4697 609 4754 dos
638 4696 765 4752 fisci
791 4696 1029 4767 juribus
1057 4692 1403 4749 vindicetur.
1435 4696 1573 4748 Post
1604 4691 2059 4764 publicationem

416 4789 635 4855 autem,
668 4788 726 4841 et
757 4783 976 4857 cinguli
1020 4783 1111 4839 sui
1159 4783 1456 4854 patiantur
1484 4780 1882 4848 amissionem,
1913 4784 1971 4834 et
1999 4780 2056 4835 in

414 4874 616 4932 exsilio
638 4874 980 4947 puniantur.
1005 4872 1165 4936 Quod
1187 4871 1237 4927 si
1270 4870 1439 4926 vilior
1459 4870 1535 4926 sit
1562 4886 1829 4942 persona,
1853 4885 2055 4940 corpo-

411 4963 520 5020 rali
551 4963 861 5037 qumstioni
894 4960 1199 5028 subsistat,
1231 4965 1288 5015 et
1336 4977 1479 5014 uxor
1508 4960 1636 5029 ejus
1668 4962 1871 5013 contra
1902 4957 2057 5030 leges

410 5056 597 5123 nupta
625 5053 858 5108 easdem
894 5066 1095 5122 pcenas
1127 5048 1399 5119 patiatur.
1432 5048 1560 5102 Haec
1591 5051 1722 5118 post
1754 5045 2052 5101 biennium

405 5139 668 5208 valeant;
703 5156 840 5196 nam
872 5138 1091 5195 biennii
1119 5135 1486 5209 indulgentia
1514 5134 1631 5191 illis
1662 5134 1919 5206 praestita
1943 5140 2050 5202 est,

405 5227 507 5301 qui
528 5228 655 5298 jam
689 5234 1103 5285 contraxerunt
1132 5231 1335 5283 contra
1361 5226 1519 5297 leges
1560 5224 1954 5293 matrimonia,
1988 5228 2054 5279 ut

2170 4691 2374 4759 fendit,
2403 4690 2503 4762 qui
2526 4691 2798 4762 antiquas
2821 4692 3276 4748 consuetudines
3301 4711 3336 4749 a
3357 4694 3822 4767 religiosissimis

2169 4785 2226 4834 et
2254 4779 2639 4851 prudentibus
2669 4780 3006 4837 observatas
3037 4782 3354 4838 immutare
3403 4782 3489 4839 vel
3540 4785 3822 4841 abradere

2168 4868 2472 4939 praesumit
2503 4886 2515 4924 :
2549 4885 2681 4923 cum
2714 4869 2920 4925 beatus
2952 4870 3109 4928 dicat
3139 4871 3397 4927 Isidorus
3427 4872 3552 4944 (lib.
3591 4891 3633 4928 ιι
3667 4874 3816 4943 Orig.

2165 4973 2214 5011 c.
2250 4957 2336 5027 10)
2372 4974 2383 5011 :
2440 4980 2461 5006 α
2497 4957 2865 5013 Consuetudo
2913 4963 3003 5013 est
3044 4960 3147 5029 jus
3195 4961 3491 5031 quoddam
3546 4962 3812 5018 moribus

2164 5044 2525 5111 institutum,
2560 5048 2713 5118 quod
2748 5062 2852 5118 per
2877 5046 3063 5119 legem
3097 5049 3418 5120 suscipitur
3449 5066 3585 5105 cum
3619 5049 3813 5107 deﬁcit

2162 5133 2273 5189 lex.
2287 5134 2410 5190 Non
2431 5136 2623 5190 differt
2640 5138 2836 5189 utrum
2859 5136 3076 5206 scriptu
3088 5154 3149 5192 ra
3165 5156 3239 5193 an
3265 5138 3485 5194 ratione
3503 5139 3811 5206 consistat,

2161 5224 2395 5296 quando
2426 5228 2483 5278 et
2511 5222 2699 5294 legem
2727 5223 2872 5279 ratio
2896 5228 3289 5283 commendat.
3316 5234 3490 5284 Porro
3511 5228 3562 5283 si
3586 5228 3813 5283 ratione
