  <div class='ocr_page' id='page_1' title='image "/cluster/home/n/w/nwhite01/storage/ocr_20150623/134/hvd.32044015471741/052.png"; bbox 0 0 4030 5310; ppageno 0'>
   <div class='ocr_carea' id='block_1_1' title="bbox 214 379 3603 464">
    <p class='ocr_par' dir='ltr' id='par_1_1' title="bbox 214 379 3603 464">
     <span class='ocr_line' id='line_1_1' title="bbox 214 379 3603 464; baseline 0.003 -25"><span class='ocrx_word' id='word_1_1' title='bbox 214 380 319 440; x_wconf 80' lang='grc'>109</span> <span class='ocrx_word' id='word_1_2' title='bbox 1539 455 1544 464; x_wconf 34' lang='grc'><em>,</em></span> <span class='ocrx_word' id='word_1_3' title='bbox 1685 379 2112 442; x_wconf 59' lang='grc' dir='ltr'>ΕΡΙΞΤΟῙΜΕ.</span> <span class='ocrx_word' id='word_1_4' title='bbox 3484 391 3603 451; x_wconf 85' lang='grc'>110</span> 
     </span>
    </p>
   </div>
   <div class='ocr_carea' id='block_1_2' title="bbox 217 508 3600 593">
    <p class='ocr_par' dir='ltr' id='par_1_2' title="bbox 217 508 3600 593">
     <span class='ocr_line' id='line_1_2' title="bbox 217 508 3600 593; baseline 0.003 -27"><span class='ocrx_word' id='word_1_5' title='bbox 217 529 252 577; x_wconf 78' lang='grc' dir='ltr'>ι,</span> <span class='ocrx_word' id='word_1_6' title='bbox 278 510 427 580; x_wconf 90' lang='lat' dir='ltr'>epist.</span> <span class='ocrx_word' id='word_1_7' title='bbox 447 509 541 581; x_wconf 82' lang='grc'>75)</span> <span class='ocrx_word' id='word_1_8' title='bbox 568 525 581 563; x_wconf 88' lang='lat'>:</span> <span class='ocrx_word' id='word_1_9' title='bbox 608 530 635 558; x_wconf 91' lang='grc'>‹‹</span> <span class='ocrx_word' id='word_1_10' title='bbox 663 508 729 563; x_wconf 89' lang='lat' dir='ltr'>Et</span> <span class='ocrx_word' id='word_1_11' title='bbox 759 524 864 564; x_wconf 90' lang='lat' dir='ltr'>nos</span> <span class='ocrx_word' id='word_1_12' title='bbox 882 509 1049 580; x_wconf 82' lang='lat' dir='ltr'>juxta</span> <span class='ocrx_word' id='word_1_13' title='bbox 1074 511 1281 566; x_wconf 91' lang='lat' dir='ltr'>seriem</span> <span class='ocrx_word' id='word_1_14' title='bbox 1305 510 1603 566; x_wconf 75' lang='lat' dir='ltr'>relationis</span> <span class='ocrx_word' id='word_1_15' title='bbox 1651 516 1853 567; x_wconf 74' lang='lat' dir='ltr'>vestras</span> <span class='ocrx_word' id='word_1_16' title='bbox 1886 513 1938 578; x_wconf 81' lang='grc' dir='ltr'><strong>Α</strong></span> <span class='ocrx_word' id='word_1_17' title='bbox 1969 515 2198 583; x_wconf 77' lang='lat' dir='ltr'>accipiet</span> <span class='ocrx_word' id='word_1_18' title='bbox 2219 518 2267 568; x_wconf 87' lang='lat' dir='ltr'>et</span> <span class='ocrx_word' id='word_1_19' title='bbox 2298 516 2468 570; x_wconf 78' lang='lat' dir='ltr'>vitam</span> <span class='ocrx_word' id='word_1_20' title='bbox 2482 523 2749 572; x_wconf 66' lang='lat' dir='ltr'>aeternam</span> <span class='ocrx_word' id='word_1_21' title='bbox 2766 516 3055 587; x_wconf 76' lang='lat' dir='ltr'>possidebit</span> <span class='ocrx_word' id='word_1_22' title='bbox 3081 520 3298 586; x_wconf 81' lang='lat' dir='ltr'>(Matth.</span> <span class='ocrx_word' id='word_1_23' title='bbox 3331 537 3447 587; x_wconf 78' lang='lat' dir='ltr'>xix,</span> <span class='ocrx_word' id='word_1_24' title='bbox 3475 521 3600 593; x_wconf 83' lang='lat'>29);</span> 
     </span>
    </p>
   </div>
   <div class='ocr_carea' id='block_1_3' title="bbox 211 598 3605 680">
    <p class='ocr_par' dir='ltr' id='par_1_3' title="bbox 211 598 3605 680">
     <span class='ocr_line' id='line_1_3' title="bbox 211 598 3605 680; baseline 0.003 -25"><span class='ocrx_word' id='word_1_25' title='bbox 211 598 828 669; x_wconf 53' lang='lat' dir='ltr'>consuetudinemque:</span> <span class='ocrx_word' id='word_1_26' title='bbox 848 604 1044 655; x_wconf 88' lang='lat' dir='ltr'>tamen</span> <span class='ocrx_word' id='word_1_27' title='bbox 1068 604 1269 655; x_wconf 85' lang='lat' dir='ltr'>contra</span> <span class='ocrx_word' id='word_1_28' title='bbox 1299 601 1474 655; x_wconf 89' lang='lat' dir='ltr'>ﬁdem</span> <span class='ocrx_word' id='word_1_29' title='bbox 1496 600 1843 655; x_wconf 82' lang='lat' dir='ltr'>catholicam</span> <span class='ocrx_word' id='word_1_30' title='bbox 1957 608 2018 656; x_wconf 92' lang='lat' dir='ltr'>ut</span> <span class='ocrx_word' id='word_1_31' title='bbox 2050 602 2260 657; x_wconf 86' lang='lat' dir='ltr'>Paulus</span> <span class='ocrx_word' id='word_1_32' title='bbox 2283 604 2579 673; x_wconf 84' lang='lat' dir='ltr'>apostolus</span> <span class='ocrx_word' id='word_1_33' title='bbox 2605 621 2617 659; x_wconf 89' lang='lat'>:</span> <span class='ocrx_word' id='word_1_34' title='bbox 2642 605 2760 659; x_wconf 82' lang='lat' dir='ltr'>Non</span> <span class='ocrx_word' id='word_1_35' title='bbox 2774 613 2851 659; x_wconf 90' lang='lat' dir='ltr'>est</span> <span class='ocrx_word' id='word_1_36' title='bbox 2880 608 3027 660; x_wconf 87' lang='lat' dir='ltr'>enim</span> <span class='ocrx_word' id='word_1_37' title='bbox 3056 609 3306 662; x_wconf 74' lang='lat' dir='ltr'>servituti</span> <span class='ocrx_word' id='word_1_38' title='bbox 3330 610 3605 680; x_wconf 76' lang='lat' dir='ltr'>subjectus</span> 
     </span>
    </p>
   </div>
   <div class='ocr_carea' id='block_1_4' title="bbox 209 686 3606 764">
    <p class='ocr_par' dir='ltr' id='par_1_4' title="bbox 209 686 3606 764">
     <span class='ocr_line' id='line_1_4' title="bbox 209 686 3606 764; baseline 0.003 -21"><span class='ocrx_word' id='word_1_39' title='bbox 209 686 341 743; x_wconf 85' lang='lat' dir='ltr'>nihil</span> <span class='ocrx_word' id='word_1_40' title='bbox 371 703 654 757; x_wconf 89' lang='lat' dir='ltr'>usurpare</span> <span class='ocrx_word' id='word_1_41' title='bbox 710 687 1095 758; x_wconf 82' lang='lat' dir='ltr'>dignoscitur,</span> <span class='ocrx_word' id='word_1_42' title='bbox 1155 689 1460 744; x_wconf 86' lang='lat' dir='ltr'>immotam</span> <span class='ocrx_word' id='word_1_43' title='bbox 1504 705 1844 760; x_wconf 82' lang='lat' dir='ltr'>permanere</span> <span class='ocrx_word' id='word_1_44' title='bbox 1952 689 2134 761; x_wconf 84' lang='lat' dir='ltr'>frater</span> <span class='ocrx_word' id='word_1_45' title='bbox 2161 700 2257 745; x_wconf 89' lang='lat' dir='ltr'>aut</span> <span class='ocrx_word' id='word_1_46' title='bbox 2285 707 2439 746; x_wconf 89' lang='lat' dir='ltr'>soror</span> <span class='ocrx_word' id='word_1_47' title='bbox 2495 694 2556 746; x_wconf 87' lang='lat' dir='ltr'>in</span> <span class='ocrx_word' id='word_1_48' title='bbox 2585 694 2857 763; x_wconf 75' lang='lat' dir='ltr'>ejusmodi</span> <span class='ocrx_word' id='word_1_49' title='bbox 2875 708 2895 755; x_wconf 84' lang='lat'><strong><em>;</em></strong></span> <span class='ocrx_word' id='word_1_50' title='bbox 2924 694 2981 747; x_wconf 89' lang='lat' dir='ltr'>in</span> <span class='ocrx_word' id='word_1_51' title='bbox 3009 710 3142 764; x_wconf 86' lang='lat' dir='ltr'>pace</span> <span class='ocrx_word' id='word_1_52' title='bbox 3179 704 3362 750; x_wconf 88' lang='lat' dir='ltr'>autem</span> <span class='ocrx_word' id='word_1_53' title='bbox 3390 700 3606 753; x_wconf 83' lang='lat' dir='ltr'>vocavit</span> 
     </span>
    </p>
   </div>
   <div class='ocr_carea' id='block_1_5' title="bbox 210 775 3602 852">
    <p class='ocr_par' dir='ltr' id='par_1_5' title="bbox 210 775 3602 852">
     <span class='ocr_line' id='line_1_5' title="bbox 210 775 3602 852; baseline 0.002 -19"><span class='ocrx_word' id='word_1_54' title='bbox 210 775 591 843; x_wconf 87' lang='lat' dir='ltr'>concedimus,</span> <span class='ocrx_word' id='word_1_55' title='bbox 618 776 740 831; x_wconf 88' lang='lat' dir='ltr'>sive</span> <span class='ocrx_word' id='word_1_56' title='bbox 761 777 833 831; x_wconf 91' lang='lat' dir='ltr'>de</span> <span class='ocrx_word' id='word_1_57' title='bbox 856 776 1209 848; x_wconf 86' lang='lat' dir='ltr'>primatibus</span> <span class='ocrx_word' id='word_1_58' title='bbox 1231 777 1652 834; x_wconf 88' lang='lat' dir='ltr'>constituendis</span> <span class='ocrx_word' id='word_1_59' title='bbox 1677 782 1843 832; x_wconf 65' lang='lat' dir='ltr'>ciete-</span> <span class='ocrx_word' id='word_1_60' title='bbox 1952 795 2052 832; x_wconf 80' lang='lat' dir='ltr'>nos</span> <span class='ocrx_word' id='word_1_61' title='bbox 2082 780 2347 834; x_wconf 82' lang='lat' dir='ltr'>Dominus</span> <span class='ocrx_word' id='word_1_62' title='bbox 2379 781 2422 849; x_wconf 86' lang='grc'>(1</span> <span class='ocrx_word' id='word_1_63' title='bbox 2456 780 2576 836; x_wconf 87' lang='lat' dir='ltr'>Cor.</span> <span class='ocrx_word' id='word_1_64' title='bbox 2608 798 2709 849; x_wconf 82' lang='lat' dir='ltr'>v11,</span> <span class='ocrx_word' id='word_1_65' title='bbox 2746 782 2855 852; x_wconf 74' lang='grc'>14).</span> <span class='ocrx_word' id='word_1_66' title='bbox 2888 782 3175 838; x_wconf 91' lang='lat' dir='ltr'>Dominus</span> <span class='ocrx_word' id='word_1_67' title='bbox 3205 783 3381 839; x_wconf 90' lang='lat' dir='ltr'>etiam</span> <span class='ocrx_word' id='word_1_68' title='bbox 3412 784 3602 841; x_wconf 91' lang='lat' dir='ltr'>divor-</span> 
     </span>
    </p>
   </div>
   <div class='ocr_carea' id='block_1_6' title="bbox 210 864 3601 943">
    <p class='ocr_par' dir='ltr' id='par_1_6' title="bbox 210 864 3601 943">
     <span class='ocr_line' id='line_1_6' title="bbox 210 864 3601 943; baseline 0.002 -22"><span class='ocrx_word' id='word_1_69' title='bbox 210 865 391 933; x_wconf 88' lang='lat' dir='ltr'>risque</span> <span class='ocrx_word' id='word_1_70' title='bbox 419 864 719 936; x_wconf 88' lang='lat' dir='ltr'>capitulis,</span> <span class='ocrx_word' id='word_1_71' title='bbox 750 866 1005 937; x_wconf 83' lang='lat' dir='ltr'>exceptis</span> <span class='ocrx_word' id='word_1_72' title='bbox 1035 866 1129 921; x_wconf 90' lang='lat' dir='ltr'>his</span> <span class='ocrx_word' id='word_1_73' title='bbox 1161 868 1260 937; x_wconf 88' lang='lat' dir='ltr'>qui</span> <span class='ocrx_word' id='word_1_74' title='bbox 1299 882 1367 921; x_wconf 84' lang='lat' dir='ltr'>ex</span> <span class='ocrx_word' id='word_1_75' title='bbox 1422 867 1742 922; x_wconf 88' lang='lat' dir='ltr'>Donatistis</span> <span class='ocrx_word' id='word_1_76' title='bbox 1771 867 1842 921; x_wconf 90' lang='lat' dir='ltr'>ad</span> <span class='ocrx_word' id='word_1_77' title='bbox 1952 866 2101 922; x_wconf 91' lang='lat' dir='ltr'>tium</span> <span class='ocrx_word' id='word_1_78' title='bbox 2134 868 2469 939; x_wconf 89' lang='lat' dir='ltr'>prohibens,</span> <span class='ocrx_word' id='word_1_79' title='bbox 2503 870 2907 926; x_wconf 86' lang='lat' dir='ltr'>fornicationis</span> <span class='ocrx_word' id='word_1_80' title='bbox 2938 888 3177 927; x_wconf 88' lang='lat' dir='ltr'>causam</span> <span class='ocrx_word' id='word_1_81' title='bbox 3238 872 3481 943; x_wconf 87' lang='lat' dir='ltr'>excepit,</span> <span class='ocrx_word' id='word_1_82' title='bbox 3513 873 3601 929; x_wconf 91' lang='lat' dir='ltr'>di-</span> 
     </span>
    </p>
   </div>
   <div class='ocr_carea' id='block_1_7' title="bbox 210 954 3597 1033">
    <p class='ocr_par' dir='ltr' id='par_1_7' title="bbox 210 954 3597 1033">
     <span class='ocr_line' id='line_1_7' title="bbox 210 954 3597 1033; baseline 0.002 -23"><span class='ocrx_word' id='word_1_83' title='bbox 210 956 592 1026; x_wconf 87' lang='lat' dir='ltr'>episcopatum</span> <span class='ocrx_word' id='word_1_84' title='bbox 613 954 977 1026; x_wconf 89' lang='lat' dir='ltr'>perveniunt.</span> <span class='ocrx_word' id='word_1_85' title='bbox 999 977 1027 1003; x_wconf 85' lang='lat'><strong>»</strong></span> <span class='ocrx_word' id='word_1_86' title='bbox 1053 956 1162 1011; x_wconf 90' lang='lat' dir='ltr'>Sed</span> <span class='ocrx_word' id='word_1_87' title='bbox 1187 956 1842 1027; x_wconf 84' lang='lat' dir='ltr'>etbeatissimusAugu-</span> <span class='ocrx_word' id='word_1_88' title='bbox 1953 972 2126 1011; x_wconf 90' lang='lat' dir='ltr'>cens:</span> <span class='ocrx_word' id='word_1_89' title='bbox 2186 962 2422 1029; x_wconf 75' lang='lat' dir='ltr'>Excepta</span> <span class='ocrx_word' id='word_1_90' title='bbox 2476 961 2862 1028; x_wconf 74' lang='lat' dir='ltr'>fornicationis</span> <span class='ocrx_word' id='word_1_91' title='bbox 2915 977 3081 1016; x_wconf 86' lang='lat' dir='ltr'>causa</span> <span class='ocrx_word' id='word_1_92' title='bbox 3137 960 3353 1031; x_wconf 80' lang='lat' dir='ltr'>(Matth.</span> <span class='ocrx_word' id='word_1_93' title='bbox 3397 979 3453 1029; x_wconf 80' lang='grc' dir='ltr'>ν,</span> <span class='ocrx_word' id='word_1_94' title='bbox 3485 962 3597 1033; x_wconf 90' lang='lat'>32),</span> 
     </span>
    </p>
   </div>
   <div class='ocr_carea' id='block_1_8' title="bbox 209 1043 3602 1123">
    <p class='ocr_par' dir='ltr' id='par_1_8' title="bbox 209 1043 3602 1123">
     <span class='ocr_line' id='line_1_8' title="bbox 209 1043 3602 1123; baseline 0.003 -25"><span class='ocrx_word' id='word_1_95' title='bbox 209 1045 406 1109; x_wconf 89' lang='lat' dir='ltr'>stinus,</span> <span class='ocrx_word' id='word_1_96' title='bbox 438 1044 512 1098; x_wconf 92' lang='lat' dir='ltr'>de</span> <span class='ocrx_word' id='word_1_97' title='bbox 544 1044 713 1113; x_wconf 88' lang='lat' dir='ltr'>cujus</span> <span class='ocrx_word' id='word_1_98' title='bbox 745 1043 895 1114; x_wconf 89' lang='lat' dir='ltr'>prati</span> <span class='ocrx_word' id='word_1_99' title='bbox 956 1043 1210 1099; x_wconf 88' lang='lat' dir='ltr'>oleribus</span> <span class='ocrx_word' id='word_1_100' title='bbox 1266 1046 1460 1099; x_wconf 90' lang='lat' dir='ltr'>omnis</span> <span class='ocrx_word' id='word_1_101' title='bbox 1506 1046 1842 1099; x_wconf 84' lang='lat' dir='ltr'>Dominicus</span> <span class='ocrx_word' id='word_1_102' title='bbox 1952 1046 2213 1116; x_wconf 90' lang='lat' dir='ltr'>cujus,ut</span> <span class='ocrx_word' id='word_1_103' title='bbox 2236 1047 2540 1113; x_wconf 91' lang='lat' dir='ltr'>scitis,duo</span> <span class='ocrx_word' id='word_1_104' title='bbox 2562 1053 2703 1103; x_wconf 89' lang='lat' dir='ltr'>sunt</span> <span class='ocrx_word' id='word_1_105' title='bbox 2724 1064 2955 1120; x_wconf 90' lang='lat' dir='ltr'>genera,</span> <span class='ocrx_word' id='word_1_106' title='bbox 2980 1050 3050 1103; x_wconf 92' lang='lat' dir='ltr'>de</span> <span class='ocrx_word' id='word_1_107' title='bbox 3071 1049 3288 1121; x_wconf 89' lang='lat' dir='ltr'>quibus</span> <span class='ocrx_word' id='word_1_108' title='bbox 3308 1050 3477 1106; x_wconf 89' lang='lat' dir='ltr'>nobis</span> <span class='ocrx_word' id='word_1_109' title='bbox 3500 1067 3602 1123; x_wconf 84' lang='lat' dir='ltr'>per</span> 
     </span>
    </p>
   </div>
   <div class='ocr_carea' id='block_1_9' title="bbox 206 1131 3599 1209">
    <p class='ocr_par' dir='ltr' id='par_1_9' title="bbox 206 1131 3599 1209">
     <span class='ocr_line' id='line_1_9' title="bbox 206 1131 3599 1209; baseline 0.002 -22"><span class='ocrx_word' id='word_1_110' title='bbox 206 1131 450 1205; x_wconf 85' lang='lat' dir='ltr'>pascitur</span> <span class='ocrx_word' id='word_1_111' title='bbox 479 1148 639 1204; x_wconf 85' lang='lat' dir='ltr'>grex,</span> <span class='ocrx_word' id='word_1_112' title='bbox 696 1132 905 1187; x_wconf 89' lang='lat' dir='ltr'>scribit</span> <span class='ocrx_word' id='word_1_113' title='bbox 962 1134 1033 1188; x_wconf 90' lang='lat' dir='ltr'>ad</span> <span class='ocrx_word' id='word_1_114' title='bbox 1096 1133 1537 1203; x_wconf 89' lang='lat' dir='ltr'>inquisitionem</span> <span class='ocrx_word' id='word_1_115' title='bbox 1576 1133 1841 1189; x_wconf 88' lang='lat' dir='ltr'>Januarii</span> <span class='ocrx_word' id='word_1_116' title='bbox 1952 1134 2150 1188; x_wconf 89' lang='lat' dir='ltr'>omnia</span> <span class='ocrx_word' id='word_1_117' title='bbox 2179 1136 2351 1191; x_wconf 90' lang='lat' dir='ltr'>modo</span> <span class='ocrx_word' id='word_1_118' title='bbox 2377 1153 2489 1190; x_wconf 91' lang='lat' dir='ltr'>non</span> <span class='ocrx_word' id='word_1_119' title='bbox 2514 1137 2781 1192; x_wconf 87' lang='lat' dir='ltr'>convenit</span> <span class='ocrx_word' id='word_1_120' title='bbox 2802 1137 3125 1209; x_wconf 85' lang='lat' dir='ltr'>disputare.</span> <span class='ocrx_word' id='word_1_121' title='bbox 3148 1138 3419 1194; x_wconf 89' lang='lat' dir='ltr'>Vestrum</span> <span class='ocrx_word' id='word_1_122' title='bbox 3445 1140 3599 1195; x_wconf 89' lang='lat' dir='ltr'>unde</span> 
     </span>
    </p>
   </div>
   <div class='ocr_carea' id='block_1_10' title="bbox 205 1220 3600 1295">
    <p class='ocr_par' dir='ltr' id='par_1_10' title="bbox 205 1220 3600 1295">
     <span class='ocr_line' id='line_1_10' title="bbox 205 1220 3600 1295; baseline 0.002 -18"><span class='ocrx_word' id='word_1_123' title='bbox 205 1222 361 1293; x_wconf 81' lang='lat' dir='ltr'>(epist.</span> <span class='ocrx_word' id='word_1_124' title='bbox 400 1222 526 1287; x_wconf 90' lang='grc'>118,</span> <span class='ocrx_word' id='word_1_125' title='bbox 561 1220 636 1275; x_wconf 91' lang='lat' dir='ltr'>ad</span> <span class='ocrx_word' id='word_1_126' title='bbox 689 1222 988 1291; x_wconf 87' lang='lat' dir='ltr'>Januar.):</span> <span class='ocrx_word' id='word_1_127' title='bbox 1026 1249 1053 1271; x_wconf 69' lang='grc' dir='ltr'>ιι</span> <span class='ocrx_word' id='word_1_128' title='bbox 1113 1222 1246 1293; x_wconf 90' lang='lat' dir='ltr'>Ipsa</span> <span class='ocrx_word' id='word_1_129' title='bbox 1302 1238 1538 1294; x_wconf 89' lang='lat' dir='ltr'>quoque</span> <span class='ocrx_word' id='word_1_130' title='bbox 1596 1223 1841 1278; x_wconf 89' lang='lat' dir='ltr'>mutatio</span> <span class='ocrx_word' id='word_1_131' title='bbox 1953 1222 2480 1287; x_wconf 89' lang='lat' dir='ltr'>ﬁdelem,nostrum</span> <span class='ocrx_word' id='word_1_132' title='bbox 2508 1225 2729 1280; x_wconf 89' lang='lat' dir='ltr'>scilicet</span> <span class='ocrx_word' id='word_1_133' title='bbox 2749 1225 3010 1293; x_wconf 85' lang='lat' dir='ltr'>ﬁlium,o</span> <span class='ocrx_word' id='word_1_134' title='bbox 3038 1226 3273 1283; x_wconf 89' lang='lat' dir='ltr'>domine</span> <span class='ocrx_word' id='word_1_135' title='bbox 3293 1226 3600 1295; x_wconf 88' lang='lat' dir='ltr'>mi,verbis</span> 
     </span>
    </p>
   </div>
   <div class='ocr_carea' id='block_1_11' title="bbox 204 1308 3602 1383">
    <p class='ocr_par' dir='ltr' id='par_1_11' title="bbox 204 1308 3602 1383">
     <span class='ocr_line' id='line_1_11' title="bbox 204 1308 3602 1383; baseline 0.002 -17"><span class='ocrx_word' id='word_1_136' title='bbox 204 1308 652 1380; x_wconf 85' lang='lat' dir='ltr'>consuetudinis,</span> <span class='ocrx_word' id='word_1_137' title='bbox 678 1310 855 1365; x_wconf 90' lang='lat' dir='ltr'>etiam</span> <span class='ocrx_word' id='word_1_138' title='bbox 883 1327 1009 1381; x_wconf 80' lang='lat' dir='ltr'>quze</span> <span class='ocrx_word' id='word_1_139' title='bbox 1030 1311 1269 1381; x_wconf 84' lang='lat' dir='ltr'>adjuvat</span> <span class='ocrx_word' id='word_1_140' title='bbox 1288 1311 1557 1379; x_wconf 87' lang='lat' dir='ltr'>utilitate,</span> <span class='ocrx_word' id='word_1_141' title='bbox 1591 1312 1843 1367; x_wconf 90' lang='lat' dir='ltr'>novitate</span> <span class='ocrx_word' id='word_1_142' title='bbox 1953 1310 2288 1367; x_wconf 69' lang='lat' dir='ltr'>aﬁabilibus</span> <span class='ocrx_word' id='word_1_143' title='bbox 2309 1318 2365 1367; x_wconf 91' lang='lat' dir='ltr'>et</span> <span class='ocrx_word' id='word_1_144' title='bbox 2384 1312 2705 1383; x_wconf 85' lang='lat' dir='ltr'>melliﬁuis,</span> <span class='ocrx_word' id='word_1_145' title='bbox 2730 1314 2883 1370; x_wconf 89' lang='lat' dir='ltr'>sicut</span> <span class='ocrx_word' id='word_1_146' title='bbox 2903 1315 3049 1370; x_wconf 89' lang='lat' dir='ltr'>bene</span> <span class='ocrx_word' id='word_1_147' title='bbox 3073 1315 3277 1383; x_wconf 88' lang='lat' dir='ltr'>nostis,</span> <span class='ocrx_word' id='word_1_148' title='bbox 3298 1316 3602 1373; x_wconf 84' lang='lat' dir='ltr'>consulere</span> 
     </span>
    </p>
   </div>
   <div class='ocr_carea' id='block_1_12' title="bbox 203 1398 3596 1476">
    <p class='ocr_par' dir='ltr' id='par_1_12' title="bbox 203 1398 3596 1476">
     <span class='ocr_line' id='line_1_12' title="bbox 203 1398 3596 1476; baseline 0.002 -23"><span class='ocrx_word' id='word_1_149' title='bbox 203 1398 514 1469; x_wconf 87' lang='lat' dir='ltr'>perturbat.</span> <span class='ocrx_word' id='word_1_150' title='bbox 550 1420 579 1448; x_wconf 77' lang='grc' dir='ltr'><strong><em>υ</em></strong></span> <span class='ocrx_word' id='word_1_151' title='bbox 614 1398 978 1470; x_wconf 85' lang='lat' dir='ltr'>Quapropter</span> <span class='ocrx_word' id='word_1_152' title='bbox 1007 1416 1134 1470; x_wconf 77' lang='lat' dir='ltr'>quae</span> <span class='ocrx_word' id='word_1_153' title='bbox 1166 1399 1328 1455; x_wconf 87' lang='lat' dir='ltr'>utilis</span> <span class='ocrx_word' id='word_1_154' title='bbox 1360 1417 1476 1455; x_wconf 90' lang='lat' dir='ltr'>non</span> <span class='ocrx_word' id='word_1_155' title='bbox 1508 1405 1843 1471; x_wconf 87' lang='lat' dir='ltr'>est,pertur-</span> <span class='ocrx_word' id='word_1_156' title='bbox 1954 1416 2070 1453; x_wconf 91' lang='lat' dir='ltr'>non</span> <span class='ocrx_word' id='word_1_157' title='bbox 2102 1400 2499 1473; x_wconf 88' lang='lat' dir='ltr'>dedignemini</span> <span class='ocrx_word' id='word_1_158' title='bbox 2527 1419 2539 1456; x_wconf 94' lang='lat'>:</span> <span class='ocrx_word' id='word_1_159' title='bbox 2575 1408 2865 1473; x_wconf 87' lang='lat' dir='ltr'>quatenus</span> <span class='ocrx_word' id='word_1_160' title='bbox 2923 1404 3141 1461; x_wconf 87' lang='lat' dir='ltr'>relictis</span> <span class='ocrx_word' id='word_1_161' title='bbox 3196 1404 3493 1476; x_wconf 89' lang='lat' dir='ltr'>prioribus</span> <span class='ocrx_word' id='word_1_162' title='bbox 3524 1407 3596 1461; x_wconf 91' lang='lat' dir='ltr'>ad</span> 
     </span>
    </p>
   </div>
   <div class='ocr_carea' id='block_1_13' title="bbox 202 1486 3603 1565">
    <p class='ocr_par' dir='ltr' id='par_1_13' title="bbox 202 1486 3603 1565">
     <span class='ocr_line' id='line_1_13' title="bbox 202 1486 3603 1565; baseline 0.003 -25"><span class='ocrx_word' id='word_1_163' title='bbox 202 1486 413 1542; x_wconf 86' lang='lat' dir='ltr'>batione</span> <span class='ocrx_word' id='word_1_164' title='bbox 447 1486 838 1552; x_wconf 83' lang='lat' dir='ltr'>infructuosa,</span> <span class='ocrx_word' id='word_1_165' title='bbox 870 1494 1295 1559; x_wconf 87' lang='lat' dir='ltr'>consequenter</span> <span class='ocrx_word' id='word_1_166' title='bbox 1323 1488 1495 1543; x_wconf 86' lang='lat' dir='ltr'>noxia</span> <span class='ocrx_word' id='word_1_167' title='bbox 1522 1493 1629 1543; x_wconf 87' lang='lat' dir='ltr'>est.</span> <span class='ocrx_word' id='word_1_168' title='bbox 1655 1496 1844 1560; x_wconf 85' lang='lat' dir='ltr'>Appa-</span> <span class='ocrx_word' id='word_1_169' title='bbox 1953 1488 2189 1543; x_wconf 89' lang='lat' dir='ltr'>meliora</span> <span class='ocrx_word' id='word_1_170' title='bbox 2220 1491 2548 1562; x_wconf 82' lang='lat' dir='ltr'>pertingere</span> <span class='ocrx_word' id='word_1_171' title='bbox 2582 1495 2773 1563; x_wconf 85' lang='lat' dir='ltr'>queat.</span> <span class='ocrx_word' id='word_1_172' title='bbox 2810 1492 2961 1547; x_wconf 88' lang='lat' dir='ltr'>Bene</span> <span class='ocrx_word' id='word_1_173' title='bbox 2992 1508 3247 1564; x_wconf 87' lang='lat' dir='ltr'>namque</span> <span class='ocrx_word' id='word_1_174' title='bbox 3280 1493 3443 1549; x_wconf 85' lang='lat' dir='ltr'>scitis</span> <span class='ocrx_word' id='word_1_175' title='bbox 3464 1492 3603 1565; x_wconf 89' lang='lat' dir='ltr'>quia</span> 
     </span>
    </p>
   </div>
   <div class='ocr_carea' id='block_1_14' title="bbox 200 1576 3607 1651">
    <p class='ocr_par' dir='ltr' id='par_1_14' title="bbox 200 1576 3607 1651">
     <span class='ocr_line' id='line_1_14' title="bbox 200 1576 3607 1651; baseline 0.002 -21"><span class='ocrx_word' id='word_1_176' title='bbox 200 1579 275 1630; x_wconf 86' lang='lat' dir='ltr'>ret</span> <span class='ocrx_word' id='word_1_177' title='bbox 298 1590 428 1647; x_wconf 91' lang='lat' dir='ltr'>ergo</span> <span class='ocrx_word' id='word_1_178' title='bbox 468 1576 626 1646; x_wconf 93' lang='lat' dir='ltr'>quod</span> <span class='ocrx_word' id='word_1_179' title='bbox 659 1576 1021 1631; x_wconf 84' lang='lat' dir='ltr'>consuetudo</span> <span class='ocrx_word' id='word_1_180' title='bbox 1056 1594 1182 1647; x_wconf 72' lang='lat' dir='ltr'>qum</span> <span class='ocrx_word' id='word_1_181' title='bbox 1216 1576 1347 1632; x_wconf 87' lang='lat' dir='ltr'>ﬁdei</span> <span class='ocrx_word' id='word_1_182' title='bbox 1407 1576 1723 1643; x_wconf 73' lang='lat' dir='ltr'>catholicae,</span> <span class='ocrx_word' id='word_1_183' title='bbox 1755 1576 1842 1632; x_wconf 85' lang='lat' dir='ltr'>vel</span> <span class='ocrx_word' id='word_1_184' title='bbox 1953 1579 2130 1632; x_wconf 85' lang='lat' dir='ltr'>omnis</span> <span class='ocrx_word' id='word_1_185' title='bbox 2158 1578 2455 1649; x_wconf 88' lang='lat' dir='ltr'>disciplina</span> <span class='ocrx_word' id='word_1_186' title='bbox 2486 1582 2545 1634; x_wconf 87' lang='lat' dir='ltr'>in</span> <span class='ocrx_word' id='word_1_187' title='bbox 2573 1582 2832 1651; x_wconf 53' lang='lat' dir='ltr'>presenti</span> <span class='ocrx_word' id='word_1_188' title='bbox 2860 1581 3079 1651; x_wconf 82' lang='lat' dir='ltr'>quidem</span> <span class='ocrx_word' id='word_1_189' title='bbox 3108 1582 3324 1637; x_wconf 87' lang='lat' dir='ltr'>videtur</span> <span class='ocrx_word' id='word_1_190' title='bbox 3350 1599 3460 1638; x_wconf 87' lang='lat' dir='ltr'>non</span> <span class='ocrx_word' id='word_1_191' title='bbox 3491 1598 3607 1639; x_wconf 87' lang='lat' dir='ltr'>esse</span> 
     </span>
    </p>
   </div>
   <div class='ocr_carea' id='block_1_15' title="bbox 201 1663 3602 1742">
    <p class='ocr_par' dir='ltr' id='par_1_15' title="bbox 201 1663 3602 1742">
     <span class='ocr_line' id='line_1_15' title="bbox 201 1663 3602 1742; baseline 0.002 -22"><span class='ocrx_word' id='word_1_192' title='bbox 201 1663 568 1720; x_wconf 72' lang='lat' dir='ltr'>szecularibus</span> <span class='ocrx_word' id='word_1_193' title='bbox 596 1665 826 1738; x_wconf 83' lang='lat' dir='ltr'>legibus</span> <span class='ocrx_word' id='word_1_194' title='bbox 849 1682 963 1721; x_wconf 91' lang='lat' dir='ltr'>non</span> <span class='ocrx_word' id='word_1_195' title='bbox 988 1666 1538 1733; x_wconf 80' lang='lat' dir='ltr'>obest,omnimodis</span> <span class='ocrx_word' id='word_1_196' title='bbox 1560 1666 1845 1721; x_wconf 79' lang='lat' dir='ltr'>servanda</span> <span class='ocrx_word' id='word_1_197' title='bbox 1950 1666 2159 1734; x_wconf 88' lang='lat' dir='ltr'>gaudii,</span> <span class='ocrx_word' id='word_1_198' title='bbox 2185 1668 2276 1721; x_wconf 85' lang='lat' dir='ltr'>sed</span> <span class='ocrx_word' id='word_1_199' title='bbox 2314 1670 2565 1722; x_wconf 74' lang='lat' dir='ltr'>mwroris</span> <span class='ocrx_word' id='word_1_200' title='bbox 2586 1688 2605 1735; x_wconf 87' lang='lat'><em>;</em></span> <span class='ocrx_word' id='word_1_201' title='bbox 2627 1672 2814 1740; x_wconf 86' lang='lat' dir='ltr'>postea</span> <span class='ocrx_word' id='word_1_202' title='bbox 2864 1672 3045 1725; x_wconf 87' lang='lat' dir='ltr'>autem</span> <span class='ocrx_word' id='word_1_203' title='bbox 3099 1672 3341 1740; x_wconf 82' lang='lat' dir='ltr'>fructum</span> <span class='ocrx_word' id='word_1_204' title='bbox 3362 1672 3602 1742; x_wconf 83' lang='lat' dir='ltr'>pacatis-</span> 
     </span>
    </p>
   </div>
   <div class='ocr_carea' id='block_1_16' title="bbox 199 1753 3594 1830">
    <p class='ocr_par' dir='ltr' id='par_1_16' title="bbox 199 1753 3594 1830">
     <span class='ocr_line' id='line_1_16' title="bbox 199 1753 3594 1830; baseline 0.001 -20"><span class='ocrx_word' id='word_1_205' title='bbox 199 1754 282 1819; x_wconf 90' lang='lat' dir='ltr'>sit,</span> <span class='ocrx_word' id='word_1_206' title='bbox 312 1755 469 1826; x_wconf 88' lang='lat' dir='ltr'>quod</span> <span class='ocrx_word' id='word_1_207' title='bbox 506 1753 913 1809; x_wconf 89' lang='lat' dir='ltr'>Theodosiano</span> <span class='ocrx_word' id='word_1_208' title='bbox 945 1756 1329 1809; x_wconf 86' lang='lat' dir='ltr'>conﬁrmatur</span> <span class='ocrx_word' id='word_1_209' title='bbox 1349 1754 1559 1811; x_wconf 87' lang='lat' dir='ltr'>edicto.</span> <span class='ocrx_word' id='word_1_210' title='bbox 1584 1755 1691 1810; x_wconf 85' lang='lat' dir='ltr'>Sed</span> <span class='ocrx_word' id='word_1_211' title='bbox 1718 1754 1841 1810; x_wconf 68' lang='lat' dir='ltr'>haec</span> <span class='ocrx_word' id='word_1_212' title='bbox 1949 1755 2155 1809; x_wconf 87' lang='lat' dir='ltr'>simum</span> <span class='ocrx_word' id='word_1_213' title='bbox 2182 1758 2501 1812; x_wconf 73' lang='lat' dir='ltr'>exercitatis</span> <span class='ocrx_word' id='word_1_214' title='bbox 2525 1773 2626 1827; x_wconf 88' lang='lat' dir='ltr'>per</span> <span class='ocrx_word' id='word_1_215' title='bbox 2654 1774 2777 1813; x_wconf 89' lang='lat' dir='ltr'>eam</span> <span class='ocrx_word' id='word_1_216' title='bbox 2808 1758 2991 1813; x_wconf 87' lang='lat' dir='ltr'>reddet</span> <span class='ocrx_word' id='word_1_217' title='bbox 3009 1760 3247 1829; x_wconf 68' lang='lat' dir='ltr'>justitiw</span> <span class='ocrx_word' id='word_1_218' title='bbox 3277 1760 3457 1830; x_wconf 85' lang='lat' dir='ltr'>(Hebr.</span> <span class='ocrx_word' id='word_1_219' title='bbox 3490 1775 3594 1828; x_wconf 81' lang='lat' dir='ltr'>xu,</span> 
     </span>
    </p>
   </div>
   <div class='ocr_carea' id='block_1_17' title="bbox 201 1843 3705 1950">
    <p class='ocr_par' dir='ltr' id='par_1_17' title="bbox 201 1843 3705 1950">
     <span class='ocr_line' id='line_1_17' title="bbox 201 1843 3705 1950; baseline 0.001 -52"><span class='ocrx_word' id='word_1_220' title='bbox 201 1843 261 1898; x_wconf 92' lang='lat' dir='ltr'>de</span> <span class='ocrx_word' id='word_1_221' title='bbox 280 1860 387 1915; x_wconf 90' lang='lat' dir='ltr'>qua</span> <span class='ocrx_word' id='word_1_222' title='bbox 407 1860 573 1898; x_wconf 88' lang='lat' dir='ltr'>nunc</span> <span class='ocrx_word' id='word_1_223' title='bbox 596 1843 791 1915; x_wconf 88' lang='lat' dir='ltr'>agitur</span> <span class='ocrx_word' id='word_1_224' title='bbox 812 1845 1193 1913; x_wconf 91' lang='lat' dir='ltr'>consuetudo,</span> <span class='ocrx_word' id='word_1_225' title='bbox 1229 1860 1332 1899; x_wconf 91' lang='lat' dir='ltr'>nec</span> <span class='ocrx_word' id='word_1_226' title='bbox 1354 1843 1650 1900; x_wconf 70' lang='lat' dir='ltr'>catholica:</span> <span class='ocrx_word' id='word_1_227' title='bbox 1685 1843 1839 1914; x_wconf 87' lang='lat' dir='ltr'>ﬁdei,</span> <span class='ocrx_word' id='word_1_228' title='bbox 1870 1885 1918 1950; x_wconf 83' lang='lat' dir='ltr'><strong>B</strong></span> <span class='ocrx_word' id='word_1_229' title='bbox 1954 1844 2061 1913; x_wconf 92' lang='grc'>11).</span> <span class='ocrx_word' id='word_1_230' title='bbox 2097 1844 2163 1898; x_wconf 91' lang='lat' dir='ltr'>Et</span> <span class='ocrx_word' id='word_1_231' title='bbox 2193 1845 2448 1900; x_wconf 89' lang='lat' dir='ltr'>Jacobus</span> <span class='ocrx_word' id='word_1_232' title='bbox 2479 1846 2813 1917; x_wconf 86' lang='lat' dir='ltr'>apostolus:</span> <span class='ocrx_word' id='word_1_233' title='bbox 2848 1848 2999 1903; x_wconf 79' lang='lat' dir='ltr'>Scire</span> <span class='ocrx_word' id='word_1_234' title='bbox 3027 1847 3198 1917; x_wconf 83' lang='lat' dir='ltr'>debet,</span> <span class='ocrx_word' id='word_1_235' title='bbox 3221 1851 3481 1919; x_wconf 86' lang='lat' dir='ltr'>quoniam</span> <span class='ocrx_word' id='word_1_236' title='bbox 3502 1849 3603 1919; x_wconf 87' lang='lat' dir='ltr'>qui</span> <span class='ocrx_word' id='word_1_237' title='bbox 3692 1866 3705 1873; x_wconf 57' lang='grc' dir='ltr'><em>ί</em></span> 
     </span>
    </p>
   </div>
   <div class='ocr_carea' id='block_1_18' title="bbox 199 1931 3597 2005">
    <p class='ocr_par' dir='ltr' id='par_1_18' title="bbox 199 1931 3597 2005">
     <span class='ocr_line' id='line_1_18' title="bbox 199 1931 3597 2005; baseline 0.001 -18"><span class='ocrx_word' id='word_1_238' title='bbox 199 1948 291 1987; x_wconf 90' lang='lat' dir='ltr'>nec</span> <span class='ocrx_word' id='word_1_239' title='bbox 312 1932 405 1987; x_wconf 90' lang='lat' dir='ltr'>ulli</span> <span class='ocrx_word' id='word_1_240' title='bbox 436 1931 914 1989; x_wconf 88' lang='lat' dir='ltr'>Christianorum</span> <span class='ocrx_word' id='word_1_241' title='bbox 944 1932 1055 2005; x_wconf 83' lang='lat' dir='ltr'>legi</span> <span class='ocrx_word' id='word_1_242' title='bbox 1078 1932 1310 2005; x_wconf 88' lang='lat' dir='ltr'>penitus</span> <span class='ocrx_word' id='word_1_243' title='bbox 1333 1932 1657 2004; x_wconf 85' lang='lat' dir='ltr'>impugnat.</span> <span class='ocrx_word' id='word_1_244' title='bbox 1686 1932 1843 1988; x_wconf 89' lang='lat' dir='ltr'>Licet</span> <span class='ocrx_word' id='word_1_245' title='bbox 1871 1931 1918 1950; x_wconf 82' lang='lat'><em>&quot;</em></span> <span class='ocrx_word' id='word_1_246' title='bbox 1947 1935 2189 1989; x_wconf 85' lang='lat' dir='ltr'>converti</span> <span class='ocrx_word' id='word_1_247' title='bbox 2242 1936 2435 2003; x_wconf 84' lang='lat' dir='ltr'>fecerit</span> <span class='ocrx_word' id='word_1_248' title='bbox 2460 1938 2793 2004; x_wconf 87' lang='lat' dir='ltr'>peccatorem</span> <span class='ocrx_word' id='word_1_249' title='bbox 2815 1935 3081 1990; x_wconf 85' lang='lat' dir='ltr'>aberrare</span> <span class='ocrx_word' id='word_1_250' title='bbox 3101 1936 3201 1990; x_wconf 69' lang='lat' dir='ltr'>viae</span> <span class='ocrx_word' id='word_1_251' title='bbox 3220 1936 3597 2003; x_wconf 55' lang='lat' dir='ltr'>sum,salvavit</span> 
     </span>
    </p>
   </div>
   <div class='ocr_carea' id='block_1_19' title="bbox 200 2020 3592 2097">
    <p class='ocr_par' dir='ltr' id='par_1_19' title="bbox 200 2020 3592 2097">
     <span class='ocr_line' id='line_1_19' title="bbox 200 2020 3592 2097; baseline 0.001 -22"><span class='ocrx_word' id='word_1_252' title='bbox 200 2026 370 2076; x_wconf 83' lang='lat' dir='ltr'>tamen</span> <span class='ocrx_word' id='word_1_253' title='bbox 394 2022 675 2092; x_wconf 66' lang='lat' dir='ltr'>quedam</span> <span class='ocrx_word' id='word_1_254' title='bbox 699 2020 856 2093; x_wconf 90' lang='lat' dir='ltr'>leges</span> <span class='ocrx_word' id='word_1_255' title='bbox 887 2022 1006 2076; x_wconf 90' lang='lat' dir='ltr'>sint</span> <span class='ocrx_word' id='word_1_256' title='bbox 1036 2023 1096 2075; x_wconf 90' lang='lat' dir='ltr'>in</span> <span class='ocrx_word' id='word_1_257' title='bbox 1127 2022 1345 2092; x_wconf 91' lang='lat' dir='ltr'>quibus</span> <span class='ocrx_word' id='word_1_258' title='bbox 1368 2021 1488 2076; x_wconf 60' lang='lat' dir='ltr'>hac</span> <span class='ocrx_word' id='word_1_259' title='bbox 1508 2020 1841 2093; x_wconf 89' lang='lat' dir='ltr'>specialiter</span> <span class='ocrx_word' id='word_1_260' title='bbox 1947 2022 2191 2076; x_wconf 88' lang='lat' dir='ltr'>animam</span> <span class='ocrx_word' id='word_1_261' title='bbox 2219 2023 2336 2093; x_wconf 82' lang='lat' dir='ltr'>ejus</span> <span class='ocrx_word' id='word_1_262' title='bbox 2366 2039 2398 2076; x_wconf 90' lang='lat' dir='ltr'>a</span> <span class='ocrx_word' id='word_1_263' title='bbox 2428 2024 2621 2089; x_wconf 85' lang='lat' dir='ltr'>morte,</span> <span class='ocrx_word' id='word_1_264' title='bbox 2656 2028 2705 2077; x_wconf 89' lang='lat' dir='ltr'>et</span> <span class='ocrx_word' id='word_1_265' title='bbox 2734 2026 2908 2094; x_wconf 86' lang='lat' dir='ltr'>operit</span> <span class='ocrx_word' id='word_1_266' title='bbox 2959 2024 3371 2079; x_wconf 81' lang='lat' dir='ltr'>multitudinem</span> <span class='ocrx_word' id='word_1_267' title='bbox 3404 2040 3592 2097; x_wconf 87' lang='lat' dir='ltr'>pecca-</span> 
     </span>
    </p>
   </div>
   <div class='ocr_carea' id='block_1_20' title="bbox 200 2110 2526 2182">
    <p class='ocr_par' dir='ltr' id='par_1_20' title="bbox 200 2110 2526 2182">
     <span class='ocr_line' id='line_1_20' title="bbox 200 2110 2526 2182; baseline -0 -18"><span class='ocrx_word' id='word_1_268' title='bbox 200 2127 296 2165; x_wconf 91' lang='lat' dir='ltr'>non</span> <span class='ocrx_word' id='word_1_269' title='bbox 325 2110 871 2176; x_wconf 82' lang='lat' dir='ltr'>contineantur,sed</span> <span class='ocrx_word' id='word_1_270' title='bbox 896 2110 1157 2166; x_wconf 89' lang='lat' dir='ltr'>nullaest</span> <span class='ocrx_word' id='word_1_271' title='bbox 1177 2127 1303 2181; x_wconf 68' lang='lat' dir='ltr'>quas</span> <span class='ocrx_word' id='word_1_272' title='bbox 1326 2110 1463 2165; x_wconf 89' lang='lat' dir='ltr'>huic</span> <span class='ocrx_word' id='word_1_273' title='bbox 1482 2112 1840 2182; x_wconf 81' lang='lat' dir='ltr'>(impugnare</span> <span class='ocrx_word' id='word_1_274' title='bbox 1947 2118 2129 2165; x_wconf 90' lang='lat' dir='ltr'>torum</span> <span class='ocrx_word' id='word_1_275' title='bbox 2159 2112 2295 2177; x_wconf 86' lang='lat' dir='ltr'>(Jac.</span> <span class='ocrx_word' id='word_1_276' title='bbox 2329 2128 2382 2178; x_wconf 94' lang='lat' dir='ltr'>v,</span> <span class='ocrx_word' id='word_1_277' title='bbox 2415 2112 2526 2181; x_wconf 82' lang='lat'>20).</span> 
     </span>
    </p>
   </div>
   <div class='ocr_carea' id='block_1_21' title="bbox 202 2199 3596 2274">
    <p class='ocr_par' dir='ltr' id='par_1_21' title="bbox 202 2199 3596 2274">
     <span class='ocr_line' id='line_1_21' title="bbox 202 2199 3596 2274; baseline 0.002 -23"><span class='ocrx_word' id='word_1_278' title='bbox 202 2199 457 2255; x_wconf 83' lang='lat' dir='ltr'>videatur.</span> <span class='ocrx_word' id='word_1_279' title='bbox 503 2200 868 2270; x_wconf 88' lang='lat' dir='ltr'>Quapropter</span> <span class='ocrx_word' id='word_1_280' title='bbox 898 2200 1026 2254; x_wconf 89' lang='lat' dir='ltr'>ideo</span> <span class='ocrx_word' id='word_1_281' title='bbox 1048 2199 1118 2254; x_wconf 90' lang='lat' dir='ltr'>de</span> <span class='ocrx_word' id='word_1_282' title='bbox 1176 2200 1285 2254; x_wconf 89' lang='lat' dir='ltr'>hac</span> <span class='ocrx_word' id='word_1_283' title='bbox 1340 2199 1555 2254; x_wconf 90' lang='lat' dir='ltr'>multos</span> <span class='ocrx_word' id='word_1_284' title='bbox 1586 2200 1841 2255; x_wconf 87' lang='lat' dir='ltr'>tacuisse</span> <span class='ocrx_word' id='word_1_285' title='bbox 2018 2199 2184 2262; x_wconf 88' lang='lat' dir='ltr'>Quod</span> <span class='ocrx_word' id='word_1_286' title='bbox 2216 2204 2409 2255; x_wconf 89' lang='lat' dir='ltr'>autem</span> <span class='ocrx_word' id='word_1_287' title='bbox 2443 2205 2635 2255; x_wconf 91' lang='lat' dir='ltr'>vestra</span> <span class='ocrx_word' id='word_1_288' title='bbox 2662 2202 2832 2255; x_wconf 92' lang='lat' dir='ltr'>nobis</span> <span class='ocrx_word' id='word_1_289' title='bbox 2864 2202 3120 2256; x_wconf 85' lang='lat' dir='ltr'>innotuit</span> <span class='ocrx_word' id='word_1_290' title='bbox 3158 2201 3596 2274; x_wconf 85' lang='lat' dir='ltr'>magniﬁcentia</span> 
     </span>
    </p>
   </div>
   <div class='ocr_carea' id='block_1_22' title="bbox 212 2288 3593 2361">
    <p class='ocr_par' dir='ltr' id='par_1_22' title="bbox 212 2288 3593 2361">
     <span class='ocr_line' id='line_1_22' title="bbox 212 2288 3593 2361; baseline 0.001 -20"><span class='ocrx_word' id='word_1_291' title='bbox 212 2289 519 2359; x_wconf 83' lang='lat' dir='ltr'>antiquitus</span> <span class='ocrx_word' id='word_1_292' title='bbox 540 2288 857 2356; x_wconf 88' lang='lat' dir='ltr'>credimus,</span> <span class='ocrx_word' id='word_1_293' title='bbox 891 2288 1029 2359; x_wconf 91' lang='lat' dir='ltr'>quia</span> <span class='ocrx_word' id='word_1_294' title='bbox 1058 2288 1116 2343; x_wconf 91' lang='lat' dir='ltr'>in</span> <span class='ocrx_word' id='word_1_295' title='bbox 1148 2305 1296 2343; x_wconf 90' lang='lat' dir='ltr'>nova</span> <span class='ocrx_word' id='word_1_296' title='bbox 1352 2289 1518 2359; x_wconf 87' lang='lat' dir='ltr'>quasi</span> <span class='ocrx_word' id='word_1_297' title='bbox 1559 2288 1840 2360; x_wconf 85' lang='lat' dir='ltr'>religione</span> <span class='ocrx_word' id='word_1_298' title='bbox 1949 2288 2087 2359; x_wconf 90' lang='lat' dir='ltr'>quia</span> <span class='ocrx_word' id='word_1_299' title='bbox 2114 2288 2286 2342; x_wconf 89' lang='lat' dir='ltr'>multi</span> <span class='ocrx_word' id='word_1_300' title='bbox 2320 2289 2573 2359; x_wconf 88' lang='lat' dir='ltr'>majores</span> <span class='ocrx_word' id='word_1_301' title='bbox 2600 2293 2657 2343; x_wconf 89' lang='lat' dir='ltr'>et</span> <span class='ocrx_word' id='word_1_302' title='bbox 2685 2288 2989 2344; x_wconf 87' lang='lat' dir='ltr'>inferiores</span> <span class='ocrx_word' id='word_1_303' title='bbox 3020 2290 3078 2343; x_wconf 90' lang='lat' dir='ltr'>in</span> <span class='ocrx_word' id='word_1_304' title='bbox 3113 2289 3221 2345; x_wconf 88' lang='lat' dir='ltr'>hoc</span> <span class='ocrx_word' id='word_1_305' title='bbox 3252 2306 3429 2361; x_wconf 88' lang='lat' dir='ltr'>regno</span> <span class='ocrx_word' id='word_1_306' title='bbox 3452 2290 3593 2354; x_wconf 89' lang='lat' dir='ltr'>sint,</span> 
     </span>
    </p>
   </div>
   <div class='ocr_carea' id='block_1_23' title="bbox 206 2375 3595 2449">
    <p class='ocr_par' dir='ltr' id='par_1_23' title="bbox 206 2375 3595 2449">
     <span class='ocr_line' id='line_1_23' title="bbox 206 2375 3595 2449; baseline 0.002 -20"><span class='ocrx_word' id='word_1_307' title='bbox 206 2375 583 2446; x_wconf 79' lang='lat' dir='ltr'>baptismatis,</span> <span class='ocrx_word' id='word_1_308' title='bbox 609 2376 808 2432; x_wconf 88' lang='lat' dir='ltr'>nullus</span> <span class='ocrx_word' id='word_1_309' title='bbox 829 2375 1196 2433; x_wconf 88' lang='lat' dir='ltr'>Christianus</span> <span class='ocrx_word' id='word_1_310' title='bbox 1218 2377 1355 2431; x_wconf 88' lang='lat' dir='ltr'>talia</span> <span class='ocrx_word' id='word_1_311' title='bbox 1376 2394 1726 2449; x_wconf 66' lang='lat' dir='ltr'>praesumere</span> <span class='ocrx_word' id='word_1_312' title='bbox 1747 2394 1838 2433; x_wconf 92' lang='lat' dir='ltr'>co-</span> <span class='ocrx_word' id='word_1_313' title='bbox 1949 2376 2049 2448; x_wconf 91' lang='lat' dir='ltr'>qui</span> <span class='ocrx_word' id='word_1_314' title='bbox 2082 2376 2228 2431; x_wconf 89' lang='lat' dir='ltr'>tales</span> <span class='ocrx_word' id='word_1_315' title='bbox 2260 2393 2469 2433; x_wconf 84' lang='lat' dir='ltr'>uxores</span> <span class='ocrx_word' id='word_1_316' title='bbox 2501 2377 2738 2442; x_wconf 88' lang='lat' dir='ltr'>habent,</span> <span class='ocrx_word' id='word_1_317' title='bbox 2765 2394 2913 2448; x_wconf 88' lang='lat' dir='ltr'>quos</span> <span class='ocrx_word' id='word_1_318' title='bbox 2934 2378 3110 2433; x_wconf 89' lang='lat' dir='ltr'>etiam</span> <span class='ocrx_word' id='word_1_319' title='bbox 3138 2378 3595 2436; x_wconf 86' lang='lat' dir='ltr'>nobisintimare</span> 
     </span>
    </p>
   </div>
   <div class='ocr_carea' id='block_1_24' title="bbox 205 2464 3601 2539">
    <p class='ocr_par' dir='ltr' id='par_1_24' title="bbox 205 2464 3601 2539">
     <span class='ocr_line' id='line_1_24' title="bbox 205 2464 3601 2539; baseline 0.002 -22"><span class='ocrx_word' id='word_1_320' title='bbox 205 2464 437 2521; x_wconf 87' lang='lat' dir='ltr'>nabatur</span> <span class='ocrx_word' id='word_1_321' title='bbox 466 2484 485 2533; x_wconf 93' lang='lat'><strong>;</strong></span> <span class='ocrx_word' id='word_1_322' title='bbox 522 2482 627 2521; x_wconf 91' lang='lat' dir='ltr'>nec</span> <span class='ocrx_word' id='word_1_323' title='bbox 650 2465 987 2536; x_wconf 88' lang='lat' dir='ltr'>judicavere</span> <span class='ocrx_word' id='word_1_324' title='bbox 1020 2466 1506 2531; x_wconf 90' lang='lat' dir='ltr'>interdicendum,</span> <span class='ocrx_word' id='word_1_325' title='bbox 1536 2468 1689 2537; x_wconf 92' lang='lat' dir='ltr'>quod</span> <span class='ocrx_word' id='word_1_326' title='bbox 1720 2484 1835 2522; x_wconf 91' lang='lat' dir='ltr'>non</span> <span class='ocrx_word' id='word_1_327' title='bbox 1947 2464 2203 2536; x_wconf 77' lang='lat' dir='ltr'>polliciti</span> <span class='ocrx_word' id='word_1_328' title='bbox 2219 2466 2383 2529; x_wconf 87' lang='lat' dir='ltr'>estis,</span> <span class='ocrx_word' id='word_1_329' title='bbox 2442 2466 2559 2521; x_wconf 93' lang='lat' dir='ltr'>Deo</span> <span class='ocrx_word' id='word_1_330' title='bbox 2615 2470 2783 2531; x_wconf 90' lang='lat' dir='ltr'>teste,</span> <span class='ocrx_word' id='word_1_331' title='bbox 2845 2467 2953 2521; x_wconf 89' lang='lat' dir='ltr'>hoc</span> <span class='ocrx_word' id='word_1_332' title='bbox 3011 2466 3374 2539; x_wconf 89' lang='lat' dir='ltr'>incognitum</span> <span class='ocrx_word' id='word_1_333' title='bbox 3404 2472 3601 2524; x_wconf 89' lang='lat' dir='ltr'>manet</span> 
     </span>
    </p>
   </div>
   <div class='ocr_carea' id='block_1_25' title="bbox 196 2554 3601 2627">
    <p class='ocr_par' dir='ltr' id='par_1_25' title="bbox 196 2554 3601 2627">
     <span class='ocr_line' id='line_1_25' title="bbox 196 2554 3601 2627; baseline 0.001 -20"><span class='ocrx_word' id='word_1_334' title='bbox 196 2554 496 2610; x_wconf 89' lang='lat' dir='ltr'>credebant</span> <span class='ocrx_word' id='word_1_335' title='bbox 527 2555 1031 2626; x_wconf 67' lang='lat' dir='ltr'>praasumendum.</span> <span class='ocrx_word' id='word_1_336' title='bbox 1084 2556 1223 2611; x_wconf 87' lang='lat' dir='ltr'>Nam</span> <span class='ocrx_word' id='word_1_337' title='bbox 1268 2556 1418 2625; x_wconf 86' lang='lat' dir='ltr'>justo</span> <span class='ocrx_word' id='word_1_338' title='bbox 1476 2557 1569 2610; x_wconf 67' lang='lat' dir='ltr'>leae</span> <span class='ocrx_word' id='word_1_339' title='bbox 1622 2571 1732 2612; x_wconf 88' lang='lat' dir='ltr'>non</span> <span class='ocrx_word' id='word_1_340' title='bbox 1765 2563 1841 2611; x_wconf 88' lang='lat' dir='ltr'>est</span> <span class='ocrx_word' id='word_1_341' title='bbox 1947 2555 2099 2625; x_wconf 91' lang='lat' dir='ltr'>apud</span> <span class='ocrx_word' id='word_1_342' title='bbox 2137 2572 2264 2625; x_wconf 91' lang='lat' dir='ltr'>nos,</span> <span class='ocrx_word' id='word_1_343' title='bbox 2298 2558 2355 2610; x_wconf 90' lang='lat' dir='ltr'>et</span> <span class='ocrx_word' id='word_1_344' title='bbox 2383 2554 2550 2610; x_wconf 89' lang='lat' dir='ltr'>valde</span> <span class='ocrx_word' id='word_1_345' title='bbox 2583 2570 2795 2609; x_wconf 90' lang='lat' dir='ltr'>novum</span> <span class='ocrx_word' id='word_1_346' title='bbox 2822 2555 3071 2611; x_wconf 90' lang='lat' dir='ltr'>videtur.</span> <span class='ocrx_word' id='word_1_347' title='bbox 3105 2556 3216 2613; x_wconf 90' lang='lat' dir='ltr'>Sed</span> <span class='ocrx_word' id='word_1_348' title='bbox 3250 2555 3298 2611; x_wconf 91' lang='lat' dir='ltr'>si</span> <span class='ocrx_word' id='word_1_349' title='bbox 3354 2556 3454 2627; x_wconf 90' lang='lat' dir='ltr'>qui</span> <span class='ocrx_word' id='word_1_350' title='bbox 3482 2556 3601 2612; x_wconf 87' lang='lat' dir='ltr'>sint</span> 
     </span>
    </p>
   </div>
   <div class='ocr_carea' id='block_1_26' title="bbox 193 2642 3597 2716">
    <p class='ocr_par' dir='ltr' id='par_1_26' title="bbox 193 2642 3597 2716">
     <span class='ocr_line' id='line_1_26' title="bbox 193 2642 3597 2716; baseline 0.002 -21"><span class='ocrx_word' id='word_1_351' title='bbox 193 2643 373 2711; x_wconf 85' lang='lat' dir='ltr'>posita,</span> <span class='ocrx_word' id='word_1_352' title='bbox 405 2642 506 2699; x_wconf 88' lang='lat' dir='ltr'>sed</span> <span class='ocrx_word' id='word_1_353' title='bbox 541 2644 763 2713; x_wconf 82' lang='lat' dir='ltr'>iujustis</span> <span class='ocrx_word' id='word_1_354' title='bbox 796 2645 842 2713; x_wconf 91' lang='lat' dir='ltr'>(I</span> <span class='ocrx_word' id='word_1_355' title='bbox 902 2645 1035 2698; x_wconf 87' lang='lat' dir='ltr'>Tim.</span> <span class='ocrx_word' id='word_1_356' title='bbox 1098 2662 1135 2713; x_wconf 84' lang='lat'>1,</span> <span class='ocrx_word' id='word_1_357' title='bbox 1194 2644 1270 2712; x_wconf 84' lang='lat'>9).</span> <span class='ocrx_word' id='word_1_358' title='bbox 1341 2649 1613 2700; x_wconf 85' lang='lat' dir='ltr'>Attamen</span> <span class='ocrx_word' id='word_1_359' title='bbox 1644 2644 1835 2715; x_wconf 85' lang='lat' dir='ltr'>nobis,</span> <span class='ocrx_word' id='word_1_360' title='bbox 1948 2643 2047 2713; x_wconf 92' lang='lat' dir='ltr'>qui</span> <span class='ocrx_word' id='word_1_361' title='bbox 2076 2643 2215 2697; x_wconf 87' lang='lat' dir='ltr'>talia</span> <span class='ocrx_word' id='word_1_362' title='bbox 2246 2648 2446 2716; x_wconf 85' lang='lat' dir='ltr'>agunt,</span> <span class='ocrx_word' id='word_1_363' title='bbox 2481 2648 2583 2699; x_wconf 91' lang='lat' dir='ltr'>aut</span> <span class='ocrx_word' id='word_1_364' title='bbox 2614 2644 2851 2699; x_wconf 88' lang='lat' dir='ltr'>raritate</span> <span class='ocrx_word' id='word_1_365' title='bbox 2909 2643 3079 2699; x_wconf 90' lang='lat' dir='ltr'>nobis</span> <span class='ocrx_word' id='word_1_366' title='bbox 3136 2645 3452 2700; x_wconf 88' lang='lat' dir='ltr'>obscurum</span> <span class='ocrx_word' id='word_1_367' title='bbox 3486 2649 3597 2712; x_wconf 89' lang='lat' dir='ltr'>est,</span> 
     </span>
    </p>
   </div>
   <div class='ocr_carea' id='block_1_27' title="bbox 190 2730 3592 2805">
    <p class='ocr_par' dir='ltr' id='par_1_27' title="bbox 190 2730 3592 2805">
     <span class='ocr_line' id='line_1_27' title="bbox 190 2730 3592 2805; baseline 0.001 -20"><span class='ocrx_word' id='word_1_368' title='bbox 190 2730 393 2800; x_wconf 88' lang='lat' dir='ltr'>quibus</span> <span class='ocrx_word' id='word_1_369' title='bbox 425 2730 565 2786; x_wconf 88' lang='lat' dir='ltr'>licet</span> <span class='ocrx_word' id='word_1_370' title='bbox 594 2732 852 2803; x_wconf 89' lang='lat' dir='ltr'>indignis</span> <span class='ocrx_word' id='word_1_371' title='bbox 882 2732 1249 2788; x_wconf 89' lang='lat' dir='ltr'>discernendi</span> <span class='ocrx_word' id='word_1_372' title='bbox 1284 2733 1557 2805; x_wconf 87' lang='lat' dir='ltr'>imposita</span> <span class='ocrx_word' id='word_1_373' title='bbox 1590 2738 1677 2789; x_wconf 92' lang='lat' dir='ltr'>est</span> <span class='ocrx_word' id='word_1_374' title='bbox 1699 2750 1836 2789; x_wconf 90' lang='lat' dir='ltr'>con-</span> <span class='ocrx_word' id='word_1_375' title='bbox 1948 2737 2047 2786; x_wconf 86' lang='lat' dir='ltr'>aut</span> <span class='ocrx_word' id='word_1_376' title='bbox 2077 2731 2547 2788; x_wconf 89' lang='lat' dir='ltr'>dissimulatione</span> <span class='ocrx_word' id='word_1_377' title='bbox 2573 2732 3354 2789; x_wconf 89' lang='lat' dir='ltr'>contectum.Verumtamen</span> <span class='ocrx_word' id='word_1_378' title='bbox 3380 2734 3439 2788; x_wconf 92' lang='lat' dir='ltr'>in</span> <span class='ocrx_word' id='word_1_379' title='bbox 3460 2734 3592 2789; x_wconf 90' lang='lat' dir='ltr'>istis</span> 
     </span>
    </p>
   </div>
   <div class='ocr_carea' id='block_1_28' title="bbox 186 2817 3591 2893">
    <p class='ocr_par' dir='ltr' id='par_1_28' title="bbox 186 2817 3591 2893">
     <span class='ocr_line' id='line_1_28' title="bbox 186 2817 3591 2893; baseline 0.001 -20"><span class='ocrx_word' id='word_1_380' title='bbox 186 2817 345 2891; x_wconf 90' lang='lat' dir='ltr'>ditio,</span> <span class='ocrx_word' id='word_1_381' title='bbox 374 2823 442 2875; x_wconf 90' lang='lat' dir='ltr'>ut</span> <span class='ocrx_word' id='word_1_382' title='bbox 465 2820 797 2877; x_wconf 89' lang='lat' dir='ltr'>dividamus</span> <span class='ocrx_word' id='word_1_383' title='bbox 821 2821 970 2877; x_wconf 89' lang='lat' dir='ltr'>inter</span> <span class='ocrx_word' id='word_1_384' title='bbox 991 2822 1277 2877; x_wconf 90' lang='lat' dir='ltr'>mundum</span> <span class='ocrx_word' id='word_1_385' title='bbox 1304 2827 1360 2877; x_wconf 91' lang='lat' dir='ltr'>et</span> <span class='ocrx_word' id='word_1_386' title='bbox 1381 2823 1839 2891; x_wconf 88' lang='lat' dir='ltr'>immundum,et</span> <span class='ocrx_word' id='word_1_387' title='bbox 1946 2821 2210 2891; x_wconf 91' lang='lat' dir='ltr'>partibus</span> <span class='ocrx_word' id='word_1_388' title='bbox 2229 2821 2457 2876; x_wconf 91' lang='lat' dir='ltr'>nullum</span> <span class='ocrx_word' id='word_1_389' title='bbox 2480 2826 2687 2892; x_wconf 70' lang='lat' dir='ltr'>praeter</span> <span class='ocrx_word' id='word_1_390' title='bbox 2710 2820 2866 2877; x_wconf 90' lang='lat' dir='ltr'>hunc</span> <span class='ocrx_word' id='word_1_391' title='bbox 2889 2820 3203 2893; x_wconf 82' lang='lat' dir='ltr'>aliquando</span> <span class='ocrx_word' id='word_1_392' title='bbox 3227 2821 3591 2878; x_wconf 88' lang='lat' dir='ltr'>audivimus:</span> 
     </span>
    </p>
   </div>
   <div class='ocr_carea' id='block_1_29' title="bbox 176 2906 3595 2982">
    <p class='ocr_par' dir='ltr' id='par_1_29' title="bbox 176 2906 3595 2982">
     <span class='ocr_line' id='line_1_29' title="bbox 176 2906 3595 2982; baseline 0.001 -22"><span class='ocrx_word' id='word_1_393' title='bbox 176 2906 422 2979; x_wconf 88' lang='lat' dir='ltr'>lepram,</span> <span class='ocrx_word' id='word_1_394' title='bbox 460 2908 606 2964; x_wconf 83' lang='lat' dir='ltr'>talia</span> <span class='ocrx_word' id='word_1_395' title='bbox 664 2910 931 2965; x_wconf 88' lang='lat' dir='ltr'>convenit</span> <span class='ocrx_word' id='word_1_396' title='bbox 986 2910 1335 2979; x_wconf 82' lang='lat' dir='ltr'>declamare,</span> <span class='ocrx_word' id='word_1_397' title='bbox 1388 2927 1460 2966; x_wconf 89' lang='lat' dir='ltr'>ne</span> <span class='ocrx_word' id='word_1_398' title='bbox 1516 2915 1772 2966; x_wconf 88' lang='lat' dir='ltr'>tacentes</span> <span class='ocrx_word' id='word_1_399' title='bbox 1804 2928 1838 2965; x_wconf 89' lang='lat' dir='ltr'>a</span> <span class='ocrx_word' id='word_1_400' title='bbox 1946 2912 2143 2964; x_wconf 89' lang='lat' dir='ltr'>tamen</span> <span class='ocrx_word' id='word_1_401' title='bbox 2174 2914 2231 2964; x_wconf 89' lang='lat' dir='ltr'>et</span> <span class='ocrx_word' id='word_1_402' title='bbox 2260 2910 2309 2963; x_wconf 89' lang='lat' dir='ltr'>si</span> <span class='ocrx_word' id='word_1_403' title='bbox 2342 2909 2512 2964; x_wconf 91' lang='lat' dir='ltr'>multi</span> <span class='ocrx_word' id='word_1_404' title='bbox 2544 2914 2743 2965; x_wconf 91' lang='lat' dir='ltr'>essent</span> <span class='ocrx_word' id='word_1_405' title='bbox 2770 2911 2870 2981; x_wconf 90' lang='lat' dir='ltr'>qui</span> <span class='ocrx_word' id='word_1_406' title='bbox 2892 2909 3001 2964; x_wconf 89' lang='lat' dir='ltr'>hoc</span> <span class='ocrx_word' id='word_1_407' title='bbox 3022 2914 3261 2982; x_wconf 88' lang='lat' dir='ltr'>agerent</span> <span class='ocrx_word' id='word_1_408' title='bbox 3290 2910 3595 2966; x_wconf 89' lang='lat' dir='ltr'>Dominica</span> 
     </span>
    </p>
   </div>
   <div class='ocr_carea' id='block_1_30' title="bbox 165 2995 3595 3069">
    <p class='ocr_par' dir='ltr' id='par_1_30' title="bbox 165 2995 3595 3069">
     <span class='ocr_line' id='line_1_30' title="bbox 165 2995 3595 3069; baseline 0.001 -17"><span class='ocrx_word' id='word_1_409' title='bbox 165 2995 417 3052; x_wconf 89' lang='lat' dir='ltr'>Domino</span> <span class='ocrx_word' id='word_1_410' title='bbox 452 3014 567 3067; x_wconf 81' lang='lat' dir='ltr'>per</span> <span class='ocrx_word' id='word_1_411' title='bbox 597 2997 940 3067; x_wconf 89' lang='lat' dir='ltr'>prophetam</span> <span class='ocrx_word' id='word_1_412' title='bbox 973 3014 1314 3068; x_wconf 89' lang='lat' dir='ltr'>arguamur,</span> <span class='ocrx_word' id='word_1_413' title='bbox 1368 2998 1631 3053; x_wconf 90' lang='lat' dir='ltr'>dicente:</span> <span class='ocrx_word' id='word_1_414' title='bbox 1670 3000 1839 3052; x_wconf 84' lang='lat' dir='ltr'>Canes</span> <span class='ocrx_word' id='word_1_415' title='bbox 1947 2996 2228 3051; x_wconf 88' lang='lat' dir='ltr'>debuerat</span> <span class='ocrx_word' id='word_1_416' title='bbox 2253 2998 2577 3067; x_wconf 67' lang='lat' dir='ltr'>praecellere</span> <span class='ocrx_word' id='word_1_417' title='bbox 2598 2999 2923 3053; x_wconf 90' lang='lat' dir='ltr'>sententia:</span> <span class='ocrx_word' id='word_1_418' title='bbox 2954 2999 3072 3054; x_wconf 86' lang='lat' dir='ltr'>Non</span> <span class='ocrx_word' id='word_1_419' title='bbox 3100 3001 3343 3069; x_wconf 75' lang='lat' dir='ltr'>sequens</span> <span class='ocrx_word' id='word_1_420' title='bbox 3374 2999 3595 3054; x_wconf 87' lang='lat' dir='ltr'>turbam</span> 
     </span>
    </p>
   </div>
   <div class='ocr_carea' id='block_1_31' title="bbox 165 3084 3596 3157">
    <p class='ocr_par' dir='ltr' id='par_1_31' title="bbox 165 3084 3596 3157">
     <span class='ocr_line' id='line_1_31' title="bbox 165 3084 3596 3157; baseline 0.001 -18"><span class='ocrx_word' id='word_1_421' title='bbox 165 3088 308 3139; x_wconf 89' lang='lat' dir='ltr'>muti</span> <span class='ocrx_word' id='word_1_422' title='bbox 340 3100 457 3138; x_wconf 86' lang='lat' dir='ltr'>non</span> <span class='ocrx_word' id='word_1_423' title='bbox 494 3085 734 3139; x_wconf 85' lang='lat' dir='ltr'>valentes</span> <span class='ocrx_word' id='word_1_424' title='bbox 766 3086 971 3139; x_wconf 86' lang='lat' dir='ltr'>latrare</span> <span class='ocrx_word' id='word_1_425' title='bbox 1001 3086 1152 3155; x_wconf 89' lang='lat' dir='ltr'>(Isai.</span> <span class='ocrx_word' id='word_1_426' title='bbox 1199 3103 1305 3154; x_wconf 81' lang='lat' dir='ltr'>LVI,</span> <span class='ocrx_word' id='word_1_427' title='bbox 1368 3086 1475 3156; x_wconf 83' lang='lat'>10),</span> <span class='ocrx_word' id='word_1_428' title='bbox 1537 3102 1607 3140; x_wconf 92' lang='lat' dir='ltr'>ne</span> <span class='ocrx_word' id='word_1_429' title='bbox 1638 3085 1837 3156; x_wconf 89' lang='lat' dir='ltr'>populi</span> <span class='ocrx_word' id='word_1_430' title='bbox 1946 3084 2016 3138; x_wconf 89' lang='lat' dir='ltr'>ad</span> <span class='ocrx_word' id='word_1_431' title='bbox 2046 3085 2360 3153; x_wconf 78' lang='lat' dir='ltr'>faciendum</span> <span class='ocrx_word' id='word_1_432' title='bbox 2416 3087 2647 3155; x_wconf 86' lang='lat' dir='ltr'>malum,</span> <span class='ocrx_word' id='word_1_433' title='bbox 2703 3101 2801 3139; x_wconf 85' lang='lat' dir='ltr'>nec</span> <span class='ocrx_word' id='word_1_434' title='bbox 2855 3087 2917 3140; x_wconf 81' lang='lat' dir='ltr'>in</span> <span class='ocrx_word' id='word_1_435' title='bbox 2964 3088 3182 3155; x_wconf 90' lang='lat' dir='ltr'>judicio</span> <span class='ocrx_word' id='word_1_436' title='bbox 3219 3089 3596 3157; x_wconf 85' lang='lat' dir='ltr'>plurimorum</span> 
     </span>
    </p>
   </div>
   <div class='ocr_carea' id='block_1_32' title="bbox 174 3171 3595 3245">
    <p class='ocr_par' dir='ltr' id='par_1_32' title="bbox 174 3171 3595 3245">
     <span class='ocr_line' id='line_1_32' title="bbox 174 3171 3595 3245; baseline 0 -16"><span class='ocrx_word' id='word_1_437' title='bbox 174 3172 522 3229; x_wconf 87' lang='lat' dir='ltr'>consentire</span> <span class='ocrx_word' id='word_1_438' title='bbox 580 3171 817 3243; x_wconf 83' lang='lat' dir='ltr'>ﬂagitiis</span> <span class='ocrx_word' id='word_1_439' title='bbox 878 3172 1200 3236; x_wconf 87' lang='lat' dir='ltr'>videamur,</span> <span class='ocrx_word' id='word_1_440' title='bbox 1261 3177 1318 3227; x_wconf 91' lang='lat' dir='ltr'>et</span> <span class='ocrx_word' id='word_1_441' title='bbox 1349 3172 1835 3243; x_wconf 89' lang='lat' dir='ltr'>reprehensibiles</span> <span class='ocrx_word' id='word_1_442' title='bbox 1946 3174 2257 3243; x_wconf 86' lang='lat' dir='ltr'>acquiesces</span> <span class='ocrx_word' id='word_1_443' title='bbox 2284 3176 2594 3239; x_wconf 76' lang='lat' dir='ltr'>sententiae,</span> <span class='ocrx_word' id='word_1_444' title='bbox 2627 3178 2685 3227; x_wconf 91' lang='lat' dir='ltr'>ut</span> <span class='ocrx_word' id='word_1_445' title='bbox 2733 3191 2767 3227; x_wconf 83' lang='grc' dir='ltr'>α</span> <span class='ocrx_word' id='word_1_446' title='bbox 2821 3190 2948 3228; x_wconf 78' lang='lat' dir='ltr'>uero</span> <span class='ocrx_word' id='word_1_447' title='bbox 2999 3176 3179 3230; x_wconf 88' lang='lat' dir='ltr'>devies</span> <span class='ocrx_word' id='word_1_448' title='bbox 3209 3176 3402 3245; x_wconf 73' lang='lat' dir='ltr'>(Exod.</span> <span class='ocrx_word' id='word_1_449' title='bbox 3435 3193 3595 3243; x_wconf 84' lang='lat' dir='ltr'>xxm,</span> 
     </span>
    </p>
   </div>
   <div class='ocr_carea' id='block_1_33' title="bbox 172 3251 3599 3335">
    <p class='ocr_par' dir='ltr' id='par_1_33' title="bbox 172 3251 3599 3335">
     <span class='ocr_line' id='line_1_33' title="bbox 172 3251 3599 3335; baseline 0.001 -19"><span class='ocrx_word' id='word_1_450' title='bbox 172 3261 533 3326; x_wconf 86' lang='lat' dir='ltr'>efﬁciamur,</span> <span class='ocrx_word' id='word_1_451' title='bbox 568 3259 712 3313; x_wconf 92' lang='lat' dir='ltr'>dum</span> <span class='ocrx_word' id='word_1_452' title='bbox 745 3259 993 3314; x_wconf 90' lang='lat' dir='ltr'>aliorum</span> <span class='ocrx_word' id='word_1_453' title='bbox 1056 3259 1478 3330; x_wconf 89' lang='lat' dir='ltr'>reprehendere</span> <span class='ocrx_word' id='word_1_454' title='bbox 1519 3261 1840 3331; x_wconf 88' lang='lat' dir='ltr'>nequitiam</span> <span class='ocrx_word' id='word_1_455' title='bbox 1873 3251 1915 3316; x_wconf 89' lang='lat' dir='ltr'>C</span> <span class='ocrx_word' id='word_1_456' title='bbox 1953 3262 2007 3332; x_wconf 84' lang='lat'>2)</span> <span class='ocrx_word' id='word_1_457' title='bbox 2035 3279 2047 3329; x_wconf 91' lang='lat'><strong>;</strong></span> <span class='ocrx_word' id='word_1_458' title='bbox 2082 3265 2138 3315; x_wconf 91' lang='lat' dir='ltr'>et</span> <span class='ocrx_word' id='word_1_459' title='bbox 2169 3260 2421 3316; x_wconf 90' lang='lat' dir='ltr'>Paulus:</span> <span class='ocrx_word' id='word_1_460' title='bbox 2448 3261 2509 3315; x_wconf 90' lang='lat' dir='ltr'>Si</span> <span class='ocrx_word' id='word_1_461' title='bbox 2526 3263 2714 3317; x_wconf 87' lang='lat' dir='ltr'>adhuc</span> <span class='ocrx_word' id='word_1_462' title='bbox 2732 3263 3046 3318; x_wconf 90' lang='lat' dir='ltr'>hominibus</span> <span class='ocrx_word' id='word_1_463' title='bbox 3070 3263 3363 3335; x_wconf 85' lang='lat' dir='ltr'>placerem,</span> <span class='ocrx_word' id='word_1_464' title='bbox 3394 3264 3599 3319; x_wconf 82' lang='lat' dir='ltr'>Christi</span> 
     </span>
    </p>
   </div>
   <div class='ocr_carea' id='block_1_34' title="bbox 171 3347 3597 3425">
    <p class='ocr_par' dir='ltr' id='par_1_34' title="bbox 171 3347 3597 3425">
     <span class='ocr_line' id='line_1_34' title="bbox 171 3347 3597 3425; baseline 0.001 -20"><span class='ocrx_word' id='word_1_465' title='bbox 171 3347 654 3405; x_wconf 88' lang='lat' dir='ltr'>dissimulamus.</span> <span class='ocrx_word' id='word_1_466' title='bbox 678 3349 785 3403; x_wconf 84' lang='lat' dir='ltr'>Sed</span> <span class='ocrx_word' id='word_1_467' title='bbox 833 3351 892 3402; x_wconf 88' lang='lat' dir='ltr'>in</span> <span class='ocrx_word' id='word_1_468' title='bbox 918 3348 1171 3403; x_wconf 82' lang='lat' dir='ltr'>omnibus</span> <span class='ocrx_word' id='word_1_469' title='bbox 1200 3350 1553 3404; x_wconf 77' lang='lat' dir='ltr'>exhibeamus</span> <span class='ocrx_word' id='word_1_470' title='bbox 1582 3365 1682 3405; x_wconf 83' lang='lat' dir='ltr'>nos</span> <span class='ocrx_word' id='word_1_471' title='bbox 1702 3352 1839 3404; x_wconf 84' lang='lat' dir='ltr'>sicut</span> <span class='ocrx_word' id='word_1_472' title='bbox 1947 3366 2136 3405; x_wconf 87' lang='lat' dir='ltr'>servus</span> <span class='ocrx_word' id='word_1_473' title='bbox 2165 3366 2277 3405; x_wconf 85' lang='lat' dir='ltr'>non</span> <span class='ocrx_word' id='word_1_474' title='bbox 2304 3366 2473 3405; x_wconf 88' lang='lat' dir='ltr'>essem</span> <span class='ocrx_word' id='word_1_475' title='bbox 2508 3349 2645 3420; x_wconf 85' lang='lat' dir='ltr'>(Gal.</span> <span class='ocrx_word' id='word_1_476' title='bbox 2682 3368 2720 3417; x_wconf 78' lang='grc' dir='ltr'>ι,</span> <span class='ocrx_word' id='word_1_477' title='bbox 2756 3352 2843 3421; x_wconf 93' lang='grc'>10)</span> <span class='ocrx_word' id='word_1_478' title='bbox 2874 3369 2886 3417; x_wconf 92' lang='grc'>;</span> <span class='ocrx_word' id='word_1_479' title='bbox 2920 3355 2977 3407; x_wconf 91' lang='lat' dir='ltr'>et</span> <span class='ocrx_word' id='word_1_480' title='bbox 3003 3352 3255 3408; x_wconf 87' lang='lat' dir='ltr'>Jacobus</span> <span class='ocrx_word' id='word_1_481' title='bbox 3295 3352 3597 3425; x_wconf 89' lang='lat' dir='ltr'>apostolus</span> 
     </span>
    </p>
   </div>
   <div class='ocr_carea' id='block_1_35' title="bbox 175 3437 3598 3510">
    <p class='ocr_par' dir='ltr' id='par_1_35' title="bbox 175 3437 3598 3510">
     <span class='ocr_line' id='line_1_35' title="bbox 175 3437 3598 3510; baseline 0.001 -16"><span class='ocrx_word' id='word_1_482' title='bbox 175 3440 267 3495; x_wconf 88' lang='lat' dir='ltr'>Dei</span> <span class='ocrx_word' id='word_1_483' title='bbox 282 3438 579 3494; x_wconf 78' lang='lat' dir='ltr'>ministros</span> <span class='ocrx_word' id='word_1_484' title='bbox 628 3438 704 3509; x_wconf 89' lang='lat' dir='ltr'>(tl</span> <span class='ocrx_word' id='word_1_485' title='bbox 732 3438 851 3493; x_wconf 89' lang='lat' dir='ltr'>Cor.</span> <span class='ocrx_word' id='word_1_486' title='bbox 885 3455 961 3504; x_wconf 78' lang='lat' dir='ltr'>v1,</span> <span class='ocrx_word' id='word_1_487' title='bbox 994 3438 1049 3505; x_wconf 84' lang='grc'>4)</span> <span class='ocrx_word' id='word_1_488' title='bbox 1064 3454 1085 3497; x_wconf 72' lang='grc' dir='ltr'><strong><em>,ο</em></strong></span> <span class='ocrx_word' id='word_1_489' title='bbox 1118 3437 1257 3508; x_wconf 90' lang='lat' dir='ltr'>quia</span> <span class='ocrx_word' id='word_1_490' title='bbox 1285 3438 1571 3509; x_wconf 90' lang='lat' dir='ltr'>scriptum</span> <span class='ocrx_word' id='word_1_491' title='bbox 1604 3444 1729 3494; x_wconf 89' lang='lat' dir='ltr'>est:</span> <span class='ocrx_word' id='word_1_492' title='bbox 1763 3440 1839 3493; x_wconf 84' lang='lat' dir='ltr'>Ne</span> <span class='ocrx_word' id='word_1_493' title='bbox 1949 3439 2057 3493; x_wconf 90' lang='lat' dir='ltr'>ait:</span> <span class='ocrx_word' id='word_1_494' title='bbox 2092 3439 2413 3510; x_wconf 83' lang='lat' dir='ltr'>Quicunque</span> <span class='ocrx_word' id='word_1_495' title='bbox 2439 3456 2565 3509; x_wconf 87' lang='lat' dir='ltr'>ergo</span> <span class='ocrx_word' id='word_1_496' title='bbox 2594 3441 2828 3495; x_wconf 82' lang='lat' dir='ltr'>voluerit</span> <span class='ocrx_word' id='word_1_497' title='bbox 2854 3444 3063 3496; x_wconf 87' lang='lat' dir='ltr'>amicus</span> <span class='ocrx_word' id='word_1_498' title='bbox 3120 3458 3231 3497; x_wconf 85' lang='lat' dir='ltr'>esse</span> <span class='ocrx_word' id='word_1_499' title='bbox 3282 3443 3472 3499; x_wconf 65' lang='lat' dir='ltr'>swculi</span> <span class='ocrx_word' id='word_1_500' title='bbox 3501 3441 3598 3498; x_wconf 88' lang='lat' dir='ltr'>hu-</span> 
     </span>
    </p>
   </div>
   <div class='ocr_carea' id='block_1_36' title="bbox 174 3525 3595 3603">
    <p class='ocr_par' dir='ltr' id='par_1_36' title="bbox 174 3525 3595 3603">
     <span class='ocr_line' id='line_1_36' title="bbox 174 3525 3595 3603; baseline 0.001 -18"><span class='ocrx_word' id='word_1_501' title='bbox 174 3529 674 3585; x_wconf 84' lang='lat' dir='ltr'>communicavertt</span> <span class='ocrx_word' id='word_1_502' title='bbox 724 3527 959 3597; x_wconf 87' lang='lat' dir='ltr'>peccatis</span> <span class='ocrx_word' id='word_1_503' title='bbox 1016 3525 1220 3581; x_wconf 85' lang='lat' dir='ltr'>alienis</span> <span class='ocrx_word' id='word_1_504' title='bbox 1278 3528 1325 3593; x_wconf 90' lang='lat' dir='ltr'>(I</span> <span class='ocrx_word' id='word_1_505' title='bbox 1355 3528 1483 3581; x_wconf 87' lang='lat' dir='ltr'>Tim.</span> <span class='ocrx_word' id='word_1_506' title='bbox 1519 3544 1573 3598; x_wconf 91' lang='lat' dir='ltr'>v,</span> <span class='ocrx_word' id='word_1_507' title='bbox 1617 3528 1749 3595; x_wconf 75' lang='lat'>22);</span> <span class='ocrx_word' id='word_1_508' title='bbox 1779 3535 1838 3583; x_wconf 91' lang='lat' dir='ltr'>et</span> <span class='ocrx_word' id='word_1_509' title='bbox 1936 3527 2053 3598; x_wconf 85' lang='lat' dir='ltr'>jus,</span> <span class='ocrx_word' id='word_1_510' title='bbox 2080 3530 2341 3583; x_wconf 88' lang='lat' dir='ltr'>inimicus</span> <span class='ocrx_word' id='word_1_511' title='bbox 2371 3530 2467 3583; x_wconf 91' lang='lat' dir='ltr'>Dei</span> <span class='ocrx_word' id='word_1_512' title='bbox 2496 3529 2849 3583; x_wconf 77' lang='lat' dir='ltr'>constituitur</span> <span class='ocrx_word' id='word_1_513' title='bbox 2880 3530 3013 3600; x_wconf 87' lang='lat' dir='ltr'>(Jac.</span> <span class='ocrx_word' id='word_1_514' title='bbox 3048 3547 3121 3599; x_wconf 84' lang='lat' dir='ltr'>IV,</span> <span class='ocrx_word' id='word_1_515' title='bbox 3156 3530 3231 3598; x_wconf 78' lang='grc'>4).</span> <span class='ocrx_word' id='word_1_516' title='bbox 3274 3531 3343 3585; x_wconf 88' lang='lat' dir='ltr'>Et</span> <span class='ocrx_word' id='word_1_517' title='bbox 3369 3531 3595 3603; x_wconf 88' lang='lat' dir='ltr'>Moyses</span> 
     </span>
    </p>
   </div>
   <div class='ocr_carea' id='block_1_37' title="bbox 178 3615 3591 3691">
    <p class='ocr_par' dir='ltr' id='par_1_37' title="bbox 178 3615 3591 3691">
     <span class='ocr_line' id='line_1_37' title="bbox 178 3615 3591 3691; baseline 0.001 -19"><span class='ocrx_word' id='word_1_518' title='bbox 178 3635 383 3673; x_wconf 89' lang='lat' dir='ltr'>rursus</span> <span class='ocrx_word' id='word_1_519' title='bbox 412 3618 522 3673; x_wconf 88' lang='lat' dir='ltr'>:Et</span> <span class='ocrx_word' id='word_1_520' title='bbox 547 3615 896 3671; x_wconf 87' lang='lat' dir='ltr'>immundum</span> <span class='ocrx_word' id='word_1_521' title='bbox 916 3630 985 3670; x_wconf 89' lang='lat' dir='ltr'>ne</span> <span class='ocrx_word' id='word_1_522' title='bbox 1011 3617 1305 3684; x_wconf 88' lang='lat' dir='ltr'>tetigeritis</span> <span class='ocrx_word' id='word_1_523' title='bbox 1344 3616 1409 3687; x_wconf 85' lang='lat' dir='ltr'>(ll</span> <span class='ocrx_word' id='word_1_524' title='bbox 1455 3617 1575 3672; x_wconf 88' lang='lat' dir='ltr'>Cor.</span> <span class='ocrx_word' id='word_1_525' title='bbox 1609 3634 1685 3686; x_wconf 80' lang='lat' dir='ltr'>vi,</span> <span class='ocrx_word' id='word_1_526' title='bbox 1722 3618 1830 3688; x_wconf 91' lang='grc'>17).</span> <span class='ocrx_word' id='word_1_527' title='bbox 1945 3617 2176 3688; x_wconf 86' lang='lat' dir='ltr'>negavit</span> <span class='ocrx_word' id='word_1_528' title='bbox 2202 3634 2265 3672; x_wconf 87' lang='lat' dir='ltr'>se</span> <span class='ocrx_word' id='word_1_529' title='bbox 2296 3634 2421 3672; x_wconf 89' lang='lat' dir='ltr'>esse</span> <span class='ocrx_word' id='word_1_530' title='bbox 2441 3618 2626 3671; x_wconf 85' lang='lat' dir='ltr'>ﬁlium</span> <span class='ocrx_word' id='word_1_531' title='bbox 2659 3618 2790 3673; x_wconf 72' lang='lat' dir='ltr'>ﬁliae</span> <span class='ocrx_word' id='word_1_532' title='bbox 2812 3619 3349 3691; x_wconf 88' lang='lat' dir='ltr'>Pharaonis,magis</span> <span class='ocrx_word' id='word_1_533' title='bbox 3371 3620 3591 3691; x_wconf 86' lang='lat' dir='ltr'>eligens</span> 
     </span>
    </p>
   </div>
   <div class='ocr_carea' id='block_1_38' title="bbox 244 3704 3585 3779">
    <p class='ocr_par' dir='ltr' id='par_1_38' title="bbox 244 3704 3585 3779">
     <span class='ocr_line' id='line_1_38' title="bbox 244 3704 3585 3779; baseline 0.001 -17"><span class='ocrx_word' id='word_1_534' title='bbox 244 3707 414 3771; x_wconf 92' lang='lat' dir='ltr'>Quod</span> <span class='ocrx_word' id='word_1_535' title='bbox 449 3710 646 3761; x_wconf 90' lang='lat' dir='ltr'>autem</span> <span class='ocrx_word' id='word_1_536' title='bbox 681 3722 749 3761; x_wconf 85' lang='lat' dir='ltr'>ex</span> <span class='ocrx_word' id='word_1_537' title='bbox 778 3704 1012 3773; x_wconf 81' lang='lat' dir='ltr'>Domini</span> <span class='ocrx_word' id='word_1_538' title='bbox 1071 3706 1361 3760; x_wconf 84' lang='lat' dir='ltr'>sententia</span> <span class='ocrx_word' id='word_1_539' title='bbox 1415 3706 1608 3761; x_wconf 87' lang='lat' dir='ltr'>dicitis</span> <span class='ocrx_word' id='word_1_540' title='bbox 1634 3724 1646 3762; x_wconf 91' lang='lat'>:</span> <span class='ocrx_word' id='word_1_541' title='bbox 1683 3707 1834 3774; x_wconf 84' lang='lat' dir='ltr'>Quod</span> <span class='ocrx_word' id='word_1_542' title='bbox 1942 3706 2124 3778; x_wconf 82' lang='lat' dir='ltr'>afﬂigi</span> <span class='ocrx_word' id='word_1_543' title='bbox 2146 3723 2278 3761; x_wconf 92' lang='lat' dir='ltr'>cum</span> <span class='ocrx_word' id='word_1_544' title='bbox 2300 3706 2512 3777; x_wconf 76' lang='lat' dir='ltr'>populo</span> <span class='ocrx_word' id='word_1_545' title='bbox 2534 3706 2842 3778; x_wconf 89' lang='lat' dir='ltr'>Dei,quam</span> <span class='ocrx_word' id='word_1_546' title='bbox 2864 3708 3203 3779; x_wconf 88' lang='lat' dir='ltr'>temporalis</span> <span class='ocrx_word' id='word_1_547' title='bbox 3226 3709 3445 3779; x_wconf 90' lang='lat' dir='ltr'>peccati</span> <span class='ocrx_word' id='word_1_548' title='bbox 3477 3708 3585 3765; x_wconf 91' lang='lat' dir='ltr'>ba-</span> 
     </span>
    </p>
   </div>
   <div class='ocr_carea' id='block_1_39' title="bbox 172 3793 3583 3867">
    <p class='ocr_par' dir='ltr' id='par_1_39' title="bbox 172 3793 3583 3867">
     <span class='ocr_line' id='line_1_39' title="bbox 172 3793 3583 3867; baseline 0.001 -17"><span class='ocrx_word' id='word_1_549' title='bbox 172 3796 305 3852; x_wconf 86' lang='lat' dir='ltr'>Deus</span> <span class='ocrx_word' id='word_1_550' title='bbox 330 3796 651 3867; x_wconf 74' lang='lat' dir='ltr'>conjunxit,</span> <span class='ocrx_word' id='word_1_551' title='bbox 677 3793 833 3848; x_wconf 86' lang='lat' dir='ltr'>homo</span> <span class='ocrx_word' id='word_1_552' title='bbox 852 3809 962 3848; x_wconf 83' lang='lat' dir='ltr'>non</span> <span class='ocrx_word' id='word_1_553' title='bbox 981 3806 1193 3865; x_wconf 89' lang='lat' dir='ltr'>separet</span> <span class='ocrx_word' id='word_1_554' title='bbox 1223 3794 1431 3863; x_wconf 79' lang='lat' dir='ltr'>(Matth.</span> <span class='ocrx_word' id='word_1_555' title='bbox 1454 3811 1570 3861; x_wconf 70' lang='lat' dir='ltr'>xxx,</span> <span class='ocrx_word' id='word_1_556' title='bbox 1601 3794 1677 3865; x_wconf 82' lang='lat'>6),</span> <span class='ocrx_word' id='word_1_557' title='bbox 1712 3796 1831 3849; x_wconf 66' lang='lat' dir='ltr'>haec</span> <span class='ocrx_word' id='word_1_558' title='bbox 1939 3794 2075 3850; x_wconf 90' lang='lat' dir='ltr'>bere</span> <span class='ocrx_word' id='word_1_559' title='bbox 2096 3795 2549 3865; x_wconf 88' lang='lat' dir='ltr'>jocunditatem,</span> <span class='ocrx_word' id='word_1_560' title='bbox 2586 3797 2839 3867; x_wconf 89' lang='lat' dir='ltr'>majores</span> <span class='ocrx_word' id='word_1_561' title='bbox 2869 3796 3102 3852; x_wconf 90' lang='lat' dir='ltr'>divitias</span> <span class='ocrx_word' id='word_1_562' title='bbox 3131 3798 3427 3854; x_wconf 67' lang='lat' dir='ltr'>aestimans</span> <span class='ocrx_word' id='word_1_563' title='bbox 3455 3798 3583 3853; x_wconf 91' lang='lat' dir='ltr'>the-</span> 
     </span>
    </p>
   </div>
   <div class='ocr_carea' id='block_1_40' title="bbox 172 3881 3581 3958">
    <p class='ocr_par' dir='ltr' id='par_1_40' title="bbox 172 3881 3581 3958">
     <span class='ocr_line' id='line_1_40' title="bbox 172 3881 3581 3958; baseline 0 -18"><span class='ocrx_word' id='word_1_564' title='bbox 172 3885 367 3958; x_wconf 87' lang='lat' dir='ltr'>religio</span> <span class='ocrx_word' id='word_1_565' title='bbox 395 3884 598 3940; x_wconf 90' lang='lat' dir='ltr'>modis</span> <span class='ocrx_word' id='word_1_566' title='bbox 612 3882 889 3938; x_wconf 89' lang='lat' dir='ltr'>omnibus</span> <span class='ocrx_word' id='word_1_567' title='bbox 909 3881 1293 3937; x_wconf 89' lang='lat' dir='ltr'>custodienda</span> <span class='ocrx_word' id='word_1_568' title='bbox 1310 3883 1565 3949; x_wconf 91' lang='lat' dir='ltr'>videtur;</span> <span class='ocrx_word' id='word_1_569' title='bbox 1592 3884 1687 3937; x_wconf 89' lang='lat' dir='ltr'>sed</span> <span class='ocrx_word' id='word_1_570' title='bbox 1715 3900 1828 3939; x_wconf 90' lang='lat' dir='ltr'>non</span> <span class='ocrx_word' id='word_1_571' title='bbox 1940 3900 2113 3938; x_wconf 91' lang='lat' dir='ltr'>sauro</span> <span class='ocrx_word' id='word_1_572' title='bbox 2160 3884 2559 3955; x_wconf 67' lang='lat' dir='ltr'>Egyptiorum</span> <span class='ocrx_word' id='word_1_573' title='bbox 2604 3886 3003 3955; x_wconf 89' lang='lat' dir='ltr'>improperium</span> <span class='ocrx_word' id='word_1_574' title='bbox 3052 3886 3257 3941; x_wconf 86' lang='lat' dir='ltr'>Christi</span> <span class='ocrx_word' id='word_1_575' title='bbox 3287 3887 3475 3957; x_wconf 82' lang='lat' dir='ltr'>(Hebr.</span> <span class='ocrx_word' id='word_1_576' title='bbox 3505 3904 3581 3955; x_wconf 84' lang='grc' dir='ltr'>ιν,</span> 
     </span>
    </p>
   </div>
   <div class='ocr_carea' id='block_1_41' title="bbox 172 3970 3577 4047">
    <p class='ocr_par' dir='ltr' id='par_1_41' title="bbox 172 3970 3577 4047">
     <span class='ocr_line' id='line_1_41' title="bbox 172 3970 3577 4047; baseline 0.001 -20"><span class='ocrx_word' id='word_1_577' title='bbox 172 3989 370 4028; x_wconf 84' lang='lat' dir='ltr'>omnes</span> <span class='ocrx_word' id='word_1_578' title='bbox 390 3970 1262 4043; x_wconf 84' lang='lat' dir='ltr'>quiconjunctisuntDominus</span> <span class='ocrx_word' id='word_1_579' title='bbox 1288 3971 1828 4041; x_wconf 86' lang='lat' dir='ltr'>conjunxit.Eorum</span> <span class='ocrx_word' id='word_1_580' title='bbox 1935 3972 2047 4042; x_wconf 83' lang='grc'>24).</span> <span class='ocrx_word' id='word_1_581' title='bbox 2079 3972 2412 4025; x_wconf 89' lang='lat' dir='ltr'>Secundum</span> <span class='ocrx_word' id='word_1_582' title='bbox 2461 3971 2757 4026; x_wconf 91' lang='lat' dir='ltr'>decretum</span> <span class='ocrx_word' id='word_1_583' title='bbox 2817 3978 3008 4027; x_wconf 89' lang='lat' dir='ltr'>autem</span> <span class='ocrx_word' id='word_1_584' title='bbox 3071 3974 3362 4029; x_wconf 80' lang='lat' dir='ltr'>leestini</span> <span class='ocrx_word' id='word_1_585' title='bbox 3393 3992 3577 4047; x_wconf 70' lang='lat' dir='ltr'>papte,</span> 
     </span>
    </p>
   </div>
   <div class='ocr_carea' id='block_1_42' title="bbox 171 4058 3582 4134">
    <p class='ocr_par' dir='ltr' id='par_1_42' title="bbox 171 4058 3582 4134">
     <span class='ocr_line' id='line_1_42' title="bbox 171 4058 3582 4134; baseline 0.001 -16"><span class='ocrx_word' id='word_1_586' title='bbox 171 4066 361 4118; x_wconf 84' lang='lat' dir='ltr'>tamen</span> <span class='ocrx_word' id='word_1_587' title='bbox 378 4059 1151 4134; x_wconf 87' lang='lat' dir='ltr'>quosipseconjunxitbona</span> <span class='ocrx_word' id='word_1_588' title='bbox 1164 4058 1830 4132; x_wconf 90' lang='lat' dir='ltr'>estcopula,quippenec</span> <span class='ocrx_word' id='word_1_589' title='bbox 1937 4060 2235 4115; x_wconf 88' lang='lat' dir='ltr'>docendus</span> <span class='ocrx_word' id='word_1_590' title='bbox 2265 4062 2354 4114; x_wconf 90' lang='lat' dir='ltr'>est</span> <span class='ocrx_word' id='word_1_591' title='bbox 2382 4060 2655 4130; x_wconf 90' lang='lat' dir='ltr'>p0pulus,</span> <span class='ocrx_word' id='word_1_592' title='bbox 2680 4076 2793 4114; x_wconf 90' lang='lat' dir='ltr'>non</span> <span class='ocrx_word' id='word_1_593' title='bbox 2816 4062 3171 4131; x_wconf 89' lang='lat' dir='ltr'>sequendus.</span> <span class='ocrx_word' id='word_1_594' title='bbox 3191 4063 3301 4117; x_wconf 93' lang='lat' dir='ltr'>Sed</span> <span class='ocrx_word' id='word_1_595' title='bbox 3320 4068 3377 4118; x_wconf 89' lang='lat' dir='ltr'>et</span> <span class='ocrx_word' id='word_1_596' title='bbox 3406 4064 3454 4119; x_wconf 90' lang='lat' dir='ltr'>si</span> <span class='ocrx_word' id='word_1_597' title='bbox 3476 4080 3582 4120; x_wconf 91' lang='lat' dir='ltr'>nec</span> 
     </span>
    </p>
   </div>
   <div class='ocr_carea' id='block_1_43' title="bbox 174 4145 3581 4223">
    <p class='ocr_par' dir='ltr' id='par_1_43' title="bbox 174 4145 3581 4223">
     <span class='ocr_line' id='line_1_43' title="bbox 174 4145 3581 4223; baseline 0.001 -20"><span class='ocrx_word' id='word_1_598' title='bbox 174 4147 396 4223; x_wconf 89' lang='lat' dir='ltr'>legibus</span> <span class='ocrx_word' id='word_1_599' title='bbox 414 4149 608 4214; x_wconf 88' lang='lat' dir='ltr'>obest,</span> <span class='ocrx_word' id='word_1_600' title='bbox 628 4163 732 4203; x_wconf 89' lang='lat' dir='ltr'>nec</span> <span class='ocrx_word' id='word_1_601' title='bbox 753 4145 1175 4203; x_wconf 88' lang='lat' dir='ltr'>catholicorum</span> <span class='ocrx_word' id='word_1_602' title='bbox 1200 4148 1694 4217; x_wconf 76' lang='lat' dir='ltr'>ususconturbat.</span> <span class='ocrx_word' id='word_1_603' title='bbox 1716 4150 1826 4205; x_wconf 90' lang='lat' dir='ltr'>Sed</span> <span class='ocrx_word' id='word_1_604' title='bbox 1937 4148 2030 4203; x_wconf 90' lang='lat' dir='ltr'>lex</span> <span class='ocrx_word' id='word_1_605' title='bbox 2058 4148 2229 4217; x_wconf 88' lang='lat' dir='ltr'>valet,</span> <span class='ocrx_word' id='word_1_606' title='bbox 2264 4164 2369 4204; x_wconf 86' lang='lat' dir='ltr'>nec</span> <span class='ocrx_word' id='word_1_607' title='bbox 2393 4148 2753 4205; x_wconf 88' lang='lat' dir='ltr'>consuetudo</span> <span class='ocrx_word' id='word_1_608' title='bbox 2780 4148 3028 4220; x_wconf 88' lang='lat' dir='ltr'>proﬁcit,</span> <span class='ocrx_word' id='word_1_609' title='bbox 3054 4149 3260 4205; x_wconf 89' lang='lat' dir='ltr'>saltem</span> <span class='ocrx_word' id='word_1_610' title='bbox 3283 4152 3412 4222; x_wconf 89' lang='lat' dir='ltr'>ipsa</span> <span class='ocrx_word' id='word_1_611' title='bbox 3432 4152 3581 4209; x_wconf 91' lang='lat' dir='ltr'>ratio</span> 
     </span>
    </p>
   </div>
   <div class='ocr_carea' id='block_1_44' title="bbox 175 4237 2229 4310">
    <p class='ocr_par' dir='ltr' id='par_1_44' title="bbox 175 4237 2229 4310">
     <span class='ocr_line' id='line_1_44' title="bbox 175 4237 2229 4310; baseline 0 -18"><span class='ocrx_word' id='word_1_612' title='bbox 175 4242 256 4292; x_wconf 88' lang='lat' dir='ltr'>est</span> <span class='ocrx_word' id='word_1_613' title='bbox 275 4237 1178 4295; x_wconf 80' lang='lat' dir='ltr'>honorabileconnubiumettorus</span> <span class='ocrx_word' id='word_1_614' title='bbox 1208 4237 1601 4293; x_wconf 87' lang='lat' dir='ltr'>immaculatus</span> <span class='ocrx_word' id='word_1_615' title='bbox 1633 4238 1824 4306; x_wconf 83' lang='lat' dir='ltr'>(Hebr.</span> <span class='ocrx_word' id='word_1_616' title='bbox 1936 4239 2229 4310; x_wconf 90' lang='lat' dir='ltr'>procedat.</span> 
     </span>
    </p>
   </div>
   <div class='ocr_carea' id='block_1_45' title="bbox 175 4325 3585 4400">
    <p class='ocr_par' dir='ltr' id='par_1_45' title="bbox 175 4325 3585 4400">
     <span class='ocr_line' id='line_1_45' title="bbox 175 4325 3585 4400; baseline 0.002 -20"><span class='ocrx_word' id='word_1_617' title='bbox 175 4343 291 4396; x_wconf 84' lang='lat' dir='ltr'>xm,</span> <span class='ocrx_word' id='word_1_618' title='bbox 314 4330 391 4400; x_wconf 85' lang='grc'>4).</span> <span class='ocrx_word' id='word_1_619' title='bbox 426 4327 589 4383; x_wconf 90' lang='lat' dir='ltr'>sicut</span> <span class='ocrx_word' id='word_1_620' title='bbox 618 4326 826 4382; x_wconf 87' lang='lat' dir='ltr'>beatus</span> <span class='ocrx_word' id='word_1_621' title='bbox 850 4325 1067 4381; x_wconf 90' lang='lat' dir='ltr'>Paulus</span> <span class='ocrx_word' id='word_1_622' title='bbox 1088 4327 1169 4380; x_wconf 86' lang='lat' dir='ltr'>ait</span> <span class='ocrx_word' id='word_1_623' title='bbox 1185 4325 1523 4397; x_wconf 90' lang='lat' dir='ltr'>apostolus:</span> <span class='ocrx_word' id='word_1_624' title='bbox 1561 4328 1653 4382; x_wconf 85' lang='lat' dir='ltr'>His</span> <span class='ocrx_word' id='word_1_625' title='bbox 1668 4344 1826 4382; x_wconf 86' lang='lat' dir='ltr'>nam-</span> <span class='ocrx_word' id='word_1_626' title='bbox 2007 4331 2166 4381; x_wconf 87' lang='lat' dir='ltr'>Inter</span> <span class='ocrx_word' id='word_1_627' title='bbox 2193 4330 2522 4397; x_wconf 89' lang='lat' dir='ltr'>compatres</span> <span class='ocrx_word' id='word_1_628' title='bbox 2580 4330 2637 4381; x_wconf 92' lang='lat' dir='ltr'>et</span> <span class='ocrx_word' id='word_1_629' title='bbox 2695 4331 3047 4383; x_wconf 88' lang='lat' dir='ltr'>commatres</span> <span class='ocrx_word' id='word_1_630' title='bbox 3103 4327 3412 4385; x_wconf 89' lang='lat' dir='ltr'>interdicta</span> <span class='ocrx_word' id='word_1_631' title='bbox 3456 4346 3585 4387; x_wconf 89' lang='lat' dir='ltr'>esse</span> 
     </span>
    </p>
   </div>
   <div class='ocr_carea' id='block_1_46' title="bbox 176 4415 3585 4489">
    <p class='ocr_par' dir='ltr' id='par_1_46' title="bbox 176 4415 3585 4489">
     <span class='ocr_line' id='line_1_46' title="bbox 176 4415 3585 4489; baseline 0.001 -17"><span class='ocrx_word' id='word_1_632' title='bbox 176 4432 270 4487; x_wconf 81' lang='lat' dir='ltr'>que</span> <span class='ocrx_word' id='word_1_633' title='bbox 293 4420 389 4488; x_wconf 88' lang='lat' dir='ltr'>qui</span> <span class='ocrx_word' id='word_1_634' title='bbox 418 4416 788 4472; x_wconf 87' lang='lat' dir='ltr'>matrimonio</span> <span class='ocrx_word' id='word_1_635' title='bbox 832 4416 1015 4486; x_wconf 84' lang='lat' dir='ltr'>juncti</span> <span class='ocrx_word' id='word_1_636' title='bbox 1040 4421 1192 4482; x_wconf 85' lang='lat' dir='ltr'>sunt,</span> <span class='ocrx_word' id='word_1_637' title='bbox 1246 4418 1531 4487; x_wconf 72' lang='lat' dir='ltr'>praecipio,</span> <span class='ocrx_word' id='word_1_638' title='bbox 1571 4434 1684 4473; x_wconf 87' lang='lat' dir='ltr'>non</span> <span class='ocrx_word' id='word_1_639' title='bbox 1711 4433 1825 4488; x_wconf 85' lang='lat' dir='ltr'>ego,</span> <span class='ocrx_word' id='word_1_640' title='bbox 1936 4415 2209 4487; x_wconf 83' lang='lat' dir='ltr'>conjugis</span> <span class='ocrx_word' id='word_1_641' title='bbox 2229 4416 2523 4471; x_wconf 89' lang='lat' dir='ltr'>evidenter</span> <span class='ocrx_word' id='word_1_642' title='bbox 2544 4432 2747 4472; x_wconf 85' lang='lat' dir='ltr'>omnes</span> <span class='ocrx_word' id='word_1_643' title='bbox 2769 4416 3101 4472; x_wconf 88' lang='lat' dir='ltr'>testiﬁcant.</span> <span class='ocrx_word' id='word_1_644' title='bbox 3124 4418 3268 4473; x_wconf 84' lang='lat' dir='ltr'>Cum</span> <span class='ocrx_word' id='word_1_645' title='bbox 3292 4417 3470 4489; x_wconf 88' lang='lat' dir='ltr'>hujus</span> <span class='ocrx_word' id='word_1_646' title='bbox 3493 4437 3585 4476; x_wconf 88' lang='lat' dir='ltr'>sa-</span> 
     </span>
    </p>
   </div>
   <div class='ocr_carea' id='block_1_47' title="bbox 178 4504 3583 4578">
    <p class='ocr_par' dir='ltr' id='par_1_47' title="bbox 178 4504 3583 4578">
     <span class='ocr_line' id='line_1_47' title="bbox 178 4504 3583 4578; baseline 0.001 -20"><span class='ocrx_word' id='word_1_647' title='bbox 178 4506 265 4560; x_wconf 78' lang='lat' dir='ltr'>sed</span> <span class='ocrx_word' id='word_1_648' title='bbox 292 4508 592 4573; x_wconf 85' lang='lat' dir='ltr'>Dominus,</span> <span class='ocrx_word' id='word_1_649' title='bbox 622 4520 850 4560; x_wconf 76' lang='lat' dir='ltr'>uxorem</span> <span class='ocrx_word' id='word_1_650' title='bbox 883 4521 916 4558; x_wconf 84' lang='grc' dir='ltr'><em>α</em></span> <span class='ocrx_word' id='word_1_651' title='bbox 944 4505 1064 4559; x_wconf 87' lang='lat' dir='ltr'>viro</span> <span class='ocrx_word' id='word_1_652' title='bbox 1120 4519 1216 4558; x_wconf 87' lang='lat' dir='ltr'>suo</span> <span class='ocrx_word' id='word_1_653' title='bbox 1261 4520 1373 4559; x_wconf 88' lang='lat' dir='ltr'>non</span> <span class='ocrx_word' id='word_1_654' title='bbox 1429 4505 1700 4561; x_wconf 87' lang='lat' dir='ltr'>discedere</span> <span class='ocrx_word' id='word_1_655' title='bbox 1734 4523 1745 4560; x_wconf 91' lang='lat'>:</span> <span class='ocrx_word' id='word_1_656' title='bbox 1778 4514 1830 4561; x_wconf 90' lang='lat' dir='ltr'>et</span> <span class='ocrx_word' id='word_1_657' title='bbox 1937 4505 2219 4560; x_wconf 88' lang='lat' dir='ltr'>cramenti</span> <span class='ocrx_word' id='word_1_658' title='bbox 2250 4504 2595 4576; x_wconf 87' lang='lat' dir='ltr'>mysterium</span> <span class='ocrx_word' id='word_1_659' title='bbox 2628 4522 2743 4561; x_wconf 91' lang='lat' dir='ltr'>non</span> <span class='ocrx_word' id='word_1_660' title='bbox 2776 4504 3108 4577; x_wconf 89' lang='lat' dir='ltr'>specialiter</span> <span class='ocrx_word' id='word_1_661' title='bbox 3136 4506 3194 4562; x_wconf 92' lang='lat' dir='ltr'>in</span> <span class='ocrx_word' id='word_1_662' title='bbox 3226 4506 3501 4578; x_wconf 92' lang='lat' dir='ltr'>ipsis,sed</span> <span class='ocrx_word' id='word_1_663' title='bbox 3526 4508 3583 4563; x_wconf 92' lang='lat' dir='ltr'>in</span> 
     </span>
    </p>
   </div>
   <div class='ocr_carea' id='block_1_48' title="bbox 182 4592 3587 4677">
    <p class='ocr_par' dir='ltr' id='par_1_48' title="bbox 182 4592 3587 4677">
     <span class='ocr_line' id='line_1_48' title="bbox 182 4592 3587 4677; baseline 0.001 -30"><span class='ocrx_word' id='word_1_664' title='bbox 182 4595 259 4648; x_wconf 88' lang='lat' dir='ltr'>vir</span> <span class='ocrx_word' id='word_1_665' title='bbox 286 4612 528 4651; x_wconf 67' lang='lat' dir='ltr'>uxorem</span> <span class='ocrx_word' id='word_1_666' title='bbox 552 4611 709 4649; x_wconf 89' lang='lat' dir='ltr'>suam</span> <span class='ocrx_word' id='word_1_667' title='bbox 737 4609 845 4649; x_wconf 87' lang='lat' dir='ltr'>non</span> <span class='ocrx_word' id='word_1_668' title='bbox 881 4594 1123 4649; x_wconf 87' lang='lat' dir='ltr'>dimittat</span> <span class='ocrx_word' id='word_1_669' title='bbox 1153 4593 1198 4664; x_wconf 92' lang='grc' dir='ltr'>(ι</span> <span class='ocrx_word' id='word_1_670' title='bbox 1219 4593 1337 4648; x_wconf 89' lang='lat' dir='ltr'>Cor.</span> <span class='ocrx_word' id='word_1_671' title='bbox 1373 4610 1472 4661; x_wconf 83' lang='lat' dir='ltr'>vn,</span> <span class='ocrx_word' id='word_1_672' title='bbox 1505 4594 1827 4665; x_wconf 76' lang='lat' dir='ltr'>10).Videte</span> <span class='ocrx_word' id='word_1_673' title='bbox 1862 4613 1908 4677; x_wconf 84' lang='lat' dir='ltr'>D</span> <span class='ocrx_word' id='word_1_674' title='bbox 1938 4610 2137 4650; x_wconf 89' lang='lat' dir='ltr'>eorum</span> <span class='ocrx_word' id='word_1_675' title='bbox 2172 4592 2309 4648; x_wconf 86' lang='lat' dir='ltr'>filiis</span> <span class='ocrx_word' id='word_1_676' title='bbox 2338 4593 2683 4649; x_wconf 89' lang='lat' dir='ltr'>celebratur.</span> <span class='ocrx_word' id='word_1_677' title='bbox 2747 4598 2893 4649; x_wconf 83' lang='lat' dir='ltr'>Nam</span> <span class='ocrx_word' id='word_1_678' title='bbox 2920 4600 2977 4650; x_wconf 91' lang='lat' dir='ltr'>et</span> <span class='ocrx_word' id='word_1_679' title='bbox 3031 4595 3143 4666; x_wconf 91' lang='lat' dir='ltr'>ipsi</span> <span class='ocrx_word' id='word_1_680' title='bbox 3176 4596 3587 4667; x_wconf 87' lang='lat' dir='ltr'>sequestratim</span> 
     </span>
    </p>
   </div>
   <div class='ocr_carea' id='block_1_49' title="bbox 184 4682 3589 4754">
    <p class='ocr_par' dir='ltr' id='par_1_49' title="bbox 184 4682 3589 4754">
     <span class='ocr_line' id='line_1_49' title="bbox 184 4682 3589 4754; baseline 0.001 -17"><span class='ocrx_word' id='word_1_681' title='bbox 184 4686 326 4753; x_wconf 88' lang='lat' dir='ltr'>quod</span> <span class='ocrx_word' id='word_1_682' title='bbox 360 4685 510 4740; x_wconf 89' lang='lat' dir='ltr'>dicit</span> <span class='ocrx_word' id='word_1_683' title='bbox 539 4683 626 4738; x_wconf 89' lang='lat' dir='ltr'>his</span> <span class='ocrx_word' id='word_1_684' title='bbox 648 4686 745 4754; x_wconf 90' lang='lat' dir='ltr'>qui</span> <span class='ocrx_word' id='word_1_685' title='bbox 768 4685 1121 4738; x_wconf 83' lang='lat' dir='ltr'>matrimonio</span> <span class='ocrx_word' id='word_1_686' title='bbox 1151 4685 1329 4748; x_wconf 80' lang='lat' dir='ltr'>iuncti</span> <span class='ocrx_word' id='word_1_687' title='bbox 1357 4692 1503 4739; x_wconf 84' lang='lat' dir='ltr'>sunt.</span> <span class='ocrx_word' id='word_1_688' title='bbox 1537 4684 1830 4740; x_wconf 90' lang='lat' dir='ltr'>Matrimo-</span> <span class='ocrx_word' id='word_1_689' title='bbox 1940 4700 2069 4739; x_wconf 91' lang='lat' dir='ltr'>esse</span> <span class='ocrx_word' id='word_1_690' title='bbox 2099 4687 2369 4754; x_wconf 89' lang='lat' dir='ltr'>possunt.</span> <span class='ocrx_word' id='word_1_691' title='bbox 2402 4682 2541 4746; x_wconf 91' lang='lat' dir='ltr'>Quis</span> <span class='ocrx_word' id='word_1_692' title='bbox 2573 4698 2709 4754; x_wconf 91' lang='lat' dir='ltr'>ergo</span> <span class='ocrx_word' id='word_1_693' title='bbox 2758 4683 2867 4739; x_wconf 90' lang='lat' dir='ltr'>hoc</span> <span class='ocrx_word' id='word_1_694' title='bbox 2922 4685 3111 4739; x_wconf 86' lang='lat' dir='ltr'>dicere</span> <span class='ocrx_word' id='word_1_695' title='bbox 3170 4684 3398 4747; x_wconf 86' lang='lat' dir='ltr'>audeat,</span> <span class='ocrx_word' id='word_1_696' title='bbox 3433 4685 3589 4754; x_wconf 83' lang='lat' dir='ltr'>quod</span> 
     </span>
    </p>
   </div>
   <div class='ocr_carea' id='block_1_50' title="bbox 186 4771 3591 4844">
    <p class='ocr_par' dir='ltr' id='par_1_50' title="bbox 186 4771 3591 4844">
     <span class='ocr_line' id='line_1_50' title="bbox 186 4771 3591 4844; baseline 0.001 -21"><span class='ocrx_word' id='word_1_697' title='bbox 186 4771 340 4827; x_wconf 89' lang='lat' dir='ltr'>nium</span> <span class='ocrx_word' id='word_1_698' title='bbox 373 4773 539 4829; x_wconf 90' lang='lat' dir='ltr'>enim</span> <span class='ocrx_word' id='word_1_699' title='bbox 570 4775 661 4826; x_wconf 88' lang='lat' dir='ltr'>est</span> <span class='ocrx_word' id='word_1_700' title='bbox 690 4773 1008 4843; x_wconf 88' lang='lat' dir='ltr'>conjugum</span> <span class='ocrx_word' id='word_1_701' title='bbox 1019 4772 1043 4841; x_wconf 91' lang='lat' dir='ltr'>j</span> <span class='ocrx_word' id='word_1_702' title='bbox 1056 4777 1185 4826; x_wconf 89' lang='lat' dir='ltr'>usta</span> <span class='ocrx_word' id='word_1_703' title='bbox 1216 4774 1516 4828; x_wconf 90' lang='lat' dir='ltr'>conventio</span> <span class='ocrx_word' id='word_1_704' title='bbox 1547 4777 1605 4827; x_wconf 92' lang='lat' dir='ltr'>et</span> <span class='ocrx_word' id='word_1_705' title='bbox 1632 4772 1833 4829; x_wconf 89' lang='lat' dir='ltr'>condi-</span> <span class='ocrx_word' id='word_1_706' title='bbox 1944 4774 2217 4829; x_wconf 88' lang='lat' dir='ltr'>absentes</span> <span class='ocrx_word' id='word_1_707' title='bbox 2231 4772 2783 4827; x_wconf 88' lang='lat' dir='ltr'>hocsacramentum</span> <span class='ocrx_word' id='word_1_708' title='bbox 2799 4772 3591 4844; x_wconf 69' lang='lat' dir='ltr'>constringat?Praasentibus</span> 
     </span>
    </p>
   </div>
   <div class='ocr_carea' id='block_1_51' title="bbox 189 4858 3592 4931">
    <p class='ocr_par' dir='ltr' id='par_1_51' title="bbox 189 4858 3592 4931">
     <span class='ocr_line' id='line_1_51' title="bbox 189 4858 3592 4931; baseline 0.001 -21"><span class='ocrx_word' id='word_1_709' title='bbox 189 4858 290 4927; x_wconf 91' lang='lat' dir='ltr'>tio;</span> <span class='ocrx_word' id='word_1_710' title='bbox 322 4877 421 4917; x_wconf 91' lang='lat' dir='ltr'>eos</span> <span class='ocrx_word' id='word_1_711' title='bbox 453 4877 590 4916; x_wconf 90' lang='lat' dir='ltr'>vero</span> <span class='ocrx_word' id='word_1_712' title='bbox 623 4860 721 4931; x_wconf 92' lang='lat' dir='ltr'>qui</span> <span class='ocrx_word' id='word_1_713' title='bbox 754 4860 970 4915; x_wconf 85' lang='lat' dir='ltr'>nefario</span> <span class='ocrx_word' id='word_1_714' title='bbox 1002 4864 1060 4914; x_wconf 91' lang='lat' dir='ltr'>et</span> <span class='ocrx_word' id='word_1_715' title='bbox 1089 4861 1428 4916; x_wconf 81' lang='lat' dir='ltr'>exsecrabili</span> <span class='ocrx_word' id='word_1_716' title='bbox 1461 4862 1613 4916; x_wconf 90' lang='lat' dir='ltr'>coitu</span> <span class='ocrx_word' id='word_1_717' title='bbox 1634 4867 1838 4919; x_wconf 90' lang='lat' dir='ltr'>contra</span> <span class='ocrx_word' id='word_1_718' title='bbox 1948 4866 2165 4931; x_wconf 86' lang='lat' dir='ltr'>autem,</span> <span class='ocrx_word' id='word_1_719' title='bbox 2198 4861 2256 4914; x_wconf 92' lang='lat' dir='ltr'>in</span> <span class='ocrx_word' id='word_1_720' title='bbox 2290 4862 2509 4931; x_wconf 88' lang='lat' dir='ltr'>quibus</span> <span class='ocrx_word' id='word_1_721' title='bbox 2537 4860 2862 4916; x_wconf 87' lang='lat' dir='ltr'>celebratur</span> <span class='ocrx_word' id='word_1_722' title='bbox 2891 4878 3007 4917; x_wconf 89' lang='lat' dir='ltr'>non</span> <span class='ocrx_word' id='word_1_723' title='bbox 3064 4860 3399 4931; x_wconf 84' lang='lat' dir='ltr'>pertineat?</span> <span class='ocrx_word' id='word_1_724' title='bbox 3428 4860 3592 4922; x_wconf 91' lang='lat' dir='ltr'>Quod</span> 
     </span>
    </p>
   </div>
   <div class='ocr_carea' id='block_1_52' title="bbox 197 4944 3598 5023">
    <p class='ocr_par' dir='ltr' id='par_1_52' title="bbox 197 4944 3598 5023">
     <span class='ocr_line' id='line_1_52' title="bbox 197 4944 3598 5023; baseline 0 -23"><span class='ocrx_word' id='word_1_725' title='bbox 197 4944 344 5019; x_wconf 86' lang='lat' dir='ltr'>leges</span> <span class='ocrx_word' id='word_1_726' title='bbox 374 4954 432 5004; x_wconf 91' lang='lat' dir='ltr'>et</span> <span class='ocrx_word' id='word_1_727' title='bbox 455 4964 654 5004; x_wconf 85' lang='lat' dir='ltr'>mores</span> <span class='ocrx_word' id='word_1_728' title='bbox 676 4948 1363 5019; x_wconf 90' lang='lat' dir='ltr'>permiscentur,omnino</span> <span class='ocrx_word' id='word_1_729' title='bbox 1384 4951 1641 5021; x_wconf 89' lang='lat' dir='ltr'>separari</span> <span class='ocrx_word' id='word_1_730' title='bbox 1665 4968 1834 5023; x_wconf 92' lang='lat' dir='ltr'>opor-</span> <span class='ocrx_word' id='word_1_731' title='bbox 1948 4952 2122 5008; x_wconf 90' lang='lat' dir='ltr'>etiam</span> <span class='ocrx_word' id='word_1_732' title='bbox 2148 4949 2338 5022; x_wconf 91' lang='lat' dir='ltr'>ipsius</span> <span class='ocrx_word' id='word_1_733' title='bbox 2351 4949 2620 5011; x_wconf 88' lang='lat' dir='ltr'>vocabuli</span> <span class='ocrx_word' id='word_1_734' title='bbox 2640 4950 2729 5005; x_wconf 88' lang='lat' dir='ltr'>vis</span> <span class='ocrx_word' id='word_1_735' title='bbox 2744 4948 3252 5011; x_wconf 85' lang='lat' dir='ltr'>manifestat.Quid</span> <span class='ocrx_word' id='word_1_736' title='bbox 3268 4946 3425 5000; x_wconf 90' lang='lat' dir='ltr'>enim</span> <span class='ocrx_word' id='word_1_737' title='bbox 3445 4962 3598 5001; x_wconf 90' lang='lat' dir='ltr'>com-</span> 
     </span>
    </p>
   </div>
   <div class='ocr_carea' id='block_1_53' title="bbox 192 5035 3603 5114">
    <p class='ocr_par' dir='ltr' id='par_1_53' title="bbox 192 5035 3603 5114">
     <span class='ocr_line' id='line_1_53' title="bbox 192 5035 3603 5114; baseline 0.001 -27"><span class='ocrx_word' id='word_1_738' title='bbox 192 5038 285 5105; x_wconf 86' lang='lat' dir='ltr'>tet,</span> <span class='ocrx_word' id='word_1_739' title='bbox 317 5037 601 5109; x_wconf 89' lang='lat' dir='ltr'>quoniam</span> <span class='ocrx_word' id='word_1_740' title='bbox 638 5052 739 5090; x_wconf 92' lang='lat' dir='ltr'>nec</span> <span class='ocrx_word' id='word_1_741' title='bbox 771 5037 857 5092; x_wconf 90' lang='lat' dir='ltr'>vir</span> <span class='ocrx_word' id='word_1_742' title='bbox 887 5054 993 5093; x_wconf 86' lang='lat' dir='ltr'>nec</span> <span class='ocrx_word' id='word_1_743' title='bbox 1023 5054 1169 5092; x_wconf 90' lang='lat' dir='ltr'>uxor</span> <span class='ocrx_word' id='word_1_744' title='bbox 1199 5039 1410 5107; x_wconf 91' lang='lat' dir='ltr'>poterit</span> <span class='ocrx_word' id='word_1_745' title='bbox 1467 5053 1595 5093; x_wconf 91' lang='lat' dir='ltr'>esse</span> <span class='ocrx_word' id='word_1_746' title='bbox 1628 5040 1688 5095; x_wconf 90' lang='lat' dir='ltr'>in</span> <span class='ocrx_word' id='word_1_747' title='bbox 1722 5040 1837 5093; x_wconf 87' lang='lat' dir='ltr'>hu-</span> <span class='ocrx_word' id='word_1_748' title='bbox 1949 5044 2113 5114; x_wconf 87' lang='lat' dir='ltr'>pater</span> <span class='ocrx_word' id='word_1_749' title='bbox 2139 5039 2228 5095; x_wconf 90' lang='lat' dir='ltr'>vel</span> <span class='ocrx_word' id='word_1_750' title='bbox 2264 5047 2590 5101; x_wconf 86' lang='lat' dir='ltr'>commater</span> <span class='ocrx_word' id='word_1_751' title='bbox 2619 5044 2806 5106; x_wconf 87' lang='lat' dir='ltr'>sonat,</span> <span class='ocrx_word' id='word_1_752' title='bbox 2864 5039 2977 5093; x_wconf 90' lang='lat' dir='ltr'>nisi</span> <span class='ocrx_word' id='word_1_753' title='bbox 3034 5035 3209 5090; x_wconf 91' lang='lat' dir='ltr'>simul</span> <span class='ocrx_word' id='word_1_754' title='bbox 3263 5038 3446 5103; x_wconf 86' lang='lat' dir='ltr'>pater,</span> <span class='ocrx_word' id='word_1_755' title='bbox 3501 5040 3603 5091; x_wconf 85' lang='lat' dir='ltr'>aut</span> 
     </span>
    </p>
   </div>
   <div class='ocr_carea' id='block_1_54' title="bbox 188 5123 3605 5207">
    <p class='ocr_par' dir='ltr' id='par_1_54' title="bbox 188 5123 3605 5207">
     <span class='ocr_line' id='line_1_54' title="bbox 188 5123 3605 5207; baseline 0 -30"><span class='ocrx_word' id='word_1_756' title='bbox 188 5124 461 5193; x_wconf 89' lang='lat' dir='ltr'>jusmodi.</span> <span class='ocrx_word' id='word_1_757' title='bbox 486 5124 752 5180; x_wconf 85' lang='lat' dir='ltr'>Aitenim</span> <span class='ocrx_word' id='word_1_758' title='bbox 771 5127 1124 5182; x_wconf 88' lang='lat' dir='ltr'>Dominusin</span> <span class='ocrx_word' id='word_1_759' title='bbox 1144 5127 1449 5201; x_wconf 81' lang='lat' dir='ltr'>Evangelio</span> <span class='ocrx_word' id='word_1_760' title='bbox 1476 5146 1487 5183; x_wconf 92' lang='lat'>:</span> <span class='ocrx_word' id='word_1_761' title='bbox 1516 5128 1577 5183; x_wconf 87' lang='lat' dir='ltr'>Si</span> <span class='ocrx_word' id='word_1_762' title='bbox 1604 5129 1840 5185; x_wconf 68' lang='lat' dir='ltr'>dextera</span> <span class='ocrx_word' id='word_1_763' title='bbox 1951 5134 2137 5185; x_wconf 87' lang='lat' dir='ltr'>mater</span> <span class='ocrx_word' id='word_1_764' title='bbox 2157 5129 2185 5183; x_wconf 79' lang='lat' dir='ltr'>‘t</span> <span class='ocrx_word' id='word_1_765' title='bbox 2214 5128 2268 5181; x_wconf 92' lang='lat' dir='ltr'>Si</span> <span class='ocrx_word' id='word_1_766' title='bbox 2301 5145 2455 5207; x_wconf 82' lang='lat' dir='ltr'>ergo</span> <span class='ocrx_word' id='word_1_767' title='bbox 2487 5128 2659 5187; x_wconf 89' lang='lat' dir='ltr'>simul</span> <span class='ocrx_word' id='word_1_768' title='bbox 2688 5133 2878 5200; x_wconf 88' lang='lat' dir='ltr'>patres</span> <span class='ocrx_word' id='word_1_769' title='bbox 2909 5130 3009 5183; x_wconf 90' lang='lat' dir='ltr'>aut</span> <span class='ocrx_word' id='word_1_770' title='bbox 3043 5127 3257 5176; x_wconf 89' lang='lat' dir='ltr'>matres</span> <span class='ocrx_word' id='word_1_771' title='bbox 3315 5127 3475 5193; x_wconf 88' lang='lat' dir='ltr'>sunt,</span> <span class='ocrx_word' id='word_1_772' title='bbox 3508 5123 3605 5179; x_wconf 88' lang='lat' dir='ltr'>cui</span> 
     </span>
    </p>
   </div>
   <div class='ocr_carea' id='block_1_55' title="bbox 194 5209 3611 5291">
    <p class='ocr_par' dir='ltr' id='par_1_55' title="bbox 194 5209 3611 5291">
     <span class='ocr_line' id='line_1_55' title="bbox 194 5209 3611 5291; baseline 0.001 -26"><span class='ocrx_word' id='word_1_773' title='bbox 194 5226 380 5268; x_wconf 87' lang='lat' dir='ltr'>manus</span> <span class='ocrx_word' id='word_1_774' title='bbox 402 5224 500 5270; x_wconf 90' lang='lat' dir='ltr'>tua</span> <span class='ocrx_word' id='word_1_775' title='bbox 519 5213 859 5271; x_wconf 62' lang='lat' dir='ltr'>scandalizet</span> <span class='ocrx_word' id='word_1_776' title='bbox 897 5224 962 5279; x_wconf 88' lang='lat' dir='ltr'>te,</span> <span class='ocrx_word' id='word_1_777' title='bbox 996 5215 1209 5271; x_wconf 79' lang='lat' dir='ltr'>abscide</span> <span class='ocrx_word' id='word_1_778' title='bbox 1238 5232 1357 5274; x_wconf 89' lang='lat' dir='ltr'>eam</span> <span class='ocrx_word' id='word_1_779' title='bbox 1386 5223 1437 5274; x_wconf 90' lang='lat' dir='ltr'>et</span> <span class='ocrx_word' id='word_1_780' title='bbox 1488 5221 1703 5291; x_wconf 84' lang='lat' dir='ltr'>projice</span> <span class='ocrx_word' id='word_1_781' title='bbox 1747 5216 1841 5271; x_wconf 87' lang='lat' dir='ltr'>abs</span> <span class='ocrx_word' id='word_1_782' title='bbox 1951 5216 2129 5274; x_wconf 89' lang='lat' dir='ltr'>simul</span> <span class='ocrx_word' id='word_1_783' title='bbox 2153 5219 2352 5288; x_wconf 86' lang='lat' dir='ltr'>patres</span> <span class='ocrx_word' id='word_1_784' title='bbox 2377 5223 2481 5282; x_wconf 78' lang='lat' dir='ltr'>vel</span> <span class='ocrx_word' id='word_1_785' title='bbox 2504 5223 2715 5275; x_wconf 85' lang='lat' dir='ltr'>matres</span> <span class='ocrx_word' id='word_1_786' title='bbox 2738 5220 2893 5281; x_wconf 90' lang='lat' dir='ltr'>sunt,</span> <span class='ocrx_word' id='word_1_787' title='bbox 2925 5224 3126 5267; x_wconf 86' lang='lat' dir='ltr'>omnes</span> <span class='ocrx_word' id='word_1_788' title='bbox 3155 5225 3357 5265; x_wconf 82' lang='lat' dir='ltr'>eorum</span> <span class='ocrx_word' id='word_1_789' title='bbox 3391 5209 3495 5263; x_wconf 82' lang='lat' dir='ltr'>ﬁlii</span> <span class='ocrx_word' id='word_1_790' title='bbox 3521 5209 3611 5265; x_wconf 88' lang='lat' dir='ltr'>vel</span> 
     </span>
    </p>
   </div>
  </div>
