  <div class='ocr_page' id='page_1' title='image "/cluster/home/n/w/nwhite01/storage/ocr_20150623/134/hvd.32044015471741/053.png"; bbox 0 0 4030 5310; ppageno 0'>
   <div class='ocr_carea' id='block_1_1' title="bbox 390 436 496 496">
    <p class='ocr_par' dir='ltr' id='par_1_1' title="bbox 390 436 496 496">
     <span class='ocr_line' id='line_1_1' title="bbox 390 436 496 496; baseline 0 -1"><span class='ocrx_word' id='word_1_1' title='bbox 390 436 496 496; x_wconf 75' lang='lat' dir='ltr'><strong>Hi</strong></span> 
     </span>
    </p>
   </div>
   <div class='ocr_carea' id='block_1_2' title="bbox 1400 429 2779 494">
    <p class='ocr_par' dir='ltr' id='par_1_2' title="bbox 1400 429 2779 494">
     <span class='ocr_line' id='line_1_2' title="bbox 1400 429 2779 494; baseline -0.001 -4"><span class='ocrx_word' id='word_1_2' title='bbox 1400 431 1742 494; x_wconf 83' lang='lat' dir='ltr'><strong>ATTONIS</strong></span> <span class='ocrx_word' id='word_1_3' title='bbox 1790 429 2380 493; x_wconf 79' lang='lat' dir='ltr'><strong>VERCELLENSIS</strong></span> <span class='ocrx_word' id='word_1_4' title='bbox 2427 429 2779 494; x_wconf 84' lang='lat' dir='ltr'><strong>EPISCOPI</strong></span> 
     </span>
    </p>
   </div>
   <div class='ocr_carea' id='block_1_3' title="bbox 3689 415 3800 486">
    <p class='ocr_par' dir='ltr' id='par_1_3' title="bbox 3689 415 3800 486">
     <span class='ocr_line' id='line_1_3' title="bbox 3689 415 3800 486; baseline 0 0"><span class='ocrx_word' id='word_1_5' title='bbox 3689 415 3800 486; x_wconf 71' lang='lat'><strong>112</strong></span> 
     </span>
    </p>
   </div>
   <div class='ocr_carea' id='block_1_4' title="bbox 389 557 3799 638">
    <p class='ocr_par' dir='ltr' id='par_1_4' title="bbox 389 557 3799 638">
     <span class='ocr_line' id='line_1_4' title="bbox 389 557 3799 638; baseline -0.003 -15"><span class='ocrx_word' id='word_1_6' title='bbox 389 571 536 624; x_wconf 88' lang='lat' dir='ltr'><strong>enim</strong></span> <span class='ocrx_word' id='word_1_7' title='bbox 563 567 743 638; x_wconf 85' lang='lat' dir='ltr'><strong>majus</strong></span> <span class='ocrx_word' id='word_1_8' title='bbox 765 573 880 634; x_wconf 81' lang='lat' dir='ltr'><strong>est;</strong></span> <span class='ocrx_word' id='word_1_9' title='bbox 914 565 1144 632; x_wconf 83' lang='lat' dir='ltr'><strong>donum,</strong></span> <span class='ocrx_word' id='word_1_10' title='bbox 1203 581 1277 620; x_wconf 85' lang='lat' dir='ltr'><strong>an</strong></span> <span class='ocrx_word' id='word_1_11' title='bbox 1327 565 1501 620; x_wconf 86' lang='lat' dir='ltr'><strong>altare</strong></span> <span class='ocrx_word' id='word_1_12' title='bbox 1543 564 1680 635; x_wconf 84' lang='lat' dir='ltr'><strong>quod</strong></span> <span class='ocrx_word' id='word_1_13' title='bbox 1731 565 2042 634; x_wconf 82' lang='lat' dir='ltr'><strong>sanctiﬁcat</strong></span> <span class='ocrx_word' id='word_1_14' title='bbox 2067 563 2121 630; x_wconf 81' lang='grc' dir='ltr'><strong>Α</strong></span> <span class='ocrx_word' id='word_1_15' title='bbox 2152 563 2452 618; x_wconf 88' lang='lat' dir='ltr'><strong>consulere</strong></span> <span class='ocrx_word' id='word_1_16' title='bbox 2483 563 2721 635; x_wconf 81' lang='lat' dir='ltr'><strong>dignata</strong></span> <span class='ocrx_word' id='word_1_17' title='bbox 2777 564 2884 632; x_wconf 86' lang='lat' dir='ltr'><strong>est,</strong></span> <span class='ocrx_word' id='word_1_18' title='bbox 2943 560 3070 614; x_wconf 90' lang='lat' dir='ltr'><strong>ideo</strong></span> <span class='ocrx_word' id='word_1_19' title='bbox 3129 559 3409 615; x_wconf 77' lang='lat' dir='ltr'><strong>hactenus</strong></span> <span class='ocrx_word' id='word_1_20' title='bbox 3443 557 3799 630; x_wconf 86' lang='lat' dir='ltr'><strong>respondere</strong></span> 
     </span>
    </p>
   </div>
   <div class='ocr_carea' id='block_1_5' title="bbox 387 653 2034 724">
    <p class='ocr_par' dir='ltr' id='par_1_5' title="bbox 387 653 2034 724">
     <span class='ocr_line' id='line_1_5' title="bbox 387 653 2034 724; baseline -0.004 -12"><span class='ocrx_word' id='word_1_21' title='bbox 387 655 642 712; x_wconf 77' lang='lat' dir='ltr'><strong>donum?</strong></span> <span class='ocrx_word' id='word_1_22' title='bbox 673 655 778 723; x_wconf 84' lang='lat' dir='ltr'><strong>Qui</strong></span> <span class='ocrx_word' id='word_1_23' title='bbox 805 669 932 722; x_wconf 85' lang='lat' dir='ltr'><strong>ergo</strong></span> <span class='ocrx_word' id='word_1_24' title='bbox 961 655 1110 721; x_wconf 79' lang='lat' dir='ltr'><strong>iurat</strong></span> <span class='ocrx_word' id='word_1_25' title='bbox 1138 653 1200 707; x_wconf 88' lang='lat' dir='ltr'><strong>in</strong></span> <span class='ocrx_word' id='word_1_26' title='bbox 1229 654 1414 723; x_wconf 86' lang='lat' dir='ltr'><strong>altari,</strong></span> <span class='ocrx_word' id='word_1_27' title='bbox 1435 654 1594 724; x_wconf 87' lang='lat' dir='ltr'><strong>jurat</strong></span> <span class='ocrx_word' id='word_1_28' title='bbox 1644 654 1707 707; x_wconf 87' lang='lat' dir='ltr'><strong>in</strong></span> <span class='ocrx_word' id='word_1_29' title='bbox 1762 669 1842 720; x_wconf 89' lang='lat' dir='ltr'><strong>eo,</strong></span> <span class='ocrx_word' id='word_1_30' title='bbox 1897 660 1946 707; x_wconf 88' lang='lat' dir='ltr'><strong>et</strong></span> <span class='ocrx_word' id='word_1_31' title='bbox 1978 653 2034 706; x_wconf 90' lang='lat' dir='ltr'><strong>in</strong></span> 
     </span>
    </p>
   </div>
   <div class='ocr_carea' id='block_1_6' title="bbox 388 740 2038 816">
    <p class='ocr_par' dir='ltr' id='par_1_6' title="bbox 388 740 2038 816">
     <span class='ocr_line' id='line_1_6' title="bbox 388 740 2038 816; baseline -0.005 -15"><span class='ocrx_word' id='word_1_32' title='bbox 388 745 641 802; x_wconf 77' lang='lat' dir='ltr'><strong>omnibus</strong></span> <span class='ocrx_word' id='word_1_33' title='bbox 665 758 792 816; x_wconf 69' lang='lat' dir='ltr'><strong>quae</strong></span> <span class='ocrx_word' id='word_1_34' title='bbox 817 759 978 814; x_wconf 81' lang='lat' dir='ltr'><strong><em>super</em></strong></span> <span class='ocrx_word' id='word_1_35' title='bbox 1006 740 1157 797; x_wconf 84' lang='lat' dir='ltr'><strong>illud</strong></span> <span class='ocrx_word' id='word_1_36' title='bbox 1203 745 1348 797; x_wconf 85' lang='lat' dir='ltr'><strong>sunt.</strong></span> <span class='ocrx_word' id='word_1_37' title='bbox 1407 743 1472 795; x_wconf 84' lang='lat' dir='ltr'><strong>Et</strong></span> <span class='ocrx_word' id='word_1_38' title='bbox 1523 743 1620 814; x_wconf 84' lang='lat' dir='ltr'><strong>qui</strong></span> <span class='ocrx_word' id='word_1_39' title='bbox 1665 742 1940 813; x_wconf 85' lang='lat' dir='ltr'><strong>juraverit</strong></span> <span class='ocrx_word' id='word_1_40' title='bbox 1977 743 2038 796; x_wconf 87' lang='lat' dir='ltr'><strong>in</strong></span> 
     </span>
    </p>
   </div>
   <div class='ocr_carea' id='block_1_7' title="bbox 388 831 2039 905">
    <p class='ocr_par' dir='ltr' id='par_1_7' title="bbox 388 831 2039 905">
     <span class='ocr_line' id='line_1_7' title="bbox 388 831 2039 905; baseline -0.004 -15"><span class='ocrx_word' id='word_1_41' title='bbox 388 835 607 905; x_wconf 82' lang='lat' dir='ltr'><strong>templo,</strong></span> <span class='ocrx_word' id='word_1_42' title='bbox 636 834 786 895; x_wconf 79' lang='lat' dir='ltr'><strong>iurat</strong></span> <span class='ocrx_word' id='word_1_43' title='bbox 814 834 878 888; x_wconf 90' lang='lat' dir='ltr'><strong>in</strong></span> <span class='ocrx_word' id='word_1_44' title='bbox 907 832 1029 899; x_wconf 83' lang='lat' dir='ltr'><strong>illo,</strong></span> <span class='ocrx_word' id='word_1_45' title='bbox 1076 835 1127 887; x_wconf 90' lang='lat' dir='ltr'><strong>et</strong></span> <span class='ocrx_word' id='word_1_46' title='bbox 1185 832 1246 886; x_wconf 86' lang='lat' dir='ltr'><strong>in</strong></span> <span class='ocrx_word' id='word_1_47' title='bbox 1291 846 1350 886; x_wconf 90' lang='lat' dir='ltr'><strong>eo</strong></span> <span class='ocrx_word' id='word_1_48' title='bbox 1404 832 1501 902; x_wconf 89' lang='lat' dir='ltr'><strong>qui</strong></span> <span class='ocrx_word' id='word_1_49' title='bbox 1555 832 1768 885; x_wconf 77' lang='lat' dir='ltr'><strong>habitat</strong></span> <span class='ocrx_word' id='word_1_50' title='bbox 1817 833 1877 886; x_wconf 84' lang='lat' dir='ltr'><strong>in</strong></span> <span class='ocrx_word' id='word_1_51' title='bbox 1923 831 2039 901; x_wconf 82' lang='lat' dir='ltr'><strong>ipso</strong></span> 
     </span>
    </p>
   </div>
   <div class='ocr_carea' id='block_1_8' title="bbox 391 919 2040 994">
    <p class='ocr_par' dir='ltr' id='par_1_8' title="bbox 391 919 2040 994">
     <span class='ocr_line' id='line_1_8' title="bbox 391 919 2040 994; baseline -0.003 -15"><span class='ocrx_word' id='word_1_52' title='bbox 391 923 600 994; x_wconf 80' lang='lat' dir='ltr'><strong><em>(Matth.</em></strong></span> <span class='ocrx_word' id='word_1_53' title='bbox 635 939 720 994; x_wconf 87' lang='grc' dir='ltr'><strong>ιιι,</strong></span> <span class='ocrx_word' id='word_1_54' title='bbox 752 923 862 990; x_wconf 86' lang='grc'>17).</span> <span class='ocrx_word' id='word_1_55' title='bbox 892 920 1139 976; x_wconf 82' lang='lat' dir='ltr'><strong>Videtur</strong></span> <span class='ocrx_word' id='word_1_56' title='bbox 1190 936 1326 992; x_wconf 88' lang='lat' dir='ltr'><strong>ergo</strong></span> <span class='ocrx_word' id='word_1_57' title='bbox 1386 920 1575 988; x_wconf 91' lang='lat' dir='ltr'><strong>nobis,</strong></span> <span class='ocrx_word' id='word_1_58' title='bbox 1636 920 1793 990; x_wconf 89' lang='lat' dir='ltr'><strong>quod</strong></span> <span class='ocrx_word' id='word_1_59' title='bbox 1832 919 2040 990; x_wconf 89' lang='lat' dir='ltr'><strong>hujus-</strong></span> 
     </span>
    </p>
   </div>
   <div class='ocr_carea' id='block_1_9' title="bbox 392 1007 2042 1082">
    <p class='ocr_par' dir='ltr' id='par_1_9' title="bbox 392 1007 2042 1082">
     <span class='ocr_line' id='line_1_9' title="bbox 392 1007 2042 1082; baseline -0.004 -16"><span class='ocrx_word' id='word_1_60' title='bbox 392 1010 554 1066; x_wconf 91' lang='lat' dir='ltr'><strong>modi</strong></span> <span class='ocrx_word' id='word_1_61' title='bbox 583 1010 835 1081; x_wconf 79' lang='lat' dir='ltr'><strong>adoptio,</strong></span> <span class='ocrx_word' id='word_1_62' title='bbox 869 1027 919 1065; x_wconf 82' lang='lat' dir='ltr'><strong>s1</strong></span> <span class='ocrx_word' id='word_1_63' title='bbox 948 1009 1198 1082; x_wconf 82' lang='lat' dir='ltr'><strong>pertinet</strong></span> <span class='ocrx_word' id='word_1_64' title='bbox 1225 1009 1296 1063; x_wconf 87' lang='lat' dir='ltr'><strong>ad</strong></span> <span class='ocrx_word' id='word_1_65' title='bbox 1332 1012 1621 1080; x_wconf 87' lang='lat' dir='ltr'><strong>parentes,</strong></span> <span class='ocrx_word' id='word_1_66' title='bbox 1658 1007 1846 1079; x_wconf 87' lang='lat' dir='ltr'><strong>magis</strong></span> <span class='ocrx_word' id='word_1_67' title='bbox 1869 1007 2042 1078; x_wconf 61' lang='lat' dir='ltr'><strong>perti-</strong></span> 
     </span>
    </p>
   </div>
   <div class='ocr_carea' id='block_1_10' title="bbox 393 1095 2039 1170">
    <p class='ocr_par' dir='ltr' id='par_1_10' title="bbox 393 1095 2039 1170">
     <span class='ocr_line' id='line_1_10' title="bbox 393 1095 2039 1170; baseline -0.003 -15"><span class='ocrx_word' id='word_1_68' title='bbox 393 1104 528 1156; x_wconf 88' lang='lat' dir='ltr'><strong>neat</strong></span> <span class='ocrx_word' id='word_1_69' title='bbox 545 1103 606 1156; x_wconf 86' lang='lat' dir='ltr'><strong>et</strong></span> <span class='ocrx_word' id='word_1_70' title='bbox 625 1101 696 1156; x_wconf 86' lang='lat' dir='ltr'><strong>ad</strong></span> <span class='ocrx_word' id='word_1_71' title='bbox 719 1099 890 1170; x_wconf 94' lang='lat' dir='ltr'><strong>ﬁlios,</strong></span> <span class='ocrx_word' id='word_1_72' title='bbox 924 1103 981 1154; x_wconf 90' lang='lat' dir='ltr'><strong>et</strong></span> <span class='ocrx_word' id='word_1_73' title='bbox 1010 1098 1060 1155; x_wconf 90' lang='lat' dir='ltr'><strong>si</strong></span> <span class='ocrx_word' id='word_1_74' title='bbox 1090 1114 1196 1153; x_wconf 91' lang='lat' dir='ltr'><strong>nec</strong></span> <span class='ocrx_word' id='word_1_75' title='bbox 1225 1099 1296 1153; x_wconf 87' lang='lat' dir='ltr'><strong>ad</strong></span> <span class='ocrx_word' id='word_1_76' title='bbox 1325 1098 1495 1165; x_wconf 88' lang='lat' dir='ltr'><strong>ﬁlios,</strong></span> <span class='ocrx_word' id='word_1_77' title='bbox 1546 1097 1800 1169; x_wconf 88' lang='lat' dir='ltr'><strong>profecto</strong></span> <span class='ocrx_word' id='word_1_78' title='bbox 1834 1113 1938 1150; x_wconf 91' lang='lat' dir='ltr'><strong>nec</strong></span> <span class='ocrx_word' id='word_1_79' title='bbox 1967 1095 2039 1151; x_wconf 90' lang='lat' dir='ltr'><strong>ad</strong></span> 
     </span>
    </p>
   </div>
   <div class='ocr_carea' id='block_1_11' title="bbox 391 1186 2038 1261">
    <p class='ocr_par' dir='ltr' id='par_1_11' title="bbox 391 1186 2038 1261">
     <span class='ocr_line' id='line_1_11' title="bbox 391 1186 2038 1261; baseline -0.002 -17"><span class='ocrx_word' id='word_1_80' title='bbox 391 1192 663 1261; x_wconf 87' lang='lat' dir='ltr'><strong>parentes</strong></span> <span class='ocrx_word' id='word_1_81' title='bbox 685 1187 973 1260; x_wconf 84' lang='lat' dir='ltr'><strong>pertinere</strong></span> <span class='ocrx_word' id='word_1_82' title='bbox 991 1187 1240 1243; x_wconf 90' lang='lat' dir='ltr'><strong>videtur.</strong></span> <span class='ocrx_word' id='word_1_83' title='bbox 1272 1189 1395 1242; x_wconf 61' lang='lat' dir='ltr'><strong>Haec</strong></span> <span class='ocrx_word' id='word_1_84' title='bbox 1419 1187 1613 1258; x_wconf 80' lang='lat' dir='ltr'><strong>itaque</strong></span> <span class='ocrx_word' id='word_1_85' title='bbox 1649 1186 2038 1252; x_wconf 87' lang='lat' dir='ltr'><strong>intendentes,</strong></span> 
     </span>
    </p>
   </div>
   <div class='ocr_carea' id='block_1_12' title="bbox 393 1274 2038 1350">
    <p class='ocr_par' dir='ltr' id='par_1_12' title="bbox 393 1274 2038 1350">
     <span class='ocr_line' id='line_1_12' title="bbox 393 1274 2038 1350; baseline -0.003 -18"><span class='ocrx_word' id='word_1_86' title='bbox 393 1277 742 1350; x_wconf 65' lang='lat' dir='ltr'><strong>praedictum</strong></span> <span class='ocrx_word' id='word_1_87' title='bbox 773 1276 1198 1333; x_wconf 84' lang='lat' dir='ltr'><strong>Theodericum</strong></span> <span class='ocrx_word' id='word_1_88' title='bbox 1230 1292 1264 1331; x_wconf 92' lang='lat' dir='ltr'><strong>a</strong></span> <span class='ocrx_word' id='word_1_89' title='bbox 1291 1276 1393 1331; x_wconf 89' lang='lat' dir='ltr'><strong>tali</strong></span> <span class='ocrx_word' id='word_1_90' title='bbox 1423 1280 1548 1331; x_wconf 88' lang='lat' dir='ltr'><strong>toro</strong></span> <span class='ocrx_word' id='word_1_91' title='bbox 1599 1274 2038 1347; x_wconf 90' lang='lat' dir='ltr'><strong>suspendimus,</strong></span> 
     </span>
    </p>
   </div>
   <div class='ocr_carea' id='block_1_13' title="bbox 394 1364 2042 1438">
    <p class='ocr_par' dir='ltr' id='par_1_13' title="bbox 394 1364 2042 1438">
     <span class='ocr_line' id='line_1_13' title="bbox 394 1364 2042 1438; baseline -0.004 -15"><span class='ocrx_word' id='word_1_92' title='bbox 394 1383 511 1423; x_wconf 87' lang='lat' dir='ltr'><strong>non</strong></span> <span class='ocrx_word' id='word_1_93' title='bbox 541 1370 739 1422; x_wconf 86' lang='lat' dir='ltr'><strong>tamen</strong></span> <span class='ocrx_word' id='word_1_94' title='bbox 770 1365 1109 1438; x_wconf 87' lang='lat' dir='ltr'><strong>conjugium</strong></span> <span class='ocrx_word' id='word_1_95' title='bbox 1168 1365 1402 1436; x_wconf 83' lang='lat' dir='ltr'><strong>penitus</strong></span> <span class='ocrx_word' id='word_1_96' title='bbox 1454 1364 1887 1430; x_wconf 82' lang='lat' dir='ltr'><strong>interdiximus,</strong></span> <span class='ocrx_word' id='word_1_97' title='bbox 1936 1378 2042 1416; x_wconf 88' lang='lat' dir='ltr'><strong>nec</strong></span> 
     </span>
    </p>
   </div>
   <div class='ocr_carea' id='block_1_14' title="bbox 394 1450 2041 1525">
    <p class='ocr_par' dir='ltr' id='par_1_14' title="bbox 394 1450 2041 1525">
     <span class='ocr_line' id='line_1_14' title="bbox 394 1450 2041 1525; baseline -0.004 -14"><span class='ocrx_word' id='word_1_98' title='bbox 394 1454 563 1512; x_wconf 81' lang='lat' dir='ltr'><strong>aliter</strong></span> <span class='ocrx_word' id='word_1_99' title='bbox 591 1454 1249 1525; x_wconf 80' lang='lat' dir='ltr'><strong>excommunicavimus,</strong></span> <span class='ocrx_word' id='word_1_100' title='bbox 1283 1455 1464 1510; x_wconf 90' lang='lat' dir='ltr'><strong>donec</strong></span> <span class='ocrx_word' id='word_1_101' title='bbox 1495 1454 1554 1508; x_wconf 93' lang='lat' dir='ltr'><strong>in</strong></span> <span class='ocrx_word' id='word_1_102' title='bbox 1595 1453 1818 1508; x_wconf 89' lang='lat' dir='ltr'><strong>domini</strong></span> <span class='ocrx_word' id='word_1_103' title='bbox 1852 1450 2041 1508; x_wconf 86' lang='lat' dir='ltr'><strong>archi-</strong></span> 
     </span>
    </p>
   </div>
   <div class='ocr_carea' id='block_1_15' title="bbox 391 1543 2042 1616">
    <p class='ocr_par' dir='ltr' id='par_1_15' title="bbox 391 1543 2042 1616">
     <span class='ocr_line' id='line_1_15' title="bbox 391 1543 2042 1616; baseline -0.003 -17"><span class='ocrx_word' id='word_1_104' title='bbox 391 1543 651 1616; x_wconf 84' lang='lat' dir='ltr'><strong>episcopi</strong></span> <span class='ocrx_word' id='word_1_105' title='bbox 671 1547 730 1600; x_wconf 91' lang='lat' dir='ltr'><strong>et</strong></span> <span class='ocrx_word' id='word_1_106' title='bbox 748 1546 1490 1614; x_wconf 74' lang='lat' dir='ltr'><strong>vestram,caaterorumque</strong></span> <span class='ocrx_word' id='word_1_107' title='bbox 1513 1547 1849 1598; x_wconf 88' lang='lat' dir='ltr'><strong>nostrorum</strong></span> <span class='ocrx_word' id='word_1_108' title='bbox 1871 1555 2042 1595; x_wconf 91' lang='lat' dir='ltr'><strong>vene-</strong></span> 
     </span>
    </p>
   </div>
   <div class='ocr_carea' id='block_1_16' title="bbox 395 1629 2043 1688">
    <p class='ocr_par' dir='ltr' id='par_1_16' title="bbox 395 1629 2043 1688">
     <span class='ocr_line' id='line_1_16' title="bbox 395 1629 2043 1688; baseline -0.003 -1"><span class='ocrx_word' id='word_1_109' title='bbox 395 1631 669 1688; x_wconf 87' lang='lat' dir='ltr'><strong>rabilium</strong></span> <span class='ocrx_word' id='word_1_110' title='bbox 725 1632 1085 1688; x_wconf 82' lang='lat' dir='ltr'><strong>confratrum</strong></span> <span class='ocrx_word' id='word_1_111' title='bbox 1147 1631 1506 1688; x_wconf 83' lang='lat' dir='ltr'><strong>audientiam</strong></span> <span class='ocrx_word' id='word_1_112' title='bbox 1560 1630 1882 1686; x_wconf 86' lang='lat' dir='ltr'><strong>veniamus.</strong></span> <span class='ocrx_word' id='word_1_113' title='bbox 1915 1629 2043 1683; x_wconf 90' lang='lat' dir='ltr'><strong>Non</strong></span> 
     </span>
    </p>
   </div>
   <div class='ocr_carea' id='block_1_17' title="bbox 394 1718 2045 1793">
    <p class='ocr_par' dir='ltr' id='par_1_17' title="bbox 394 1718 2045 1793">
     <span class='ocr_line' id='line_1_17' title="bbox 394 1718 2045 1793; baseline -0.004 -16"><span class='ocrx_word' id='word_1_114' title='bbox 394 1721 551 1793; x_wconf 85' lang='lat' dir='ltr'><strong>quod</strong></span> <span class='ocrx_word' id='word_1_115' title='bbox 573 1722 643 1777; x_wconf 91' lang='lat' dir='ltr'><strong>de</strong></span> <span class='ocrx_word' id='word_1_116' title='bbox 662 1721 1026 1778; x_wconf 89' lang='lat' dir='ltr'><strong>rectitudinis</strong></span> <span class='ocrx_word' id='word_1_117' title='bbox 1053 1720 1396 1777; x_wconf 88' lang='lat' dir='ltr'><strong>dubitemus</strong></span> <span class='ocrx_word' id='word_1_118' title='bbox 1420 1720 1721 1785; x_wconf 89' lang='lat' dir='ltr'><strong>mode,sed</strong></span> <span class='ocrx_word' id='word_1_119' title='bbox 1748 1724 1813 1774; x_wconf 87' lang='lat' dir='ltr'><strong>ut</strong></span> <span class='ocrx_word' id='word_1_120' title='bbox 1837 1718 2045 1788; x_wconf 80' lang='lat' dir='ltr'><strong>majori</strong></span> 
     </span>
    </p>
   </div>
   <div class='ocr_carea' id='block_1_18' title="bbox 395 1809 2047 1882">
    <p class='ocr_par' dir='ltr' id='par_1_18' title="bbox 395 1809 2047 1882">
     <span class='ocr_line' id='line_1_18' title="bbox 395 1809 2047 1882; baseline -0.003 -16"><span class='ocrx_word' id='word_1_121' title='bbox 395 1810 738 1866; x_wconf 88' lang='lat' dir='ltr'><strong>auctoritate</strong></span> <span class='ocrx_word' id='word_1_122' title='bbox 760 1810 1026 1865; x_wconf 86' lang='lat' dir='ltr'><strong>ﬁrmetur</strong></span> <span class='ocrx_word' id='word_1_123' title='bbox 1055 1811 1302 1866; x_wconf 84' lang='lat' dir='ltr'><strong>assertio</strong></span> <span class='ocrx_word' id='word_1_124' title='bbox 1332 1809 1742 1882; x_wconf 86' lang='lat' dir='ltr'><strong>plurimorum.</strong></span> <span class='ocrx_word' id='word_1_125' title='bbox 1799 1809 1961 1879; x_wconf 57' lang='lat' dir='ltr'><strong>Saepe</strong></span> <span class='ocrx_word' id='word_1_126' title='bbox 1990 1810 2047 1861; x_wconf 89' lang='lat' dir='ltr'><strong>et</strong></span> 
     </span>
    </p>
   </div>
   <div class='ocr_carea' id='block_1_19' title="bbox 394 1898 2042 1972">
    <p class='ocr_par' dir='ltr' id='par_1_19' title="bbox 394 1898 2042 1972">
     <span class='ocr_line' id='line_1_19' title="bbox 394 1898 2042 1972; baseline -0.004 -17"><span class='ocrx_word' id='word_1_127' title='bbox 394 1898 552 1955; x_wconf 88' lang='lat' dir='ltr'><strong>enim</strong></span> <span class='ocrx_word' id='word_1_128' title='bbox 567 1899 1104 1972; x_wconf 89' lang='lat' dir='ltr'><strong>delinquentibus,d</strong></span> <span class='ocrx_word' id='word_1_129' title='bbox 1116 1915 1212 1954; x_wconf 91' lang='lat' dir='ltr'><strong>um</strong></span> <span class='ocrx_word' id='word_1_130' title='bbox 1226 1898 1441 1955; x_wconf 87' lang='lat' dir='ltr'><strong>vulnus</strong></span> <span class='ocrx_word' id='word_1_131' title='bbox 1453 1898 1725 1954; x_wconf 81' lang='lat' dir='ltr'><strong>facinoris</strong></span> <span class='ocrx_word' id='word_1_132' title='bbox 1740 1899 2042 1969; x_wconf 88' lang='lat' dir='ltr'><strong>premitur,</strong></span> 
     </span>
    </p>
   </div>
   <div class='ocr_carea' id='block_1_20' title="bbox 395 1988 2041 2060">
    <p class='ocr_par' dir='ltr' id='par_1_20' title="bbox 395 1988 2041 2060">
     <span class='ocr_line' id='line_1_20' title="bbox 395 1988 2041 2060; baseline -0.002 -16"><span class='ocrx_word' id='word_1_133' title='bbox 395 1989 642 2060; x_wconf 88' lang='lat' dir='ltr'><strong>reproba</strong></span> <span class='ocrx_word' id='word_1_134' title='bbox 669 1989 901 2045; x_wconf 88' lang='lat' dir='ltr'><strong>videtur</strong></span> <span class='ocrx_word' id='word_1_135' title='bbox 930 1989 1223 2045; x_wconf 83' lang='lat' dir='ltr'><strong>sententia</strong></span> <span class='ocrx_word' id='word_1_136' title='bbox 1253 1988 1598 2044; x_wconf 87' lang='lat' dir='ltr'><strong>medicantis</strong></span> <span class='ocrx_word' id='word_1_137' title='bbox 1626 2013 1640 2055; x_wconf 89' lang='lat'><strong>;</strong></span> <span class='ocrx_word' id='word_1_138' title='bbox 1673 1993 1730 2043; x_wconf 90' lang='lat' dir='ltr'><strong>et</strong></span> <span class='ocrx_word' id='word_1_139' title='bbox 1751 1989 1890 2042; x_wconf 92' lang='lat' dir='ltr'><strong>dum</strong></span> <span class='ocrx_word' id='word_1_140' title='bbox 1913 2004 2041 2058; x_wconf 89' lang='lat' dir='ltr'><strong>per-</strong></span> 
     </span>
    </p>
   </div>
   <div class='ocr_carea' id='block_1_21' title="bbox 388 2075 2043 2148">
    <p class='ocr_par' dir='ltr' id='par_1_21' title="bbox 388 2075 2043 2148">
     <span class='ocr_line' id='line_1_21' title="bbox 388 2075 2043 2148; baseline -0.003 -13"><span class='ocrx_word' id='word_1_141' title='bbox 388 2079 542 2135; x_wconf 84' lang='lat' dir='ltr'><strong>versi</strong></span> <span class='ocrx_word' id='word_1_142' title='bbox 571 2077 837 2134; x_wconf 88' lang='lat' dir='ltr'><strong>criminis</strong></span> <span class='ocrx_word' id='word_1_143' title='bbox 863 2095 1091 2134; x_wconf 75' lang='lat' dir='ltr'><strong>nmvum</strong></span> <span class='ocrx_word' id='word_1_144' title='bbox 1124 2077 1605 2148; x_wconf 90' lang='lat' dir='ltr'><strong>diluere_nolunt,</strong></span> <span class='ocrx_word' id='word_1_145' title='bbox 1662 2078 1732 2132; x_wconf 92' lang='lat' dir='ltr'><strong>ad</strong></span> <span class='ocrx_word' id='word_1_146' title='bbox 1766 2075 2043 2131; x_wconf 83' lang='lat' dir='ltr'><strong>diluentis</strong></span> 
     </span>
    </p>
   </div>
   <div class='ocr_carea' id='block_1_22' title="bbox 388 2165 2041 2238">
    <p class='ocr_par' dir='ltr' id='par_1_22' title="bbox 388 2165 2041 2238">
     <span class='ocr_line' id='line_1_22' title="bbox 388 2165 2041 2238; baseline -0.001 -16"><span class='ocrx_word' id='word_1_147' title='bbox 388 2167 640 2238; x_wconf 80' lang='lat' dir='ltr'><strong>injurias</strong></span> <span class='ocrx_word' id='word_1_148' title='bbox 669 2171 930 2223; x_wconf 89' lang='lat' dir='ltr'><strong>currunt.</strong></span> <span class='ocrx_word' id='word_1_149' title='bbox 958 2167 1218 2231; x_wconf 90' lang='lat' dir='ltr'><strong>Quorum</strong></span> <span class='ocrx_word' id='word_1_150' title='bbox 1249 2168 1639 2223; x_wconf 84' lang='lat' dir='ltr'><strong>detractiones</strong></span> <span class='ocrx_word' id='word_1_151' title='bbox 1672 2183 1704 2220; x_wconf 89' lang='lat' dir='ltr'><strong>a</strong></span> <span class='ocrx_word' id='word_1_152' title='bbox 1749 2165 1917 2220; x_wconf 90' lang='lat' dir='ltr'><strong>nobis</strong></span> <span class='ocrx_word' id='word_1_153' title='bbox 1947 2181 2041 2220; x_wconf 86' lang='lat' dir='ltr'><strong>ex-</strong></span> 
     </span>
    </p>
   </div>
   <div class='ocr_carea' id='block_1_23' title="bbox 392 2255 2044 2328">
    <p class='ocr_par' dir='ltr' id='par_1_23' title="bbox 392 2255 2044 2328">
     <span class='ocr_line' id='line_1_23' title="bbox 392 2255 2044 2328; baseline -0.002 -16"><span class='ocrx_word' id='word_1_154' title='bbox 392 2261 755 2328; x_wconf 87' lang='lat' dir='ltr'><strong>torquemus,</strong></span> <span class='ocrx_word' id='word_1_155' title='bbox 785 2273 918 2312; x_wconf 90' lang='lat' dir='ltr'><strong>cum</strong></span> <span class='ocrx_word' id='word_1_156' title='bbox 952 2256 1343 2328; x_wconf 89' lang='lat' dir='ltr'><strong>plurimorum</strong></span> <span class='ocrx_word' id='word_1_157' title='bbox 1403 2256 1751 2311; x_wconf 90' lang='lat' dir='ltr'><strong>sententiam</strong></span> <span class='ocrx_word' id='word_1_158' title='bbox 1811 2255 2044 2308; x_wconf 84' lang='lat' dir='ltr'><strong>interim</strong></span> 
     </span>
    </p>
   </div>
   <div class='ocr_carea' id='block_1_24' title="bbox 395 2343 2045 2418">
    <p class='ocr_par' dir='ltr' id='par_1_24' title="bbox 395 2343 2045 2418">
     <span class='ocr_line' id='line_1_24' title="bbox 395 2343 2045 2418; baseline -0.002 -17"><span class='ocrx_word' id='word_1_159' title='bbox 395 2349 824 2418; x_wconf 63' lang='lat' dir='ltr'><strong>elspectamus,</strong></span> <span class='ocrx_word' id='word_1_160' title='bbox 856 2345 1008 2400; x_wconf 85' lang='lat' dir='ltr'><strong>sicut</strong></span> <span class='ocrx_word' id='word_1_161' title='bbox 1055 2346 1261 2400; x_wconf 90' lang='lat' dir='ltr'><strong>beatus</strong></span> <span class='ocrx_word' id='word_1_162' title='bbox 1320 2345 1538 2399; x_wconf 85' lang='lat' dir='ltr'><strong>Paulus</strong></span> <span class='ocrx_word' id='word_1_163' title='bbox 1598 2345 1679 2399; x_wconf 88' lang='lat' dir='ltr'><strong>ait</strong></span> <span class='ocrx_word' id='word_1_164' title='bbox 1739 2344 1810 2400; x_wconf 89' lang='lat' dir='ltr'><strong>ad</strong></span> <span class='ocrx_word' id='word_1_165' title='bbox 1845 2343 2045 2398; x_wconf 89' lang='lat' dir='ltr'><strong>Timo-</strong></span> 
     </span>
    </p>
   </div>
   <div class='ocr_carea' id='block_1_25' title="bbox 394 2434 2048 2505">
    <p class='ocr_par' dir='ltr' id='par_1_25' title="bbox 394 2434 2048 2505">
     <span class='ocr_line' id='line_1_25' title="bbox 394 2434 2048 2505; baseline -0.002 -15"><span class='ocrx_word' id='word_1_166' title='bbox 394 2434 638 2491; x_wconf 87' lang='lat' dir='ltr'><strong>theum:</strong></span> <span class='ocrx_word' id='word_1_167' title='bbox 671 2434 1218 2505; x_wconf 84' lang='lat' dir='ltr'><strong>Irreprehe-nsibilem</strong></span> <span class='ocrx_word' id='word_1_168' title='bbox 1263 2437 1316 2488; x_wconf 85' lang='lat' dir='ltr'><strong>te</strong></span> <span class='ocrx_word' id='word_1_169' title='bbox 1368 2435 1584 2502; x_wconf 74' lang='lat' dir='ltr'><strong>exhibe,</strong></span> <span class='ocrx_word' id='word_1_170' title='bbox 1644 2441 1703 2489; x_wconf 87' lang='lat' dir='ltr'><strong>ut</strong></span> <span class='ocrx_word' id='word_1_171' title='bbox 1759 2436 1807 2488; x_wconf 91' lang='lat' dir='ltr'><strong>is</strong></span> <span class='ocrx_word' id='word_1_172' title='bbox 1854 2435 1949 2504; x_wconf 86' lang='lat' dir='ltr'><strong>qui</strong></span> <span class='ocrx_word' id='word_1_173' title='bbox 1980 2450 2048 2488; x_wconf 75' lang='lat' dir='ltr'><strong>ea:</strong></span> 
     </span>
    </p>
   </div>
   <div class='ocr_carea' id='block_1_26' title="bbox 394 2523 2049 2594">
    <p class='ocr_par' dir='ltr' id='par_1_26' title="bbox 394 2523 2049 2594">
     <span class='ocr_line' id='line_1_26' title="bbox 394 2523 2049 2594; baseline -0.001 -14"><span class='ocrx_word' id='word_1_174' title='bbox 394 2524 622 2580; x_wconf 85' lang='lat' dir='ltr'><strong>adverso</strong></span> <span class='ocrx_word' id='word_1_175' title='bbox 652 2531 750 2594; x_wconf 86' lang='lat' dir='ltr'><strong>est,</strong></span> <span class='ocrx_word' id='word_1_176' title='bbox 783 2531 1060 2592; x_wconf 74' lang='lat' dir='ltr'><strong>vereatur,</strong></span> <span class='ocrx_word' id='word_1_177' title='bbox 1093 2524 1238 2578; x_wconf 80' lang='lat' dir='ltr'><strong>nihil</strong></span> <span class='ocrx_word' id='word_1_178' title='bbox 1273 2523 1478 2579; x_wconf 83' lang='lat' dir='ltr'><strong>habens</strong></span> <span class='ocrx_word' id='word_1_179' title='bbox 1505 2524 1715 2578; x_wconf 86' lang='lat' dir='ltr'><strong>malum</strong></span> <span class='ocrx_word' id='word_1_180' title='bbox 1771 2523 1957 2578; x_wconf 84' lang='lat' dir='ltr'><strong>dicere</strong></span> <span class='ocrx_word' id='word_1_181' title='bbox 1985 2523 2049 2578; x_wconf 86' lang='lat' dir='ltr'><strong>de</strong></span> 
     </span>
    </p>
   </div>
   <div class='ocr_carea' id='block_1_27' title="bbox 395 2611 2048 2684">
    <p class='ocr_par' dir='ltr' id='par_1_27' title="bbox 395 2611 2048 2684">
     <span class='ocr_line' id='line_1_27' title="bbox 395 2611 2048 2684; baseline -0.001 -17"><span class='ocrx_word' id='word_1_182' title='bbox 395 2612 554 2667; x_wconf 84' lang='lat' dir='ltr'><strong>nobis</strong></span> <span class='ocrx_word' id='word_1_183' title='bbox 585 2612 707 2684; x_wconf 88' lang='lat' dir='ltr'><strong>(Tit.</strong></span> <span class='ocrx_word' id='word_1_184' title='bbox 741 2629 802 2680; x_wconf 82' lang='grc' dir='ltr'><strong>ιι,</strong></span> <span class='ocrx_word' id='word_1_185' title='bbox 836 2613 911 2683; x_wconf 88' lang='lat'><strong>8).</strong></span> <span class='ocrx_word' id='word_1_186' title='bbox 946 2613 1096 2667; x_wconf 88' lang='lat' dir='ltr'><strong>Dum</strong></span> <span class='ocrx_word' id='word_1_187' title='bbox 1127 2612 1308 2681; x_wconf 89' lang='lat' dir='ltr'><strong>enim,</strong></span> <span class='ocrx_word' id='word_1_188' title='bbox 1339 2611 1593 2679; x_wconf 87' lang='lat' dir='ltr'><strong>domine,</strong></span> <span class='ocrx_word' id='word_1_189' title='bbox 1626 2628 1759 2666; x_wconf 89' lang='lat' dir='ltr'><strong>cum</strong></span> <span class='ocrx_word' id='word_1_190' title='bbox 1792 2611 1903 2666; x_wconf 90' lang='lat' dir='ltr'><strong>isto</strong></span> <span class='ocrx_word' id='word_1_191' title='bbox 1935 2611 2048 2683; x_wconf 88' lang='lat' dir='ltr'><strong>agi-</strong></span> 
     </span>
    </p>
   </div>
   <div class='ocr_carea' id='block_1_28' title="bbox 399 2700 2046 2773">
    <p class='ocr_par' dir='ltr' id='par_1_28' title="bbox 399 2700 2046 2773">
     <span class='ocr_line' id='line_1_28' title="bbox 399 2700 2046 2773; baseline -0.002 -15"><span class='ocrx_word' id='word_1_192' title='bbox 399 2706 517 2773; x_wconf 87' lang='lat' dir='ltr'><strong>tur,</strong></span> <span class='ocrx_word' id='word_1_193' title='bbox 553 2718 669 2758; x_wconf 89' lang='lat' dir='ltr'><strong>non</strong></span> <span class='ocrx_word' id='word_1_194' title='bbox 701 2701 893 2757; x_wconf 90' lang='lat' dir='ltr'><strong>solum</strong></span> <span class='ocrx_word' id='word_1_195' title='bbox 925 2718 1058 2756; x_wconf 87' lang='lat' dir='ltr'><strong>cum</strong></span> <span class='ocrx_word' id='word_1_196' title='bbox 1088 2700 1237 2773; x_wconf 90' lang='lat' dir='ltr'><strong>ipso,</strong></span> <span class='ocrx_word' id='word_1_197' title='bbox 1271 2701 1370 2757; x_wconf 89' lang='lat' dir='ltr'><strong>sed</strong></span> <span class='ocrx_word' id='word_1_198' title='bbox 1403 2718 1505 2773; x_wconf 93' lang='lat' dir='ltr'><strong>pro</strong></span> <span class='ocrx_word' id='word_1_199' title='bbox 1535 2701 1808 2756; x_wconf 89' lang='lat' dir='ltr'><strong>omnibus</strong></span> <span class='ocrx_word' id='word_1_200' title='bbox 1841 2701 2046 2772; x_wconf 90' lang='lat' dir='ltr'><strong>hujus-</strong></span> 
     </span>
    </p>
   </div>
   <div class='ocr_carea' id='block_1_29' title="bbox 403 2790 2046 2862">
    <p class='ocr_par' dir='ltr' id='par_1_29' title="bbox 403 2790 2046 2862">
     <span class='ocr_line' id='line_1_29' title="bbox 403 2790 2046 2862; baseline -0.001 -16"><span class='ocrx_word' id='word_1_201' title='bbox 403 2792 563 2848; x_wconf 89' lang='lat' dir='ltr'><strong>modi</strong></span> <span class='ocrx_word' id='word_1_202' title='bbox 594 2791 912 2847; x_wconf 86' lang='lat' dir='ltr'><strong>laboratur.</strong></span> <span class='ocrx_word' id='word_1_203' title='bbox 948 2796 1059 2846; x_wconf 88' lang='lat' dir='ltr'><strong>Lex</strong></span> <span class='ocrx_word' id='word_1_204' title='bbox 1075 2791 1231 2846; x_wconf 89' lang='lat' dir='ltr'><strong>enim</strong></span> <span class='ocrx_word' id='word_1_205' title='bbox 1265 2807 1379 2846; x_wconf 90' lang='lat' dir='ltr'><strong>non</strong></span> <span class='ocrx_word' id='word_1_206' title='bbox 1412 2790 1666 2845; x_wconf 85' lang='lat' dir='ltr'><strong>admittit</strong></span> <span class='ocrx_word' id='word_1_207' title='bbox 1704 2807 2006 2862; x_wconf 88' lang='lat' dir='ltr'><strong>personam</strong></span> <span class='ocrx_word' id='word_1_208' title='bbox 2034 2807 2046 2857; x_wconf 91' lang='lat'><strong>;</strong></span> 
     </span>
    </p>
   </div>
   <div class='ocr_carea' id='block_1_30' title="bbox 403 2878 2050 2949">
    <p class='ocr_par' dir='ltr' id='par_1_30' title="bbox 403 2878 2050 2949">
     <span class='ocr_line' id='line_1_30' title="bbox 403 2878 2050 2949; baseline -0.003 -11"><span class='ocrx_word' id='word_1_209' title='bbox 403 2881 451 2938; x_wconf 86' lang='lat' dir='ltr'><strong>si</strong></span> <span class='ocrx_word' id='word_1_210' title='bbox 483 2881 641 2937; x_wconf 88' lang='lat' dir='ltr'><strong>enim</strong></span> <span class='ocrx_word' id='word_1_211' title='bbox 672 2879 808 2936; x_wconf 89' lang='lat' dir='ltr'><strong>huic</strong></span> <span class='ocrx_word' id='word_1_212' title='bbox 840 2880 994 2949; x_wconf 89' lang='lat' dir='ltr'><strong>licet,</strong></span> <span class='ocrx_word' id='word_1_213' title='bbox 1030 2881 1321 2936; x_wconf 86' lang='lat' dir='ltr'><strong>evidenter</strong></span> <span class='ocrx_word' id='word_1_214' title='bbox 1376 2879 1649 2934; x_wconf 91' lang='lat' dir='ltr'><strong>omnibus</strong></span> <span class='ocrx_word' id='word_1_215' title='bbox 1702 2878 1870 2946; x_wconf 89' lang='lat' dir='ltr'><strong>licet;</strong></span> <span class='ocrx_word' id='word_1_216' title='bbox 1917 2883 1974 2934; x_wconf 91' lang='lat' dir='ltr'><strong>et</strong></span> <span class='ocrx_word' id='word_1_217' title='bbox 2001 2878 2050 2935; x_wconf 90' lang='lat' dir='ltr'><strong>si</strong></span> 
     </span>
    </p>
   </div>
   <div class='ocr_carea' id='block_1_31' title="bbox 405 2967 2051 3042">
    <p class='ocr_par' dir='ltr' id='par_1_31' title="bbox 405 2967 2051 3042">
     <span class='ocr_line' id='line_1_31' title="bbox 405 2967 2051 3042; baseline -0.001 -17"><span class='ocrx_word' id='word_1_218' title='bbox 405 2969 542 3026; x_wconf 89' lang='lat' dir='ltr'><strong>huic</strong></span> <span class='ocrx_word' id='word_1_219' title='bbox 563 2969 925 3042; x_wconf 89' lang='lat' dir='ltr'><strong>prohibitum</strong></span> <span class='ocrx_word' id='word_1_220' title='bbox 948 2968 1031 3024; x_wconf 90' lang='lat' dir='ltr'><strong>sic</strong></span> <span class='ocrx_word' id='word_1_221' title='bbox 1051 2969 1384 3036; x_wconf 88' lang='lat' dir='ltr'><strong>erit,nullus</strong></span> <span class='ocrx_word' id='word_1_222' title='bbox 1415 2986 1476 3024; x_wconf 89' lang='lat' dir='ltr'><strong>se</strong></span> <span class='ocrx_word' id='word_1_223' title='bbox 1502 2969 1560 3023; x_wconf 93' lang='lat' dir='ltr'><strong>in</strong></span> <span class='ocrx_word' id='word_1_224' title='bbox 1582 2968 1957 3040; x_wconf 89' lang='lat' dir='ltr'><strong>postmodum</strong></span> <span class='ocrx_word' id='word_1_225' title='bbox 1980 2967 2051 3023; x_wconf 91' lang='lat' dir='ltr'><strong>de</strong></span> 
     </span>
    </p>
   </div>
   <div class='ocr_carea' id='block_1_32' title="bbox 401 3058 1079 3132">
    <p class='ocr_par' dir='ltr' id='par_1_32' title="bbox 401 3058 1079 3132">
     <span class='ocr_line' id='line_1_32' title="bbox 401 3058 1079 3132; baseline -0.003 -17"><span class='ocrx_word' id='word_1_226' title='bbox 401 3058 732 3132; x_wconf 82' lang='lat' dir='ltr'><strong>ignorantia</strong></span> <span class='ocrx_word' id='word_1_227' title='bbox 762 3058 1079 3115; x_wconf 84' lang='lat' dir='ltr'><strong>excusabit.</strong></span> 
     </span>
    </p>
   </div>
   <div class='ocr_carea' id='block_1_33' title="bbox 480 3146 2052 3219">
    <p class='ocr_par' dir='ltr' id='par_1_33' title="bbox 480 3146 2052 3219">
     <span class='ocr_line' id='line_1_33' title="bbox 480 3146 2052 3219; baseline -0.001 -15"><span class='ocrx_word' id='word_1_228' title='bbox 480 3148 822 3205; x_wconf 89' lang='lat' dir='ltr'><strong>Innotuistis</strong></span> <span class='ocrx_word' id='word_1_229' title='bbox 835 3148 1010 3204; x_wconf 89' lang='lat' dir='ltr'><strong>etiam</strong></span> <span class='ocrx_word' id='word_1_230' title='bbox 1031 3147 1198 3204; x_wconf 91' lang='lat' dir='ltr'><strong>nobis</strong></span> <span class='ocrx_word' id='word_1_231' title='bbox 1211 3163 1338 3203; x_wconf 90' lang='lat' dir='ltr'><strong>esse</strong></span> <span class='ocrx_word' id='word_1_232' title='bbox 1357 3147 1584 3218; x_wconf 87' lang='lat' dir='ltr'><strong>aliquos</strong></span> <span class='ocrx_word' id='word_1_233' title='bbox 1601 3147 1816 3203; x_wconf 88' lang='lat' dir='ltr'><strong>talibus</strong></span> <span class='ocrx_word' id='word_1_234' title='bbox 1832 3146 2052 3219; x_wconf 88' lang='lat' dir='ltr'><strong>nuptiis</strong></span> 
     </span>
    </p>
   </div>
   <div class='ocr_carea' id='block_1_34' title="bbox 404 3236 2051 3311">
    <p class='ocr_par' dir='ltr' id='par_1_34' title="bbox 404 3236 2051 3311">
     <span class='ocr_line' id='line_1_34' title="bbox 404 3236 2051 3311; baseline -0.003 -15"><span class='ocrx_word' id='word_1_235' title='bbox 404 3238 729 3311; x_wconf 80' lang='lat' dir='ltr'><strong>perplexas,</strong></span> <span class='ocrx_word' id='word_1_236' title='bbox 765 3238 864 3309; x_wconf 89' lang='lat' dir='ltr'><strong>qui</strong></span> <span class='ocrx_word' id='word_1_237' title='bbox 897 3253 1000 3310; x_wconf 90' lang='lat' dir='ltr'><strong>pro</strong></span> <span class='ocrx_word' id='word_1_238' title='bbox 1031 3236 1252 3292; x_wconf 90' lang='lat' dir='ltr'><strong>nullius</strong></span> <span class='ocrx_word' id='word_1_239' title='bbox 1283 3237 1881 3292; x_wconf 83' lang='lat' dir='ltr'><strong>excemmunicatione</strong></span> <span class='ocrx_word' id='word_1_240' title='bbox 1913 3253 2051 3291; x_wconf 89' lang='lat' dir='ltr'><strong>suas</strong></span> 
     </span>
    </p>
   </div>
   <div class='ocr_carea' id='block_1_35' title="bbox 2145 648 3796 719">
    <p class='ocr_par' dir='ltr' id='par_1_35' title="bbox 2145 648 3796 719">
     <span class='ocr_line' id='line_1_35' title="bbox 2145 648 3796 719; baseline -0.004 -12"><span class='ocrx_word' id='word_1_241' title='bbox 2145 652 2442 716; x_wconf 88' lang='lat' dir='ltr'><strong>distuli,ut</strong></span> <span class='ocrx_word' id='word_1_242' title='bbox 2466 652 2693 707; x_wconf 89' lang='lat' dir='ltr'><strong>diutina</strong></span> <span class='ocrx_word' id='word_1_243' title='bbox 2714 650 3013 706; x_wconf 88' lang='lat' dir='ltr'><strong>meditatio</strong></span> <span class='ocrx_word' id='word_1_244' title='bbox 3029 648 3286 704; x_wconf 89' lang='lat' dir='ltr'><strong>ﬁrmiora</strong></span> <span class='ocrx_word' id='word_1_245' title='bbox 3307 649 3472 704; x_wconf 89' lang='lat' dir='ltr'><strong>daret</strong></span> <span class='ocrx_word' id='word_1_246' title='bbox 3493 663 3796 719; x_wconf 88' lang='lat' dir='ltr'><strong>responsa.</strong></span> 
     </span>
    </p>
   </div>
   <div class='ocr_carea' id='block_1_36' title="bbox 2144 735 3802 812">
    <p class='ocr_par' dir='ltr' id='par_1_36' title="bbox 2144 735 3802 812">
     <span class='ocr_line' id='line_1_36' title="bbox 2144 735 3802 812; baseline -0.003 -16"><span class='ocrx_word' id='word_1_247' title='bbox 2144 741 2231 807; x_wconf 89' lang='lat' dir='ltr'><strong>Et,</strong></span> <span class='ocrx_word' id='word_1_248' title='bbox 2259 741 2522 812; x_wconf 88' lang='lat' dir='ltr'><strong>quamvis</strong></span> <span class='ocrx_word' id='word_1_249' title='bbox 2553 740 2820 812; x_wconf 83' lang='lat' dir='ltr'><strong>dignitati</strong></span> <span class='ocrx_word' id='word_1_250' title='bbox 2864 744 3064 795; x_wconf 72' lang='lat' dir='ltr'><strong>vestra:</strong></span> <span class='ocrx_word' id='word_1_251' title='bbox 3096 738 3431 794; x_wconf 86' lang='lat' dir='ltr'><strong>omnimodo</strong></span> <span class='ocrx_word' id='word_1_252' title='bbox 3467 735 3802 809; x_wconf 88' lang='lat' dir='ltr'><strong>pateat,cla-</strong></span> 
     </span>
    </p>
   </div>
   <div class='ocr_carea' id='block_1_37' title="bbox 2144 825 3800 901">
    <p class='ocr_par' dir='ltr' id='par_1_37' title="bbox 2144 825 3800 901">
     <span class='ocr_line' id='line_1_37' title="bbox 2144 825 3800 901; baseline -0.002 -17"><span class='ocrx_word' id='word_1_253' title='bbox 2144 829 2448 884; x_wconf 88' lang='lat' dir='ltr'><strong>rissimum</strong></span> <span class='ocrx_word' id='word_1_254' title='bbox 2481 829 2828 901; x_wconf 88' lang='lat' dir='ltr'><strong>rescriptum</strong></span> <span class='ocrx_word' id='word_1_255' title='bbox 2861 829 2932 884; x_wconf 88' lang='lat' dir='ltr'><strong>ab</strong></span> <span class='ocrx_word' id='word_1_256' title='bbox 2963 827 3282 900; x_wconf 86' lang='lat' dir='ltr'><strong>apostolica</strong></span> <span class='ocrx_word' id='word_1_257' title='bbox 3327 827 3464 882; x_wconf 88' lang='lat' dir='ltr'><strong>sede</strong></span> <span class='ocrx_word' id='word_1_258' title='bbox 3495 825 3800 882; x_wconf 88' lang='lat' dir='ltr'><strong>Theodoro</strong></span> 
     </span>
    </p>
   </div>
   <div class='ocr_carea' id='block_1_38' title="bbox 2146 914 3798 991">
    <p class='ocr_par' dir='ltr' id='par_1_38' title="bbox 2146 914 3798 991">
     <span class='ocr_line' id='line_1_38' title="bbox 2146 914 3798 991; baseline -0.002 -19"><span class='ocrx_word' id='word_1_259' title='bbox 2146 919 2438 974; x_wconf 86' lang='lat' dir='ltr'><strong>&#39;I‘icincnsi</strong></span> <span class='ocrx_word' id='word_1_260' title='bbox 2470 919 2740 991; x_wconf 90' lang='lat' dir='ltr'><strong>episcopo</strong></span> <span class='ocrx_word' id='word_1_261' title='bbox 2769 918 2829 973; x_wconf 91' lang='lat' dir='ltr'><strong>in</strong></span> <span class='ocrx_word' id='word_1_262' title='bbox 2863 917 3120 973; x_wconf 88' lang='lat' dir='ltr'><strong>medium</strong></span> <span class='ocrx_word' id='word_1_263' title='bbox 3154 915 3396 989; x_wconf 88' lang='lat' dir='ltr'><strong>proferri</strong></span> <span class='ocrx_word' id='word_1_264' title='bbox 3424 915 3674 987; x_wconf 86' lang='lat' dir='ltr'><strong>placuit.</strong></span> <span class='ocrx_word' id='word_1_265' title='bbox 3701 914 3798 970; x_wconf 89' lang='lat' dir='ltr'><strong>Za-</strong></span> 
     </span>
    </p>
   </div>
   <div class='ocr_carea' id='block_1_39' title="bbox 2148 1005 3804 1080">
    <p class='ocr_par' dir='ltr' id='par_1_39' title="bbox 2148 1005 3804 1080">
     <span class='ocr_line' id='line_1_39' title="bbox 2148 1005 3804 1080; baseline -0.003 -17"><span class='ocrx_word' id='word_1_266' title='bbox 2148 1008 2378 1064; x_wconf 89' lang='lat' dir='ltr'><strong>charias</strong></span> <span class='ocrx_word' id='word_1_267' title='bbox 2399 1008 2705 1080; x_wconf 78' lang='lat' dir='ltr'><strong>epiSCOpus</strong></span> <span class='ocrx_word' id='word_1_268' title='bbox 2731 1023 2932 1063; x_wconf 86' lang='lat' dir='ltr'><strong>servus</strong></span> <span class='ocrx_word' id='word_1_269' title='bbox 2955 1023 3256 1062; x_wconf 88' lang='lat' dir='ltr'><strong>servorum</strong></span> <span class='ocrx_word' id='word_1_270' title='bbox 3290 1005 3410 1072; x_wconf 90' lang='lat' dir='ltr'><strong>Dei,</strong></span> <span class='ocrx_word' id='word_1_271' title='bbox 3446 1005 3804 1060; x_wconf 86' lang='lat' dir='ltr'><strong>reverendis-</strong></span> 
     </span>
    </p>
   </div>
   <div class='ocr_carea' id='block_1_40' title="bbox 2149 1094 3802 1166">
    <p class='ocr_par' dir='ltr' id='par_1_40' title="bbox 2149 1094 3802 1166">
     <span class='ocr_line' id='line_1_40' title="bbox 2149 1094 3802 1166; baseline -0.002 -14"><span class='ocrx_word' id='word_1_272' title='bbox 2149 1097 2298 1153; x_wconf 89' lang='lat' dir='ltr'><strong>sime</strong></span> <span class='ocrx_word' id='word_1_273' title='bbox 2330 1102 2384 1152; x_wconf 91' lang='lat' dir='ltr'><strong>et</strong></span> <span class='ocrx_word' id='word_1_274' title='bbox 2418 1097 2789 1153; x_wconf 86' lang='lat' dir='ltr'><strong>sanctissimo</strong></span> <span class='ocrx_word' id='word_1_275' title='bbox 2823 1095 2986 1151; x_wconf 87' lang='lat' dir='ltr'><strong>fratri</strong></span> <span class='ocrx_word' id='word_1_276' title='bbox 3043 1095 3348 1151; x_wconf 90' lang='lat' dir='ltr'><strong>Theodoro</strong></span> <span class='ocrx_word' id='word_1_277' title='bbox 3401 1094 3682 1166; x_wconf 89' lang='lat' dir='ltr'><strong>episcopo</strong></span> <span class='ocrx_word' id='word_1_278' title='bbox 3714 1110 3802 1149; x_wconf 91' lang='lat' dir='ltr'><strong>ec-</strong></span> 
     </span>
    </p>
   </div>
   <div class='ocr_carea' id='block_1_41' title="bbox 2150 1183 3808 1256">
    <p class='ocr_par' dir='ltr' id='par_1_41' title="bbox 2150 1183 3808 1256">
     <span class='ocr_line' id='line_1_41' title="bbox 2150 1183 3808 1256; baseline -0.002 -16"><span class='ocrx_word' id='word_1_279' title='bbox 2150 1186 2336 1241; x_wconf 66' lang='lat' dir='ltr'><strong>clesiae</strong></span> <span class='ocrx_word' id='word_1_280' title='bbox 2365 1186 2711 1241; x_wconf 88' lang='lat' dir='ltr'><strong>Ticinensis.</strong></span> <span class='ocrx_word' id='word_1_281' title='bbox 2741 1185 3070 1254; x_wconf 88' lang='lat' dir='ltr'><strong>Pittacium,</strong></span> <span class='ocrx_word' id='word_1_282' title='bbox 3107 1183 3262 1256; x_wconf 86' lang='lat' dir='ltr'><strong>quod</strong></span> <span class='ocrx_word' id='word_1_283' title='bbox 3295 1183 3467 1239; x_wconf 89' lang='lat' dir='ltr'><strong>nobis</strong></span> <span class='ocrx_word' id='word_1_284' title='bbox 3499 1188 3607 1238; x_wconf 87' lang='lat' dir='ltr'><strong>tua</strong></span> <span class='ocrx_word' id='word_1_285' title='bbox 3634 1198 3808 1238; x_wconf 88' lang='lat' dir='ltr'><strong>vene-</strong></span> 
     </span>
    </p>
   </div>
   <div class='ocr_carea' id='block_1_42' title="bbox 2151 1271 3805 1345">
    <p class='ocr_par' dir='ltr' id='par_1_42' title="bbox 2151 1271 3805 1345">
     <span class='ocr_line' id='line_1_42' title="bbox 2151 1271 3805 1345; baseline -0.002 -16"><span class='ocrx_word' id='word_1_286' title='bbox 2151 1277 2333 1329; x_wconf 88' lang='lat' dir='ltr'><strong>randa</strong></span> <span class='ocrx_word' id='word_1_287' title='bbox 2365 1275 2696 1330; x_wconf 86' lang='lat' dir='ltr'><strong>fraternitas</strong></span> <span class='ocrx_word' id='word_1_288' title='bbox 2725 1273 2958 1341; x_wconf 90' lang='lat' dir='ltr'><strong>obtulit,</strong></span> <span class='ocrx_word' id='word_1_289' title='bbox 2992 1291 3092 1345; x_wconf 91' lang='lat' dir='ltr'><strong>per</strong></span> <span class='ocrx_word' id='word_1_290' title='bbox 3149 1273 3305 1344; x_wconf 90' lang='lat' dir='ltr'><strong>quod</strong></span> <span class='ocrx_word' id='word_1_291' title='bbox 3366 1289 3479 1328; x_wconf 91' lang='lat' dir='ltr'><strong>nos</strong></span> <span class='ocrx_word' id='word_1_292' title='bbox 3520 1271 3805 1328; x_wconf 86' lang='lat' dir='ltr'><strong>sciscitari</strong></span> 
     </span>
    </p>
   </div>
   <div class='ocr_carea' id='block_1_43' title="bbox 2151 1360 3808 1436">
    <p class='ocr_par' dir='ltr' id='par_1_43' title="bbox 2151 1360 3808 1436">
     <span class='ocr_line' id='line_1_43' title="bbox 2151 1360 3808 1436; baseline -0.001 -18"><span class='ocrx_word' id='word_1_293' title='bbox 2151 1364 2388 1431; x_wconf 88' lang='lat' dir='ltr'><strong>curasti,</strong></span> <span class='ocrx_word' id='word_1_294' title='bbox 2410 1365 2457 1420; x_wconf 90' lang='lat' dir='ltr'><strong>si</strong></span> <span class='ocrx_word' id='word_1_295' title='bbox 2489 1363 2852 1429; x_wconf 89' lang='lat' dir='ltr'><strong>licetﬁlium,</strong></span> <span class='ocrx_word' id='word_1_296' title='bbox 2871 1363 3038 1434; x_wconf 84' lang='lat' dir='ltr'><strong>cujus</strong></span> <span class='ocrx_word' id='word_1_297' title='bbox 3057 1367 3221 1436; x_wconf 87' lang='lat' dir='ltr'><strong>pater</strong></span> <span class='ocrx_word' id='word_1_298' title='bbox 3250 1361 3494 1418; x_wconf 87' lang='lat' dir='ltr'><strong>alterius</strong></span> <span class='ocrx_word' id='word_1_299' title='bbox 3525 1360 3712 1416; x_wconf 87' lang='lat' dir='ltr'><strong>ﬁliam</strong></span> <span class='ocrx_word' id='word_1_300' title='bbox 3743 1377 3808 1416; x_wconf 85' lang='lat' dir='ltr'><strong>ex</strong></span> 
     </span>
    </p>
   </div>
   <div class='ocr_carea' id='block_1_44' title="bbox 2151 1449 3807 1525">
    <p class='ocr_par' dir='ltr' id='par_1_44' title="bbox 2151 1449 3807 1525">
     <span class='ocr_line' id='line_1_44' title="bbox 2151 1449 3807 1525; baseline -0.003 -16"><span class='ocrx_word' id='word_1_301' title='bbox 2151 1470 2313 1509; x_wconf 90' lang='lat' dir='ltr'><strong>sacro</strong></span> <span class='ocrx_word' id='word_1_302' title='bbox 2335 1453 2687 1525; x_wconf 86' lang='lat' dir='ltr'><strong>baptismate</strong></span> <span class='ocrx_word' id='word_1_303' title='bbox 2710 1457 3066 1525; x_wconf 87' lang='lat' dir='ltr'><strong>susceptam,</strong></span> <span class='ocrx_word' id='word_1_304' title='bbox 3087 1453 3144 1508; x_wconf 93' lang='lat' dir='ltr'><strong>id</strong></span> <span class='ocrx_word' id='word_1_305' title='bbox 3170 1461 3276 1521; x_wconf 86' lang='lat' dir='ltr'><strong>est,</strong></span> <span class='ocrx_word' id='word_1_306' title='bbox 3301 1449 3674 1524; x_wconf 86' lang='lat' dir='ltr'><strong>spiritualem</strong></span> <span class='ocrx_word' id='word_1_307' title='bbox 3700 1449 3807 1522; x_wconf 80' lang='lat'>(58)</span> 
     </span>
    </p>
   </div>
   <div class='ocr_carea' id='block_1_45' title="bbox 2151 1538 3806 1614">
    <p class='ocr_par' dir='ltr' id='par_1_45' title="bbox 2151 1538 3806 1614">
     <span class='ocr_line' id='line_1_45' title="bbox 2151 1538 3806 1614; baseline -0.002 -17"><span class='ocrx_word' id='word_1_308' title='bbox 2151 1543 2414 1613; x_wconf 83' lang='lat' dir='ltr'><strong>ejusdem</strong></span> <span class='ocrx_word' id='word_1_309' title='bbox 2445 1543 2628 1614; x_wconf 86' lang='lat' dir='ltr'><strong>patris</strong></span> <span class='ocrx_word' id='word_1_310' title='bbox 2651 1541 2858 1609; x_wconf 90' lang='lat' dir='ltr'><strong>ﬁliam,</strong></span> <span class='ocrx_word' id='word_1_311' title='bbox 2883 1542 3038 1614; x_wconf 89' lang='lat' dir='ltr'><strong>quod</strong></span> <span class='ocrx_word' id='word_1_312' title='bbox 3061 1541 3175 1598; x_wconf 91' lang='lat' dir='ltr'><strong>dici</strong></span> <span class='ocrx_word' id='word_1_313' title='bbox 3199 1538 3430 1598; x_wconf 90' lang='lat' dir='ltr'><strong>crudele</strong></span> <span class='ocrx_word' id='word_1_314' title='bbox 3463 1544 3579 1609; x_wconf 88' lang='lat' dir='ltr'><strong>est,</strong></span> <span class='ocrx_word' id='word_1_315' title='bbox 3604 1539 3664 1594; x_wconf 91' lang='lat' dir='ltr'><strong>in</strong></span> <span class='ocrx_word' id='word_1_316' title='bbox 3688 1555 3806 1595; x_wconf 91' lang='lat' dir='ltr'><strong>ma-</strong></span> 
     </span>
    </p>
   </div>
   <div class='ocr_carea' id='block_1_46' title="bbox 2150 1627 3808 1704">
    <p class='ocr_par' dir='ltr' id='par_1_46' title="bbox 2150 1627 3808 1704">
     <span class='ocr_line' id='line_1_46' title="bbox 2150 1627 3808 1704; baseline -0.001 -20"><span class='ocrx_word' id='word_1_317' title='bbox 2150 1630 2424 1685; x_wconf 88' lang='lat' dir='ltr'><strong>trimonio</strong></span> <span class='ocrx_word' id='word_1_318' title='bbox 2447 1631 2888 1702; x_wconf 90' lang='lat' dir='ltr'><strong>accipere,quod</strong></span> <span class='ocrx_word' id='word_1_319' title='bbox 2916 1632 3070 1704; x_wconf 91' lang='lat' dir='ltr'><strong>apud</strong></span> <span class='ocrx_word' id='word_1_320' title='bbox 3092 1635 3147 1686; x_wconf 91' lang='lat' dir='ltr'><strong>te</strong></span> <span class='ocrx_word' id='word_1_321' title='bbox 3169 1627 3808 1687; x_wconf 86' lang='lat' dir='ltr'><strong>enermiterasseruisti</strong></span> 
     </span>
    </p>
   </div>
   <div class='ocr_carea' id='block_1_47' title="bbox 2154 1717 3806 1791">
    <p class='ocr_par' dir='ltr' id='par_1_47' title="bbox 2154 1717 3806 1791">
     <span class='ocr_line' id='line_1_47' title="bbox 2154 1717 3806 1791; baseline 0 -17"><span class='ocrx_word' id='word_1_322' title='bbox 2154 1720 2267 1791; x_wconf 87' lang='lat'><strong>(59)</strong></span> <span class='ocrx_word' id='word_1_323' title='bbox 2298 1718 2635 1791; x_wconf 85' lang='lat' dir='ltr'><strong>contigisse.</strong></span> <span class='ocrx_word' id='word_1_324' title='bbox 2690 1719 2801 1775; x_wconf 90' lang='lat' dir='ltr'><strong>Sed</strong></span> <span class='ocrx_word' id='word_1_325' title='bbox 2859 1720 3004 1775; x_wconf 90' lang='lat' dir='ltr'><strong>bene</strong></span> <span class='ocrx_word' id='word_1_326' title='bbox 3060 1723 3163 1775; x_wconf 90' lang='lat' dir='ltr'><strong>tua</strong></span> <span class='ocrx_word' id='word_1_327' title='bbox 3214 1724 3417 1776; x_wconf 89' lang='lat' dir='ltr'><strong>sancta</strong></span> <span class='ocrx_word' id='word_1_328' title='bbox 3467 1717 3806 1774; x_wconf 83' lang='lat' dir='ltr'><strong>fraternitas</strong></span> 
     </span>
    </p>
   </div>
   <div class='ocr_carea' id='block_1_48' title="bbox 2154 1808 3807 1882">
    <p class='ocr_par' dir='ltr' id='par_1_48' title="bbox 2154 1808 3807 1882">
     <span class='ocr_line' id='line_1_48' title="bbox 2154 1808 3807 1882; baseline 0 -20"><span class='ocrx_word' id='word_1_329' title='bbox 2154 1812 2518 1879; x_wconf 71' lang='lat' dir='ltr'><strong>compertum</strong></span> <span class='ocrx_word' id='word_1_330' title='bbox 2551 1808 2746 1878; x_wconf 85' lang='lat' dir='ltr'><strong>habet,</strong></span> <span class='ocrx_word' id='word_1_331' title='bbox 2782 1809 2936 1879; x_wconf 90' lang='lat' dir='ltr'><strong>quod</strong></span> <span class='ocrx_word' id='word_1_332' title='bbox 2958 1808 3243 1865; x_wconf 90' lang='lat' dir='ltr'><strong>Dominus</strong></span> <span class='ocrx_word' id='word_1_333' title='bbox 3272 1826 3372 1882; x_wconf 87' lang='lat' dir='ltr'><strong>per</strong></span> <span class='ocrx_word' id='word_1_334' title='bbox 3392 1808 3638 1882; x_wconf 81' lang='lat' dir='ltr'><strong>Moysen</strong></span> <span class='ocrx_word' id='word_1_335' title='bbox 3671 1823 3807 1880; x_wconf 72' lang='lat' dir='ltr'><strong>prte-</strong></span> 
     </span>
    </p>
   </div>
   <div class='ocr_carea' id='block_1_49' title="bbox 2154 1898 3807 1970">
    <p class='ocr_par' dir='ltr' id='par_1_49' title="bbox 2154 1898 3807 1970">
     <span class='ocr_line' id='line_1_49' title="bbox 2154 1898 3807 1970; baseline 0.001 -19"><span class='ocrx_word' id='word_1_336' title='bbox 2154 1898 2325 1969; x_wconf 87' lang='lat' dir='ltr'><strong>cepit,</strong></span> <span class='ocrx_word' id='word_1_337' title='bbox 2359 1899 2382 1925; x_wconf 67' lang='grc' dir='ltr'><strong>’τ</strong></span> <span class='ocrx_word' id='word_1_338' title='bbox 2413 1898 2651 1954; x_wconf 89' lang='lat' dir='ltr'><strong>dicens:</strong></span> <span class='ocrx_word' id='word_1_339' title='bbox 2687 1898 3093 1970; x_wconf 81' lang='lat' dir='ltr'><strong>Turpitudinem</strong></span> <span class='ocrx_word' id='word_1_340' title='bbox 3147 1902 3324 1969; x_wconf 77' lang='lat' dir='ltr'><strong>patris</strong></span> <span class='ocrx_word' id='word_1_341' title='bbox 3379 1899 3464 1953; x_wconf 90' lang='lat' dir='ltr'><strong>tui</strong></span> <span class='ocrx_word' id='word_1_342' title='bbox 3522 1914 3637 1954; x_wconf 86' lang='lat' dir='ltr'><strong>non</strong></span> <span class='ocrx_word' id='word_1_343' title='bbox 3664 1913 3807 1953; x_wconf 79' lang='lat' dir='ltr'><strong>reve-</strong></span> 
     </span>
    </p>
   </div>
   <div class='ocr_carea' id='block_1_50' title="bbox 2157 1985 3808 2059">
    <p class='ocr_par' dir='ltr' id='par_1_50' title="bbox 2157 1985 3808 2059">
     <span class='ocr_line' id='line_1_50' title="bbox 2157 1985 3808 2059; baseline 0.001 -20"><span class='ocrx_word' id='word_1_344' title='bbox 2157 1985 2318 2041; x_wconf 83' lang='lat' dir='ltr'><strong>labis.</strong></span> <span class='ocrx_word' id='word_1_345' title='bbox 2352 1988 2708 2059; x_wconf 82' lang='lat' dir='ltr'><strong>Turpidinem</strong></span> <span class='ocrx_word' id='word_1_346' title='bbox 2740 1991 2936 2043; x_wconf 80' lang='lat' dir='ltr'><strong>matris</strong></span> <span class='ocrx_word' id='word_1_347' title='bbox 2981 1993 3088 2043; x_wconf 65' lang='lat' dir='ltr'><strong>tuae</strong></span> <span class='ocrx_word' id='word_1_348' title='bbox 3135 2005 3244 2044; x_wconf 84' lang='lat' dir='ltr'><strong>non</strong></span> <span class='ocrx_word' id='word_1_349' title='bbox 3294 1989 3588 2044; x_wconf 80' lang='lat' dir='ltr'><strong>reuelabis.</strong></span> <span class='ocrx_word' id='word_1_350' title='bbox 3624 1989 3808 2059; x_wconf 85' lang='lat' dir='ltr'><strong>Turpi-</strong></span> 
     </span>
    </p>
   </div>
   <div class='ocr_carea' id='block_1_51' title="bbox 2157 2069 3812 2149">
    <p class='ocr_par' dir='ltr' id='par_1_51' title="bbox 2157 2069 3812 2149">
     <span class='ocr_line' id='line_1_51' title="bbox 2157 2069 3812 2149; baseline -0.001 -17"><span class='ocrx_word' id='word_1_351' title='bbox 2157 2076 2402 2132; x_wconf 79' lang='lat' dir='ltr'><strong>tudinem</strong></span> <span class='ocrx_word' id='word_1_352' title='bbox 2430 2069 2634 2132; x_wconf 70' lang='lat' dir='ltr'><strong>sororis</strong></span> <span class='ocrx_word' id='word_1_353' title='bbox 2656 2081 2784 2138; x_wconf 65' lang='lat' dir='ltr'><strong>tute,</strong></span> <span class='ocrx_word' id='word_1_354' title='bbox 2819 2086 2869 2134; x_wconf 87' lang='lat' dir='ltr'><strong>et</strong></span> <span class='ocrx_word' id='word_1_355' title='bbox 2899 2078 3306 2149; x_wconf 84' lang='lat' dir='ltr'><strong>turpitudinem</strong></span> <span class='ocrx_word' id='word_1_356' title='bbox 3333 2079 3463 2148; x_wconf 76' lang='lat' dir='ltr'><strong>ﬁliae</strong></span> <span class='ocrx_word' id='word_1_357' title='bbox 3526 2080 3705 2149; x_wconf 77' lang='lat' dir='ltr'><strong>patris</strong></span> <span class='ocrx_word' id='word_1_358' title='bbox 3731 2078 3812 2132; x_wconf 87' lang='lat' dir='ltr'><strong>tui</strong></span> 
     </span>
    </p>
   </div>
   <div class='ocr_carea' id='block_1_52' title="bbox 2154 2166 3805 2239">
    <p class='ocr_par' dir='ltr' id='par_1_52' title="bbox 2154 2166 3805 2239">
     <span class='ocr_line' id='line_1_52' title="bbox 2154 2166 3805 2239; baseline -0.001 -18"><span class='ocrx_word' id='word_1_359' title='bbox 2154 2183 2260 2222; x_wconf 86' lang='lat' dir='ltr'><strong>non</strong></span> <span class='ocrx_word' id='word_1_360' title='bbox 2283 2166 2571 2222; x_wconf 74' lang='lat' dir='ltr'><strong>reuelabis.</strong></span> <span class='ocrx_word' id='word_1_361' title='bbox 2599 2167 2898 2239; x_wconf 83' lang='lat' dir='ltr'><strong>Turpitudo</strong></span> <span class='ocrx_word' id='word_1_362' title='bbox 2920 2170 3065 2222; x_wconf 90' lang='lat' dir='ltr'><strong>enim</strong></span> <span class='ocrx_word' id='word_1_363' title='bbox 3086 2170 3183 2223; x_wconf 85' lang='lat' dir='ltr'><strong>tua</strong></span> <span class='ocrx_word' id='word_1_364' title='bbox 3205 2174 3286 2223; x_wconf 86' lang='lat' dir='ltr'><strong>est</strong></span> <span class='ocrx_word' id='word_1_365' title='bbox 3309 2169 3506 2238; x_wconf 78' lang='lat' dir='ltr'><strong>(Leuit.</strong></span> <span class='ocrx_word' id='word_1_366' title='bbox 3541 2183 3703 2234; x_wconf 85' lang='lat' dir='ltr'><strong>xvm,</strong></span> <span class='ocrx_word' id='word_1_367' title='bbox 3733 2167 3805 2238; x_wconf 88' lang='lat'><strong>7).</strong></span> 
     </span>
    </p>
   </div>
   <div class='ocr_carea' id='block_1_53' title="bbox 2154 2255 3808 2328">
    <p class='ocr_par' dir='ltr' id='par_1_53' title="bbox 2154 2255 3808 2328">
     <span class='ocr_line' id='line_1_53' title="bbox 2154 2255 3808 2328; baseline -0.001 -18"><span class='ocrx_word' id='word_1_368' title='bbox 2154 2256 2602 2326; x_wconf 88' lang='lat' dir='ltr'><strong>Turpitudinem</strong></span> <span class='ocrx_word' id='word_1_369' title='bbox 2635 2256 2789 2311; x_wconf 91' lang='lat' dir='ltr'><strong>enim</strong></span> <span class='ocrx_word' id='word_1_370' title='bbox 2815 2257 3065 2312; x_wconf 88' lang='lat' dir='ltr'><strong>revelare</strong></span> <span class='ocrx_word' id='word_1_371' title='bbox 3088 2257 3323 2322; x_wconf 86' lang='lat' dir='ltr'><strong>dicitur,</strong></span> <span class='ocrx_word' id='word_1_372' title='bbox 3349 2258 3492 2311; x_wconf 89' lang='lat' dir='ltr'><strong>dum</strong></span> <span class='ocrx_word' id='word_1_373' title='bbox 3523 2274 3558 2312; x_wconf 85' lang='lat' dir='ltr'><strong>a</strong></span> <span class='ocrx_word' id='word_1_374' title='bbox 3577 2255 3808 2328; x_wconf 89' lang='lat' dir='ltr'><strong>propria</strong></span> 
     </span>
    </p>
   </div>
   <div class='ocr_carea' id='block_1_54' title="bbox 2157 2343 3809 2416">
    <p class='ocr_par' dir='ltr' id='par_1_54' title="bbox 2157 2343 3809 2416">
     <span class='ocr_line' id='line_1_54' title="bbox 2157 2343 3809 2416; baseline -0.001 -17"><span class='ocrx_word' id='word_1_375' title='bbox 2157 2344 2662 2416; x_wconf 83' lang='lat' dir='ltr'><strong>consanguinitate</strong></span> <span class='ocrx_word' id='word_1_376' title='bbox 2677 2345 3048 2416; x_wconf 70' lang='lat' dir='ltr'><strong>praecipimur</strong></span> <span class='ocrx_word' id='word_1_377' title='bbox 3063 2346 3354 2402; x_wconf 85' lang='lat' dir='ltr'><strong>abstinere</strong></span> <span class='ocrx_word' id='word_1_378' title='bbox 3379 2362 3392 2400; x_wconf 90' lang='lat'><strong>:</strong></span> <span class='ocrx_word' id='word_1_379' title='bbox 3410 2345 3604 2401; x_wconf 89' lang='lat' dir='ltr'><strong>multo</strong></span> <span class='ocrx_word' id='word_1_380' title='bbox 3629 2343 3809 2416; x_wconf 88' lang='lat' dir='ltr'><strong>magis</strong></span> 
     </span>
    </p>
   </div>
   <div class='ocr_carea' id='block_1_55' title="bbox 2157 2433 3812 2506">
    <p class='ocr_par' dir='ltr' id='par_1_55' title="bbox 2157 2433 3812 2506">
     <span class='ocr_line' id='line_1_55' title="bbox 2157 2433 3812 2506; baseline 0 -18"><span class='ocrx_word' id='word_1_381' title='bbox 2157 2451 2191 2488; x_wconf 91' lang='lat' dir='ltr'><strong>a</strong></span> <span class='ocrx_word' id='word_1_382' title='bbox 2221 2433 2466 2506; x_wconf 87' lang='lat' dir='ltr'><strong>spiritali</strong></span> <span class='ocrx_word' id='word_1_383' title='bbox 2501 2434 2686 2505; x_wconf 88' lang='lat' dir='ltr'><strong>patris</strong></span> <span class='ocrx_word' id='word_1_384' title='bbox 2713 2435 2897 2489; x_wconf 86' lang='lat' dir='ltr'><strong>nostri</strong></span> <span class='ocrx_word' id='word_1_385' title='bbox 2929 2433 3067 2502; x_wconf 88' lang='lat' dir='ltr'><strong>ﬁlia,</strong></span> <span class='ocrx_word' id='word_1_386' title='bbox 3094 2435 3253 2490; x_wconf 90' lang='lat' dir='ltr'><strong>omni</strong></span> <span class='ocrx_word' id='word_1_387' title='bbox 3276 2433 3588 2490; x_wconf 90' lang='lat' dir='ltr'><strong>occasione</strong></span> <span class='ocrx_word' id='word_1_388' title='bbox 3607 2438 3707 2489; x_wconf 89' lang='lat' dir='ltr'><strong>aut</strong></span> <span class='ocrx_word' id='word_1_389' title='bbox 3727 2447 3812 2488; x_wconf 87' lang='lat' dir='ltr'><strong>ar-</strong></span> 
     </span>
    </p>
   </div>
   <div class='ocr_carea' id='block_1_56' title="bbox 2158 2522 3810 2595">
    <p class='ocr_par' dir='ltr' id='par_1_56' title="bbox 2158 2522 3810 2595">
     <span class='ocr_line' id='line_1_56' title="bbox 2158 2522 3810 2595; baseline 0 -18"><span class='ocrx_word' id='word_1_390' title='bbox 2158 2526 2435 2595; x_wconf 90' lang='lat' dir='ltr'><strong>gumento</strong></span> <span class='ocrx_word' id='word_1_391' title='bbox 2466 2522 2722 2593; x_wconf 85' lang='lat' dir='ltr'><strong>seposito</strong></span> <span class='ocrx_word' id='word_1_392' title='bbox 2755 2523 2888 2594; x_wconf 86' lang='lat'>(60),</span> <span class='ocrx_word' id='word_1_393' title='bbox 2924 2524 3033 2578; x_wconf 89' lang='lat' dir='ltr'><strong>sub</strong></span> <span class='ocrx_word' id='word_1_394' title='bbox 3067 2524 3251 2578; x_wconf 90' lang='lat' dir='ltr'><strong>nimia</strong></span> <span class='ocrx_word' id='word_1_395' title='bbox 3281 2523 3655 2579; x_wconf 89' lang='lat' dir='ltr'><strong>districtione</strong></span> <span class='ocrx_word' id='word_1_396' title='bbox 3709 2539 3810 2578; x_wconf 89' lang='lat' dir='ltr'><strong>nos</strong></span> 
     </span>
    </p>
   </div>
   <div class='ocr_carea' id='block_1_57' title="bbox 2158 2610 3809 2678">
    <p class='ocr_par' dir='ltr' id='par_1_57' title="bbox 2158 2610 3809 2678">
     <span class='ocr_line' id='line_1_57' title="bbox 2158 2610 3809 2678; baseline 0.001 -13"><span class='ocrx_word' id='word_1_397' title='bbox 2158 2627 2360 2665; x_wconf 86' lang='lat' dir='ltr'><strong>cavere</strong></span> <span class='ocrx_word' id='word_1_398' title='bbox 2386 2611 2671 2678; x_wconf 81' lang='lat' dir='ltr'><strong>convenit,</strong></span> <span class='ocrx_word' id='word_1_399' title='bbox 2696 2627 2767 2666; x_wconf 88' lang='lat' dir='ltr'><strong>ne</strong></span> <span class='ocrx_word' id='word_1_400' title='bbox 2787 2610 2848 2666; x_wconf 89' lang='lat' dir='ltr'><strong>in</strong></span> <span class='ocrx_word' id='word_1_401' title='bbox 2870 2611 3017 2667; x_wconf 89' lang='lat' dir='ltr'><strong>iram</strong></span> <span class='ocrx_word' id='word_1_402' title='bbox 3041 2610 3223 2667; x_wconf 86' lang='lat' dir='ltr'><strong>divini</strong></span> <span class='ocrx_word' id='word_1_403' title='bbox 3246 2611 3534 2668; x_wconf 88' lang='lat' dir='ltr'><strong>examinis</strong></span> <span class='ocrx_word' id='word_1_404' title='bbox 3568 2611 3809 2676; x_wconf 89' lang='lat' dir='ltr'><strong>incidat,</strong></span> 
     </span>
    </p>
   </div>
   <div class='ocr_carea' id='block_1_58' title="bbox 2160 2699 3810 2771">
    <p class='ocr_par' dir='ltr' id='par_1_58' title="bbox 2160 2699 3810 2771">
     <span class='ocr_line' id='line_1_58' title="bbox 2160 2699 3810 2771; baseline -0.001 -15"><span class='ocrx_word' id='word_1_405' title='bbox 2160 2699 2210 2756; x_wconf 91' lang='lat' dir='ltr'><strong>si</strong></span> <span class='ocrx_word' id='word_1_406' title='bbox 2241 2701 2370 2771; x_wconf 88' lang='lat' dir='ltr'><strong>quis</strong></span> <span class='ocrx_word' id='word_1_407' title='bbox 2400 2700 2498 2754; x_wconf 91' lang='lat' dir='ltr'><strong>tali</strong></span> <span class='ocrx_word' id='word_1_408' title='bbox 2534 2699 2777 2755; x_wconf 86' lang='lat' dir='ltr'><strong>facinori</strong></span> <span class='ocrx_word' id='word_1_409' title='bbox 2807 2702 2828 2722; x_wconf 86' lang='lat'>*</span> <span class='ocrx_word' id='word_1_410' title='bbox 2860 2701 3093 2770; x_wconf 90' lang='lat' dir='ltr'><strong>mistus,</strong></span> <span class='ocrx_word' id='word_1_411' title='bbox 3151 2701 3394 2757; x_wconf 89' lang='lat' dir='ltr'><strong>minime</strong></span> <span class='ocrx_word' id='word_1_412' title='bbox 3447 2699 3810 2757; x_wconf 87' lang='lat' dir='ltr'><strong>restrinxerit</strong></span> 
     </span>
    </p>
   </div>
   <div class='ocr_carea' id='block_1_59' title="bbox 2161 2788 3808 2847">
    <p class='ocr_par' dir='ltr' id='par_1_59' title="bbox 2161 2788 3808 2847">
     <span class='ocr_line' id='line_1_59' title="bbox 2161 2788 3808 2847; baseline 0.002 -3"><span class='ocrx_word' id='word_1_413' title='bbox 2161 2790 2323 2844; x_wconf 86' lang='lat' dir='ltr'><strong>frena</strong></span> <span class='ocrx_word' id='word_1_414' title='bbox 2351 2788 2613 2844; x_wconf 78' lang='lat' dir='ltr'><strong>luxuriae.</strong></span> <span class='ocrx_word' id='word_1_415' title='bbox 2653 2789 2812 2845; x_wconf 90' lang='lat' dir='ltr'><strong>Unde</strong></span> <span class='ocrx_word' id='word_1_416' title='bbox 2843 2794 2898 2845; x_wconf 87' lang='lat' dir='ltr'><strong>et</strong></span> <span class='ocrx_word' id='word_1_417' title='bbox 2924 2807 3128 2845; x_wconf 89' lang='lat' dir='ltr'><strong>omnes</strong></span> <span class='ocrx_word' id='word_1_418' title='bbox 3161 2791 3397 2846; x_wconf 89' lang='lat' dir='ltr'><strong>omnino</strong></span> <span class='ocrx_word' id='word_1_419' title='bbox 3458 2808 3664 2847; x_wconf 90' lang='lat' dir='ltr'><strong>cavere</strong></span> <span class='ocrx_word' id='word_1_420' title='bbox 3715 2791 3808 2846; x_wconf 87' lang='lat' dir='ltr'><strong>de-</strong></span> 
     </span>
    </p>
   </div>
   <div class='ocr_carea' id='block_1_60' title="bbox 2159 2877 3808 2950">
    <p class='ocr_par' dir='ltr' id='par_1_60' title="bbox 2159 2877 3808 2950">
     <span class='ocr_line' id='line_1_60' title="bbox 2159 2877 3808 2950; baseline 0.002 -16"><span class='ocrx_word' id='word_1_421' title='bbox 2159 2879 2298 2934; x_wconf 91' lang='lat' dir='ltr'><strong>bent</strong></span> <span class='ocrx_word' id='word_1_422' title='bbox 2327 2877 2461 2933; x_wconf 91' lang='lat' dir='ltr'><strong>talis</strong></span> <span class='ocrx_word' id='word_1_423' title='bbox 2493 2877 2726 2934; x_wconf 88' lang='lat' dir='ltr'><strong>sceleris</strong></span> <span class='ocrx_word' id='word_1_424' title='bbox 2759 2879 3244 2950; x_wconf 89' lang='lat' dir='ltr'><strong>commistionem,</strong></span> <span class='ocrx_word' id='word_1_425' title='bbox 3299 2896 3370 2934; x_wconf 91' lang='lat' dir='ltr'><strong>ne</strong></span> <span class='ocrx_word' id='word_1_426' title='bbox 3425 2881 3486 2936; x_wconf 91' lang='lat' dir='ltr'><strong>in</strong></span> <span class='ocrx_word' id='word_1_427' title='bbox 3526 2885 3808 2937; x_wconf 83' lang='lat' dir='ltr'><strong>aeternum</strong></span> 
     </span>
    </p>
   </div>
   <div class='ocr_carea' id='block_1_61' title="bbox 2161 2967 3806 3040">
    <p class='ocr_par' dir='ltr' id='par_1_61' title="bbox 2161 2967 3806 3040">
     <span class='ocr_line' id='line_1_61' title="bbox 2161 2967 3806 3040; baseline 0.001 -19"><span class='ocrx_word' id='word_1_428' title='bbox 2161 2972 2419 3040; x_wconf 86' lang='lat' dir='ltr'><strong>pereant.</strong></span> <span class='ocrx_word' id='word_1_429' title='bbox 2453 2968 2565 3023; x_wconf 90' lang='lat' dir='ltr'><strong>Sed</strong></span> <span class='ocrx_word' id='word_1_430' title='bbox 2597 2967 2705 3024; x_wconf 88' lang='lat' dir='ltr'><strong>hos</strong></span> <span class='ocrx_word' id='word_1_431' title='bbox 2734 2968 2834 3039; x_wconf 86' lang='lat' dir='ltr'><strong>qui</strong></span> <span class='ocrx_word' id='word_1_432' title='bbox 2867 2969 3044 3040; x_wconf 87' lang='lat' dir='ltr'><strong>hujus</strong></span> <span class='ocrx_word' id='word_1_433' title='bbox 3076 2969 3409 3040; x_wconf 67' lang='lat' dir='ltr'><strong>perniciosae</strong></span> <span class='ocrx_word' id='word_1_434' title='bbox 3434 2970 3806 3036; x_wconf 86' lang='lat' dir='ltr'><strong>temeritatis,</strong></span> 
     </span>
    </p>
   </div>
   <div class='ocr_carea' id='block_1_62' title="bbox 2161 3057 3814 3132">
    <p class='ocr_par' dir='ltr' id='par_1_62' title="bbox 2161 3057 3814 3132">
     <span class='ocr_line' id='line_1_62' title="bbox 2161 3057 3814 3132; baseline 0.001 -21"><span class='ocrx_word' id='word_1_435' title='bbox 2161 3057 2372 3113; x_wconf 61' lang='lat' dir='ltr'><strong>animus</strong></span> <span class='ocrx_word' id='word_1_436' title='bbox 2394 3074 2512 3112; x_wconf 66' lang='lat' dir='ltr'><strong>suae</strong></span> <span class='ocrx_word' id='word_1_437' title='bbox 2539 3057 2788 3114; x_wconf 87' lang='lat' dir='ltr'><strong>salutem</strong></span> <span class='ocrx_word' id='word_1_438' title='bbox 2811 3057 3218 3131; x_wconf 88' lang='lat' dir='ltr'><strong>despicientes,</strong></span> <span class='ocrx_word' id='word_1_439' title='bbox 3244 3059 3600 3132; x_wconf 90' lang='lat' dir='ltr'><strong>impiissimo</strong></span> <span class='ocrx_word' id='word_1_440' title='bbox 3626 3075 3689 3116; x_wconf 90' lang='lat' dir='ltr'><strong>se</strong></span> <span class='ocrx_word' id='word_1_441' title='bbox 3712 3057 3814 3113; x_wconf 87' lang='lat' dir='ltr'><strong>mi-</strong></span> 
     </span>
    </p>
   </div>
   <div class='ocr_carea' id='block_1_63' title="bbox 2161 3147 3810 3224">
    <p class='ocr_par' dir='ltr' id='par_1_63' title="bbox 2161 3147 3810 3224">
     <span class='ocr_line' id='line_1_63' title="bbox 2161 3147 3810 3224; baseline 0.001 -22"><span class='ocrx_word' id='word_1_442' title='bbox 2161 3162 2364 3202; x_wconf 88' lang='lat' dir='ltr'><strong>scuere</strong></span> <span class='ocrx_word' id='word_1_443' title='bbox 2393 3147 2790 3218; x_wconf 88' lang='lat' dir='ltr'><strong>matrimonio,</strong></span> <span class='ocrx_word' id='word_1_444' title='bbox 2825 3164 2927 3219; x_wconf 89' lang='lat' dir='ltr'><strong>per</strong></span> <span class='ocrx_word' id='word_1_445' title='bbox 2956 3148 3154 3224; x_wconf 88' lang='lat' dir='ltr'><strong>omnia</strong></span> <span class='ocrx_word' id='word_1_446' title='bbox 3183 3153 3285 3203; x_wconf 90' lang='lat' dir='ltr'><strong>tua</strong></span> <span class='ocrx_word' id='word_1_447' title='bbox 3315 3149 3654 3204; x_wconf 84' lang='lat' dir='ltr'><strong>fraternitas</strong></span> <span class='ocrx_word' id='word_1_448' title='bbox 3687 3152 3810 3204; x_wconf 88' lang='lat' dir='ltr'><strong>stu—</strong></span> 
     </span>
    </p>
   </div>
   <div class='ocr_carea' id='block_1_64' title="bbox 2163 3235 3810 3309">
    <p class='ocr_par' dir='ltr' id='par_1_64' title="bbox 2163 3235 3810 3309">
     <span class='ocr_line' id='line_1_64' title="bbox 2163 3235 3810 3309; baseline 0.001 -20"><span class='ocrx_word' id='word_1_449' title='bbox 2163 3236 2295 3290; x_wconf 89' lang='lat' dir='ltr'><strong>deat</strong></span> <span class='ocrx_word' id='word_1_450' title='bbox 2317 3251 2608 3307; x_wconf 88' lang='lat' dir='ltr'><strong>separare,</strong></span> <span class='ocrx_word' id='word_1_451' title='bbox 2633 3241 2688 3290; x_wconf 90' lang='lat' dir='ltr'><strong>et</strong></span> <span class='ocrx_word' id='word_1_452' title='bbox 2712 3235 3059 3307; x_wconf 69' lang='lat' dir='ltr'><strong>paenitentiae</strong></span> <span class='ocrx_word' id='word_1_453' title='bbox 3082 3236 3268 3307; x_wconf 71' lang='lat' dir='ltr'><strong>digna:</strong></span> <span class='ocrx_word' id='word_1_454' title='bbox 3292 3237 3810 3309; x_wconf 88' lang='lat' dir='ltr'><strong>snbmittere,qua-</strong></span> 
     </span>
    </p>
   </div>
   <div class='ocr_carea' id='block_1_65' title="bbox 403 3313 3808 3398">
    <p class='ocr_par' dir='ltr' id='par_1_65' title="bbox 403 3313 3808 3398">
     <span class='ocr_line' id='line_1_65' title="bbox 403 3313 3808 3398; baseline -0.001 -16"><span class='ocrx_word' id='word_1_455' title='bbox 403 3328 675 3384; x_wconf 86' lang='lat' dir='ltr'><strong>deserant</strong></span> <span class='ocrx_word' id='word_1_456' title='bbox 705 3326 965 3398; x_wconf 87' lang='lat' dir='ltr'><strong>copulas.</strong></span> <span class='ocrx_word' id='word_1_457' title='bbox 1000 3325 1259 3392; x_wconf 89' lang='lat' dir='ltr'><strong>Utinam,</strong></span> <span class='ocrx_word' id='word_1_458' title='bbox 1291 3325 1546 3393; x_wconf 87' lang='lat' dir='ltr'><strong>domine,</strong></span> <span class='ocrx_word' id='word_1_459' title='bbox 1581 3342 1687 3380; x_wconf 91' lang='lat' dir='ltr'><strong>nos</strong></span> <span class='ocrx_word' id='word_1_460' title='bbox 1719 3326 2050 3396; x_wconf 90' lang='lat' dir='ltr'><strong>injunctum</strong></span> <span class='ocrx_word' id='word_1_461' title='bbox 2082 3313 2123 3379; x_wconf 90' lang='lat' dir='ltr'>C</span> <span class='ocrx_word' id='word_1_462' title='bbox 2164 3329 2336 3379; x_wconf 89' lang='lat' dir='ltr'><strong>tenus</strong></span> <span class='ocrx_word' id='word_1_463' title='bbox 2377 3324 2448 3378; x_wconf 91' lang='lat' dir='ltr'><strong>ab</strong></span> <span class='ocrx_word' id='word_1_464' title='bbox 2479 3328 2692 3378; x_wconf 64' lang='lat' dir='ltr'><strong>aeterna</strong></span> <span class='ocrx_word' id='word_1_465' title='bbox 2723 3328 2918 3379; x_wconf 90' lang='lat' dir='ltr'><strong>erutas</strong></span> <span class='ocrx_word' id='word_1_466' title='bbox 2949 3323 3321 3379; x_wconf 86' lang='lat' dir='ltr'><strong>damnatione</strong></span> <span class='ocrx_word' id='word_1_467' title='bbox 3349 3324 3578 3381; x_wconf 86' lang='lat' dir='ltr'><strong>animas</strong></span> <span class='ocrx_word' id='word_1_468' title='bbox 3609 3341 3808 3383; x_wconf 90' lang='lat' dir='ltr'><strong>eorum</strong></span> 
     </span>
    </p>
   </div>
   <div class='ocr_carea' id='block_1_66' title="bbox 402 3413 2054 3486">
    <p class='ocr_par' dir='ltr' id='par_1_66' title="bbox 402 3413 2054 3486">
     <span class='ocr_line' id='line_1_66' title="bbox 402 3413 2054 3486; baseline -0.001 -15"><span class='ocrx_word' id='word_1_469' title='bbox 402 3416 664 3472; x_wconf 84' lang='lat' dir='ltr'><strong>ofﬁcium</strong></span> <span class='ocrx_word' id='word_1_470' title='bbox 687 3414 931 3486; x_wconf 90' lang='lat' dir='ltr'><strong>implere</strong></span> <span class='ocrx_word' id='word_1_471' title='bbox 943 3413 1266 3469; x_wconf 87' lang='lat' dir='ltr'><strong>valeamus.</strong></span> <span class='ocrx_word' id='word_1_472' title='bbox 1295 3414 1382 3467; x_wconf 89' lang='lat' dir='ltr'><strong>Illi</strong></span> <span class='ocrx_word' id='word_1_473' title='bbox 1401 3413 1686 3484; x_wconf 88' lang='lat' dir='ltr'><strong>quidquid</strong></span> <span class='ocrx_word' id='word_1_474' title='bbox 1706 3414 2054 3479; x_wconf 88' lang='lat' dir='ltr'><strong>faciant,nos</strong></span> 
     </span>
    </p>
   </div>
   <div class='ocr_carea' id='block_1_67' title="bbox 403 3501 2054 3572">
    <p class='ocr_par' dir='ltr' id='par_1_67' title="bbox 403 3501 2054 3572">
     <span class='ocr_line' id='line_1_67' title="bbox 403 3501 2054 3572; baseline -0.001 -12"><span class='ocrx_word' id='word_1_475' title='bbox 403 3504 611 3560; x_wconf 86' lang='lat' dir='ltr'><strong>saltem</strong></span> <span class='ocrx_word' id='word_1_476' title='bbox 643 3501 1035 3572; x_wconf 88' lang='lat' dir='ltr'><strong>nosmetipsos</strong></span> <span class='ocrx_word' id='word_1_477' title='bbox 1082 3501 1328 3557; x_wconf 90' lang='lat' dir='ltr'><strong>liberare</strong></span> <span class='ocrx_word' id='word_1_478' title='bbox 1378 3518 1674 3557; x_wconf 90' lang='lat' dir='ltr'><strong>curemus.</strong></span> <span class='ocrx_word' id='word_1_479' title='bbox 1726 3503 1806 3558; x_wconf 90' lang='lat' dir='ltr'><strong>De</strong></span> <span class='ocrx_word' id='word_1_480' title='bbox 1837 3502 2054 3558; x_wconf 86' lang='lat' dir='ltr'><strong>talibus</strong></span> 
     </span>
    </p>
   </div>
   <div class='ocr_carea' id='block_1_68' title="bbox 406 3590 2057 3664">
    <p class='ocr_par' dir='ltr' id='par_1_68' title="bbox 406 3590 2057 3664">
     <span class='ocr_line' id='line_1_68' title="bbox 406 3590 2057 3664; baseline -0.001 -17"><span class='ocrx_word' id='word_1_481' title='bbox 406 3591 622 3664; x_wconf 86' lang='lat' dir='ltr'><strong>quippe</strong></span> <span class='ocrx_word' id='word_1_482' title='bbox 643 3591 896 3647; x_wconf 88' lang='lat' dir='ltr'><strong>Joannes</strong></span> <span class='ocrx_word' id='word_1_483' title='bbox 923 3590 1138 3646; x_wconf 89' lang='lat' dir='ltr'><strong>clamat</strong></span> <span class='ocrx_word' id='word_1_484' title='bbox 1153 3590 1452 3663; x_wconf 89' lang='lat' dir='ltr'><strong>apostolus</strong></span> <span class='ocrx_word' id='word_1_485' title='bbox 1478 3609 1490 3650; x_wconf 88' lang='lat'><strong>:</strong></span> <span class='ocrx_word' id='word_1_486' title='bbox 1514 3593 1620 3659; x_wconf 86' lang='lat' dir='ltr'><strong>Qui</strong></span> <span class='ocrx_word' id='word_1_487' title='bbox 1638 3600 1819 3646; x_wconf 86' lang='lat' dir='ltr'><strong>autem</strong></span> <span class='ocrx_word' id='word_1_488' title='bbox 1848 3608 1958 3646; x_wconf 90' lang='lat' dir='ltr'><strong>non</strong></span> <span class='ocrx_word' id='word_1_489' title='bbox 1978 3595 2057 3647; x_wconf 85' lang='lat' dir='ltr'><strong>est</strong></span> 
     </span>
    </p>
   </div>
   <div class='ocr_carea' id='block_1_69' title="bbox 407 3679 2055 3752">
    <p class='ocr_par' dir='ltr' id='par_1_69' title="bbox 407 3679 2055 3752">
     <span class='ocr_line' id='line_1_69' title="bbox 407 3679 2055 3752; baseline -0.002 -14"><span class='ocrx_word' id='word_1_490' title='bbox 407 3697 476 3738; x_wconf 72' lang='lat' dir='ltr'><strong>ex</strong></span> <span class='ocrx_word' id='word_1_491' title='bbox 504 3682 630 3751; x_wconf 86' lang='lat' dir='ltr'><strong>Deo,</strong></span> <span class='ocrx_word' id='word_1_492' title='bbox 661 3695 772 3736; x_wconf 87' lang='lat' dir='ltr'><strong>non</strong></span> <span class='ocrx_word' id='word_1_493' title='bbox 800 3679 956 3735; x_wconf 84' lang='lat' dir='ltr'><strong>audit</strong></span> <span class='ocrx_word' id='word_1_494' title='bbox 985 3695 1085 3735; x_wconf 89' lang='lat' dir='ltr'><strong>nos</strong></span> <span class='ocrx_word' id='word_1_495' title='bbox 1117 3681 1165 3750; x_wconf 93' lang='lat' dir='ltr'>(I</span> <span class='ocrx_word' id='word_1_496' title='bbox 1206 3683 1368 3735; x_wconf 89' lang='lat' dir='ltr'><strong>Joan.</strong></span> <span class='ocrx_word' id='word_1_497' title='bbox 1415 3696 1490 3750; x_wconf 87' lang='lat' dir='ltr'><strong>Iv,</strong></span> <span class='ocrx_word' id='word_1_498' title='bbox 1520 3681 1598 3750; x_wconf 84' lang='lat'><strong>6).</strong></span> <span class='ocrx_word' id='word_1_499' title='bbox 1659 3685 1723 3734; x_wconf 92' lang='lat' dir='ltr'><strong>In</strong></span> <span class='ocrx_word' id='word_1_500' title='bbox 1782 3681 1888 3735; x_wconf 89' lang='lat' dir='ltr'><strong>hoc</strong></span> <span class='ocrx_word' id='word_1_501' title='bbox 1920 3697 2055 3752; x_wconf 89' lang='lat' dir='ltr'><strong>ergo</strong></span> 
     </span>
    </p>
   </div>
   <div class='ocr_carea' id='block_1_70' title="bbox 411 3768 2054 3842">
    <p class='ocr_par' dir='ltr' id='par_1_70' title="bbox 411 3768 2054 3842">
     <span class='ocr_line' id='line_1_70' title="bbox 411 3768 2054 3842; baseline -0.001 -16"><span class='ocrx_word' id='word_1_502' title='bbox 411 3769 819 3842; x_wconf 85' lang='lat' dir='ltr'><strong>cognoscimus</strong></span> <span class='ocrx_word' id='word_1_503' title='bbox 849 3768 1125 3840; x_wconf 89' lang='lat' dir='ltr'><strong>spiritum</strong></span> <span class='ocrx_word' id='word_1_504' title='bbox 1157 3768 1419 3825; x_wconf 84' lang='lat' dir='ltr'><strong>veritatis</strong></span> <span class='ocrx_word' id='word_1_505' title='bbox 1451 3773 1505 3823; x_wconf 90' lang='lat' dir='ltr'><strong>et</strong></span> <span class='ocrx_word' id='word_1_506' title='bbox 1527 3768 1799 3840; x_wconf 88' lang='lat' dir='ltr'><strong>spiritum</strong></span> <span class='ocrx_word' id='word_1_507' title='bbox 1822 3770 2054 3826; x_wconf 89' lang='lat' dir='ltr'><strong>erroris.</strong></span> 
     </span>
    </p>
   </div>
   <div class='ocr_carea' id='block_1_71' title="bbox 410 3857 2059 3931">
    <p class='ocr_par' dir='ltr' id='par_1_71' title="bbox 410 3857 2059 3931">
     <span class='ocr_line' id='line_1_71' title="bbox 410 3857 2059 3931; baseline 0.001 -16"><span class='ocrx_word' id='word_1_508' title='bbox 410 3859 565 3915; x_wconf 89' lang='lat' dir='ltr'><strong>Deus</strong></span> <span class='ocrx_word' id='word_1_509' title='bbox 585 3858 747 3931; x_wconf 89' lang='lat' dir='ltr'><strong>pacis</strong></span> <span class='ocrx_word' id='word_1_510' title='bbox 769 3861 827 3913; x_wconf 87' lang='lat' dir='ltr'><strong>et</strong></span> <span class='ocrx_word' id='word_1_511' title='bbox 853 3857 1155 3913; x_wconf 89' lang='lat' dir='ltr'><strong>eharitatis</strong></span> <span class='ocrx_word' id='word_1_512' title='bbox 1177 3858 1259 3913; x_wconf 90' lang='lat' dir='ltr'><strong>ita</strong></span> <span class='ocrx_word' id='word_1_513' title='bbox 1285 3874 1387 3912; x_wconf 90' lang='lat' dir='ltr'><strong>vos</strong></span> <span class='ocrx_word' id='word_1_514' title='bbox 1419 3858 1531 3912; x_wconf 89' lang='lat' dir='ltr'><strong>sibi</strong></span> <span class='ocrx_word' id='word_1_515' title='bbox 1562 3857 1830 3930; x_wconf 88' lang='lat' dir='ltr'><strong>copulare</strong></span> <span class='ocrx_word' id='word_1_516' title='bbox 1862 3859 2059 3931; x_wconf 88' lang='lat' dir='ltr'><strong>digne-</strong></span> 
     </span>
    </p>
   </div>
   <div class='ocr_carea' id='block_1_72' title="bbox 410 3946 2058 4019">
    <p class='ocr_par' dir='ltr' id='par_1_72' title="bbox 410 3946 2058 4019">
     <span class='ocr_line' id='line_1_72' title="bbox 410 3946 2058 4019; baseline 0.002 -17"><span class='ocrx_word' id='word_1_517' title='bbox 410 3951 509 4002; x_wconf 87' lang='lat' dir='ltr'><strong>tur</strong></span> <span class='ocrx_word' id='word_1_518' title='bbox 538 3951 602 4002; x_wconf 87' lang='lat' dir='ltr'><strong>ut</strong></span> <span class='ocrx_word' id='word_1_519' title='bbox 641 3947 700 4002; x_wconf 91' lang='lat' dir='ltr'><strong>in</strong></span> <span class='ocrx_word' id='word_1_520' title='bbox 732 3946 825 4002; x_wconf 89' lang='lat' dir='ltr'><strong>his</strong></span> <span class='ocrx_word' id='word_1_521' title='bbox 855 3962 981 4018; x_wconf 70' lang='lat' dir='ltr'><strong>qua:</strong></span> <span class='ocrx_word' id='word_1_522' title='bbox 1012 3947 1140 4018; x_wconf 90' lang='lat' dir='ltr'><strong>ejus</strong></span> <span class='ocrx_word' id='word_1_523' title='bbox 1170 3949 1308 4001; x_wconf 88' lang='lat' dir='ltr'><strong>sunt</strong></span> <span class='ocrx_word' id='word_1_524' title='bbox 1337 3947 1474 4001; x_wconf 89' lang='lat' dir='ltr'><strong>boni</strong></span> <span class='ocrx_word' id='word_1_525' title='bbox 1509 3953 1914 4019; x_wconf 89' lang='lat' dir='ltr'><strong>procuratores</strong></span> <span class='ocrx_word' id='word_1_526' title='bbox 1937 3951 2058 4005; x_wconf 80' lang='lat' dir='ltr'><strong>exi-</strong></span> 
     </span>
    </p>
   </div>
   <div class='ocr_carea' id='block_1_73' title="bbox 416 4034 2060 4110">
    <p class='ocr_par' dir='ltr' id='par_1_73' title="bbox 416 4034 2060 4110">
     <span class='ocr_line' id='line_1_73' title="bbox 416 4034 2060 4110; baseline 0.002 -19"><span class='ocrx_word' id='word_1_527' title='bbox 416 4040 659 4103; x_wconf 87' lang='lat' dir='ltr'><strong>stentes,</strong></span> <span class='ocrx_word' id='word_1_528' title='bbox 693 4034 914 4092; x_wconf 84' lang='lat' dir='ltr'><strong>nullius</strong></span> <span class='ocrx_word' id='word_1_529' title='bbox 948 4035 1217 4108; x_wconf 86' lang='lat' dir='ltr'><strong>caliginis</strong></span> <span class='ocrx_word' id='word_1_530' title='bbox 1250 4036 1608 4092; x_wconf 86' lang='lat' dir='ltr'><strong>obscuritate</strong></span> <span class='ocrx_word' id='word_1_531' title='bbox 1662 4041 1922 4110; x_wconf 84' lang='lat' dir='ltr'><strong>torpeat;</strong></span> <span class='ocrx_word' id='word_1_532' title='bbox 1958 4039 2060 4094; x_wconf 87' lang='lat' dir='ltr'><strong>sed</strong></span> 
     </span>
    </p>
   </div>
   <div class='ocr_carea' id='block_1_74' title="bbox 414 4125 2061 4198">
    <p class='ocr_par' dir='ltr' id='par_1_74' title="bbox 414 4125 2061 4198">
     <span class='ocr_line' id='line_1_74' title="bbox 414 4125 2061 4198; baseline 0.001 -16"><span class='ocrx_word' id='word_1_533' title='bbox 414 4125 1184 4198; x_wconf 84' lang='lat' dir='ltr'><strong>divinoillustratifulgore,</strong></span> <span class='ocrx_word' id='word_1_534' title='bbox 1249 4125 1329 4180; x_wconf 89' lang='lat' dir='ltr'><strong>sic</strong></span> <span class='ocrx_word' id='word_1_535' title='bbox 1385 4126 1443 4181; x_wconf 92' lang='lat' dir='ltr'><strong>in</strong></span> <span class='ocrx_word' id='word_1_536' title='bbox 1503 4127 1771 4197; x_wconf 66' lang='lat' dir='ltr'><strong>praesenti</strong></span> <span class='ocrx_word' id='word_1_537' title='bbox 1820 4127 2061 4184; x_wconf 88' lang='lat' dir='ltr'><strong>valeatis</strong></span> 
     </span>
    </p>
   </div>
   <div class='ocr_carea' id='block_1_75' title="bbox 413 4215 2062 4288">
    <p class='ocr_par' dir='ltr' id='par_1_75' title="bbox 413 4215 2062 4288">
     <span class='ocr_line' id='line_1_75' title="bbox 413 4215 2062 4288; baseline -0.001 -15"><span class='ocrx_word' id='word_1_538' title='bbox 413 4216 585 4273; x_wconf 85' lang='lat' dir='ltr'><strong>vinea</strong></span> <span class='ocrx_word' id='word_1_539' title='bbox 613 4215 897 4285; x_wconf 88' lang='lat' dir='ltr'><strong>laborare,</strong></span> <span class='ocrx_word' id='word_1_540' title='bbox 934 4219 996 4270; x_wconf 89' lang='lat' dir='ltr'><strong>ut</strong></span> <span class='ocrx_word' id='word_1_541' title='bbox 1026 4215 1084 4270; x_wconf 91' lang='lat' dir='ltr'><strong>in</strong></span> <span class='ocrx_word' id='word_1_542' title='bbox 1118 4216 1314 4270; x_wconf 83' lang='lat' dir='ltr'><strong>futuro</strong></span> <span class='ocrx_word' id='word_1_543' title='bbox 1337 4215 1679 4270; x_wconf 87' lang='lat' dir='ltr'><strong>mereamini</strong></span> <span class='ocrx_word' id='word_1_544' title='bbox 1701 4233 1846 4288; x_wconf 88' lang='lat' dir='ltr'><strong>euge</strong></span> <span class='ocrx_word' id='word_1_545' title='bbox 1868 4217 2062 4273; x_wconf 89' lang='lat' dir='ltr'><strong>Domi-</strong></span> 
     </span>
    </p>
   </div>
   <div class='ocr_carea' id='block_1_76' title="bbox 415 4306 872 4362">
    <p class='ocr_par' dir='ltr' id='par_1_76' title="bbox 415 4306 872 4362">
     <span class='ocr_line' id='line_1_76' title="bbox 415 4306 872 4362; baseline -0.002 -1"><span class='ocrx_word' id='word_1_546' title='bbox 415 4306 616 4362; x_wconf 88' lang='lat' dir='ltr'><strong>nicum</strong></span> <span class='ocrx_word' id='word_1_547' title='bbox 648 4306 872 4360; x_wconf 90' lang='lat' dir='ltr'><strong>audire.</strong></span> 
     </span>
    </p>
   </div>
   <div class='ocr_carea' id='block_1_77' title="bbox 1003 4391 1478 4447">
    <p class='ocr_par' dir='ltr' id='par_1_77' title="bbox 1003 4391 1478 4447">
     <span class='ocr_line' id='line_1_77' title="bbox 1003 4391 1478 4447; baseline 0.004 -2"><span class='ocrx_word' id='word_1_548' title='bbox 1003 4391 1346 4447; x_wconf 81' lang='lat' dir='ltr'><strong>EPISTULA</strong></span> <span class='ocrx_word' id='word_1_549' title='bbox 1383 4393 1478 4447; x_wconf 89' lang='lat' dir='ltr'><strong>VI.</strong></span> 
     </span>
    </p>
   </div>
   <div class='ocr_carea' id='block_1_78' title="bbox 559 4479 1917 4521">
    <p class='ocr_par' dir='ltr' id='par_1_78' title="bbox 559 4479 1917 4521">
     <span class='ocr_line' id='line_1_78' title="bbox 559 4479 1917 4521; baseline 0.001 -2"><span class='ocrx_word' id='word_1_550' title='bbox 559 4480 830 4521; x_wconf 81' lang='lat' dir='ltr'><strong>GUNZONIS</strong></span> <span class='ocrx_word' id='word_1_551' title='bbox 870 4479 1081 4520; x_wconf 69' lang='lat' dir='ltr'><strong>LEVITIE</strong></span> <span class='ocrx_word' id='word_1_552' title='bbox 1117 4480 1484 4520; x_wconf 77' lang='lat' dir='ltr'><strong>NOVARIENSIS</strong></span> <span class='ocrx_word' id='word_1_553' title='bbox 1523 4481 1594 4520; x_wconf 78' lang='lat' dir='ltr'><strong>AD</strong></span> <span class='ocrx_word' id='word_1_554' title='bbox 1635 4480 1917 4521; x_wconf 80' lang='lat' dir='ltr'><strong>OTTONEM.</strong></span> 
     </span>
    </p>
   </div>
   <div class='ocr_carea' id='block_1_79' title="bbox 486 4553 2058 4626">
    <p class='ocr_par' dir='ltr' id='par_1_79' title="bbox 486 4553 2058 4626">
     <span class='ocr_line' id='line_1_79' title="bbox 486 4553 2058 4626; baseline 0 -16"><span class='ocrx_word' id='word_1_555' title='bbox 486 4554 712 4610; x_wconf 83' lang='lat' dir='ltr'><strong>Damno</strong></span> <span class='ocrx_word' id='word_1_556' title='bbox 767 4555 982 4609; x_wconf 79' lang='lat' dir='ltr'><strong>A&#39;r&#39;rom</strong></span> <span class='ocrx_word' id='word_1_557' title='bbox 1038 4553 1356 4626; x_wconf 89' lang='lat' dir='ltr'><strong>pontiﬁcali</strong></span> <span class='ocrx_word' id='word_1_558' title='bbox 1411 4553 1736 4610; x_wconf 87' lang='lat' dir='ltr'><strong>reverentia</strong></span> <span class='ocrx_word' id='word_1_559' title='bbox 1797 4555 2058 4624; x_wconf 90' lang='lat' dir='ltr'><strong>colendo,</strong></span> 
     </span>
    </p>
   </div>
   <div class='ocr_carea' id='block_1_80' title="bbox 2167 3411 3810 3485">
    <p class='ocr_par' dir='ltr' id='par_1_80' title="bbox 2167 3411 3810 3485">
     <span class='ocr_line' id='line_1_80' title="bbox 2167 3411 3810 3485; baseline 0.001 -18"><span class='ocrx_word' id='word_1_560' title='bbox 2167 3411 2427 3478; x_wconf 90' lang='lat' dir='ltr'><strong>lucreris,</strong></span> <span class='ocrx_word' id='word_1_561' title='bbox 2463 3417 2778 3483; x_wconf 69' lang='lat' dir='ltr'><strong>praestante</strong></span> <span class='ocrx_word' id='word_1_562' title='bbox 2809 3411 3055 3467; x_wconf 89' lang='lat' dir='ltr'><strong>Domino</strong></span> <span class='ocrx_word' id='word_1_563' title='bbox 3087 3415 3144 3469; x_wconf 85' lang='lat' dir='ltr'><strong>et</strong></span> <span class='ocrx_word' id='word_1_564' title='bbox 3174 3412 3283 3485; x_wconf 85' lang='grc'>(61)</span> <span class='ocrx_word' id='word_1_565' title='bbox 3342 3417 3455 3469; x_wconf 92' lang='lat' dir='ltr'><strong>Deo</strong></span> <span class='ocrx_word' id='word_1_566' title='bbox 3511 3413 3810 3471; x_wconf 87' lang='lat' dir='ltr'><strong>Salvatore</strong></span> 
     </span>
    </p>
   </div>
   <div class='ocr_carea' id='block_1_81' title="bbox 2165 3500 2812 3556">
    <p class='ocr_par' dir='ltr' id='par_1_81' title="bbox 2165 3500 2812 3556">
     <span class='ocr_line' id='line_1_81' title="bbox 2165 3500 2812 3556; baseline 0 -2"><span class='ocrx_word' id='word_1_567' title='bbox 2165 3505 2363 3556; x_wconf 87' lang='lat' dir='ltr'><strong>nostro</strong></span> <span class='ocrx_word' id='word_1_568' title='bbox 2393 3501 2528 3556; x_wconf 86' lang='lat' dir='ltr'><strong>Jcsu</strong></span> <span class='ocrx_word' id='word_1_569' title='bbox 2561 3500 2812 3556; x_wconf 90' lang='lat' dir='ltr'><strong>Christo.</strong></span> 
     </span>
    </p>
   </div>
   <div class='ocr_carea' id='block_1_82' title="bbox 2235 3589 3810 3662">
    <p class='ocr_par' dir='ltr' id='par_1_82' title="bbox 2235 3589 3810 3662">
     <span class='ocr_line' id='line_1_82' title="bbox 2235 3589 3810 3662; baseline 0.001 -19"><span class='ocrx_word' id='word_1_570' title='bbox 2235 3589 2358 3644; x_wconf 88' lang='lat' dir='ltr'><strong>Non</strong></span> <span class='ocrx_word' id='word_1_571' title='bbox 2383 3589 2561 3661; x_wconf 88' lang='lat' dir='ltr'><strong>igitur</strong></span> <span class='ocrx_word' id='word_1_572' title='bbox 2579 3589 2719 3645; x_wconf 87' lang='lat' dir='ltr'><strong>latet</strong></span> <span class='ocrx_word' id='word_1_573' title='bbox 2735 3589 3107 3662; x_wconf 87' lang='lat' dir='ltr'><strong>prudentiam</strong></span> <span class='ocrx_word' id='word_1_574' title='bbox 3126 3596 3288 3646; x_wconf 90' lang='lat' dir='ltr'><strong>tuam</strong></span> <span class='ocrx_word' id='word_1_575' title='bbox 3313 3608 3429 3647; x_wconf 90' lang='lat' dir='ltr'><strong>non</strong></span> <span class='ocrx_word' id='word_1_576' title='bbox 3452 3591 3648 3648; x_wconf 90' lang='lat' dir='ltr'><strong>solum</strong></span> <span class='ocrx_word' id='word_1_577' title='bbox 3685 3591 3810 3646; x_wconf 91' lang='lat' dir='ltr'><strong>illos</strong></span> 
     </span>
    </p>
   </div>
   <div class='ocr_carea' id='block_1_83' title="bbox 2167 3677 3809 3753">
    <p class='ocr_par' dir='ltr' id='par_1_83' title="bbox 2167 3677 3809 3753">
     <span class='ocr_line' id='line_1_83' title="bbox 2167 3677 3809 3753; baseline 0 -19"><span class='ocrx_word' id='word_1_578' title='bbox 2167 3677 2557 3734; x_wconf 87' lang='lat' dir='ltr'><strong>ecclesiastica</strong></span> <span class='ocrx_word' id='word_1_579' title='bbox 2577 3695 2824 3735; x_wconf 90' lang='lat' dir='ltr'><strong>censura</strong></span> <span class='ocrx_word' id='word_1_580' title='bbox 2846 3679 3133 3736; x_wconf 88' lang='lat' dir='ltr'><strong>feriendos</strong></span> <span class='ocrx_word' id='word_1_581' title='bbox 3158 3680 3257 3753; x_wconf 89' lang='lat' dir='ltr'><strong>qui</strong></span> <span class='ocrx_word' id='word_1_582' title='bbox 3283 3681 3500 3737; x_wconf 85' lang='lat' dir='ltr'><strong>nefario</strong></span> <span class='ocrx_word' id='word_1_583' title='bbox 3523 3697 3586 3737; x_wconf 91' lang='lat' dir='ltr'><strong>se</strong></span> <span class='ocrx_word' id='word_1_584' title='bbox 3609 3681 3809 3752; x_wconf 90' lang='lat' dir='ltr'><strong>conju-</strong></span> 
     </span>
    </p>
   </div>
   <div class='ocr_carea' id='block_1_84' title="bbox 2167 3766 3815 3842">
    <p class='ocr_par' dir='ltr' id='par_1_84' title="bbox 2167 3766 3815 3842">
     <span class='ocr_line' id='line_1_84' title="bbox 2167 3766 3815 3842; baseline 0.001 -20"><span class='ocrx_word' id='word_1_585' title='bbox 2167 3768 2260 3840; x_wconf 88' lang='lat' dir='ltr'><strong>gio</strong></span> <span class='ocrx_word' id='word_1_586' title='bbox 2283 3766 2559 3839; x_wconf 85' lang='lat' dir='ltr'><strong>polluere,</strong></span> <span class='ocrx_word' id='word_1_587' title='bbox 2590 3768 2691 3823; x_wconf 88' lang='lat' dir='ltr'><strong>sed</strong></span> <span class='ocrx_word' id='word_1_588' title='bbox 2716 3768 2846 3823; x_wconf 91' lang='lat' dir='ltr'><strong>illos</strong></span> <span class='ocrx_word' id='word_1_589' title='bbox 2866 3785 3098 3840; x_wconf 88' lang='lat' dir='ltr'><strong>quoque</strong></span> <span class='ocrx_word' id='word_1_590' title='bbox 3127 3769 3226 3842; x_wconf 91' lang='lat' dir='ltr'><strong>qui</strong></span> <span class='ocrx_word' id='word_1_591' title='bbox 3250 3769 3430 3840; x_wconf 88' lang='lat' dir='ltr'><strong>hujus</strong></span> <span class='ocrx_word' id='word_1_592' title='bbox 3453 3769 3695 3826; x_wconf 87' lang='lat' dir='ltr'><strong>sceleris</strong></span> <span class='ocrx_word' id='word_1_593' title='bbox 3719 3786 3815 3824; x_wconf 90' lang='lat' dir='ltr'><strong>au-</strong></span> 
     </span>
    </p>
   </div>
   <div class='ocr_carea' id='block_1_85' title="bbox 2169 3856 3815 3931">
    <p class='ocr_par' dir='ltr' id='par_1_85' title="bbox 2169 3856 3815 3931">
     <span class='ocr_line' id='line_1_85' title="bbox 2169 3856 3815 3931; baseline -0.001 -20"><span class='ocrx_word' id='word_1_594' title='bbox 2169 3860 2354 3912; x_wconf 89' lang='lat' dir='ltr'><strong>ctores</strong></span> <span class='ocrx_word' id='word_1_595' title='bbox 2379 3857 2610 3912; x_wconf 86' lang='lat' dir='ltr'><strong>fuerunt</strong></span> <span class='ocrx_word' id='word_1_596' title='bbox 2638 3875 2650 3912; x_wconf 93' lang='lat'>:</span> <span class='ocrx_word' id='word_1_597' title='bbox 2675 3857 2842 3912; x_wconf 91' lang='lat' dir='ltr'><strong>illum</strong></span> <span class='ocrx_word' id='word_1_598' title='bbox 2872 3858 3141 3914; x_wconf 89' lang='lat' dir='ltr'><strong>videlicet</strong></span> <span class='ocrx_word' id='word_1_599' title='bbox 3162 3859 3260 3931; x_wconf 90' lang='lat' dir='ltr'><strong>qui</strong></span> <span class='ocrx_word' id='word_1_600' title='bbox 3294 3857 3535 3915; x_wconf 86' lang='lat' dir='ltr'><strong>alterius</strong></span> <span class='ocrx_word' id='word_1_601' title='bbox 3567 3856 3815 3915; x_wconf 89' lang='lat' dir='ltr'><strong>carnalis</strong></span> 
     </span>
    </p>
   </div>
   <div class='ocr_carea' id='block_1_86' title="bbox 2169 3943 3814 4020">
    <p class='ocr_par' dir='ltr' id='par_1_86' title="bbox 2169 3943 3814 4020">
     <span class='ocr_line' id='line_1_86' title="bbox 2169 3943 3814 4020; baseline -0.001 -20"><span class='ocrx_word' id='word_1_602' title='bbox 2169 3949 2224 4000; x_wconf 91' lang='lat' dir='ltr'><strong>et</strong></span> <span class='ocrx_word' id='word_1_603' title='bbox 2245 3943 2484 4001; x_wconf 89' lang='lat' dir='ltr'><strong>alterius</strong></span> <span class='ocrx_word' id='word_1_604' title='bbox 2509 3945 2833 4018; x_wconf 87' lang='lat' dir='ltr'><strong>spiritualis</strong></span> <span class='ocrx_word' id='word_1_605' title='bbox 2850 3950 3016 4018; x_wconf 87' lang='lat' dir='ltr'><strong>pater</strong></span> <span class='ocrx_word' id='word_1_606' title='bbox 3037 3949 3428 4020; x_wconf 88' lang='lat' dir='ltr'><strong>cognoscitur.</strong></span> <span class='ocrx_word' id='word_1_607' title='bbox 3464 3948 3565 4004; x_wconf 87' lang='lat' dir='ltr'><strong>Hic</strong></span> <span class='ocrx_word' id='word_1_608' title='bbox 3601 3946 3814 4003; x_wconf 89' lang='lat' dir='ltr'><strong>etenim</strong></span> 
     </span>
    </p>
   </div>
   <div class='ocr_carea' id='block_1_87' title="bbox 2167 4035 3819 4109">
    <p class='ocr_par' dir='ltr' id='par_1_87' title="bbox 2167 4035 3819 4109">
     <span class='ocr_line' id='line_1_87' title="bbox 2167 4035 3819 4109; baseline 0.001 -21"><span class='ocrx_word' id='word_1_609' title='bbox 2167 4037 2331 4090; x_wconf 87' lang='lat' dir='ltr'><strong>tanto</strong></span> <span class='ocrx_word' id='word_1_610' title='bbox 2355 4035 2562 4105; x_wconf 87' lang='lat' dir='ltr'><strong>majori</strong></span> <span class='ocrx_word' id='word_1_611' title='bbox 2588 4036 2939 4108; x_wconf 79' lang='lat' dir='ltr'><strong>poenitentiae</strong></span> <span class='ocrx_word' id='word_1_612' title='bbox 2963 4037 3133 4092; x_wconf 89' lang='lat' dir='ltr'><strong>debet</strong></span> <span class='ocrx_word' id='word_1_613' title='bbox 3156 4035 3422 4093; x_wconf 88' lang='lat' dir='ltr'><strong>submitti</strong></span> <span class='ocrx_word' id='word_1_614' title='bbox 3450 4042 3671 4109; x_wconf 89' lang='lat' dir='ltr'><strong>quanto</strong></span> <span class='ocrx_word' id='word_1_615' title='bbox 3704 4050 3819 4090; x_wconf 86' lang='lat' dir='ltr'><strong>ma-</strong></span> 
     </span>
    </p>
   </div>
   <div class='ocr_carea' id='block_1_88' title="bbox 2161 4125 3815 4199">
    <p class='ocr_par' dir='ltr' id='par_1_88' title="bbox 2161 4125 3815 4199">
     <span class='ocr_line' id='line_1_88' title="bbox 2161 4125 3815 4199; baseline -0.001 -20"><span class='ocrx_word' id='word_1_616' title='bbox 2161 4125 2354 4194; x_wconf 89' lang='lat' dir='ltr'><strong>jorem</strong></span> <span class='ocrx_word' id='word_1_617' title='bbox 2385 4125 2791 4181; x_wconf 84' lang='lat' dir='ltr'><strong>auctoritatem</strong></span> <span class='ocrx_word' id='word_1_618' title='bbox 2822 4125 2882 4180; x_wconf 90' lang='lat' dir='ltr'><strong>in</strong></span> <span class='ocrx_word' id='word_1_619' title='bbox 2913 4141 3094 4182; x_wconf 88' lang='lat' dir='ltr'><strong>causa</strong></span> <span class='ocrx_word' id='word_1_620' title='bbox 3115 4126 3392 4182; x_wconf 88' lang='lat' dir='ltr'><strong>habuisse</strong></span> <span class='ocrx_word' id='word_1_621' title='bbox 3415 4126 3717 4199; x_wconf 86' lang='lat' dir='ltr'><strong>probatur.</strong></span> <span class='ocrx_word' id='word_1_622' title='bbox 3744 4128 3815 4178; x_wconf 89' lang='lat' dir='ltr'><strong>De</strong></span> 
     </span>
    </p>
   </div>
   <div class='ocr_carea' id='block_1_89' title="bbox 2171 4212 3813 4288">
    <p class='ocr_par' dir='ltr' id='par_1_89' title="bbox 2171 4212 3813 4288">
     <span class='ocr_line' id='line_1_89' title="bbox 2171 4212 3813 4288; baseline 0 -21"><span class='ocrx_word' id='word_1_623' title='bbox 2171 4212 2306 4269; x_wconf 85' lang='lat' dir='ltr'><strong>ﬁliis</strong></span> <span class='ocrx_word' id='word_1_624' title='bbox 2339 4218 2534 4268; x_wconf 90' lang='lat' dir='ltr'><strong>autem</strong></span> <span class='ocrx_word' id='word_1_625' title='bbox 2567 4213 2778 4269; x_wconf 89' lang='lat' dir='ltr'><strong>horum</strong></span> <span class='ocrx_word' id='word_1_626' title='bbox 2809 4214 2996 4270; x_wconf 88' lang='lat' dir='ltr'><strong>isdem</strong></span> <span class='ocrx_word' id='word_1_627' title='bbox 3028 4215 3372 4270; x_wconf 88' lang='lat' dir='ltr'><strong>venerabilis</strong></span> <span class='ocrx_word' id='word_1_628' title='bbox 3429 4219 3596 4288; x_wconf 88' lang='lat' dir='ltr'><strong>pater</strong></span> <span class='ocrx_word' id='word_1_629' title='bbox 3627 4215 3813 4270; x_wconf 91' lang='lat' dir='ltr'><strong>eidem</strong></span> 
     </span>
    </p>
   </div>
   <div class='ocr_carea' id='block_1_90' title="bbox 2171 4302 3812 4375">
    <p class='ocr_par' dir='ltr' id='par_1_90' title="bbox 2171 4302 3812 4375">
     <span class='ocr_line' id='line_1_90' title="bbox 2171 4302 3812 4375; baseline -0.001 -17"><span class='ocrx_word' id='word_1_630' title='bbox 2171 4302 2472 4358; x_wconf 89' lang='lat' dir='ltr'><strong>Theodoro</strong></span> <span class='ocrx_word' id='word_1_631' title='bbox 2495 4302 2770 4375; x_wconf 90' lang='lat' dir='ltr'><strong>episcopo</strong></span> <span class='ocrx_word' id='word_1_632' title='bbox 2790 4303 3080 4373; x_wconf 90' lang='lat' dir='ltr'><strong>rescribit,</strong></span> <span class='ocrx_word' id='word_1_633' title='bbox 3106 4321 3220 4360; x_wconf 91' lang='lat' dir='ltr'><strong>non</strong></span> <span class='ocrx_word' id='word_1_634' title='bbox 3243 4305 3427 4361; x_wconf 89' lang='lat' dir='ltr'><strong>teneri</strong></span> <span class='ocrx_word' id='word_1_635' title='bbox 3451 4321 3550 4361; x_wconf 86' lang='lat' dir='ltr'><strong>eos</strong></span> <span class='ocrx_word' id='word_1_636' title='bbox 3574 4302 3812 4361; x_wconf 89' lang='lat' dir='ltr'><strong>crimine</strong></span> 
     </span>
    </p>
   </div>
   <div class='ocr_carea' id='block_1_91' title="bbox 2171 4394 2505 4463">
    <p class='ocr_par' dir='ltr' id='par_1_91' title="bbox 2171 4394 2505 4463">
     <span class='ocr_line' id='line_1_91' title="bbox 2171 4394 2505 4463; baseline -0.003 -16"><span class='ocrx_word' id='word_1_637' title='bbox 2171 4394 2505 4463; x_wconf 89' lang='lat' dir='ltr'><strong>parentum.</strong></span> 
     </span>
    </p>
   </div>
   <div class='ocr_carea' id='block_1_92' title="bbox 2738 4483 3252 4540">
    <p class='ocr_par' dir='ltr' id='par_1_92' title="bbox 2738 4483 3252 4540">
     <span class='ocr_line' id='line_1_92' title="bbox 2738 4483 3252 4540; baseline 0 -2"><span class='ocrx_word' id='word_1_638' title='bbox 2738 4483 3092 4538; x_wconf 81' lang='lat' dir='ltr'><strong>EPISTULA</strong></span> <span class='ocrx_word' id='word_1_639' title='bbox 3132 4483 3252 4540; x_wconf 86' lang='lat' dir='ltr'><strong>VII.</strong></span> 
     </span>
    </p>
   </div>
   <div class='ocr_carea' id='block_1_93' title="bbox 2241 4567 3748 4612">
    <p class='ocr_par' dir='ltr' id='par_1_93' title="bbox 2241 4567 3748 4612">
     <span class='ocr_line' id='line_1_93' title="bbox 2241 4567 3748 4612; baseline -0.003 -1"><span class='ocrx_word' id='word_1_640' title='bbox 2241 4567 2516 4612; x_wconf 73' lang='lat' dir='ltr'><strong>AMBROSII</strong></span> <span class='ocrx_word' id='word_1_641' title='bbox 2537 4572 2990 4611; x_wconf 78' lang='lat' dir='ltr'><strong>MEDIOLANENSIS</strong></span> <span class='ocrx_word' id='word_1_642' title='bbox 3020 4572 3368 4611; x_wconf 70' lang='lat' dir='ltr'><strong>PRESBYTERI</strong></span> <span class='ocrx_word' id='word_1_643' title='bbox 3383 4571 3455 4610; x_wconf 78' lang='lat' dir='ltr'><strong>AD</strong></span> <span class='ocrx_word' id='word_1_644' title='bbox 3487 4569 3748 4611; x_wconf 80' lang='lat' dir='ltr'><strong>ATI‘ONEM</strong></span> 
     </span>
    </p>
   </div>
   <div class='ocr_carea' id='block_1_94' title="bbox 417 4643 3808 4748">
    <p class='ocr_par' dir='ltr' id='par_1_94' title="bbox 417 4643 3808 4748">
     <span class='ocr_line' id='line_1_94' title="bbox 417 4643 3808 4748; baseline -0.002 -48"><span class='ocrx_word' id='word_1_645' title='bbox 417 4644 616 4700; x_wconf 70' lang='lat' dir='ltr'><strong>Guuzo</strong></span> <span class='ocrx_word' id='word_1_646' title='bbox 643 4643 1015 4700; x_wconf 88' lang='lat' dir='ltr'><strong>Nevariensis</strong></span> <span class='ocrx_word' id='word_1_647' title='bbox 1039 4643 1303 4699; x_wconf 84' lang='lat' dir='ltr'><strong>Ecclesiae</strong></span> <span class='ocrx_word' id='word_1_648' title='bbox 1332 4643 1637 4699; x_wconf 87' lang='lat' dir='ltr'><strong>levitarum</strong></span> <span class='ocrx_word' id='word_1_649' title='bbox 1660 4645 1936 4714; x_wconf 84' lang='lat' dir='ltr'><strong>extimus,</strong></span> <span class='ocrx_word' id='word_1_650' title='bbox 1959 4646 2058 4700; x_wconf 89' lang='lat' dir='ltr'><strong>de-</strong></span> <span class='ocrx_word' id='word_1_651' title='bbox 2093 4684 2138 4748; x_wconf 68' lang='grc' dir='ltr'><strong>Β</strong></span> <span class='ocrx_word' id='word_1_652' title='bbox 2243 4645 2814 4704; x_wconf 70' lang='lat' dir='ltr'><strong>Invictissimocuria:</strong></span> <span class='ocrx_word' id='word_1_653' title='bbox 2830 4643 3416 4716; x_wconf 74' lang='lat' dir='ltr'><strong>cmlestisnthletze,ac</strong></span> <span class='ocrx_word' id='word_1_654' title='bbox 3430 4654 3808 4717; x_wconf 87' lang='lat' dir='ltr'><strong>supernorum</strong></span> 
     </span>
    </p>
   </div>
   <div class='ocr_carea' id='block_1_95' title="bbox 416 4731 1323 4789">
    <p class='ocr_par' dir='ltr' id='par_1_95' title="bbox 416 4731 1323 4789">
     <span class='ocr_line' id='line_1_95' title="bbox 416 4731 1323 4789; baseline -0.001 -2"><span class='ocrx_word' id='word_1_655' title='bbox 416 4733 550 4788; x_wconf 78' lang='lat' dir='ltr'><strong>bitas</strong></span> <span class='ocrx_word' id='word_1_656' title='bbox 582 4731 968 4789; x_wconf 80' lang='lat' dir='ltr'><strong>venerationis</strong></span> <span class='ocrx_word' id='word_1_657' title='bbox 999 4732 1323 4788; x_wconf 89' lang='lat' dir='ltr'><strong>servitium.</strong></span> 
     </span>
    </p>
   </div>
   <div class='ocr_carea' id='block_1_96' title="bbox 487 4822 2060 4895">
    <p class='ocr_par' dir='ltr' id='par_1_96' title="bbox 487 4822 2060 4895">
     <span class='ocr_line' id='line_1_96' title="bbox 487 4822 2060 4895; baseline 0 -15"><span class='ocrx_word' id='word_1_658' title='bbox 487 4825 569 4880; x_wconf 89' lang='lat' dir='ltr'><strong>De</strong></span> <span class='ocrx_word' id='word_1_659' title='bbox 598 4840 664 4880; x_wconf 88' lang='lat' dir='ltr'><strong>eo</strong></span> <span class='ocrx_word' id='word_1_660' title='bbox 723 4823 875 4893; x_wconf 90' lang='lat' dir='ltr'><strong>quod</strong></span> <span class='ocrx_word' id='word_1_661' title='bbox 934 4822 1217 4878; x_wconf 87' lang='lat' dir='ltr'><strong>celsitudo</strong></span> <span class='ocrx_word' id='word_1_662' title='bbox 1274 4826 1464 4879; x_wconf 88' lang='lat' dir='ltr'><strong>vestra</strong></span> <span class='ocrx_word' id='word_1_663' title='bbox 1493 4824 1836 4895; x_wconf 88' lang='lat' dir='ltr'><strong>parvitatem</strong></span> <span class='ocrx_word' id='word_1_664' title='bbox 1869 4841 2060 4880; x_wconf 89' lang='lat' dir='ltr'><strong>meam</strong></span> 
     </span>
    </p>
   </div>
   <div class='ocr_carea' id='block_1_97' title="bbox 489 4946 2060 5019">
    <p class='ocr_par' dir='ltr' id='par_1_97' title="bbox 489 4946 2060 5019">
     <span class='ocr_line' id='line_1_97' title="bbox 489 4946 2060 5019; baseline 0.002 -18"><span class='ocrx_word' id='word_1_665' title='bbox 489 4949 599 5019; x_wconf 85' lang='lat'>(58)</span> <span class='ocrx_word' id='word_1_666' title='bbox 623 4947 802 5019; x_wconf 81' lang='lat' dir='ltr'><strong>ld_est,</strong></span> <span class='ocrx_word' id='word_1_667' title='bbox 834 4947 1209 5019; x_wconf 84' lang='lat' dir='ltr'><strong>spiritualem.</strong></span> <span class='ocrx_word' id='word_1_668' title='bbox 1241 4947 1336 5002; x_wconf 90' lang='lat' dir='ltr'><strong>Sic</strong></span> <span class='ocrx_word' id='word_1_669' title='bbox 1368 4946 1582 5019; x_wconf 87' lang='lat' dir='ltr'><strong>legitur</strong></span> <span class='ocrx_word' id='word_1_670' title='bbox 1611 4946 1670 5019; x_wconf 83' lang='lat' dir='ltr'><strong>in</strong></span> <span class='ocrx_word' id='word_1_671' title='bbox 1703 4951 1930 5002; x_wconf 86' lang='lat' dir='ltr'><strong>vetusto</strong></span> <span class='ocrx_word' id='word_1_672' title='bbox 1962 4965 2060 5004; x_wconf 91' lang='lat' dir='ltr'><strong>co-</strong></span> 
     </span>
    </p>
   </div>
   <div class='ocr_carea' id='block_1_98' title="bbox 421 4992 2060 5089">
    <p class='ocr_par' dir='ltr' id='par_1_98' title="bbox 421 4992 2060 5089">
     <span class='ocr_line' id='line_1_98' title="bbox 421 4992 2060 5089; baseline -0.001 -15"><span class='ocrx_word' id='word_1_673' title='bbox 421 4992 547 5074; x_wconf 70' lang='lat' dir='ltr'><strong>dice</strong></span> <span class='ocrx_word' id='word_1_674' title='bbox 573 4992 941 5073; x_wconf 51' lang='lat' dir='ltr'><strong>bibliotheca:</strong></span> <span class='ocrx_word' id='word_1_675' title='bbox 974 5018 1164 5089; x_wconf 69' lang='lat' dir='ltr'><strong>regias,</strong></span> <span class='ocrx_word' id='word_1_676' title='bbox 1185 5018 1246 5072; x_wconf 90' lang='lat' dir='ltr'><strong>in</strong></span> <span class='ocrx_word' id='word_1_677' title='bbox 1270 5035 1380 5088; x_wconf 89' lang='lat' dir='ltr'><strong>quo</strong></span> <span class='ocrx_word' id='word_1_678' title='bbox 1424 4992 1742 5088; x_wconf 61' lang='lat' dir='ltr'><strong>%pistolam</strong></span> <span class='ocrx_word' id='word_1_679' title='bbox 1773 5019 2060 5073; x_wconf 64' lang='lat' dir='ltr'><strong>Zacharias</strong></span> 
     </span>
    </p>
   </div>
   <div class='ocr_carea' id='block_1_99' title="bbox 418 5089 2061 5163">
    <p class='ocr_par' dir='ltr' id='par_1_99' title="bbox 418 5089 2061 5163">
     <span class='ocr_line' id='line_1_99' title="bbox 418 5089 2061 5163; baseline 0.001 -18"><span class='ocrx_word' id='word_1_680' title='bbox 418 5091 708 5162; x_wconf 89' lang='lat' dir='ltr'><strong>integram</strong></span> <span class='ocrx_word' id='word_1_681' title='bbox 740 5089 1008 5144; x_wconf 89' lang='lat' dir='ltr'><strong>Baluzius</strong></span> <span class='ocrx_word' id='word_1_682' title='bbox 1026 5089 1274 5163; x_wconf 84' lang='lat' dir='ltr'><strong>reperit:</strong></span> <span class='ocrx_word' id='word_1_683' title='bbox 1311 5091 1367 5143; x_wconf 91' lang='lat' dir='ltr'><strong>in</strong></span> <span class='ocrx_word' id='word_1_684' title='bbox 1402 5090 1576 5160; x_wconf 86' lang='lat' dir='ltr'><strong>priori</strong></span> <span class='ocrx_word' id='word_1_685' title='bbox 1626 5089 1878 5145; x_wconf 88' lang='lat' dir='ltr'><strong>editione</strong></span> <span class='ocrx_word' id='word_1_686' title='bbox 1909 5090 2061 5163; x_wconf 88' lang='lat' dir='ltr'><strong>lege-</strong></span> 
     </span>
    </p>
   </div>
   <div class='ocr_carea' id='block_1_100' title="bbox 419 5161 1156 5233">
    <p class='ocr_par' dir='ltr' id='par_1_100' title="bbox 419 5161 1156 5233">
     <span class='ocr_line' id='line_1_100' title="bbox 419 5161 1156 5233; baseline -0.004 -15"><span class='ocrx_word' id='word_1_687' title='bbox 419 5161 594 5218; x_wconf 74' lang='lat' dir='ltr'><strong>batur</strong></span> <span class='ocrx_word' id='word_1_688' title='bbox 624 5163 765 5217; x_wconf 85' lang='lat' dir='ltr'><strong>idem</strong></span> <span class='ocrx_word' id='word_1_689' title='bbox 791 5161 1156 5233; x_wconf 84' lang='lat' dir='ltr'><strong>spiritualem.</strong></span> 
     </span>
    </p>
   </div>
   <div class='ocr_carea' id='block_1_101' title="bbox 493 5232 2061 5310">
    <p class='ocr_par' dir='ltr' id='par_1_101' title="bbox 493 5232 2061 5310">
     <span class='ocr_line' id='line_1_101' title="bbox 493 5232 2061 5310; baseline 0.001 -25"><span class='ocrx_word' id='word_1_690' title='bbox 493 5233 604 5304; x_wconf 84' lang='lat'>(59)</span> <span class='ocrx_word' id='word_1_691' title='bbox 637 5232 959 5310; x_wconf 51' lang='lat' dir='ltr'><strong>Iinormiter</strong></span> <span class='ocrx_word' id='word_1_692' title='bbox 985 5234 1288 5310; x_wconf 78' lang='lat' dir='ltr'><strong>asseruisti.</strong></span> <span class='ocrx_word' id='word_1_693' title='bbox 1322 5232 1413 5287; x_wconf 90' lang='lat' dir='ltr'><strong>Sic</strong></span> <span class='ocrx_word' id='word_1_694' title='bbox 1443 5232 1603 5310; x_wconf 80' lang='lat' dir='ltr'><strong>idem</strong></span> <span class='ocrx_word' id='word_1_695' title='bbox 1621 5232 1817 5310; x_wconf 53' lang='lat' dir='ltr'><strong>cedes</strong></span> <span class='ocrx_word' id='word_1_696' title='bbox 1865 5249 2061 5310; x_wconf 84' lang='lat' dir='ltr'><strong>emen-</strong></span> 
     </span>
    </p>
   </div>
   <div class='ocr_carea' id='block_1_102' title="bbox 2173 4731 3811 4806">
    <p class='ocr_par' dir='ltr' id='par_1_102' title="bbox 2173 4731 3811 4806">
     <span class='ocr_line' id='line_1_102' title="bbox 2173 4731 3811 4806; baseline -0.007 -13"><span class='ocrx_word' id='word_1_697' title='bbox 2173 4739 2386 4793; x_wconf 89' lang='lat' dir='ltr'><strong>civium</strong></span> <span class='ocrx_word' id='word_1_698' title='bbox 2420 4736 2666 4791; x_wconf 80' lang='lat' dir='ltr'><strong>coetibus</strong></span> <span class='ocrx_word' id='word_1_699' title='bbox 2698 4738 3031 4806; x_wconf 84' lang='lat' dir='ltr'><strong>aggregato,</strong></span> <span class='ocrx_word' id='word_1_700' title='bbox 3063 4738 3278 4788; x_wconf 71' lang='lat' dir='ltr'><strong>A&#39;r&#39;rom</strong></span> <span class='ocrx_word' id='word_1_701' title='bbox 3334 4738 3423 4790; x_wconf 88' lang='lat' dir='ltr'><strong>ter</strong></span> <span class='ocrx_word' id='word_1_702' title='bbox 3480 4731 3811 4790; x_wconf 87' lang='lat' dir='ltr'><strong>beatissimo</strong></span> 
     </span>
    </p>
   </div>
   <div class='ocr_carea' id='block_1_103' title="bbox 2172 4818 3811 4899">
    <p class='ocr_par' dir='ltr' id='par_1_103' title="bbox 2172 4818 3811 4899">
     <span class='ocr_line' id='line_1_103' title="bbox 2172 4818 3811 4899; baseline -0.007 -16"><span class='ocrx_word' id='word_1_703' title='bbox 2172 4827 2458 4899; x_wconf 87' lang='lat' dir='ltr'><strong>pontiﬁci,</strong></span> <span class='ocrx_word' id='word_1_704' title='bbox 2490 4823 2732 4879; x_wconf 89' lang='lat' dir='ltr'><strong>humilis</strong></span> <span class='ocrx_word' id='word_1_705' title='bbox 2763 4822 2979 4878; x_wconf 87' lang='lat' dir='ltr'><strong>Christi</strong></span> <span class='ocrx_word' id='word_1_706' title='bbox 3013 4822 3288 4891; x_wconf 82' lang='lat' dir='ltr'><strong>famulus,</strong></span> <span class='ocrx_word' id='word_1_707' title='bbox 3341 4827 3649 4895; x_wconf 86' lang='lat' dir='ltr'><strong>vesterque</strong></span> <span class='ocrx_word' id='word_1_708' title='bbox 3679 4818 3811 4875; x_wconf 87' lang='lat' dir='ltr'><strong>ﬁde-</strong></span> 
     </span>
    </p>
   </div>
   <div class='ocr_carea' id='block_1_104' title="bbox 2171 4947 3810 5027">
    <p class='ocr_par' dir='ltr' id='par_1_104' title="bbox 2171 4947 3810 5027">
     <span class='ocr_line' id='line_1_104' title="bbox 2171 4947 3810 5027; baseline -0.005 -22"><span class='ocrx_word' id='word_1_709' title='bbox 2171 4951 2410 5027; x_wconf 74' lang='lat' dir='ltr'><strong>retulisti</strong></span> <span class='ocrx_word' id='word_1_710' title='bbox 2440 4951 2487 5005; x_wconf 87' lang='lat' dir='ltr'><strong>si</strong></span> <span class='ocrx_word' id='word_1_711' title='bbox 2519 4949 2674 5004; x_wconf 83' lang='lat' dir='ltr'><strong>liceat</strong></span> <span class='ocrx_word' id='word_1_712' title='bbox 2707 4964 2792 5027; x_wconf 78' lang='lat' dir='ltr'><strong>eos</strong></span> <span class='ocrx_word' id='word_1_713' title='bbox 2821 4948 3085 5027; x_wconf 75' lang='lat' dir='ltr'><strong>coniugio</strong></span> <span class='ocrx_word' id='word_1_714' title='bbox 3138 4948 3407 5027; x_wconf 57' lang='lat' dir='ltr'><strong>copulari:</strong></span> <span class='ocrx_word' id='word_1_715' title='bbox 3467 4947 3666 5027; x_wconf 84' lang='lat' dir='ltr'><strong>Sed__h.i</strong></span> <span class='ocrx_word' id='word_1_716' title='bbox 3717 4956 3810 5027; x_wconf 65' lang='lat' dir='ltr'><strong>cur</strong></span> 
     </span>
    </p>
   </div>
   <div class='ocr_carea' id='block_1_105' title="bbox 2168 5019 3812 5094">
    <p class='ocr_par' dir='ltr' id='par_1_105' title="bbox 2168 5019 3812 5094">
     <span class='ocr_line' id='line_1_105' title="bbox 2168 5019 3812 5094; baseline -0.004 -20"><span class='ocrx_word' id='word_1_717' title='bbox 2168 5023 2567 5094; x_wconf 76' lang='lat' dir='ltr'><strong>prohibeantur</strong></span> <span class='ocrx_word' id='word_1_718' title='bbox 2598 5038 2630 5074; x_wconf 89' lang='lat' dir='ltr'><strong>a</strong></span> <span class='ocrx_word' id='word_1_719' title='bbox 2659 5020 2957 5094; x_wconf 80' lang='lat' dir='ltr'><strong>conjugio,</strong></span> <span class='ocrx_word' id='word_1_720' title='bbox 2991 5026 3087 5072; x_wconf 86' lang='lat' dir='ltr'><strong>aut</strong></span> <span class='ocrx_word' id='word_1_721' title='bbox 3125 5034 3241 5094; x_wconf 64' lang='lat' dir='ltr'><strong>pro</strong></span> <span class='ocrx_word' id='word_1_722' title='bbox 3304 5019 3615 5094; x_wconf 77' lang='lat' dir='ltr'><strong>huiusmodi</strong></span> <span class='ocrx_word' id='word_1_723' title='bbox 3655 5019 3812 5089; x_wconf 73' lang='lat' dir='ltr'><strong>ptent-</strong></span> 
     </span>
    </p>
   </div>
   <div class='ocr_carea' id='block_1_106' title="bbox 2173 5089 3813 5164">
    <p class='ocr_par' dir='ltr' id='par_1_106' title="bbox 2173 5089 3813 5164">
     <span class='ocr_line' id='line_1_106' title="bbox 2173 5089 3813 5164; baseline -0.003 -15"><span class='ocrx_word' id='word_1_724' title='bbox 2173 5089 2397 5149; x_wconf 78' lang='lat' dir='ltr'><strong>tentiam</strong></span> <span class='ocrx_word' id='word_1_725' title='bbox 2428 5108 2584 5164; x_wconf 86' lang='lat' dir='ltr'><strong>agere</strong></span> <span class='ocrx_word' id='word_1_726' title='bbox 2630 5092 3052 5164; x_wconf 81' lang='lat' dir='ltr'><strong>compellantur,</strong></span> <span class='ocrx_word' id='word_1_727' title='bbox 3100 5089 3231 5143; x_wconf 82' lang='lat' dir='ltr'><strong>dum</strong></span> <span class='ocrx_word' id='word_1_728' title='bbox 3261 5106 3330 5144; x_wconf 74' lang='lat' dir='ltr'><strong>ea:</strong></span> <span class='ocrx_word' id='word_1_729' title='bbox 3351 5091 3447 5144; x_wconf 88' lang='lat' dir='ltr'><strong>hoc</strong></span> <span class='ocrx_word' id='word_1_730' title='bbox 3473 5091 3672 5161; x_wconf 84' lang='lat' dir='ltr'><strong>absque</strong></span> <span class='ocrx_word' id='word_1_731' title='bbox 3692 5100 3813 5164; x_wconf 62' lang='grc' dir='ltr'><strong>ςφ-</strong></span> 
     </span>
    </p>
   </div>
   <div class='ocr_carea' id='block_1_107' title="bbox 2171 5158 3808 5233">
    <p class='ocr_par' dir='ltr' id='par_1_107' title="bbox 2171 5158 3808 5233">
     <span class='ocr_line' id='line_1_107' title="bbox 2171 5158 3808 5233; baseline -0.006 -13"><span class='ocrx_word' id='word_1_732' title='bbox 2171 5158 2518 5220; x_wconf 76' lang='lat' dir='ltr'><strong>demnatione</strong></span> <span class='ocrx_word' id='word_1_733' title='bbox 2541 5167 2650 5218; x_wconf 67' lang='lat' dir='ltr'><strong>esse</strong></span> <span class='ocrx_word' id='word_1_734' title='bbox 2680 5158 3049 5233; x_wconf 67' lang='lat' dir='ltr'><strong>perhibentur,</strong></span> <span class='ocrx_word' id='word_1_735' title='bbox 3076 5163 3208 5230; x_wconf 88' lang='lat' dir='ltr'><strong>quia</strong></span> <span class='ocrx_word' id='word_1_736' title='bbox 3239 5177 3346 5216; x_wconf 88' lang='lat' dir='ltr'><strong>non</strong></span> <span class='ocrx_word' id='word_1_737' title='bbox 3367 5169 3526 5231; x_wconf 80' lang='lat' dir='ltr'><strong>pater</strong></span> <span class='ocrx_word' id='word_1_738' title='bbox 3553 5158 3650 5233; x_wconf 59' lang='lat' dir='ltr'><strong>pro</strong></span> <span class='ocrx_word' id='word_1_739' title='bbox 3679 5158 3808 5228; x_wconf 81' lang='lat' dir='ltr'><strong>ﬁlio,</strong></span> 
     </span>
    </p>
   </div>
   <div class='ocr_carea' id='block_1_108' title="bbox 2173 5233 3813 5310">
    <p class='ocr_par' dir='ltr' id='par_1_108' title="bbox 2173 5233 3813 5310">
     <span class='ocr_line' id='line_1_108' title="bbox 2173 5233 3813 5310; baseline -0.005 -18"><span class='ocrx_word' id='word_1_740' title='bbox 2173 5255 2344 5307; x_wconf 83' lang='lat' dir='ltr'><strong>neque</strong></span> <span class='ocrx_word' id='word_1_741' title='bbox 2371 5238 2523 5306; x_wconf 87' lang='lat' dir='ltr'><strong>ﬁlius</strong></span> <span class='ocrx_word' id='word_1_742' title='bbox 2579 5248 2676 5304; x_wconf 83' lang='lat' dir='ltr'><strong>pro</strong></span> <span class='ocrx_word' id='word_1_743' title='bbox 2713 5242 2884 5310; x_wconf 86' lang='lat' dir='ltr'><strong>_patre</strong></span> <span class='ocrx_word' id='word_1_744' title='bbox 2934 5233 3222 5310; x_wconf 77' lang='lat' dir='ltr'><strong>sustinebit</strong></span> <span class='ocrx_word' id='word_1_745' title='bbox 3279 5235 3571 5310; x_wconf 70' lang='lat' dir='ltr'><strong>tormenta,</strong></span> <span class='ocrx_word' id='word_1_746' title='bbox 3603 5233 3813 5310; x_wconf 62' lang='lat' dir='ltr'><strong>dicenti}</strong></span> 
     </span>
    </p>
   </div>
  </div>
