4030 5310
383 418 499 486 115

1395 426 1733 493 ATTONIS
1776 426 2369 493 VERGELLENSIS
2413 428 2768 494 EPISCOPI

3684 427 3795 496 116

376 559 726 634 praeparant,
758 559 830 616 ad
861 556 1235 617 ecclesiarum
1265 560 1471 619 limina
1516 564 1825 630 excubant,
1860 562 2018 636 pavi-
2047 569 2102 632 Α
2130 564 2213 619 tia
2240 579 2389 634 quas,
2422 562 2558 620 licet
2602 582 2787 621 unum
2838 562 3154 621 oﬂ‘endant.
3208 563 3402 621 fovent
3451 566 3661 622 tamen
3694 566 3793 623 sed

378 655 580 707 menta
608 651 940 722 detergunt.

460 743 780 797 Possumus
809 756 1040 812 quoque
1071 742 1437 814 presbyteras
1468 743 1555 798 vel
1586 744 1862 799 diaconas
1893 742 2026 799 illas

379 830 732 896 existimare,
766 846 893 901 quae
927 830 1278 902 presbyteris
1310 831 1394 887 vel
1417 833 1677 888 diaconis
1711 837 1844 887 ante
1876 832 2029 887 ordi-

380 919 676 976 nationem
692 918 963 990 conjugio
986 920 1262 991 copulata:
1290 925 1454 976 sunt:
1473 939 1619 993 quas
1650 926 1850 993 postea
1870 926 2027 977 caste

382 1023 582 1081 regere
613 1008 845 1075 debent,
886 1008 1039 1064 sicut
1097 1008 1157 1064 in
1217 1010 1537 1066 canonibus
1586 1010 2026 1082 promulgatum

388 1101 495 1166 est,
541 1097 641 1168 qui
696 1096 1094 1167 apostolorum
1153 1098 1321 1154 titulo
1381 1103 1754 1166 annotantur,
1814 1116 1941 1171 cap.
1973 1101 2029 1154 6.

388 1207 417 1237 ‹‹
440 1186 763 1258 Episcopus
783 1190 886 1242 aut
908 1188 1206 1259 presbyter
1227 1192 1330 1243 aut
1351 1188 1631 1245 diaconus
1654 1206 1890 1245 uxorem
1906 1205 2035 1261 pro-

385 1275 576 1348 priam
596 1291 967 1346 nequaquam
1014 1277 1123 1331 sub
1155 1277 1396 1332 obtentu
1430 1277 1733 1350 religionis
1762 1276 2031 1348 abjiciat:

386 1364 437 1421 si
466 1379 601 1419 vero
630 1364 917 1434 rejecerit,
975 1366 1528 1421 excommunicetur.
1581 1367 1688 1421 Sed
1742 1365 1792 1420 si
1840 1382 2035 1437 perse-

383 1452 687 1519 veraverit,
755 1452 1080 1525 dejiciatur.
1137 1478 1160 1507 ι
1221 1455 1365 1511 Item
1423 1470 1493 1511 ex
1541 1454 1798 1511 Decretis
1831 1454 2039 1510 Leonis

391 1561 555 1617 papae
586 1560 713 1615 cap.
739 1544 764 1597 1
797 1545 851 1597 7:
892 1564 912 1592 α
948 1548 1059 1598 Lex
1090 1543 1455 1599 continentia;
1482 1544 1684 1600 eadem
1716 1548 1806 1600 est
1836 1543 2038 1599 altaris

392 1632 683 1689 ministris
738 1648 866 1703 quae
923 1631 1212 1703 episcopis
1270 1637 1444 1704 atque
1502 1632 1875 1704 presbyteris,
1938 1632 2039 1703 qui

392 1738 527 1778 cum
575 1724 772 1777 essent
818 1719 951 1776 laici
1000 1721 1121 1776 sive
1182 1720 1447 1790 lectores,
1513 1721 1668 1777 licite
1717 1725 1775 1776 et
1831 1736 2041 1776 uxores

396 1810 609 1866 ducere
665 1813 722 1865 et
769 1808 921 1865 ﬁlios
975 1826 1298 1881 procreare,
1333 1814 1592 1881 potuere,
1646 1810 1746 1866 sed
1792 1826 1926 1865 cum
1966 1810 2038 1864 ad

396 1898 706 1971 praedictos
740 1913 1050 1970 pervenere
1096 1899 1336 1971 gradus,
1378 1898 1551 1969 coepit
1606 1898 1690 1954 eis
1721 1915 1834 1953 non
1867 1897 2040 1953 licere
2070 1935 2119 1999 B

396 1987 554 2058 quod
596 1985 779 2042 licuit.
842 2008 870 2036 »
926 1985 1087 2041 Unde
1117 1991 1184 2041 ut
1240 1987 1311 2041 de
1349 1986 1570 2042 carnali
1600 1987 1700 2042 ﬁat
1740 1984 2044 2057 spirituale

395 2075 760 2149 conjugium,
792 2078 1018 2147 oportet
1044 2090 1144 2130 eos
1198 2091 1302 2129 nec
1351 2074 1645 2131 dimittere
1702 2091 1934 2143 uxores,
1987 2079 2044 2130 et

392 2164 562 2237 quasi
596 2180 712 2219 non
742 2163 1012 2231 habeant,
1070 2162 1153 2219 sic
1210 2163 1443 2230 habere,
1494 2180 1609 2234 qua
1665 2168 1723 2219 et
1774 2164 1937 2219 salva
1966 2164 2044 2219 sit

397 2252 654 2311 charitas
684 2251 1132 2319 connubiorum,
1165 2256 1223 2307 et
1274 2255 1461 2307 cesset
1498 2251 1755 2320 operatio
1812 2253 2043 2323 nuptia-

396 2358 550 2398 rum.
584 2340 885 2397 Libentius
915 2344 1134 2407 tamen,
1168 2340 1513 2395 cbarissime
1560 2341 1782 2409 doctor,
1831 2356 2041 2396 secun-

393 2431 538 2486 dum
567 2429 929 2501 superiorem
966 2444 1207 2484 sensum
1239 2444 1365 2500 quas
1396 2427 1680 2500 explicata
1710 2434 1852 2485 sunt
1889 2430 2043 2484 acci-

391 2520 611 2592 pimus,
640 2519 824 2575 donec
848 2534 882 2573 a
912 2517 1079 2574 vobis
1110 2533 1442 2574 mereamur
1469 2518 1683 2573 certius
1714 2517 2039 2574 informari.

389 2606 679 2663 Omnibus
708 2622 841 2662 vero
871 2606 1021 2677 istis,
1054 2606 1206 2662 sicut
1237 2606 1876 2679 mandastis,denegata
1905 2613 2045 2663 sunt

388 2694 684 2767 conjugia,
742 2699 807 2750 ut
859 2694 1292 2751 ecclesiasticus
1320 2696 1505 2751 honor
1536 2700 1798 2751 servetur
1824 2696 1883 2751 in
1916 2713 2041 2753 om-

394 2785 593 2841 nibus.

460 2878 743 2931 Praeterea
772 2873 1061 2929 sinceram
1118 2872 1461 2928 charitatem
1510 2878 1766 2929 vestram
1800 2874 2040 2929 humili-

388 2968 479 3020 ter
507 2962 898 3034 exposcimus,
932 2963 1003 3017 de
1033 2962 1278 3033 epistola
1310 2980 1437 3033 quae
1494 2963 1553 3017 in
1596 2963 1920 3019 canonibus
1952 2981 2041 3020 re-

388 3052 630 3125 peritur,
665 3068 792 3123 quae
822 3052 1000 3107 etiam
1023 3051 1301 3106 canonica
1331 3051 1563 3114 dicitur,
1588 3053 1756 3122 cujus
1788 3052 2042 3124 capitula

391 3144 479 3211 11,
511 3158 640 3198 esse
668 3144 1009 3196 noscuntur.
1044 3156 1172 3211 qua:
1202 3140 1372 3196 nobis
1423 3140 1743 3196 utilissima
1792 3159 1923 3197 asse
1952 3142 2041 3197 vi-

388 3232 620 3291 dentur.
651 3246 904 3301 quorum
935 3229 1170 3285 initium
1202 3234 1291 3285 est
1352 3247 1365 3285 :
1421 3252 1449 3280 »
1484 3230 1745 3285 Primum
1774 3231 2035 3287 omnium

388 3321 564 3375 fidem
595 3295 942 3375 catholicam
973 3334 1178 3374 omnes
1210 3319 1530 3390 presbyteri
1589 3324 1645 3373 et
1675 3319 1904 3373 diaconi
1935 3336 2038 3375 seu
2070 3295 2112 3360 C

388 3408 737 3465 subdiaconi
770 3406 1109 3463 memoriter
1132 3412 1387 3475 teneant,
1421 3412 1487 3460 ut
1545 3406 1593 3460 si
1654 3422 1787 3475 quis
1818 3407 1926 3462 hoc
1957 3408 2047 3462 fa-

388 3496 662 3551 ciendum
696 3494 1118 3565 praetermittat,
1182 3494 1573 3565 quadraginta
1605 3494 1810 3549 diebus
1856 3512 1889 3549 a
1912 3495 2044 3551 vino

389 3599 449 3640 se
490 3583 816 3649 abstineat;
850 3586 907 3638 et
963 3583 1013 3638 si
1058 3586 1190 3653 post
1256 3581 1674 3637 abstinentiam
1727 3582 2045 3655 neglexerit

388 3671 943 3739 commendandam,
975 3670 1308 3743 duplicetur
1333 3672 1392 3725 in
1414 3687 1479 3726 eo
1510 3671 1837 3741 sententia,
1875 3694 1896 3722 ι
1924 3674 2045 3728 sive

387 3762 459 3817 de
488 3760 723 3817 statutis
755 3759 1014 3831 antiquis
1066 3759 1470 3827 Orientalium,
1502 3776 1755 3831 quorum
1787 3761 2043 3833 capitula

390 3854 624 3905 centum
648 3849 1200 3904 dinumerantur.Ex
1231 3848 1446 3920 quibus
1466 3849 1723 3920 primum
1756 3851 1909 3921 apud
1935 3868 2040 3907 nos

389 3939 450 3993 in
482 3938 642 3994 omni
693 3938 1104 4010 episcoporum
1172 3938 1603 3993 consecratione
1660 3939 2037 4011 perquiritur,

389 4027 559 4098 cujus
590 4026 828 4082 initium
859 4030 947 4082 est
980 4044 993 4082 :
1028 4026 1135 4092 Qui
1186 4026 1495 4098 episcOpus
1526 4043 1653 4083 esse
1699 4028 1888 4095 debet,
1939 4045 2039 4085 ne-

389 4131 552 4172 cesse
589 4120 679 4171 est
734 4119 800 4170 ut
855 4120 1026 4171 antea
1082 4114 1463 4185 examinetur,
1523 4120 1630 4171 etc.
1688 4116 1761 4171 Ut
1818 4118 1888 4173 de
1945 4118 2038 4175 his

388 4205 666 4260 omnibus
715 4222 821 4260 nos
864 4205 1185 4259 certificare
1242 4204 1585 4274 dignemini,
1620 4221 1735 4276 quo
1779 4210 2038 4277 tempore

384 4294 474 4349 vel
505 4294 631 4349 loco
662 4293 1003 4358 constituta,
1036 4294 1146 4348 sub
1179 4308 1295 4363 quo
1329 4292 1592 4362 principe
1620 4292 1707 4347 vel
1762 4310 1796 4348 a
1822 4295 2036 4364 quibus

385 4382 676 4452 Patribus,
724 4382 1018 4452 quomodo
1048 4381 1318 4435 habenda
1368 4379 1453 4435 vel
1483 4381 1531 4434 si
1594 4381 1829 4451 penitus
1892 4383 2034 4438 reci-

384 4470 618 4542 pienda,
654 4474 754 4525 aut
775 4469 834 4524 in
867 4469 1064 4540 aliquo
1095 4468 1422 4533 refutanda,
1456 4467 1866 4538 dijudicentur.
1904 4471 2035 4526 0m-

382 4558 651 4630 nipotens
682 4557 966 4613 Dominus
996 4561 1248 4613 vestram
1282 4556 1653 4628 prudentiam
1701 4559 1870 4616 nobis
1901 4577 2032 4616 con-

2136 650 2409 719 alterum,
2442 652 2563 708 haec
2593 659 2681 709 est
2710 670 2827 725 qua
2857 670 3069 725 corpus
3109 652 3467 726 dissolvitur,
3504 671 3678 711 mens
3708 657 3796 712 ta-

2135 740 2375 812 tigatur,
2408 742 2605 798 anima
2635 742 2931 815 afﬂigitur.
2968 743 3097 797 Haec
3127 747 3217 799 est
3247 759 3373 814 qua:
3398 743 3585 799 David
3618 761 3792 817 appe-

2138 829 2626 896 tiit,Solomonem
2660 826 3129 906 prostravitﬂaac
3160 836 3249 887 est
3278 848 3403 903 quae
3433 834 3795 905 martyribus

2140 917 2418 989 palmam,
2452 920 2887 976 confessoribus
2916 920 3159 992 insuper
3198 920 3490 976 diuturnae
3534 937 3800 977 macera-

2140 1006 2317 1062 tionis
2346 1024 2621 1064 coronam
2654 1010 2881 1066 auferre
2912 1014 3176 1065 conatur.
3212 1009 3393 1081 Igitur
3422 1026 3562 1065 cum
3596 1015 3803 1066 cetera

2140 1094 2279 1149 vitia
2328 1112 2432 1167 per
2479 1097 2782 1153 ministros
2823 1114 3057 1172 quoque
3106 1099 3302 1171 perﬁci
3361 1099 3620 1171 possint,
3665 1099 3801 1155 huic

2144 1182 2303 1238 nullo
2326 1186 2498 1240 modo
2530 1187 2643 1242 nisi
2668 1203 2803 1242 cum
2834 1187 3055 1259 proprii
3079 1188 3340 1258 corporis
3372 1187 3702 1260 pollutione
3725 1189 3803 1244 fa-

2145 1272 2425 1328 mulatur.
2458 1278 2605 1329 Sunt
2631 1276 2807 1331 etiam
2840 1276 3027 1331 multa
3058 1292 3186 1347 quas
3234 1276 3457 1332 incerta
3496 1280 3641 1332 sunt
3691 1293 3803 1347 quo

2147 1361 2342 1417 animo
2364 1363 2507 1418 {iant
2531 1381 2544 1431 ;
2568 1368 2625 1419 et
2645 1363 2781 1420 licet
2798 1370 3196 1436 cooperatores
3220 1381 3359 1421 suos
3380 1382 3485 1437 per
3508 1365 3801 1438 propriam

2146 1450 2563 1508 conscientiam
2589 1453 2890 1521 damnent,
2909 1453 3021 1525 ipsi
3043 1458 3240 1510 tamen
3271 1470 3333 1509 se
3360 1470 3604 1527 quoquo
3637 1455 3807 1511 modo

2147 1537 2277 1594 aliis
2308 1555 2583 1597 excusare
2614 1546 2883 1613 possunt.
2913 1541 3283 1598 Adulterium
3312 1559 3468 1609 vero,
3520 1559 3631 1599 nec
3661 1544 3806 1600 bono

2149 1627 2343 1683 animo
2375 1628 2522 1696 ﬁeri,
2551 1646 2656 1685 nec
2685 1630 3001 1686 excusandi
3034 1636 3225 1704 potest
3268 1632 3500 1687 aditum
3534 1633 3807 1705 reperire.

2148 1714 2311 1778 Quod
2343 1720 2407 1771 ut
2438 1717 2642 1773 beatus
2692 1709 2957 1776 Clemens
2996 1722 3102 1787 ait,
3152 1721 3482 1777 secundum
3529 1721 3593 1776 in
3624 1722 3809 1793 pcenis

2150 1804 2407 1861 continet
2426 1805 2814 1863 locum.Unde
2836 1809 3112 1864 omnibus
3134 1809 3807 1882 Christianis,praacipue

2150 1896 2344 1949 tamen
2368 1896 2901 1969 sacerdotibus,qui
2925 1898 3277 1970 praedicandi
3300 1899 3572 1955 serviunt
3600 1899 3806 1965 officio,

2151 1997 2473 2054 eorumque
2504 1984 2795 2041 ministris
2823 2002 3195 2058 summopere
3226 1989 3561 2044 cavendum
3599 1993 3712 2045 est.
3746 1991 3804 2044 In

2152 2070 2307 2141 quod
2338 2071 2488 2142 lapsi
2518 2073 2569 2129 si
2600 2074 2923 2145 fuerint,sit
2950 2074 3455 2137 eisnihilominus
3486 2076 3553 2131 in
3585 2076 3810 2150 suppli-

2152 2158 2330 2227 cium,
2364 2161 2799 2218 continentibus
2852 2162 2911 2217 in
2970 2161 3316 2231 lamentum,
3366 2166 3711 2239 conjugatis
3756 2166 3811 2220 in

2153 2249 2725 2317 scandalum,stultis
2755 2252 2814 2307 in
2846 2252 3199 2323 exemplum,
3232 2257 3446 2309 sancta
3483 2256 3589 2312 Dei
3622 2254 3812 2312 Eccle-

2153 2336 2251 2391 siae
2284 2336 2342 2390 in
2366 2338 2963 2398 detrimentum.Nam
2988 2341 3315 2397 secundum
3338 2343 3583 2399 beatum
3608 2344 3814 2416 Grego-

2153 2424 2505 2497 rium,cujus
2534 2428 2654 2483 vita
2682 2429 3212 2501 despicitur,restat
3232 2435 3299 2486 ut
3318 2432 3448 2503 ejus
3476 2431 3813 2504 praedicatio

2152 2516 2786 2573 contemnatur.Nostri
2812 2518 3064 2589 denique
3084 2520 3259 2575 ofﬁcii
3275 2519 3522 2576 nomina
3546 2538 3582 2577 a
3601 2520 3813 2577 talibus

2153 2601 2571 2660 abstinendum
2592 2622 2721 2661 esse
2734 2606 3534 2665 nobisinsinuant.Sacerdos
3556 2626 3811 2682 namque

2153 2692 2323 2761 quasi
2346 2709 2581 2749 sacrum
2603 2695 2750 2750 dans
2782 2695 2998 2751 dicitur
3022 2712 3035 2751 :
3070 2696 3336 2754 minister
3356 2704 3558 2755 autem
3582 2716 3618 2755 a
3646 2699 3812 2755 mini-

2152 2782 2411 2835 strando.
2447 2783 2570 2845 Qua
2596 2800 2731 2857 ergo
2763 2785 3015 2840 nefanda
3062 2789 3518 2860 praesumptione
3580 2805 3811 2845 sacrum

2151 2868 2409 2940 corporis
2431 2871 2517 2925 vel
2543 2872 2850 2944 sanguinis
2876 2874 3100 2929 Domini
3123 2876 3263 2930 Jesu
3285 2876 3497 2933 Christi
3522 2878 3811 2934 conficere

2150 2956 2235 3011 vel
2259 2958 2397 3013 dare
2417 2960 2641 3016 caeteris
2658 2961 2965 3034 audet,qui
2979 2964 3365 3035 semetipsum
3385 2966 3444 3019 in
3460 2964 3807 3036 hujusmodi

2151 3047 2450 3117 spurcitiis
2501 3065 2844 3121 permanere
2890 3052 3239 3123 cognoscit?
3266 3056 3380 3109 Aut
3426 3056 3724 3124 quomodo
3754 3054 3809 3109 in

2149 3134 2366 3191 talibus
2392 3137 2730 3194 ministrare
2756 3139 2815 3193 in
2839 3140 3084 3196 ecclesia
3109 3144 3556 3214 praesumat,qui
3580 3142 3810 3199 libidini

2141 3222 2365 3293 jugiter
2395 3225 2555 3279 domi
2586 3227 2886 3282 deservit?
2937 3229 3139 3299 Itaque
3187 3231 3591 3287 sacerdotibus
3620 3231 3810 3288 verbis

2152 3311 2329 3366 simul
2363 3316 2419 3367 et
2464 3314 2741 3384 exemplis
2790 3316 3073 3385 populum
3106 3317 3375 3372 convenit
3405 3319 3678 3390 regulare
3713 3337 3726 3376 :
3758 3324 3812 3375 et

2157 3400 2287 3455 idea
2303 3402 2625 3456 cavendum
2649 3406 2835 3473 est,ne
2858 3405 3001 3459 forte
3028 3420 3161 3458 cum
3184 3403 3316 3460 aliis
3340 3407 3804 3477 praedicaverint,

2156 3487 2269 3558 ipsi
2302 3489 2532 3559 reprobi
2552 3490 2964 3558 inveniantur;
2996 3495 3051 3547 et
3074 3492 3317 3549 audiant
3340 3496 3495 3566 quod
3521 3496 3809 3554 Dominus

2153 3575 2510 3647 hypocrisim
2538 3579 2895 3651 redarguens
2917 3581 2998 3635 ait
3023 3597 3035 3635 :
3070 3585 3535 3657 Hypocrita,ejice
3555 3588 3805 3657 primum

2150 3666 2367 3721 trabem
2394 3665 2462 3721 de
2490 3666 2649 3723 oculo
2677 3672 2789 3737 tuo,
2821 3677 2873 3724 et
2903 3672 3033 3725 tunc
3058 3673 3355 3743 perspicies
3382 3679 3446 3729 ut
3472 3674 3672 3731 educas
3726 3678 3805 3747 fe-

2149 3757 2362 3809 stucam
2390 3754 2458 3810 de
2485 3758 2636 3811 oculo
2664 3760 2865 3825 fratris
2896 3761 2983 3812 tui
3019 3760 3169 3830 (Luc.
3224 3777 3302 3826 vr,
3328 3762 3438 3833 42).
3474 3762 3635 3819 Licet
3665 3764 3802 3832 sint,

2151 3842 2306 3912 quod
2340 3844 2529 3915 pejus,
2556 3845 2657 3915 qui
2701 3862 2806 3901 nec
2857 3846 3083 3903 trabem
3116 3849 3188 3904 de
3243 3866 3350 3904 suo
3400 3850 3664 3920 ejiciunt,
3701 3867 3803 3908 nec

2151 3930 2434 3987 festucam
2466 3934 2661 3989 fratris
2708 3934 2982 4006 repellere
3014 3942 3398 4007 pra-sumunt,
3442 3941 3541 3995 sed
3575 3940 3802 3997 confusi

2150 4021 2582 4092 obmutescunt,
2600 4023 2741 4077 dum
2766 4023 2991 4095 seipsos
3014 4026 3291 4096 reprobos
3321 4035 3701 4101 cognoscunt.
3735 4028 3801 4085 Hi

2149 4109 2290 4163 dum
2323 4110 2447 4165 suis
2478 4112 2730 4181 peccatis
2761 4112 2951 4167 aliena
2972 4113 3479 4185 nutriunt,merito
3512 4123 3803 4174 utrorum-

2149 4212 2261 4266 que
2312 4199 2645 4268 portabunt.
2679 4200 2776 4255 Ait
2807 4201 2963 4255 enim
3017 4201 3303 4260 Dominus
3338 4221 3350 4259 :
3381 4210 3447 4261 δέ
3474 4208 3693 4263 dicente
3720 4220 3803 4261 me

2148 4285 2217 4339 ad
2250 4288 2503 4358 impium,
2538 4296 2712 4343 morte
2771 4291 3065 4358 morieris,
3101 4308 3212 4347 non
3270 4297 3693 4352 annuntiaveris
3727 4296 3799 4362 ei,

2144 4391 2321 4446 neque
2353 4376 2561 4431 locutus
2588 4378 2767 4448 fueris
2792 4386 2854 4433 ut
2880 4383 3163 4435 avertatur
3191 4398 3226 4436 a
3254 4384 3346 4437 via
3386 4399 3490 4438 sua
3527 4386 3722 4456 impia,
3748 4389 3799 4438 et

2147 4466 2290 4519 vivat
2320 4482 2339 4519 :
2368 4468 2485 4536 ipse
2514 4468 2572 4521 in
2602 4468 2903 4538 iniquitate
2929 4484 3035 4524 sua
3063 4472 3682 4543 morietur,sanguinem
3701 4488 3796 4527 au-

2143 4562 2247 4608 tem
2277 4554 2392 4625 ejus
2420 4555 2486 4609 de
2513 4572 2685 4611 manu
2714 4565 2808 4611 tua
2838 4560 3121 4629 requiram
3149 4558 3375 4630 (Ezech.
3410 4577 3496 4629 nr,
3533 4562 3796 4634 18).Prm-

380 4662 611 4703 servare
642 4646 916 4717 dignetur
958 4651 1024 4701 ut
1053 4646 1125 4702 ab
1182 4663 1249 4701 ea
1286 4645 1557 4717 regulati,
1589 4652 1744 4703 recto
1801 4650 2035 4707 tramite
2063 4658 2110 4722 D
2142 4646 2300 4697 terea
2330 4644 2486 4713 quod
2518 4644 2706 4700 dicere
2767 4646 2968 4715 Pudet.
2998 4651 3189 4702 tacere
3219 4651 3415 4703 autem
3447 4650 3793 4721 periculum.

380 4736 647 4793 incedere
678 4735 1000 4793 valeamus.

971 4824 1316 4880 EPISTOLA
1356 4824 1444 4880 1X.

445 4933 519 4971 AD
559 4932 750 4972 OMNES
814 4930 1163 4971 SACERDOTES
1204 4930 1487 4971 DIOECESXS
1524 4931 1958 4971 VERCEELENSIS.

446 5010 597 5061 A'r'ro
634 5005 731 5060 Dei
779 5004 967 5062 gratia
996 5002 1241 5058 humilis
1283 5003 1614 5062 episcopus.
1675 5006 1904 5059 cunctis
1936 5021 2031 5060 sa-

2144 4730 2384 4802 quidam
2408 4732 2467 4786 in
2491 4736 2721 4788 tantum
2744 4733 2972 4789 libidini
2993 4735 3499 4808 mancipantur,ut
3514 4740 3793 4795 obscenas

2142 4820 2542 4877 meretriculas
2572 4838 2681 4877 sua
2708 4822 2886 4877 simul
2941 4824 2999 4878 in
3056 4824 3230 4881 domo
3273 4842 3475 4882 secum
3505 4827 3786 4895 habitare,

2146 4924 2263 4964 una
2292 4908 2487 4965 cibum
2544 4927 2775 4968 sumere
2827 4929 2892 4967 ac
2922 4912 3155 4983 publice
3198 4916 3406 4986 degere
3436 4916 3790 4988 permitlant.

2142 4999 2398 5060 Quarum
2430 4998 2720 5055 illecebris
2776 5000 2976 5058 illecti.
3018 5018 3137 5055 suae
3197 5003 3425 5056 domui.
3455 5010 3790 5056 cunctamine
