4030 5310
395 396 513 461 “9

1407 401 1747 466 ATTONIS
1792 398 2380 466 VERGELLENSIS
2425 401 2784 464 EPISGOPI

3711 401 3824 468 130

399 534 542 591 dum
571 536 681 603 est,
712 537 770 591 et
795 549 869 591 ne
897 533 1262 606 deﬁciamus,
1297 535 1562 593 divinum
1592 536 1878 595 auxilium
1924 535 2035 592 im-
2064 535 2121 602 Α
2147 551 2491 591 enumerare
2521 535 2878 593 curavimus.
2905 535 2945 591 Δ
2978 534 3389 592 meretricibus
3439 550 3551 591 vos
3614 549 3821 593 cavere

401 623 719 697 ploremus.

474 714 822 770 Sanctarum
852 714 1286 787 Scripturarum
1318 715 1587 789 paginas,
1651 715 2046 782 dilectissimi,

402 805 783 874 perscrutate,
814 805 872 858 et
902 802 961 857 in
993 802 1086 858 his
1110 802 1451 875 diligentius
1476 803 1859 875 meditemini,
1894 805 2048 860 unde

401 890 525 946 haec
556 906 682 963 quae
713 908 748 946 a
776 891 946 947 nobis
976 891 1134 947 dicta
1164 897 1304 947 sunt
1334 909 1449 948 non
1482 893 1651 964 quasi
1680 898 1886 949 nostra
1920 893 2051 948 vile-

402 983 566 1037 scent
598 997 613 1047 ;
645 980 779 1052 quia
808 997 933 1052 qua:
958 997 991 1036 a
1021 982 1239 1038 sanctis
1262 982 1534 1038 Patribus
1567 982 2051 1054 accepimus,haac

402 1068 680 1125 fratribus
710 1069 1385 1141 exposuimus.fQuorum
1418 1072 1701 1143 exempla,
1739 1072 1875 1144 quia
1905 1088 2055 1128 cun-

401 1163 495 1214 cta
524 1176 638 1214 non
670 1176 991 1232 possumus
1022 1159 1330 1232 explicare,
1355 1178 1542 1232 pauca
1571 1162 1641 1217 de
1668 1161 1870 1216 multis
1896 1178 2049 1233 quaa-

404 1248 538 1303 dam
569 1247 988 1320 proposuimus
1022 1265 1035 1304 :
1071 1249 1338 1320 quaedam
1372 1253 1568 1305 autem
1628 1249 2055 1305 subscribenda

405 1336 805 1409 praevidimus.
840 1338 903 1393 In
935 1337 1141 1409 primis
1191 1337 1421 1394 Nicaeus
1462 1339 1722 1410 synodus
1770 1343 2055 1395 trecento-

407 1443 539 1482 rum
572 1427 773 1483 decem
804 1431 861 1482 et
891 1433 1021 1483 octo
1054 1432 1389 1484 sanctorum
1420 1428 1686 1497 Patrum,
1718 1428 1777 1483 in
1811 1446 1927 1501 qua
1968 1427 2054 1483 di-

406 1515 542 1570 vino
574 1515 793 1587 Spiritu
822 1516 967 1571 ﬁdes
998 1516 1289 1572 crtbolica
1347 1518 1645 1588 roborata,
1703 1518 2055 1574 Arianorum

410 1610 499 1669 est
528 1604 773 1677 perﬁdia
801 1605 1119 1671 destructa,
1154 1622 1282 1678 qua:
1314 1607 1385 1661 ab
1408 1607 1749 1663 hominibus
1781 1607 2058 1679 quemad-

411 1694 653 1750 modum
690 1694 1030 1767 evangelica
1059 1696 1239 1751 verba
1268 1701 1550 1765 servatur,
1586 1712 1714 1768 cap.
1741 1698 1774 1750 4
1829 1697 2054 1768 (Nicwn.

410 1782 615 1851 cancil.
647 1800 775 1840 can.
809 1784 865 1855 2)
890 1802 903 1839 :
941 1808 962 1835 α
1000 1784 1304 1841 Interdixit
1333 1801 1438 1857 per
1466 1785 1663 1841 omnia
1692 1801 1907 1857 magna
1927 1801 2061 1857 syn-

413 1873 561 1928 odus
593 1888 708 1929 non
741 1873 1035 1947 episcopo,
1090 1892 1207 1930 non
1238 1875 1629 1948 peresbytero,
1687 1893 1802 1931 non
1860 1875 2059 1931 diaco-

411 1978 507 2030 no,
541 1978 649 2019 nec
679 1962 852 2019 alicui
884 1964 1124 2020 omnino
1154 1965 1255 2036 qui
1285 1964 1343 2018 in
1379 1964 1532 2020 clero
1591 1967 1679 2021 est
1706 1964 1877 2021 licere
1918 1964 2057 2021 sub-

409 2050 805 2108 introductam
837 2052 1053 2108 habere
1084 2052 1411 2121 mulierem,
1447 2052 1561 2108 nisi
1608 2054 1754 2110 forte
1809 2057 2053 2109 matrem

412 2143 515 2196 aut
544 2156 825 2210 sororem,
857 2145 960 2197 aut
988 2141 1350 2212 amitam,vel
1384 2158 1482 2197 eas
1513 2146 1746 2199 tantum
1779 2159 2059 2215 personas

410 2244 540 2303 qua:
572 2228 939 2302 suspiciones
970 2230 1278 2303 effugiunt.
1313 2254 1340 2280 »
1378 2233 1519 2286 Item
1552 2246 1621 2286 ex
1654 2231 1907 2287 Decretis
1935 2231 2057 2286 Cle-

412 2318 626 2373 mentis
657 2327 816 2389 pa‘pas
852 2335 865 2373 :
904 2340 932 2370 ‹‹
970 2318 1151 2376 Nemo
1199 2335 1333 2374 cum
1391 2324 1665 2376 extranea
1721 2320 1946 2376 habitet
1977 2321 2060 2375 fe-

414 2405 577 2462 mina
604 2405 722 2461 nioi
753 2423 919 2462 soror
949 2413 1051 2463 aut
1092 2408 1358 2479 proxima
1385 2408 1583 2475 fuerit,
1642 2413 1699 2464 et
1752 2408 1863 2466 hoc
1924 2426 2059 2466 cum

416 2511 632 2568 magna
661 2494 1057 2553 sollicitudine
1088 2497 1341 2568 fiat,Non
1371 2497 1529 2553 enim
1562 2498 1904 2571 ignoramus
1935 2516 2058 2555 ma-

416 2582 573 2639 litias
616 2584 861 2641 Satanaa.
918 2606 947 2635 ››
1006 2585 1150 2641 Item
1211 2586 1401 2642 Siricii
1461 2589 1641 2656 (epist.
1706 2588 1756 2654 1,
1813 2605 1862 2643 c.
1923 2589 2059 2659 12):

424 2694 447 2723 ι
476 2672 748 2729 Feminae
777 2690 910 2731 vero
935 2691 1049 2730 non
1073 2674 1217 2731 alias
1235 2692 1396 2731 essse
1417 2675 1678 2748 patimur
1706 2675 1764 2730 in
1786 2676 2062 2733 domibus

417 2760 782 2833 clericorum,
834 2763 947 2819 nisi
996 2779 1096 2819 eas
1144 2768 1374 2820 tantum
1426 2781 1573 2836 quas
1625 2770 1862 2837 propter
1905 2764 2061 2821 solas

416 2850 917 2908 necessitudinum
953 2869 1161 2908 causas
1200 2852 1462 2909 habitare
1519 2870 1653 2908 cum
1713 2852 1934 2910 eisdem
1966 2871 2061 2926 sy—

417 2940 606 2995 nodus
640 2940 907 2997 Niceana
933 2941 1261 3009 permisit.»
1296 2942 1413 2997 Hoc
1446 2941 1635 2998 multa
1664 2942 1931 3014 concilia,
1952 2943 2062 2999 hoc

416 3027 739 3084 multorum
766 3030 1070 3086 doctorum
1102 3048 1218 3087 non
1250 3036 1479 3087 tacuere
1510 3032 1830 3087 sententiae.
1866 3034 1929 3087 In
1952 3032 2061 3089 hoc

414 3116 845 3176 ecclesiasticus
876 3119 1063 3176 honor
1109 3120 1168 3175 in
1229 3120 1338 3176 hoc
1396 3120 1742 3178 clericorum
1805 3121 2061 3195 dignitas

412 3211 743 3278 perseverat
777 3225 789 3263 :
823 3207 961 3264 hinc
990 3209 1202 3265 crescit
1233 3209 1508 3279 cbaritas,
1560 3211 1817 3267 avaritias
1852 3212 2059 3283 rubigo

2157 625 2491 694 docuimus,
2522 630 2579 681 et
2634 631 3043 681 extranearum
3102 624 3336 697 penitus
3398 623 3824 682 interdiximus

2157 715 2539 771 contubernia
2568 714 2943 781 feminarum;
2972 731 3102 787 quas
3133 713 3309 770 etiam
3333 717 3694 779 sanctorum
3724 718 3821 775 Pa-

2156 808 2314 859 trum
2342 804 2820 860 conﬁrmavimus
2851 802 3310 870 testimoniis,ne
3342 804 3602 877 impune
3633 808 3820 863 trans-

2164 892 2332 964 gredi
2388 893 2741 964 putassetis;
2777 894 2878 948 sed
2940 892 3078 963 quia
3149 891 3452 963 aliquibus
3503 892 3826 963 profecisse

2159 997 2224 1037 co
2237 982 2722 1053 gnoscimus,Deo
2746 982 2897 1037 Patri
2919 982 3156 1039 devotas
3174 981 3437 1053 primum
3458 980 3673 1039 laudes
3697 996 3821 1053 per-

2163 1070 2446 1126 solvimus
2481 1087 2494 1126 :
2530 1071 2692 1127 vobis
2722 1071 2899 1126 etiam
2930 1069 3251 1127 immensas
3290 1086 3392 1141 per
3448 1085 3596 1125 eum
3628 1076 3823 1142 grates

2161 1159 2468 1217 referimus
2503 1176 2516 1226 ;
2550 1163 2874 1227 exorantes,
2926 1162 2993 1214 ut
3021 1160 3092 1213 de
3144 1157 3358 1214 virtute
3416 1158 3482 1213 in
3544 1156 3827 1221 virtutem

2163 1249 2569 1315 conscendere,
2602 1253 2658 1303 et
2686 1248 2868 1304 Deum
2900 1248 3141 1304 deorum
3174 1247 3235 1302 in
3263 1247 3401 1303 Siou
3467 1247 3833 1303 mereamini

2164 1337 2513 1410 prospicere.
2547 1334 3293 1409 Quapropter,charissimi,
3317 1335 3367 1391 si
3399 1334 3596 1409 aliqui
3628 1335 3822 1395 adhuc

2164 1430 2340 1481 tantae
2371 1427 2643 1499 nequitia
2671 1442 2833 1481 emno
2866 1424 3119 1482 demersi
3160 1423 3573 1490 involvuntur,
3634 1423 3824 1497 lacry-

2166 1514 2346 1571 mosis
2374 1515 2690 1587 gemitibus
2726 1513 3036 1577 Dominum
3065 1528 3306 1577 exorare
3336 1530 3460 1569 non
3494 1512 3777 1570 differant
3804 1530 3818 1581 ;

2169 1620 2380 1659 manus
2405 1603 2627 1659 elevare
2657 1619 2774 1659 non
2805 1602 3103 1672 omittunt,
3137 1607 3204 1658 ut
3235 1602 3306 1658 de
3334 1606 3509 1663 tanta
3551 1601 3827 1674 voragine

2166 1690 2338 1747 citius
2370 1691 2606 1748 liberari
2636 1692 2865 1747 valeant
2900 1716 2915 1760 ;
2943 1690 3229 1763 scriptum
3260 1693 3351 1751 est
3380 1691 3551 1751 enim
3589 1707 3603 1747 :
3635 1691 3823 1749 Omnis

2166 1783 2261 1851 qui
2282 1783 2426 1852 petit
2453 1782 2658 1852 accipit
2689 1785 2739 1835 et
2796 1782 2893 1852 qui
2922 1781 3122 1851 quaerit
3178 1781 3436 1847 invenit;
3467 1784 3525 1837 et
3566 1781 3826 1851 putsanti

2167 1872 2449 1942 aperietur
2478 1870 2686 1941 (Matth.
2717 1870 3099 1941 v11,2).Tanta
3123 1884 3261 1941 ergo
3298 1868 3540 1937 Domini
3573 1870 3824 1941 promis-

2166 1959 2349 2030 sione,
2384 1958 2777 2029 fratres,nihil
2808 1959 3170 2028 haesitantes,
3194 1956 3485 2021 castitatis
3518 1958 3821 2019 tramitem

2166 2048 2575 2107 incunctanter
2602 2049 2860 2121 arripite.
2889 2048 3075 2105 Dabit
3105 2064 3315 2120 nempe
3373 2048 3827 2120 perseverantia

2167 2137 2615 2210 perfectum,qui
2647 2136 3017 2194 continentia:
3040 2137 3202 2193 dedit
3222 2136 3672 2195 mandatum.Si
3698 2136 3830 2210 quis

2168 2234 2363 2284 autem
2395 2227 2684 2300 superbiae
2716 2225 2973 2284 stimulis
3002 2226 3191 2283 elatus
3237 2225 3326 2282 vel
3384 2226 3831 2299 desperationis

2166 2317 2301 2372 tabe
2328 2317 2676 2389 proﬂigatus
2702 2331 3011 2387 assurgere
3040 2315 3383 2389 neglexerit,
3408 2332 3534 2372 non
3569 2315 3685 2373 hoc
3701 2315 3827 2377 aba-

2169 2422 2282 2478 que
2312 2406 2403 2461 sui
2437 2405 2693 2478 periculo
2725 2405 2943 2477 gradus
3000 2405 3241 2462 omnino
3298 2403 3613 2472 transibit,
3670 2404 3825 2477 quod

2169 2494 2463 2550 nullorum
2495 2494 2820 2553 dociorum.
2910 2535 2922 2548 .
3006 2536 3019 2548 .
3099 2536 3112 2550 .
3195 2535 3207 2549 .
3289 2535 3302 2547 .
3384 2535 3398 2549 .
3486 2536 3501 2550 .
3595 2536 3609 2549 .
3654 2492 3826 2551 malis

2168 2584 2395 2640 actibus
2426 2583 2619 2639 divino
2649 2582 2903 2640 examini
2932 2586 3264 2650 occurrant,
3298 2598 3476 2654 quem
3528 2582 3825 2641 infelicem

2168 2672 2414 2747 propria:
2446 2672 2694 2729 nimium
2726 2672 3069 2744 iniquitates
3098 2677 3365 2745 gravant,
3396 2674 3499 2730 sed
3531 2672 3734 2745 potius
3757 2673 3826 2728 de

2167 2766 2362 2818 vestra
2390 2762 2542 2818 bona
2564 2760 2998 2818 conversatione
3020 2761 3327 2818 nobiscum
3358 2761 3736 2834 gratulari,et
3755 2761 3824 2817 ab

2168 2850 2699 2908 innumerabilibus
2727 2850 2954 2907 delictis
2984 2867 3211 2907 merear
3262 2851 3552 2921 excusari,
3605 2850 3821 2908 Jacobo

2170 2939 2396 2997 dicente
2419 2941 2680 3013 apostolo
2714 2941 2851 3009 :Qui
2876 2942 3121 2997 converti
3145 2942 3341 3012 fecerit
3369 2944 3721 3012 peccatorem
3752 2940 3817 2995 ab

2168 3044 2351 3086 errore
2377 3032 2479 3086 viae
2506 3046 2638 3101 suae,
2678 3032 2906 3087 saluauit
2963 3031 3217 3086 animam
3273 3031 3391 3102 ejus
3446 3047 3483 3086 a
3538 3036 3739 3094 morte,
3768 3030 3822 3083 et

2167 3119 2372 3191 aperiet
2396 3120 2809 3177 multitudinem
2839 3123 3183 3191 peccatorum
3212 3120 3348 3191 (Jac.
3381 3136 3439 3187 v,
3468 3120 3586 3190 20).
3642 3114 3819 3173 Vobis

2167 3225 2299 3264 vero
2331 3210 2558 3265 fratres.
2608 3227 2756 3282 quos
2810 3208 3017 3266 oculus
3078 3208 3307 3265 Domini
3363 3206 3822 3264 misericorditer

412 3294 789 3368 abstergitur.
822 3296 915 3352 Sic
946 3303 1150 3355 sancta
1181 3299 1435 3355 Ecclesia
1485 3299 1708 3370 unitur,
1740 3281 2060 3356 dissensio-
2090 3281 2133 3347 Ο
2161 3297 2287 3367 jam
2319 3299 2589 3369 respexit,
2620 3281 2679 3354 et
2705 3315 2738 3353 a
2768 3297 2987 3354 talibus
3018 3296 3193 3367 eruit,
3252 3312 3356 3366 pro
3414 3294 3544 3351 aliis
3595 3294 3822 3368 jugiter

412 3383 526 3451 nis,
556 3389 613 3439 et
650 3385 880 3439 invidiae
930 3387 1081 3442 rima
1123 3387 1287 3442 nulla
1347 3387 1727 3459 conspicitur.
1779 3389 1943 3453 Quod
1995 3393 2060 3445 ut

411 3472 719 3528 observare
748 3473 1010 3545 possitis,
1061 3476 1295 3545 adjuvet
1327 3475 1519 3531 trinus
1548 3480 1607 3532 et
1663 3493 1819 3532 unus
1878 3477 2054 3546 Deus,

410 3559 513 3632 qui
540 3560 681 3615 vivit
710 3565 767 3616 et
795 3566 1001 3634 regnat
1032 3580 1135 3635 per
1164 3562 1362 3619 omnia
1420 3564 1637 3621 saecula
1685 3564 2055 3622 saeculorum.

407 3650 613 3704 Amen.

1017 3740 1360 3797 EPISTOLA
1381 3742 1448 3796 X.

1048 3845 1121 3883 AD
1170 3846 1415 3885 EOSDEM.

480 3914 631 3971 A'r'ro
662 3915 849 3988 gratia
873 3915 975 3974 Dei
1000 3916 1245 3974 humilis
1293 3918 1623 3992 episcopus,
1684 3923 1914 3979 cunctis
1960 3938 2059 3978 sa-

414 4002 747 4061 cerdotibus
779 4021 1103 4079 eorumque
1132 4008 1423 4064 ministris
1472 4009 1530 4065 in
1580 4014 1783 4067 nostra
1832 4011 2055 4069 Vercel-

410 4090 561 4149 lensi
591 4094 857 4152 dimcessi
887 4098 1388 4156 commorantibus
1417 4103 1642 4155 aeternae
1674 4099 1967 4158 felicitatis
1988 4116 2055 4158 co

412 4197 642 4245 ronam.

480 4271 619 4335 Quae
647 4273 863 4345 saepius
894 4279 1277 4347 usurpentur,
1312 4275 1663 4349 cbarissimi,
1708 4277 1923 4350 saepius
1953 4280 2054 4335 de-

410 4350 680 4421 testando
713 4361 1086 4431 reprimenda
1116 4368 1273 4433 sunt,
1303 4364 1485 4420 donec
1543 4366 1841 4421 exinanita
1868 4371 1924 4423 et
1953 4384 2049 4439 pe-

410 4447 571 4511 nitus
628 4448 847 4505 abolita
903 4450 1307 4508 deﬁciant:si
1359 4457 1557 4509 autem
1624 4458 1756 4525 post
1812 4455 2053 4512 interdi-

410 4540 573 4597 ctum
606 4536 871 4608 neglecta
900 4539 1138 4607 fuerint,
1197 4545 1254 4596 et
1310 4541 1541 4599 silentio
1599 4548 1860 4601 contecta
1914 4562 2050 4618 per-

2168 3385 2638 3457 Omnipotentem
2650 3386 2883 3457 expedit
2901 3401 3137 3441 exorare
3160 3385 3439 3455 ipsosque
3451 3382 3817 3441 salutaribus

2167 3474 2407 3530 monitis
2431 3476 2501 3530 ad
2526 3474 2771 3530 metiora
2799 3473 3068 3530 convenit
3094 3473 3404 3541 exhortari,
3428 3476 3495 3528 ut
3530 3489 3636 3532 eos
3666 3488 3816 3545 quc-

2167 3579 2283 3634 quo
2332 3564 2505 3619 modo
2545 3564 2844 3620 vobiscum
2900 3563 3118 3635 pariter
3170 3561 3412 3620 valeatis
3467 3562 3813 3627 sublimare,

2167 3652 2395 3708 dicente
2414 3652 2663 3710 Domino
2694 3672 2713 3708 :
2744 3654 2804 3709 Si
2830 3656 3010 3725 frater
3032 3656 3266 3725 fratrem
3292 3651 3591 3723 adjuverit.
3653 3651 3815 3709 ambo

2172 3741 2587 3798 excitabuntur.
2620 3744 2690 3799 Et
2737 3741 2953 3799 Paulus
3009 3740 3325 3813 Apostolus
3354 3761 3373 3796 :
3404 3742 3554 3798 Alter
3579 3740 3814 3798 atterit»

2167 3845 2333 3887 onera
2356 3840 2573 3903 portate
2599 3840 2649 3889 et
2675 3834 2756 3889 sic
2784 3832 3170 3905 adimptebiti:
3202 3831 3372 3902 legem
3404 3829 3613 3888 Christi
3668 3828 3809 3901 (Gal.

2164 3936 2240 3989 v1,
2272 3921 2347 3989 2).
2382 3922 2450 3977 Et
2475 3922 2729 3979 Jacobus
2760 3922 2842 3978 ait
2874 3938 2887 3979 :
2922 3922 3087 3978 Orate
3110 3936 3217 3992 pro
3255 3921 3492 3975 invicem
3542 3926 3605 3976 ut
3630 3919 3803 3974 salve-

2166 4011 2311 4065 mini
2338 4012 2472 4082 (Jac.
2504 4028 2558 4069 v.
2594 4011 2701 4082 16).
2764 4016 2873 4067 Per
2922 4009 3230 4066 Dominum
3287 4011 3558 4064 nostrum
3605 4008 3808 4065 Jesum

2167 4098 2484 4169 Christum,
2517 4100 2620 4171 qui
2654 4116 2789 4157 cum
2822 4101 2988 4155 Patre
3045 4102 3369 4169 sanctoque
3424 4097 3644 4170 Spiritu
3672 4093 3811 4153 vivit

2168 4191 2224 4243 et
2254 4186 2538 4261 gloriatur
2566 4193 2719 4246 Deus
2757 4204 2860 4261 per
2913 4187 3113 4247 omnia
3170 4186 3383 4245 saecula
3429 4185 3806 4245 saeculorum.

2166 4280 2351 4333 Amen
2363 4319 2376 4332 .

2732 4366 2792 4421 BE
2801 4365 3095 4421 PISTOLA
3124 4365 3221 4420 XI.

2608 4472 2682 4513 AD
2720 4469 3158 4515 SUFFRAGANEOS
3196 4468 3360 4511 SUOS.

2236 4544 2635 4602 Sanctissimis
2664 4549 2721 4602 et
2747 4543 3146 4601 dilectissimis
3164 4541 3558 4599 confratribus
3587 4538 3704 4599 illis
3718 4552 3804 4593 ven

412 4625 762 4719 manserint,
795 4627 1232 4719 m-agisqarmari
1264 4645 1443 4701 quam
1475 4631 1731 4689 abdicari
1760 4633 2052 4693 videntur.
2086 4652 2135 4719 Ι)
2168 4634 2528 4691 nerabilibus
2559 4634 2869 4707 episcOpis,
2901 4637 3037 4690 Atto
3068 4630 3258 4705 gratia
3282 4630 3386 4687 Dei
3416 4629 3665 4687 humilis
3693 4623 3804 4700 epi-

410 4710 511 4768 Va:
542 4714 700 4777 enim
727 4715 898 4772 nobis
928 4716 1166 4789 erit,qui
1194 4718 1373 4790 hujus
1405 4718 1715 4777 ministerii
1746 4739 1895 4777 onus
1925 4740 2056 4780 sus-

413 4800 704 4874 cepimus,
723 4803 775 4860 si
804 4805 1107 4863 veritatem
1139 4806 1454 4879 pracdicare
1482 4809 1929 4882 neglexerimus,
1960 4815 2060 4869 Vae

412 4889 582 4989 npbis
612 4891 742 4989 erit,
776 4892 827 4949 si
858 4894 1092 4951 silentio
1118 4896 1608 4968 oppresserimus,
1641 4915 1768 4971 qua)
1820 4916 2058 4972 erogare

411 4979 829 5038 n'ummulariis
843 4982 1301 5053 jubemur.Quid
1326 4984 1384 5039 in
1399 4984 1599 5059 futuro
1615 4986 1829 5043 dicturi
1849 5005 2057 5045 sumus

411 5068 682 5114 examine
744 5069 789 5114 Ri
853 5072 1149 5114 maritatam
1213 5074 1629 5114 nnnfnnriimnn
1692 5077 2057 5114 nnmrlinnnn‘)

2168 4740 2403 4795 scopus,
2433 4722 2634 4780 ﬁdeles
2663 4725 2721 4779 in
2771 4722 2999 4779 Christo
3059 4720 3352 4778 orationes
3408 4735 3545 4777 cum
3602 4718 3803 4775 devoto

2168 4811 2477 4868 famulatu.

2241 4901 2406 4957 Novit
2440 4900 2696 4958 cbaritas
2735 4904 2947 4968 vestra,
3000 4898 3140 4971 quia
3196 4896 3382 4954 nostri
3428 4896 3723 4968 principes
3748 4893 3805 4948 et

2166 4990 2409 5057 domini,
2441 4989 2853 5061 gloriosissimi
2885 4987 3109 5045 scilicet
3137 5002 3323 5060 reges,
3360 4986 3502 5043 dum
3533 4982 3799 5041 hostilem

2165 5094 2227 5114 an
2258 5079 2457 5114 Αἰνητηῦ
2490 5078 2776 5114 οιτοηῖηακί
2812 5078 3094 5114 imnnham
3153 5080 3352 5114 nanis-9
3432 5074 3654 5114 nailinai’.
3683 5067 3800 5114 ani-
