4030 5310
363 211 479 274 123

1381 214 1722 277 ATTONIS
1767 213 2354 279 VERCELLENSIS
2400 216 2752 279 EPlSCOPI

3701 217 3814 278 124

348 346 518 402 beato
544 349 737 416 Petro,
771 346 871 418 qui
919 345 1000 402 ait
1029 347 1098 402 ad
1130 347 1440 402 Dominum
1477 365 1490 402 :
1525 349 1589 402 Et
1619 349 1670 403 si
1698 350 2000 419 oportuerit
2029 351 2084 416 Α
2114 349 2413 413 Quomodo
2444 351 2598 406 enim
2633 368 2734 422 pro
2758 365 2819 406 se
2850 349 2995 406 alios
3027 349 3277 422 objicere
3313 347 3605 424 periculo
3640 353 3802 421 pote-

354 453 442 491 me
470 438 617 492 mori
643 444 838 503 tecum,
871 454 979 493 non
1009 440 1060 492 te
1089 438 1292 508 negabo
1313 437 1340 490 ?
1369 437 1576 506 (Matth.
1610 455 1762 502 xxvr,
1795 439 1908 508 35.)
1944 439 2007 493 Et

352 530 554 582 tamen
581 527 823 581 Domino
845 527 1216 597 praedicente,
1241 531 1554 598 antequam
1587 527 1777 598 gallus
1802 532 2004 582 canta-

354 619 460 683 ret,
497 620 584 670 ter
613 633 747 670 eum
777 616 1026 686 negavit.
1061 616 1326 672 Christus
1347 617 1501 671 enim
1523 620 1584 670 ut
1616 617 1767 671 Deus
1799 633 2006 689 cogno-

354 706 437 759 vit
469 705 619 759 Petri
643 705 1052 777 fragilitatem;
1087 706 1294 761 Petrus
1312 711 1505 760 autem
1539 706 1866 761 considerat
1888 723 2004 760 suae

363 795 498 849 ﬁdei
533 795 818 851 ardorem.
850 795 1009 858 Quod
1059 800 1254 850 autem
1309 795 1588 849 Dominus
1640 794 1783 850 dicit
1814 793 2006 866 praevi-

360 884 570 950 dendo,
594 883 702 939 iste
735 885 980 955 denegat
1012 886 1285 938 amando.
1308 884 1412 939 Ubi
1442 883 1740 939 moraliter
1770 883 2008 937 instrui-

356 990 508 1038 mur,
542 978 605 1027 ut
633 977 920 1043 quantum
950 975 1302 1028 conﬁdimus
1353 974 1423 1028 de
1455 974 1658 1028 ardore
1689 973 1843 1039 ﬁdei,
1877 977 2005 1026 tau-

347 1066 473 1118 tum
510 1062 818 1118 timeamus
841 1063 910 1118 de
933 1063 1126 1117 carnis
1150 1061 1705 1135 fragilitate,quia,si
1733 1066 2000 1116 nostrum

350 1151 428 1205 sit
458 1150 622 1218 velle,
658 1151 755 1206 Dei
787 1157 981 1206 autem
1009 1157 1097 1206 est
1127 1153 1423 1223 perﬁcere.
1445 1151 1644 1222 Neque
1668 1167 1772 1204 nos
1804 1165 2006 1204 secun-

351 1240 491 1294 dum
526 1241 760 1295 beatum
796 1240 1189 1312 Augustinum
1242 1241 1320 1312 (in
1352 1244 1514 1295 Joan.
1543 1241 1710 1292 tract.
1745 1239 1834 1305 66)
1868 1253 2002 1292 cum

351 1329 466 1384 ista
495 1328 768 1399 dicimus,
802 1332 1058 1401 primum
1079 1329 1475 1401 apostolorum
1511 1343 1784 1383 accusare
1817 1327 1999 1381 delec-

350 1421 456 1486 tat,
492 1418 592 1472 sed
624 1417 778 1473 hunc
829 1419 1111 1474 intuendo
1164 1417 1463 1472 admoneri
1500 1433 1603 1471 nos
1651 1420 1899 1487 oportet,
1934 1432 2006 1470 ne

352 1506 527 1561 homo
554 1507 867 1579 quisquam
897 1509 968 1562 de
999 1507 1273 1562 humanis
1299 1506 1526 1561 viribus
1558 1506 1834 1560 conﬁdat.
1859 1505 2004 1559 Nam

354 1595 494 1666 quid
541 1595 700 1650 aliud
751 1596 1032 1668 pertinuit
1061 1597 1133 1650 ad
1183 1597 1480 1651 doctorem
1530 1595 2006 1666 Salvatoremque

2116 442 2274 505 runt,
2308 439 2407 511 qui
2438 455 2498 494 se
2548 457 2651 510 pro
2697 439 2812 495 illis
2861 456 3150 511 opponere
3199 439 3482 495 debent?
3516 439 3805 510 Legimus

2117 544 2370 600 namque
2403 529 2472 583 de
2495 529 2661 584 beato
2679 528 2922 583 Paulino
2955 527 3404 600 episcopo,quia
3437 545 3588 583 cum
3614 544 3679 583 se
3705 545 3804 600 pro

2115 633 2230 670 uno
2264 621 2490 671 tantum
2521 617 2707 671 vidum
2739 616 2857 671 ﬁlio
2885 617 3226 688 captivitati,
3259 618 3382 672 imo
3423 621 3487 672 et
3523 617 3805 672 servituti

2116 705 2476 772 tradidisset,
2511 705 2727 761 multos
2759 707 2817 760 in
2849 706 2958 762 hoc
3007 706 3288 761 liberasse
3331 706 3644 777 captivos.
3683 706 3805 770 Quo

2115 793 2291 849 etiam
2325 795 2382 848 in
2435 796 2583 850 facto
2635 799 2754 850 tam
2797 813 2830 849 a
2878 795 3045 850 beato
3090 796 3392 866 Gregorio,
3433 811 3631 865 quam
3685 801 3744 849 et
3774 813 3804 850 a

2116 882 2322 938 multis
2354 883 2483 939 aliis
2515 883 2904 939 sanctissimis
2936 883 3212 939 laudatus
3244 889 3333 938 est
3369 883 3689 939 Patribus.

2186 972 2377 1028 Unum
2397 977 2593 1028 tamen
2616 972 2734 1028 scio
2753 973 2952 1044 procul
2977 974 3175 1041 dubio,
3201 974 3358 1044 quod
3382 973 3623 1044 ubique
3647 973 3802 1029 dice-

2114 1066 2232 1129 tur,
2269 1062 2407 1132 quia
2437 1062 2485 1117 si
2518 1062 2661 1116 illud
2697 1062 2827 1118 ﬁdei
2880 1062 3202 1129 vinculum,
3234 1063 3394 1133 quod
3454 1061 3609 1117 olim
3644 1062 3801 1118 inter

2115 1151 2405 1222 principes
2438 1155 2786 1222 nostrosque
2810 1151 2994 1206 valuit
3016 1153 3514 1222 praedecessores,
3544 1151 3798 1207 minime

2115 1240 2269 1311 apud
2305 1257 2410 1294 nos
2433 1240 2655 1295 servari
2686 1240 2960 1308 creditur,
2986 1244 3087 1294 aut
3113 1239 3414 1311 principes
3441 1240 3802 1310 deteriores,

2117 1333 2217 1383 aut
2248 1345 2352 1384 nos
2384 1328 2693 1399 nequiores
2715 1345 2842 1384 esse
2874 1329 3212 1400 probamur.
3239 1328 3389 1392 Quia
3426 1332 3539 1383 aut
3570 1328 3658 1382 illi
3696 1345 3805 1382 sua

2116 1418 2336 1472 saevitia
2367 1418 2508 1472 adeo
2541 1418 2696 1472 exosi
2728 1418 3022 1483 videntur,
3055 1422 3120 1472 ut
3169 1419 3235 1472 ad
3272 1417 3643 1489 popularem
3671 1418 3798 1487 jam

2115 1523 2230 1563 non
2262 1506 2492 1578 possint
2542 1506 2729 1561 redire
2777 1523 3058 1573 amorem,
3093 1511 3186 1561 aut
3217 1523 3324 1561 nos
3377 1507 3537 1560 adeo
3588 1504 3799 1577 perﬁdi

2117 1595 2507 1668 suspicamur,
2535 1599 2599 1650 ut
2628 1595 2857 1650 nullum
2889 1595 2947 1650 in
2980 1595 3151 1651 nobis
3173 1595 3307 1650 ﬁdei
3334 1595 3534 1650 robur
3562 1594 3799 1650 consis-

351 1673 759 1752 nostrummisi
785 1690 848 1739 ut
877 1685 1045 1740 nobis
1064 1701 1438 1757 nequaquam
1457 1686 1526 1741 de
1559 1701 1620 1739 se
1647 1701 2003 1755 quemquam
2036 1722 2084 1786 B
2118 1689 2221 1755 tat,
2255 1688 2355 1739 aut
2402 1688 2740 1755 utrumque.
2775 1684 3025 1755 Quaeque
3071 1688 3266 1738 tamen
3318 1700 3466 1755 pars
3521 1682 3640 1737 hoc
3673 1697 3790 1737 me-

360 1773 568 1828 debere
601 1790 950 1845 prmsumere
991 1776 1049 1829 in
1097 1775 1224 1846 ipso
1255 1774 1444 1845 primo
1476 1773 1873 1845 apostolorum
1905 1774 2006 1829 de-

358 1866 710 1917 monstraret
721 1863 982 1934 exemplo
996 1863 1022 1916 ?
1039 1864 1100 1917 In
1125 1864 1322 1917 anima
1338 1863 1536 1934 itaque
1566 1863 1809 1933 contigit
1826 1862 2002 1929 Petri,

357 1951 512 2021 quod
535 1951 882 2006 offerebatin
900 1969 1157 2024 corpore.
1183 1951 1281 2007 Ille
1295 1952 1451 2007 enim
1477 1957 1721 2007 mortem
1745 1951 2006 2023 corporis

360 2039 656 2109 offerebat,
690 2040 789 2095 sed
823 2045 1069 2096 mortem
1119 2041 1327 2096 animae
1359 2040 1606 2095 incurrit
1639 2059 1651 2097 :
1687 2040 1825 2111 quia
1855 2039 2008 2094 sicut

352 2127 539 2182 vivere
569 2133 657 2183 est
701 2130 963 2184 conﬁteri
1014 2130 1334 2196 Christum,
1369 2130 1453 2184 sic
1499 2133 1555 2184 et
1587 2130 1732 2184 mori
1785 2134 1874 2184 est
1904 2144 2003 2183 ne-

351 2231 488 2288 gare
520 2233 674 2272 eum.
694 2218 842 2283 Quid
861 2223 918 2273 et
947 2219 1154 2274 beatus
1185 2219 1444 2273 Thomas
1467 2219 1679 2273 dixerit
1703 2218 2001 2273 novimus:

354 2306 555 2361 Eamus
585 2315 640 2363 et
666 2323 761 2362 nos
789 2316 840 2362 et
884 2311 1192 2363 moriamur
1230 2325 1354 2362 cum
1383 2324 1446 2362 eo
1465 2325 1485 2369 ,·
1516 2309 1778 2363 similiter
1823 2311 2007 2362 autem

353 2400 407 2450 et
436 2398 626 2452 certari
653 2413 838 2452 omnes
885 2399 1149 2453 dixerunt
1196 2399 1375 2470 (Joan.
1410 2416 1485 2466 x1,
1522 2398 1609 2467 16)
1643 2416 1654 2464 ;
1702 2401 1760 2452 et
1808 2402 2004 2453 tamen

356 2500 546 2540 omnes
573 2486 764 2543 relicto
792 2503 852 2542 eo
881 2490 1150 2560 fugerunt
1180 2487 1390 2559 (Matth.
1420 2504 1594 2552 xxvu,
1625 2487 1737 2557 59).

428 2575 496 2628 Et
527 2579 747 2630 certum
783 2581 870 2631 est
901 2577 1193 2649 apostolos
1225 2593 1289 2631 eo
1307 2578 1431 2647 jam
1464 2580 1724 2648 tempore
1755 2575 1886 2646 plus
1908 2592 2007 2630 eos

357 2662 597 2735 diligere
639 2664 974 2732 Dominum,
1009 2682 1186 2736 quam
1235 2683 1338 2721 vos
1369 2681 1570 2720 omnes
1623 2664 2002 2736 propinquos.

356 2753 422 2806 Et
453 2753 580 2808 ideo
613 2754 714 2824 qui
750 2772 852 2826 pro
885 2755 1042 2809 illius
1075 2760 1214 2810 tunc
1246 2772 1361 2810 non
1392 2759 1530 2810 sunt
1569 2755 1775 2809 retenti
1809 2770 2006 2809 amore

354 2858 459 2913 pro
493 2842 670 2898 nullis
703 2843 902 2914 utique
932 2848 1153 2899 starent
1179 2843 1502 2898 obsidibus.
1531 2843 1742 2898 Multos
1773 2858 2004 2914 quoque

358 2930 690 2986 audivimus
718 2935 774 2986 et
794 2932 1050 2988 vidimus
1081 2936 1211 3004 post
1237 2934 1402 2988 datos
1426 2933 1658 2988 obsides
1681 2933 1904 2987 irritam
1931 2933 2005 2986 fe-

359 3018 511 3075 cisse
543 3021 939 3091 sponsionem.
970 3022 1262 3085 Quosdam
1285 3039 1417 3077 vero
1448 3023 1621 3078 etiam
1655 3022 1876 3093 absque
1908 3022 2003 3076 da-

2119 1773 2306 1829 ruisse
2336 1774 2720 1840 convincitur,
2756 1778 3046 1845 oporteret
3092 1773 3142 1828 ei
3197 1773 3387 1845 magis
3425 1771 3789 1839 subsistere,

2115 1879 2291 1934 quam
2325 1864 2396 1917 ad
2431 1861 2543 1917 tale
2574 1862 2673 1917 diu
2705 1861 2963 1933 protrahi
2995 1862 3266 1932 dedecus,
3297 1862 3464 1932 quod
3503 1860 3688 1916 absit.

2187 1953 2563 2023 Quapropter,
2596 1950 2983 2022 dilectissimi,
3017 1967 3252 2006 oremus
3284 1950 3625 2005 Dominum
3659 1965 3782 2004 om-

2115 2041 2493 2112 nipotentem,
2515 2045 2580 2095 ut
2610 2045 2839 2096 nostros
2869 2039 3329 2113 gloriosissimos
3361 2055 3541 2112 reges
3568 2038 3788 2109 ubique

2115 2135 2435 2199 conservet,
2461 2147 2686 2203 nosque
2718 2129 2833 2185 illis
2858 2130 3205 2186 commissos
3226 2130 3512 2201 dignetur
3535 2127 3782 2194 tueri,in

2115 2220 2388 2275 omnibus
2437 2220 2606 2274 nobis
2658 2219 3105 2275 adversitatibus
3157 2219 3493 2290 propitiari.
3536 2217 3666 2272 Illis
3718 2217 3785 2270 de

2115 2313 2316 2364 nostra
2347 2308 2623 2364 ﬁdelitate
2646 2310 2821 2364 donet
2851 2308 3149 2376 ﬁduciam,
3178 2313 3235 2363 et
3266 2307 3438 2362 nobis
3475 2307 3541 2362 in
3578 2321 3783 2361 eorum

2115 2398 2395 2470 obsequio
2419 2398 2822 2471 perseverandi
2847 2401 3080 2469 praestet
3101 2395 3785 2452 constantiam.Tribuat

2116 2488 2245 2543 illos
2277 2488 2448 2543 nobis
2471 2487 2839 2557 tranquillos,
2859 2503 3083 2558 nosque
3113 2487 3197 2542 eis
3229 2486 3401 2541 faciat
3430 2502 3571 2541 esse
3607 2485 3783 2539 devo-

2114 2581 2224 2631 tos.
2249 2577 2318 2630 Et
2334 2576 2382 2631 si
2406 2575 2736 2648 fragilitatis
2756 2592 2952 2644 causa,
2978 2579 3076 2630 aut
3105 2575 3217 2646 ipsi
3242 2575 3300 2628 in
3321 2575 3521 2641 nobis,
3551 2578 3659 2628 aut
3678 2589 3782 2627 nos

2115 2669 2316 2721 contra
2344 2665 2473 2721 illos
2506 2664 2730 2736 aliquid
2766 2665 3035 2736 iniquum
3067 2664 3504 2731 commisimus,
3532 2663 3622 2718 sic
3654 2663 3779 2732 ejus

2115 2755 2422 2810 clementia
2453 2753 2734 2820 deleatur,
2769 2759 2833 2808 ut
2856 2753 3016 2809 nulla
3037 2754 3163 2825 jam
3196 2754 3252 2807 in
3286 2758 3597 2825 posterum
3634 2750 3778 2804 ultio

2113 2844 2318 2900 exinde
2348 2849 2724 2916 praeparetur.
2742 2843 3122 2898 Dimittamus
3141 2843 3355 2912 debita,
3377 2845 3442 2896 ut
3465 2841 3776 2897 dimittan-

2112 2938 2228 3000 tur,
2263 2951 2376 2989 non
2407 2934 2773 2989 vindicemus
2807 2933 3024 2999 omnia,
3051 2950 3122 2988 ne
3154 2932 3351 2988 omnia
3371 2931 3775 2986 vindicentur.

2115 3024 2237 3078 Non
2273 3023 2639 3078 vindicentur
2669 3023 2924 3078 maxima
2956 3039 3058 3093 pro
3087 3021 3477 3086 minimis,sed
3505 3025 3778 3075 servetur

362 3107 439 3164 tis
472 3108 776 3164 obsidibus
799 3127 986 3182 usque
1012 3112 1082 3166 ab
1117 3115 1361 3166 mortem
1385 3112 1558 3166 ﬁdem
1591 3127 1870 3166 servasse.
1895 3110 2004 3164 Ve-
2037 3096 2078 3159 C
2119 3113 2406 3167 modestia
2437 3115 2494 3166 et
2523 3111 2581 3165 in
2609 3112 2858 3182 magnis.
2891 3110 3098 3165 Nullus
3125 3110 3280 3180 quod
3311 3108 3476 3163 alteri
3502 3110 3773 3173 debetur,

363 3203 698 3252 rumtaman
731 3199 778 3253 si
797 3199 931 3253 talis
954 3201 1270 3269 expetenda
1295 3204 1382 3254 est
1411 3199 1707 3270 obligatio,
1728 3198 2006 3254 astolidis

361 3291 417 3340 et
449 3287 733 3356 perversis
760 3291 1056 3357 Deumque
1083 3304 1198 3341 non
1231 3287 1571 3342 curantibus
1598 3288 2005 3342 tantummodo

358 3373 645 3445 exigenda
673 3379 782 3430 est.
807 3375 908 3429 Vir
938 3379 1129 3430 autem
1158 3376 1413 3447 prudens
1445 3380 1501 3430 et
1529 3376 2005 3448 catholicus,quae

363 3478 466 3534 pro
493 3461 588 3516 Dei
613 3463 1030 3535 omnipotentis
1052 3464 1260 3520 timore
1273 3465 1727 3536 sumqueanimze
1750 3466 2005 3536 periculo

365 3568 482 3606 non
516 3552 788 3620 custodit,
823 3570 925 3625 pro
957 3553 1135 3608 nullis
1166 3554 1379 3625 poterit
1423 3571 1649 3609 servare
1681 3555 2004 3611 obsidibus.

367 3640 699 3695 Cavendum
734 3647 823 3696 est
853 3658 988 3712 ergo
1019 3642 1128 3696 hoc
1182 3643 1457 3698 omnibus
1503 3643 1872 3709 Christianis,
1907 3645 2004 3699 sed

363 3729 737 3800 pontiﬁcibus
755 3730 914 3784 nullo
935 3731 1105 3785 modo
1129 3731 1352 3786 aestimo
1376 3734 1867 3803 praesumendum.
1893 3733 2007 3788 Sic-

362 3822 427 3872 ut
456 3818 610 3873 enim
665 3824 937 3890 apostatae
986 3821 1280 3891 dicuntur,
1314 3821 1414 3891 qui
1464 3827 1596 3893 post
1645 3823 2005 3894 baptismum

359 3905 569 3960 Christi
605 3911 912 3979 suceptum
968 3926 1175 3964 rursus
1223 3909 1292 3963 ad
1339 3925 1701 3980 paganorum
1752 3910 1920 3975 ritus,
1953 3916 2011 3965 et

365 3994 655 4051 idolorum
675 4002 1090 4053 convertuntur
1107 3998 1420 4064 culturam,
1435 3998 1518 4054 sic
1535 3999 1711 4054 etiam
1733 4005 2011 4070 apostatze

371 4086 648 4140 dicuntur
679 4091 734 4141 et
783 4088 1132 4156 sacerdotes,
1167 4087 1266 4158 qui
1316 4086 1627 4142 Ecclesiam
1678 4089 2011 4144 deserentes

370 4189 700 4244 censuram,
751 4176 822 4230 ad
872 4176 1184 4231 militarem
1235 4191 1296 4230 se
1345 4177 1652 4231 conferunt
1701 4176 2006 4233 actionem.

2115 3205 2432 3272 praesumat
2480 3201 2910 3271 concupiscere,
2971 3199 3109 3269 quia
3161 3198 3295 3252 hinc
3341 3196 3536 3252 solent
3578 3195 3776 3269 jurgia

2116 3306 2348 3361 semper
2391 3305 2667 3345 crescere.
2703 3289 2966 3344 Sufﬁciat
3016 3288 3331 3359 unicuique
3380 3289 3540 3358 quod
3598 3302 3771 3342 suum

2116 3383 2226 3446 est,
2261 3395 2363 3433 nec
2413 3379 2683 3434 invadere
2716 3378 2971 3447 aliquem
3005 3378 3248 3432 delectet
3297 3378 3450 3449 quod
3504 3394 3628 3432 non
3662 3379 3768 3430 est.

2116 3467 2222 3532 Qui
2247 3467 2402 3522 enim
2421 3467 2637 3538 injuste
2658 3469 2872 3537 gaudet
2903 3468 3220 3538 acquirere,
3242 3467 3388 3523 solet
3407 3465 3588 3521 etiam
3614 3464 3769 3537 quod

2108 3558 2268 3627 juste
2283 3560 2440 3612 tenet
2469 3557 2906 3612 amittere.Nam
2931 3556 3343 3627 licetjudicum
3370 3556 3589 3627 poterit
3603 3569 3770 3609 voces

2114 3645 2370 3711 inﬁcere,
2421 3645 2680 3700 divinum
2732 3663 2844 3701 non
2891 3646 3103 3701 valebit
3139 3645 3431 3716 judicium
3485 3645 3764 3715 effugere.

2119 3736 2222 3790 Det
2252 3734 2420 3790 nobis
2450 3733 2735 3790 Dominus
2766 3736 2836 3790 ab
2872 3736 3083 3790 exteris
3134 3751 3357 3806 pacem,
3393 3738 3448 3788 et
3473 3733 3631 3787 inter
3664 3747 3766 3785 nos

2118 3841 2287 3879 suam
2320 3825 2578 3879 conferat
2610 3825 2972 3880 charitatom.
3006 3823 3088 3879 Sit
3134 3840 3318 3878 unum
3350 3839 3449 3878 cor
3475 3821 3763 3884 omnium,

2119 3918 2184 3967 ut
2217 3913 2534 3984 diligamus
2588 3916 2765 3969 Deum
2815 3919 2872 3968 et
2916 3913 3268 3985 proximum.
3323 3913 3504 3984 Digne
3536 3923 3767 3980 semper

2117 4002 2427 4056 laudemus
2470 4001 2806 4066 Dominum,
2840 4007 2899 4059 et
2928 4003 3343 4059 benedicamus
3393 4016 3608 4058 nomen
3641 3998 3764 4068 ejus

2120 4091 2178 4146 in
2211 4089 2512 4145 saculum.
2546 4093 2750 4146 Amen.
