4030 5310
172 372 279 438 135

755 374 1171 441 EXPOSITIO
1212 376 1294 441 IN
1337 377 1768 443 EPISTOLAS
1811 380 2070 446 PAULI.
2103 382 2288 444 -ΙΝ
2332 381 2583 446 EPIST.
2614 383 2720 445 AD
2766 382 2959 446 ROM.

3446 381 3560 443 126

1481 702 2239 806 ATTONIS

938 944 2008 1035 VERCELLENSIS
2126 897 2799 1035 EPISCOPI

1408 1165 2310 1302 EXPOSITIO

353 1429 2131 1604 EPISTOLABUM
2251 1441 2453 1606 S.
2569 1440 3393 1607 PAULI.

809 1867 986 1927 ISTE
1029 1870 1263 1931 LIBER
1303 1871 1543 1933 PAULI
1589 1872 1937 1933 RETINET
1979 1873 2321 1934 DICTATA
2363 1875 2595 1935 BEATI

812 1949 1446 2023 TRACTATUSQUE
1490 1952 1728 2013 SIMUL
1772 1952 2115 2015 DISERTO
2161 1954 2511 2016 SIRMATE
2556 1955 2942 2017 COMPTOS.

1669 2146 2085 2161 ψ

1186 2281 1727 2373 EPISTOLA
1787 2286 1932 2369 AD
1993 2285 2570 2373 ROMANOS.

723 2644 1273 2741 ARGUMENTUM.’

238 2782 432 2840 Primo
469 2786 905 2845 discutiendum
928 2794 1018 2845 est
1039 2808 1218 2864 quare
1240 2793 1499 2865 Epistola
1519 2797 1589 2851 ad
1616 2796 1822 2852 Roma-

176 2887 271 2928 nos
301 2873 363 2929 in
396 2874 685 2948 principio
718 2884 990 2949 ponatur,
1023 2896 1157 2936 cum
1188 2883 1503 2955 Apostolus
1544 2902 1659 2940 non
1691 2902 1820 2940 eam

170 2962 453 3034 primum,
486 2967 589 3020 sed
621 2970 753 3037 post
782 2969 1070 3037 quasdam
1103 2970 1248 3026 alias
1291 2973 1610 3043 scripserit.
1644 2973 1825 3029 Aiunt

169 3052 323 3107 enim
377 3054 536 3123 quod
586 3054 839 3125 primam
892 3057 1192 3128 scripserit
1224 3061 1295 3114 ad
1327 3060 1616 3117 Hebraeos.
1665 3062 1825 3119 Hanc

166 3140 559 3213 quaestionem
582 3142 850 3198 nonnulli
872 3144 981 3200 hoc
1004 3146 1176 3202 modo
1198 3147 1457 3204 solvunt:
1482 3150 1664 3205 Roma
1679 3167 1826 3222 pene

164 3229 346 3286 totius
379 3234 560 3301 caput
588 3236 713 3287 erat
747 3232 1015 3305 imperii;
1059 3236 1335 3307 quoniam
1388 3238 1635 3294 Romani
1684 3244 1825 3296 tunc

166 3335 307 3392 pene
322 3318 606 3375 omnibus
618 3320 894 3391 gentibus
913 3321 1305 3394 imperabant;
1322 3326 1565 3399 ideoque
1578 3328 1823 3400 dignum

168 3407 295 3475 fuit,
346 3412 435 3475 ut,
483 3408 555 3463 ob
603 3425 805 3465 eorum
868 3414 1247 3469 reverentiam
1299 3416 1557 3486 Epistola
1604 3418 1676 3473 ad
1724 3435 1824 3475 eos

172 3497 387 3569 scripta
418 3497 613 3569 prima
641 3503 976 3570 poneretur.
1007 3500 1122 3556 Alii
1148 3520 1301 3572 vero,
1322 3510 1387 3560 ut
1415 3505 1693 3578 Origenes
1729 3525 1822 3564 as-

175 3586 326 3654 serit,
360 3589 785 3657 pertractantes
827 3589 1025 3659 ﬁdem,
1084 3595 1142 3646 et
1184 3593 1395 3649 merita
1452 3595 1823 3667 singularum

178 3674 459 3746 gentium,
491 3692 617 3747 quae
649 3677 1044 3751 crediderunt,
1090 3684 1145 3736 et
1194 3682 1266 3736 ad
1319 3699 1467 3754 quas
1512 3685 1824 3754 Apostolus

153 3763 380 3839 direxit
418 3764 721 3837 epistolas,
753 3769 1077 3824 secundum
1128 3772 1465 3828 earumdem
1515 3773 1714 3843 fidem,
1767 3779 1825 3830 et

182 3853 381 3909 merita
410 3870 511 3910 eas
540 3855 811 3912 ordinare
841 3857 1239 3914 decreverunt.

246 3958 734 4025 Romaniautem
783 3963 1031 4019 minoris
1080 3970 1247 4021 erant
1294 3966 1429 4021 ﬁdei
1479 3970 1535 4022 et
1580 3967 1821 4024 meriti:

185 4048 440 4105 nonnulli
473 4049 631 4106 enim
662 4068 865 4108 eorum
897 4054 1040 4109 adeo
1089 4054 1266 4110 rudes
1294 4060 1479 4127 erant,
1513 4060 1578 4111 ut
1607 4074 1669 4112 se
1700 4073 1821 4113 cre-

185 4137 375 4195 derent
404 4155 521 4195 non
554 4140 656 4195 Dei
686 4142 893 4214 gratia,
926 4144 1028 4199 sed
1060 4143 1185 4199 suis
1216 4144 1441 4201 meritis
1470 4162 1599 4201 esse
1636 4145 1821 4202 salva-

187 4228 294 4295 tos;
324 4228 574 4300 ideoque
602 4230 941 4300 Epistolam,
965 4249 1092 4304 quaa
1114 4234 1183 4288 ad
1213 4250 1312 4289 eos
1334 4234 1553 4305 scripta
1580 4240 1688 4307 est,
1714 4236 1825 4306 pri-

186 4330 331 4372 mam
360 4324 706 4390 posuerunt.
750 4320 969 4378 Deinde
998 4322 1287 4394 gradatim
1319 4325 1701 4381 ascendentes
1732 4341 1822 4381 se-

189 4406 432 4463 cundum
463 4408 664 4476 ﬁdem,
697 4413 755 4464 et
782 4410 991 4467 merita
1019 4413 1429 4484 gentilium,ut
1458 4414 1683 4470 dictum
1713 4418 1821 4485 est,

192 4494 591 4554 ordinaverunt
618 4497 933 4569 Epistolas.

253 4600 389 4658 Hinc
417 4608 528 4676 est,
556 4605 713 4676 quod
746 4604 1063 4677 Epistolam
1106 4607 1179 4663 ad
1227 4606 1500 4664 Hebraeos
1544 4608 1821 4681 scriptam

196 4686 445 4749 ultimam
462 4695 1095 4767 posuerunt,quoniam
1114 4695 1201 4752 illi
1217 4697 1457 4769 majoris
1477 4701 1645 4754 erant
1662 4697 1821 4766 ﬁdei,

197 4778 373 4835 meriti
396 4786 453 4837 et
482 4782 758 4852 scientiis,
788 4785 944 4841 unde
971 4789 1030 4841 et
1059 4785 1134 4841 ab
1162 4786 1436 4857 Apostolo
1469 4787 1630 4843 omni
1651 4786 1823 4843 laude

198 4869 729 4944 preferunturﬁed,
749 4874 889 4946 quia
907 4890 1041 4931 cum
1064 4874 1325 4946 Epistola
1342 4874 1667 4949 legitur,ita
1692 4894 1823 4948 pro-

200 4958 435 5016 nuntiari
449 4961 882 5034 soletzEpistola
897 4964 1054 5021 beati
1074 4964 1241 5022 Pauli
1263 4965 1665 5036 apostoli:ipsa
1686 4983 1825 5038 quo-

201 5058 299 5115 que
325 5052 715 5120 pronuntiatio
745 5052 1012 5123 sollicite,
1064 5058 1121 5110 et
1171 5053 1415 5112 solerter
1457 5054 1827 5112 discutienda

201 5138 293 5191 est.
321 5139 559 5210 Epistola
587 5140 800 5199 Graece.
832 5142 1030 5199 Latine
1050 5143 1265 5200 dicitur
1292 5146 1649 5217 supermissa.
1679 5144 1822 5200 Nam

202 5221 290 5293 Epi
314 5229 494 5286 Graece
524 5230 722 5289 Latine
752 5231 968 5289 dicitur
995 5248 1180 5305 super,
1209 5234 1349 5291 stola
1376 5238 1572 5292 autem
1596 5236 1774 5291 missa
1806 5253 1824 5290 :

1843 2654 1901 2721 Α
1930 2654 2063 2710 dem
2095 2654 2293 2723 sponsi
2324 2658 2382 2709 et
2412 2671 2661 2726 sponsae,
2694 2652 2752 2709 id
2784 2656 2897 2723 est,
2923 2650 3139 2709 Christi
3183 2654 3241 2706 et
3286 2648 3575 2706 Ecclesiae.

1930 2743 2041 2798 Sed
2075 2744 2455 2814 quaerendum
2486 2748 2575 2798 est
2606 2759 2785 2815 quare
2812 2750 2931 2797 tam
2966 2741 3165 2809 hujus,
3201 2756 3379 2811 quam
3411 2743 3578 2795 crete-

1933 2849 2132 2887 rorum
2149 2831 2546 2902 apostolorum
2570 2832 2785 2903 scripta
2806 2830 3043 2903 speciali
3067 2830 3323 2901 quodam
3344 2828 3580 2883 nomine

1934 2922 2189 2993 epistolae
2219 2926 2520 2977 vocantur.
2546 2923 2613 2976 Et
2638 2925 2771 2993 apte
2800 2920 3037 2991 quidem
3062 2918 3372 2990 :quoniam
3406 2934 3581 2989 super

1933 3009 2143 3081 legem,
2174 3016 2231 3065 et
2262 3010 2596 3082 prophetas,
2638 3026 2741 3065 nec
2784 3026 2901 3064 non
2950 3025 3126 3080 super
3171 3006 3422 3079 gratiam
3455 3007 3583 3077 ejus

1936 3099 2153 3165 addita,
2185 3103 2242 3153 et
2271 3100 2454 3153 missa
2500 3102 2639 3153 sunt
2685 3098 2755 3153 ad
2809 3098 3125 3153 resecanda
3165 3095 3325 3162 vitia,
3357 3113 3483 3167 qua:
3516 3113 3584 3150 ex

1935 3186 2400 3258 transgressione
2431 3186 2724 3259 Evangelii
2776 3187 2997 3242 noviter
3044 3186 3400 3241 oriebantur.
3433 3184 3581 3240 Nam

1935 3290 2053 3346 qua
2081 3275 2401 3331 intentione
2424 3280 2557 3347 post
2584 3280 2880 3348 acceptam
2904 3276 3091 3349 legem
3114 3274 3407 3347 propheta
3430 3274 3580 3328 dire-

1934 3364 2007 3419 cti
2050 3368 2216 3431 sunt;
2250 3364 2475 3421 scilicet
2505 3369 2570 3419 ut
2596 3381 2797 3420 eorum
2844 3363 3136 3420 vaticiniis
3188 3366 3584 3419 resecarentur

1932 3453 2073 3508 vitia
2123 3470 2192 3508 ex
2243 3453 2389 3525 legis
2440 3454 2907 3527 transgressione
2953 3457 3079 3508 orta
3124 3452 3396 3520 :eadem,
3449 3455 3583 3523 post

1934 3546 2228 3612 acceptam
2262 3542 2553 3615 Evangelii
2587 3544 2835 3615 gratiam
2866 3542 3094 3597 directae
3125 3545 3264 3596 sunt
3300 3539 3578 3612 epistolae,

1933 3634 1998 3684 ut
2027 3647 2229 3686 earum
2266 3631 2598 3698 sententiis,
2645 3636 2821 3703 atque
2867 3633 3170 3703 praeceptis
3212 3629 3584 3700 expiarentur

1930 3718 2091 3788 vitia,
2122 3737 2251 3790 qua:
2276 3737 2345 3775 ex
2372 3720 2519 3792 legis
2548 3721 3016 3792 transgressione
3044 3717 3576 3774 nascebantur.No-

1932 3808 2177 3863 tandum
2213 3813 2428 3875 autem,
2449 3809 2588 3880 quia
2618 3808 2859 3881 pulchre
2886 3808 3199 3881 Apostolus
3228 3808 3426 3863 decem
3449 3812 3578 3861 tan-

1933 3899 2059 3949 tum
2089 3895 2363 3950 Ecclesiis
2394 3897 2603 3951 direxit
2632 3897 2927 3966 epistolas.
2961 3898 3106 3953 Nam
3129 3900 3381 3968 quatuor
3402 3894 3577 3950 disci-

1933 3983 2091 4054 pulis
2114 3983 2303 4039 misit:
2326 3989 2390 4038 ut
2410 3984 2559 4039 sicut
2580 3983 2682 4038 filii
2700 3984 2877 4040 Israel
2900 3985 3126 4041 liberati
3150 3985 3222 4039 ab
3243 3983 3579 4056 [Egyptiaca

1932 4071 2213 4127 servitute
2242 4076 2613 4127 transeuntes
2647 4088 2805 4127 mare
2838 4073 3195 4140 Rubrum,et
3223 4073 3473 4143 suscepti
3503 4073 3576 4125 ab

1932 4177 2127 4216 eremo
2156 4161 2353 4216 decem
2384 4162 2559 4217 verba
2586 4160 2731 4232 legis
2763 4165 3129 4231 acceperunt,
3155 4160 3369 4231 quibus
3394 4160 3465 4214 ad
3490 4177 3578 4215 sa-

1931 4249 2116 4305 lutem
2140 4250 2595 4317 instruerentur;
2628 4249 2708 4305 ita
2730 4250 2845 4305 veri
2871 4247 3231 4314 Israelitaa,id
3262 4248 3578 4319 est,ﬁdeles

1930 4338 2159 4394 liberati
2191 4339 2266 4394 ab
2295 4338 2645 4412 Egyptiaca,
2678 4339 2735 4394 id
2766 4343 2856 4395 est
2902 4339 3235 4394 daemonum
3276 4337 3576 4410 servitute,

1932 4432 1989 4483 et
2018 4432 2391 4484 transeuntes
2424 4445 2584 4484 mare
2613 4428 2911 4499 baptismi,
2940 4428 3096 4500 quod
3130 4427 3260 4485 ideo
3310 4427 3575 4483 Rubrum

1932 4516 2167 4583 dicitur,
2200 4517 2338 4588 quia
2365 4518 2652 4590 sanguine
2678 4518 2910 4574 Domini
2940 4523 3029 4574 est
3057 4517 3440 4585 rubricatum,
3476 4534 3575 4573 su-

1930 4606 2234 4678 sceptique
2264 4606 2335 4661 ab
2365 4622 2560 4662 eremo
2590 4607 2895 4678 praesentis
2914 4607 3175 4664 Ecclesiis
3192 4608 3394 4663 decem
3415 4607 3579 4678 Epis-

1930 4694 2185 4751 tolarum
2201 4696 2509 4752 sententiis
2520 4696 2978 4753 intormarentur
2992 4697 3064 4754 ad
3076 4697 3257 4753 vitam
3276 4700 3550 4752 aeternam
3562 4737 3576 4762 ,

1932 4792 1990 4842 et
2018 4784 2269 4841 salutem
2298 4790 2660 4857 perpetuam.
2714 4791 2861 4858 Apte
2907 4787 3085 4842 etiam
3134 4784 3578 4858 quatuordecim

1934 4874 2171 4946 scripsit
2204 4891 2217 4930 :
2251 4891 2387 4930 nam
2415 4875 2569 4931 sicut
2598 4875 2836 4931 denario
2866 4874 3209 4947 Decalogus,
3236 4873 3320 4928 ita
3347 4876 3583 4943 quater-

1933 4963 2098 5021 nario
2127 4964 2391 5020 doctrina
2418 4963 2715 5037 Evangelii
2745 4966 3107 5039 designatur.
3131 4960 3581 5028 Quatuordecim

1933 5069 2069 5126 ergo
2100 5052 2391 5126 Epistolas
2421 5054 2660 5126 scripsit
2708 5053 3046 5127 Apostolus,
3079 5055 3148 5107 ut
3181 5051 3309 5123 ipso
3339 5065 3583 5104 numero

1933 5141 2305 5199 concordiam
2335 5144 2567 5217 legis,et
2590 5143 2793 5217 gratias
2813 5144 3261 5206 demonstraret,
3285 5153 3465 5210 seque
3495 5138 3585 5193 ni-

1932 5231 2255 5288 hilominus
2283 5232 2548 5304 ejusdem
2580 5233 2748 5305 legis,
2778 5240 2837 5290 et
2864 5232 3064 5308 gratim
3096 5227 3591 5300 impletorem,do-
