4030 5310
460 392 578 467 127
1471 398 1807 463 ATTONIS
1853 400 2443 463 VERCELLENSIS
2487 400 2845 465 EPISGOPI
3746 406 3846 469 128

455 524 610 582 libus
624 524 954 597 rapiebatur
972 528 1529 604 bonis(64‘).Paulus
1550 534 1785 591 Hebraeo
1809 551 2099 602 sermone,
2130 537 2186 602 Α
2287 535 2355 591 Et
2384 535 2523 608 quia
2546 536 2842 607 praefatam
2867 536 3079 592 Urbem
3096 540 3342 610 uterque
3365 533 3622 610 populus
3643 536 3847 597 habita-

459 615 660 672 Latine
686 616 903 674 dicitur
928 619 1303 691 admirabilis,
1325 622 1444 678 sive
1466 625 1767 681 electus.Et
1796 631 1925 696 apte
1958 642 2102 697 quo-
2214 625 2331 691 bat,
2364 624 2549 680 Judaei
2584 630 2757 699 atque
2786 625 3033 698 gentiles
3064 626 3387 698 plurimum
3422 627 3577 681 inter
3606 644 3666 682 se
3694 628 3846 684 dissi-

459 704 594 760 dam
627 708 905 779 praesagio
936 710 1300 766 admirabilis
1332 711 1522 768 dictus
1551 719 1657 781 est,
1692 715 1969 784 quoniam
2016 714 2104 769 in-
2214 716 2438 784 dentes,
2488 721 2542 771 et
2591 715 2761 786 quasi
2809 720 3137 787 pugnanter
3184 716 3557 786 dimicantes,
3592 715 3709 772 haec
3751 717 3846 773 sibi

461 794 681 863 cipiens
711 797 782 852 ab
812 797 1190 869 Jerosolymis
1219 814 1321 870 per
1351 800 1615 872 singulas
1647 803 2106 875 circumquaque
2214 803 2550 860 insultando
2582 808 2639 859 et
2668 803 2999 860 altercando
3019 805 3267 876 objicere
3297 804 3849 861 solebant.Dicebant

461 883 725 956 regiones
756 902 940 956 usque
970 886 1041 941 ad
1076 886 1368 956 Illyricum
1400 890 1747 946 mirabiliter
1774 894 2108 962 praedicavit
2217 894 2371 948 enim
2399 894 2584 949 Judaei
2618 910 2629 947 :
2665 894 2782 949 Nos
2812 910 2998 965 genus
3029 893 3301 964 electum,
3334 893 3593 965 populus
3616 895 3847 965 acquisi-

462 973 837 1045 Evangelium
864 992 876 1029 :
903 975 1021 1030 sive
1051 976 1185 1045 quia
1211 976 1394 1032 multa
1428 980 1777 1047 miranda,id
1812 986 1899 1036 est
1915 983 2102 1054 signa,

461 1066 511 1117 ei
548 1062 810 1134 prodigia
843 1063 1229 1122 fecit.Electus
1250 1072 1445 1123 autem
1469 1068 1596 1125 ideo
1624 1069 1814 1126 dictus
1836 1077 1941 1138 est,
1969 1089 2107 1142 quo-

462 1152 621 1207 niam
645 1151 865 1208 electus
879 1158 1011 1209 esta
1028 1156 1267 1212 Domino
1285 1158 1355 1212 ad
1374 1158 1804 1229 praedicationis
1825 1161 2105 1217 officium.

462 1240 624 1295 Unde
654 1241 777 1311 ipse
806 1242 941 1296 alibi
975 1243 1114 1299 dicit
1143 1263 1156 1300 :
1189 1245 1341 1301 Sicut
1369 1249 1535 1316 elegit
1577 1265 1674 1304 nos
1720 1252 1783 1305 in
1830 1252 1944 1321 ipso
1983 1260 2111 1306 ante

460 1331 661 1386 mundi
685 1334 1127 1388 constitutionem
1157 1335 1414 1406 (Ephesi,
1439 1338 1512 1407 4).
1543 1338 1685 1393 Hinc
1707 1342 1762 1394 et
1784 1339 1840 1393 in
1864 1340 2107 1395 Actibus

464 1419 863 1490 apostolorum
897 1422 1148 1491 Spiritus
1182 1431 1426 1481 sanctus
1455 1426 1734 1499 loquitur,
1760 1428 1994 1485 dicens:
2019 1429 2111 1486 Se-

463 1514 685 1578 gregate
712 1511 854 1565 mihi
881 1512 1197 1568 Barnabam
1225 1523 1278 1569 et
1316 1517 1574 1587 Paulum,
1609 1518 1665 1571 in
1698 1533 1829 1589 Opus
1872 1518 1940 1573 ad
1969 1519 2111 1589 quod

463 1598 606 1667 elegi
632 1614 720 1653 eos
748 1600 881 1666 (Act.
912 1618 1036 1671 xm,
1063 1603 1139 1674 2).
1174 1602 1387 1659 Paulus
1416 1622 1548 1661 vero
1580 1606 1638 1661 in
1674 1607 1878 1662 Latino
1896 1624 2113 1664 sermo-

466 1703 537 1742 ne
568 1704 601 1741 a
630 1688 860 1744 modico
884 1689 1077 1746 dictus
1098 1695 1212 1747 est:
1235 1696 1322 1748 est
1342 1694 1498 1748 enim
1521 1710 1713 1751 sermo
1734 1695 2110 1765 humilitatis;

465 1777 620 1831 unde
652 1777 858 1833 beatus
888 1780 1252 1851 Augustinus
1278 1782 1419 1837 dicit
1452 1799 1463 1836 :
1500 1783 1681 1839 Usum
1715 1786 1923 1841 Latinae
1947 1785 2113 1841 locu-

464 1865 643 1922 tionis
674 1867 979 1937 advertite;
1014 1886 1150 1924 nam
1181 1869 1398 1927 Paulus
1426 1873 1693 1929 modicus
1724 1874 1938 1931 dicitur
1971 1890 1983 1930 :
2026 1874 2111 1930 sic
2141 1909 2190 1974 B

466 1955 622 2010 enim
654 1954 909 2011 solemus
940 1957 1164 2014 dicere:
1185 1958 1363 2015 Paulo
1385 1964 1516 2031 post
1543 1962 1750 2018 videbo
1783 1967 1857 2034 te,
1881 1968 1937 2018 et
1968 1981 2112 2035 pau-

466 2042 589 2099 lum
624 2042 718 2100 hic
760 2050 1052 2117 exspecta,
1100 2047 1157 2101 id
1207 2053 1316 2115 est,
1376 2055 1507 2119 post
1564 2051 1862 2107 modicum
1907 2053 2112 2108 videbo

464 2136 541 2200 te,
574 2138 630 2188 et
661 2134 955 2190 modicum
982 2136 1076 2191 hic
1105 2139 1646 2209 exspecta.Pulchre
1675 2140 1875 2212 itaque
1924 2159 1957 2197 a
1989 2158 2110 2197 mo-

464 2223 593 2278 dico
624 2223 813 2279 dictus
839 2230 946 2292 est,
979 2227 1254 2296 quoniam
1308 2244 1533 2299 magnae
1579 2229 1690 2284 fuit
1736 2230 2109 2287 humilitatis.

467 2311 631 2367 Unde
660 2316 717 2366 et
747 2313 872 2383 ipse
904 2313 1041 2368 alibi
1077 2314 1217 2369 dicit
1270 2331 1282 2369 :
1334 2318 1443 2384 Ego
1486 2318 1635 2374 enim
1681 2335 1803 2374 sum
1845 2321 2113 2375 minimus

464 2398 861 2472 apostolorum,
903 2404 1001 2473 qui
1042 2419 1151 2459 non
1197 2421 1318 2459 sum
1362 2405 1559 2477 dignus
1608 2409 1793 2463 vocari
1841 2410 2114 2479 apostolus

466 2488 512 2560 (1
568 2488 688 2544 Cor.
738 2506 829 2561 xv,
880 2490 957 2562 9).
1020 2491 1295 2562 Apostolus
1353 2494 1564 2550 Graece.
1634 2496 1833 2551 Latine
1898 2497 2115 2552 dicitur

464 2580 686 2648 missus,
720 2579 791 2633 Et
818 2578 1058 2649 pulchre
1087 2582 1304 2637 missus
1335 2582 1528 2638 dictus
1553 2589 1659 2652 est,
1687 2585 1825 2657 quia
1855 2603 1971 2641 non
1993 2603 2111 2641 suae

469 2667 662 2722 carnis
692 2667 976 2724 instinctu
1005 2671 1255 2741 venit,ut
1282 2674 1775 2744 pseudoapostoli,
1810 2691 1913 2730 nec
1934 2693 1967 2730 a
1988 2675 2112 2730 dia-

467 2755 621 2826 bolo,
647 2756 735 2813 vel
768 2759 839 2814 ab
871 2757 1128 2828 homine,
1161 2761 1261 2816 sed
1290 2778 1323 2816 a
1351 2761 1468 2818 Deo
1497 2763 1719 2819 missus
1750 2770 1857 2835 est,
1881 2769 1947 2820 ut
1976 2780 2111 2820 eum

467 2846 741 2918 gentibus
791 2847 1147 2919 praedicaret.
1212 2850 1374 2907 Unde
1429 2851 1711 2909 Dominus
1758 2853 1818 2908 in
1865 2853 2112 2909 Actibus

467 2935 870 3007 apostolorum
901 2937 1043 2993 dicit
1074 2954 1087 2993 :
1119 2939 1250 2995 Ecce
1278 2956 1373 3009 ego
1404 2940 1475 2996 ad
1498 2949 1680 3012 gentes
1722 2943 1880 3013 longe
1906 2944 2113 3013 positas

462 3027 685 3083 mittam
713 3034 762 3082 te
792 3027 1103 3097 (65).Quod
1135 3045 1345 3085 nomen
1378 3046 1481 3102 per
1510 3048 1572 3086 se
1602 3034 1859 3103 positum
1882 3047 2114 3104 semper

465 3113 524 3168 in
574 3114 725 3177 bono
775 3115 1074 3188 accipitur.
1122 3118 1414 3175 Romanos
1462 3119 1638 3177 Italos
1686 3137 1815 3177 esse
1863 3126 2109 3194 constat,

464 3205 744 3274 quoniam
767 3206 950 3263 Roma
972 3207 1030 3261 in
1056 3209 1309 3279 quadam
1333 3209 1508 3264 Italiae
1541 3215 1703 3281 parte
1725 3210 1839 3267 sita
1859 3216 2111 3282 est,quo-

2213 982 2413 1053 tionis,
2448 982 2611 1054 plebs
2645 987 2847 1038 sancta
2894 999 2963 1038 ex
3009 982 3189 1054 stirpe
3220 982 3687 1054 patriarcharum
3718 989 3845 1053 orta,

2217 1088 2364 1143 quos
2394 1071 2679 1127 Dominus
2720 1071 2923 1126 multis
2973 1072 3157 1143 signis
3188 1078 3245 1127 et
3273 1071 3560 1143 prodigiis
3590 1072 3662 1126 ab
3690 1077 3847 1145 ngy-

2218 1161 2407 1232 ptiaca
2436 1162 2714 1216 servitute
2742 1159 3040 1227 liberavit;
3075 1178 3182 1216 nos
3206 1160 3379 1216 siccis
3411 1160 3660 1231 pedibus
3709 1179 3850 1217 mare

2216 1249 2761 1316 transivimus;cum
2776 1249 3046 1305 inimicos
3062 1254 3291 1305 nostros
3310 1249 3645 1321 gravissimi
3661 1251 3850 1306 ﬂuctus

2217 1338 2601 1406 involverent;
2628 1338 2799 1394 nobis
2818 1338 2878 1393 in
2903 1339 3129 1394 deserto
3152 1338 3339 1410 legem
3362 1339 3551 1406 dedit,
3582 1342 3638 1394 et
3658 1356 3853 1395 manna

2219 1428 2290 1483 de
2321 1427 2462 1483 coelo
2490 1427 2669 1498 pluit;
2703 1444 2919 1500 aquam
2943 1429 3014 1484 de
3036 1432 3200 1498 petra
3220 1444 3501 1483 emanare
3528 1428 3682 1494 fecit;
3706 1428 3853 1483 nobis

2218 1520 2435 1572 terram
2465 1515 2631 1583 lacte,
2669 1520 2726 1572 et
2755 1516 2927 1573 melle
2980 1521 3315 1572 manantem
3366 1516 3663 1588 promisit,
3710 1522 3763 1571 et
3804 1517 3853 1572 in

2221 1605 2512 1672 eamdem,
2561 1604 2713 1661 sicut
2759 1606 3128 1676 promiserat,
3169 1604 3518 1661 introduxit.
3573 1606 3654 1660 Ex
3705 1606 3853 1661 nobis

2220 1692 2613 1765 prophetae,“
2636 1693 2805 1749 nobis
2836 1710 2897 1749 se
2924 1693 3119 1765 ipsum
3141 1693 3197 1748 in
3217 1710 3390 1749 carne
3415 1698 3726 1749 venturum
3746 1711 3854 1766 pro-

2222 1782 2403 1850 misit,
2435 1786 2490 1838 et
2518 1781 2755 1838 veniens
2802 1798 2871 1837 ex
2919 1782 3088 1838 nobis
3120 1798 3355 1839 carnem
3386 1782 3669 1855 sumpsit,
3700 1788 3852 1854 atque

2221 1871 2374 1928 inter
2392 1888 2499 1928 nos
2519 1875 2914 1928 commoratus
2933 1870 3121 1927 multa
3136 1871 3305 1943 signa
3320 1875 3377 1927 et
3394 1871 3695 1927 mirabilia
3715 1871 3848 1938 fecit,

2223 1977 2447 2033 nosque
2476 1960 2534 2017 in
2566 1959 2875 2031 Evangelio
2907 1959 3076 2030 ﬁlios,
3109 1976 3209 2017 vos
3239 1961 3438 2032 potius
3460 1976 3637 2016 canes
3671 1958 3851 2033 appel-

2221 2048 2384 2117 lavit,
2417 2053 2473 2105 et
2502 2049 2626 2105 ideo
2660 2049 2951 2105 consortio
2984 2053 3182 2105 nostro
3213 2049 3375 2120 digni
3408 2064 3531 2105 non
3562 2048 3853 2121 estis,quia

2222 2154 2453 2207 semper
2480 2138 2637 2194 idola
2664 2155 2813 2194 vana
2842 2142 2898 2193 et
2928 2142 3092 2193 muta
3122 2137 3409 2194 coluistis.
3445 2139 3533 2193 Ad
3577 2138 3695 2193 haec
3735 2154 3855 2210 gen-

2219 2226 2353 2283 tiles
2383 2227 2815 2299 respondebant
2832 2245 2845 2283 :
2864 2227 3015 2283 Vera
3035 2243 3163 2283 esse
3184 2227 3486 2283 credimus
3507 2244 3635 2298 quae
3658 2226 3848 2291 dicitis;

2222 2320 2484 2373 attamen
2517 2320 2737 2387 quanto
2769 2318 2993 2387 majora
3013 2332 3151 2388 erga
3170 2333 3271 2372 vos
3304 2316 3406 2371 Dei
3438 2316 3721 2372 beneﬁcia
3740 2332 3853 2370 nar-

2221 2404 2677 2473 raveritis,tanto
2698 2421 2799 2460 vos
2823 2405 3141 2460 deteriores
3174 2405 3502 2460 ostendatis
3524 2421 3535 2461 :
3558 2405 3699 2475 ipsis
3719 2404 3853 2459 enim

2220 2493 2489 2564 pedibus,
2524 2494 2742 2566 quibus
2772 2511 2933 2550 mare
2977 2511 3080 2565 per
3126 2494 3348 2549 siccum
3379 2494 3705 2562 transistis,
3743 2496 3857 2547 ante

2222 2582 2381 2638 idola
2408 2582 2677 2639 saltando
2708 2582 2968 2651 lusistis;
3002 2583 3128 2655 ipso
3161 2600 3400 2655 ore,quo
3433 2600 3655 2638 manna
3686 2597 3853 2637 come-

2223 2671 2735 2740 distia,laudantes
2767 2673 2905 2727 deos
2936 2688 3144 2727 aureos
3173 2671 3457 2727 dicebatis
3492 2688 3505 2726 :
3536 2671 3606 2727 Hi
3636 2674 3769 2726 sunt
3790 2668 3855 2724 dii

2221 2761 2329 2828 tui,
2363 2760 2565 2833 Israel,
2598 2761 2697 2833 qui
2729 2762 3058 2817 eduxerunt
3100 2763 3157 2816 te
3197 2762 3266 2817 de
3312 2765 3472 2817 terra
3508 2758 3763 2833 Egypti;
3789 2761 3853 2825 et,

2222 2855 2287 2905 ut
2317 2854 2522 2906 caetera
2552 2849 3086 2922 praetermittamus,
3122 2850 3248 2921 ipso
3275 2866 3378 2923 per
3403 2849 3749 2922 mysterium
3776 2846 3852 2902 in-

2222 2939 2575 2996 carnationis
2606 2944 2946 3013 apparente,
2981 2956 3097 2996 non
3146 2938 3339 2995 solum
3390 2938 3690 3011 suscipere
3737 2950 3851 2991 eum

2221 3028 2518 3097 noluistis,
2553 3029 2677 3098 sed,
2708 3029 2861 3101 quod
2895 3032 2983 3083 est
3008 3028 3288 3095 deterius,
3314 3030 3500 3084 morte
3530 3025 3853 3099 turpissima

2221 3118 2675 3177 condemnastis.
2694 3118 2809 3175 Nos
2838 3135 2974 3175 vero
3003 3118 3165 3175 nulla
3187 3118 3315 3189 ejus
3346 3116 3516 3190 signa
3545 3117 3850 3179 cernentes,

2221 3207 2346 3263 sola
2376 3208 2533 3265 fama
2566 3207 2825 3262 nominis
2857 3208 2984 3277 ejus
3016 3207 3234 3276 audita,
3251 3205 3453 3261 statim
3481 3203 3849 3261 credidimus:

462 3309 593 3348 rum
626 3293 962 3365 imperium,
997 3300 1060 3352 ut
1089 3296 1229 3352 dicit
1258 3298 1463 3353 beatus
1488 3279 2108 3372 Augustinus,quanto
2140 3279 2182 3346 C
2222 3297 2377 3351 unde
2408 3299 2606 3351 nostro
2639 3295 2929 3351 consortio
2983 3294 3143 3366 digni
3189 3310 3305 3349 non
3352 3292 3516 3360 estis,
3552 3309 3659 3348 nec
3706 3288 3851 3347 nobis

462 3382 521 3441 in
553 3382 872 3453 primordio
905 3385 1137 3441 brevius
1167 3386 1295 3456 fuit,
1321 3392 1380 3442 et
1408 3389 1738 3460 angustius,
1770 3392 1933 3445 tanto
1954 3393 2108 3459 post-

465 3472 706 3527 modum
742 3474 933 3543 majus
963 3477 1019 3529 et
1042 3473 1406 3531 latius.Adeo
1431 3477 1587 3532 enim
1618 3482 2012 3545 excrevsrunt,
2044 3482 2111 3533 ut

464 3576 610 3632 pene
640 3563 830 3616 totum
862 3561 976 3617 sibi
1006 3562 1325 3619 subderent
1361 3567 1583 3635 orbem,
1636 3567 1848 3639 partim
1896 3567 2109 3639 gladiis

465 3648 874 3717 interimenda,
909 3652 1122 3721 partim
1146 3654 1255 3710 sub
1286 3654 1572 3711 tributum
1604 3656 2110 3729 redigendo.Unde

463 3742 520 3793 et
551 3743 682 3810 apte
710 3740 956 3796 Romani
988 3741 1128 3797 dicti
1161 3747 1318 3812 sunt,
1351 3746 1507 3816 quod
1538 3746 1996 3817 interpretantur
2015 3761 2110 3800 su-

464 3826 699 3896 blimes,
740 3827 860 3885 sive
889 3834 1180 3900 tonantes,
1213 3833 1490 3903 quoniam
1511 3834 1661 3889 sicut
1680 3835 1899 3890 tonitru
1921 3833 2108 3888 homi-

467 3931 571 3971 nes
599 3920 798 3987 terret,
830 3917 913 3974 ita
939 3935 1143 3975 eorum
1172 3920 1349 3977 timor
1374 3926 1565 3978 totum
1587 3923 1865 3979 invaserit
1884 3923 2106 3977 orbem.

466 4004 749 4063 Praeterea
793 4008 1119 4080 sciendum,
1170 4012 1309 4083 quia
1357 4012 1636 4069 Romanis
1684 4029 1801 4068 non
1853 4012 2105 4083 primum

465 4095 778 4167 Apostolus
807 4097 1186 4171 Evangelium
1218 4101 1709 4173 annuntiavit,aut
1736 4102 1872 4157 ﬁdei
1894 4102 2110 4156 funda-

469 4188 732 4241 mentum
763 4186 972 4256 posuit,
1006 4189 1128 4255 sed,
1164 4193 1229 4245 ut
1256 4191 1495 4261 quidam
1528 4191 1750 4260 dicunt,
1785 4188 2111 4260 Petrus,alii

465 4289 601 4330 vero
617 4276 1037 4345 Barnabas,aut
1048 4278 1262 4350 aliquis
1276 4279 1645 4351 septuaginta
1662 4277 2109 4350 discipulorum.

470 4363 540 4417 Et
588 4364 711 4420 ﬁeri
758 4366 999 4435 quidem
1049 4367 1260 4438 potuit,
1311 4371 1396 4432 ut,
1430 4367 1776 4437 praedicante
1822 4368 2108 4435 Barnaba,

471 4456 575 4507 aut
604 4452 803 4523 aliquo
834 4454 1255 4525 discipulorum
1287 4456 1540 4523 Domini,
1562 4456 1738 4512 ﬁdem
1769 4456 1979 4511 Christi
2006 4472 2109 4511 su-

470 4540 783 4610 sceperint,
811 4545 867 4597 et
897 4559 930 4597 a
961 4545 1124 4598 Petro
1155 4542 1213 4597 in
1245 4544 1447 4599 eadem
1480 4545 1593 4600 ﬁde
1614 4544 1733 4600 sint
1760 4544 2111 4613 confirmati,

2219 3384 2565 3457 aequiparari
2597 3383 3126 3455 potestis.Audiens
3152 3382 3334 3455 igitur
3362 3380 3683 3457 Apostolus
3720 3380 3853 3434 inter

2220 3490 2320 3529 eos
2344 3473 2494 3528 hanc
2525 3471 2977 3539 dissensionem,
3014 3471 3184 3543 quasi
3227 3488 3331 3543 pro
3379 3470 3574 3544 lapide
3605 3465 3851 3543 angulari

2220 3564 2465 3621 Domino
2510 3562 2779 3619 videlicet
2803 3562 2945 3618 Jesu
2978 3561 3208 3619 Christo
3256 3561 3548 3635 legatione
3598 3562 3850 3633 fungens,

2221 3654 2376 3710 sicut
2407 3653 2530 3725 ipse
2561 3652 2858 3707 dicit:Pro
2892 3650 3099 3707 Christo
3129 3652 3274 3707 enim
3299 3652 3569 3722 legatione
3585 3649 3853 3722 fungimur

2220 3744 2295 3813 (II
2322 3742 2442 3798 Cor.
2474 3759 2530 3808 γ,
2561 3744 2683 3811 20);
2718 3741 2937 3814 (Ephes,
2961 3758 3037 3809 v1,
3082 3742 3174 3813 20)
3211 3758 3223 3797 :
3257 3758 3320 3798 se
3356 3741 3618 3796 medium
3650 3734 3844 3811 posuit,

2220 3834 2491 3903 atque,ut
2511 3848 2609 3887 eos
2640 3832 2711 3887 ad
2744 3831 2905 3903 pacis
2928 3830 3299 3887 concordiam
3332 3834 3389 3886 et
3419 3830 3552 3885 ﬁdei
3585 3827 3848 3884 unitatem

2219 3925 2537 3988 revocaret,
2569 3921 2719 3977 hanc
2747 3921 2831 3977 eis
2862 3920 3068 3976 direxit
3096 3919 3429 3992 epistolam,
3454 3919 3512 3973 in
3537 3934 3654 3989 qua
3676 3919 3850 3971 osten-

2225 4009 2311 4065 dit
2338 4027 2437 4066 eos
2466 4026 2672 4066 omnes
2704 4026 2832 4066 esse
2862 4014 3212 4081 peccatores,
3245 4011 3302 4064 et
3330 4022 3497 4080 egere
3529 4004 3717 4080 gratia
3747 3999 3853 4055 Dei.

2221 4099 2385 4155 Unde
2418 4099 2589 4172 paulo
2622 4099 2867 4155 inferius
2897 4098 3040 4153 dicit
3072 4116 3085 4161 ;
3120 4099 3242 4153 Non
3266 4101 3346 4153 est
3376 4097 3659 4153 distinctio
3694 4088 3854 4149 Judaei

2220 4191 2271 4245 et
2302 4189 2492 4245 Graeci
2521 4190 2694 4256 (Rom.
2739 4205 2796 4253 x,
2830 4189 2937 4258 l2).
2972 4188 3167 4244 Omnes
3206 4188 3357 4244 enim
3399 4186 3769 4258 peccaverunt,
3812 4180 3854 4231 et

2220 4280 2378 4349 egent
2418 4279 2599 4347 gratia
2628 4278 2727 4332 Dei
2757 4277 2888 4348 (66).
2922 4276 3191 4332 Ostendit
3219 4274 3607 4331 nihilominus
3636 4288 3731 4329 eos
3755 4281 3850 4323 non

2223 4367 2347 4423 suis
2378 4365 2629 4433 meritis,
2663 4366 2764 4421 sed
2794 4364 2892 4419 Dei
2928 4366 3113 4438 gratia
3143 4364 3429 4431 salvatos;
3460 4364 3707 4435 ideoque
3736 4353 3847 4412 nul-

2222 4456 2341 4512 lam
2392 4455 2599 4511 debere
2650 4470 2782 4510 esse
2826 4453 3276 4510 dissensionem.
3310 4453 3475 4521 Unde
3515 4452 3665 4507 circa
3694 4449 3847 4504 ﬁnem

2223 4545 2401 4615 hujus
2450 4543 2719 4615 Epistolas
2780 4544 2839 4598 in
2888 4544 3220 4599 civitatibus
3271 4542 3629 4598 exhortando
3676 4533 3843 4592 dicit:

467 4628 568 4684 sed
591 4717 595 4718 γ
620 4628 807 4700 magis
849 4646 883 4684 a
930 4630 1109 4687 Paulo
1159 4632 1531 4691 corroborati.
1572 4634 1834 4690 Attamen
1879 4650 2112 4707 quoquo
2142 4653 2190 4718 D
2222 4635 2452 4705 Propter
2480 4634 2622 4705 quod
2648 4634 2909 4703 suscipite
2936 4635 3191 4698 invicem,
3224 4632 3365 4688 sicut
3394 4635 3445 4687 et
3475 4631 3714 4685 Christus
3739 4636 3848 4677 su:-

471 4717 644 4777 modo
674 4719 919 4776 verbum
949 4720 1247 4795 Evangelii
1295 4724 1367 4778 ad
1418 4739 1517 4779 eos
1567 4724 1847 4794 pervenit,
1894 4728 1951 4779 et
1997 4723 2109 4794 ipsi
2168 4717 2174 4718 ί
2220 4725 2363 4794 cepit
2390 4737 2485 4777 vos
2515 4723 2579 4776 in
2608 4720 2869 4777 honorem
2896 4721 2995 4777 Dei
3018 4721 3196 4790 (Rom.
3228 4736 3322 4785 xv,
3350 4720 3430 4792 7).

470 4806 710 4878 quidem
741 4815 1155 4881 susceperunt;
1208 4813 1309 4868 sed
1345 4817 1561 4883 postea
1590 4813 1845 4883 corrupti
1887 4817 2027 4868 sunt
2081 4829 2115 4867 a

468 4897 995 4969 pseudoapostolis,
1028 4906 1085 4955 et
1124 4901 1371 4966 inducti,
1394 4894 1468 4957 'ut
1496 4902 1682 4974 legem
1713 4906 1769 4957 et
1800 4902 2114 4973 prophetas

468 4986 1455 5062 carnaliterintclligerent.Plurimi
1475 5008 1729 5063 namque
1758 4992 2112 5055 Judaaorum,

2294 4810 2451 4879 (ΟΑΡ.
2485 4810 2553 4881 Ι.)
2587 4810 2792 4865 Paulus
2818 4826 3005 4866 servus
3037 4809 3245 4865 ϐῆ,νὶδεί
3295 4810 3420 4865 Jesu
3469 4808 3683 4863 vocatus
3707 4812 3845 4873 apos-

2224 4901 2382 4957 tolus.
2414 4905 2727 4971 segregatus
2756 4901 2818 4955 in
2843 4900 3205 4970 Bvangelium
3232 4900 3350 4954 Dei.
3386 4898 3451 4953 In
3483 4898 3666 4952 fronte
3687 4889 3845 4960 hujus

2221 4988 2493 5061 Epistolas
2509 4989 2694 5045 oritur
2714 4989 3168 5061 qumstio,quare
3192 4988 3292 5060 qui
3312 4988 3475 5060 prius
3500 4974 3846 5068 Saulus,p0.$t
