4030 5310
220 323 331 383 133

813 320 1235 382 EXPOSITIO
1278 321 1356 381 ΙΝ
1402 320 1834 381 EPISTOLAS
1884 319 2348 382 PAULL—IN
2396 320 2648 382 EPIST.
2679 324 2783 382 AD
2829 323 3020 385 ROM.

3508 324 3625 384 134

222 455 374 511 fidei.
407 455 519 509 Sed
552 470 656 527 pro
698 470 814 526 quo
838 457 860 509 Ρ
888 459 1002 509 Pro
1029 456 1273 525 nomine,
1306 454 1521 526 inquit,
1554 422 1863 524 ejus,.tan-
1895 455 1947 521 Α
1980 453 2302 524 praefertur.
2329 454 2438 509 Sed
2470 455 2613 511 dicit
2634 458 2881 514 fortasse
2902 457 3153 529 aliquis:
3181 456 3296 510 Cur
3314 456 3627 528 Apostolus

224 561 396 617 quam
428 544 649 599 diceret
680 560 695 597 :
729 544 947 599 Idcirco
978 544 1228 615 gratiam
1259 546 1315 599 et
1344 542 1738 615 apostolatum
1770 559 1866 597 ac-

225 633 367 706 cepi,
398 637 465 688 ut
495 649 698 689 omnes
728 632 1004 689 obediant
1036 634 1190 700 fidei,
1223 637 1278 688 et
1310 632 1547 688 credant
1579 632 1638 686 in
1682 648 1815 687 eum
1852 649 1866 687 :

227 729 281 779 et
309 722 643 794 quicunque
673 722 1066 793 praedestinati
1116 726 1172 777 et
1215 721 1475 777 salvandi
1507 725 1668 791 sunt,
1702 722 1869 793 signo

229 811 481 868 nominis
504 813 632 881 ejus
656 812 981 883 signentur.
1010 814 1076 865 Et
1108 828 1179 866 ne
1209 811 1353 866 forte
1375 810 1497 866 haec
1517 810 1704 882 gratia
1730 809 1872 864 solis

228 900 442 957 Iudaeis
492 916 770 955 concessa
813 900 1122 970 videretur,
1164 902 1225 955 in
1273 900 1524 955 omnibus
1574 900 1870 970 gentibus:

226 1008 430 1067 rursus
454 1006 523 1044 ne
538 990 781 1045 Romani
806 989 1140 1044 viderentur
1160 989 1401 1060 excepti,
1416 989 1720 1059 subjunxit
1737 990 1869 1059 (75):

230 1083 290 1136 In
319 1079 518 1150 quibus
556 1081 685 1133 estis
732 1088 782 1134 et
833 1096 920 1133 vos
957 1081 1140 1135 vocati
1175 1081 1302 1134 Iesu
1332 1080 1563 1142 Christi,
1596 1078 1751 1149 quod
1783 1081 1873 1132 est

232 1172 421 1242 aperte
454 1168 682 1223 dicere:
716 1168 822 1232 Qui
855 1168 1119 1223 omnium
1151 1169 1412 1239 gentium
1437 1166 1721 1232 Salvator,
1745 1168 1874 1237 ejus

236 1262 283 1312 et
313 1273 413 1312 vos
445 1257 587 1312 estis
616 1257 824 1325 vocati,
849 1257 1120 1328 quamvis
1152 1274 1265 1313 non
1300 1258 1358 1312 in
1381 1258 1742 1323 Judieorum,
1774 1256 1875 1311 sed

234 1347 287 1401 in
311 1347 578 1417 gentium
602 1362 845 1401 numero
868 1346 1105 1402 inventi.
1122 1347 1327 1419 Igitur,
1343 1346 1483 1418 quia
1500 1346 1725 1401 dixerat
1745 1346 1878 1417 quis

236 1434 509 1490 scriberet
536 1451 547 1490 :
582 1436 813 1505 Paulus,
844 1434 1137 1507 inquiens,
1160 1450 1317 1490 serus
1345 1434 1546 1489 Christi
1566 1436 1715 1499 Iesu,
1740 1438 1877 1504 etc.,

238 1529 295 1579 ut
343 1523 682 1579 ostenderet
729 1524 945 1595 quibus
994 1523 1297 1589 scriberet,
1331 1523 1538 1579 addit:
1596 1523 1877 1594 Omnibus,

236 1613 324 1683 qui
366 1614 499 1666 sunt
546 1615 735 1668 Romae
778 1612 998 1667 dilectis
1043 1612 1142 1666 Dei
1178 1612 1379 1667 vocatis
1407 1612 1611 1667 sanctis
1642 1610 1792 1681 (76);
1827 1615 1883 1665 et

239 1702 483 1773 reliqua.
509 1700 610 1755 His
642 1699 834 1755 verbis
865 1700 1121 1755 divinam
1156 1700 1527 1756 commendat
1558 1699 1882 1755 misericor-

239 1790 407 1858 diam,
444 1792 503 1845 et
533 1788 807 1844 meritum
842 1788 1170 1844 humanum
1201 1791 1462 1844 evacuat.
1495 1788 1642 1843 Nam
1675 1791 1881 1843 notau-

238 1879 389 1942 dum,
422 1878 566 1949 quia
595 1894 711 1932 non
744 1878 846 1948 ait,
880 1876 1259 1949 diligentibus
1289 1878 1496 1948 Deum,
1522 1877 1622 1933 sed
1655 1875 1884 1933 dilectis

243 1967 329 2024 Dei
362 1985 373 2022 :
430 1984 548 2021 non
594 1967 749 2022 enim
781 1966 909 2022 ideo
939 1966 1135 2021 dilecti
1168 1970 1328 2032 sunt,
1362 1966 1502 2037 quia
1533 1964 1883 2035 dilexerunt,

248 2057 335 2111 sed
388 2056 534 2128 quia
584 2054 780 2109 dilecti
830 2059 989 2125 sunt,
1040 2054 1256 2110 idcirco
1316 2054 1681 2121 dilexerunt;
1736 2054 1887 2107 unde

250 2146 491 2201 Joannes
514 2162 525 2198 :
552 2145 866 2217 Diligamus
888 2145 1352 2214 Deum,quoniam
1379 2146 1493 2216 ipse
1516 2145 1675 2215 prior
1694 2143 1888 2197 dilexit

258 2250 339 2288 nos
379 2235 427 2305 (Ι
456 2235 615 2289 Ioan.
654 2250 727 2299 1v,
764 2235 870 2304 10).
907 2233 1016 2288 Sed
1066 2233 1207 2305 quid
1254 2237 1363 2300 est,
1396 2233 1549 2304 quod
1582 2231 1663 2287 ait
1692 2234 1890 2287 vocatis

258 2326 439 2378 sanctis
464 2326 490 2375 .9
531 2320 805 2393 Nunquid
841 2322 1027 2377 sancti
1058 2322 1243 2377 vocati
1275 2322 1464 2377 sunt?
1492 2322 1615 2376 Non
1650 2320 1887 2392 utique;

253 2411 337 2467 sed
358 2411 551 2467 vocati
582 2414 722 2465 sunt
751 2409 957 2465 sancti.
984 2410 1205 2466 Similis
1227 2411 1382 2465 enim
1406 2414 1491 2465 est
1525 2409 1644 2464 hiec
1675 2408 1891 2465 locutio

248 2498 319 2553 illi
342 2498 661 2569 Zacharize,
688 2498 786 2570 qui
815 2499 897 2554 ait
922 2517 933 2555 :
970 2500 1221 2555 Visilavit
1242 2502 1291 2554 et
1318 2501 1447 2569 fecit
1469 2498 1894 2570 redemptionem

240 2589 408 2659 plebis
466 2603 585 2645 suae
633 2588 785 2659 (Luc.
836 2605 875 2659 ι,
926 2589 1038 2660 48),
1091 2606 1205 2644 non
1245 2605 1371 2659 quae
1414 2605 1521 2643 sua
1552 2589 1757 2654 fuerat,
1791 2588 1888 2642 sed

245 2694 417 2749 quam
440 2677 733 2732 visitando
765 2678 979 2732 fecerat
1007 2694 1197 2732 suam.
1221 2678 1476 2732 Joannes
1504 2677 1676 2732 etiam
1711 2676 1850 2731 dicit
1879 2694 1891 2731 :

246 2768 305 2823 Ut
332 2768 485 2837 ﬁlios
516 2768 634 2831 Dei,
663 2768 757 2837 qui
788 2774 947 2821 erant
966 2766 1222 2837 dispersi,
1244 2775 1598 2837 congregaret
1626 2768 1686 2820 in
1719 2781 1895 2820 unum

242 2857 423 2925 (Ioan.
459 2872 537 2923 x1,
569 2856 661 2925 52)
695 2873 708 2910 :
744 2870 933 2925 neque
963 2855 1119 2910 enim
1152 2855 1401 2927 dispersi
1437 2854 1629 2909 adhuc
1663 2854 1765 2907 filii
1800 2853 1895 2907 Dei

239 2950 433 3013 erant,
469 2944 569 2997 sed
603 2945 1009 3014 congregando
1058 2945 1116 2997 in
1159 2960 1344 2998 unum
1377 2943 1590 2997 fecerat
1618 2959 1717 2997 eos
1749 2941 1898 2995 filios

236 3033 365 3089 Dei.
405 3033 477 3086 Et
529 3030 804 3085 Salomon
839 3046 852 3083 :
905 3033 1197 3086 Mulierem
1224 3034 1424 3101 fortem
1453 3031 1575 3101 quis
1618 3031 1903 3084 inveniet?

237 3124 436 3193 (Prov.
486 3136 643 3185 xxx1,
696 3119 806 3189 10.)
864 3118 987 3173 Νοη
1037 3119 1194 3174 enim
1252 3118 1462 3173 mulier
1510 3118 1652 3187 haec,
1700 3119 1756 3173 id
1815 3122 1903 3173 est

239 3214 455 3266 sancta
485 3206 762 3274 Ecclesia,
798 3207 966 3261 fortis
1015 3225 1048 3262 a
1095 3207 1342 3263 Domino
1382 3208 1615 3263 inventa
1653 3212 1759 3275 est,
1794 3207 1897 3262 sed
1929 3188 1971 3253 (ἶ

242 3300 371 3373 ipse
409 3296 757 3351 inveniendo
793 3295 925 3349 fecit
954 3312 1079 3350 eam
1134 3297 1364 3351 fortem.

315 3385 591 3443 Ostensis
609 3384 859 3454 denique
875 3384 1092 3455 quibus
1111 3386 1559 3454 scriberet,nihil
1580 3389 1900 3457 supererat,

248 3476 362 3531 nisi
399 3480 465 3530 ut
487 3473 736 3530 salutem
766 3478 1023 3545 poneret,
1049 3474 1219 3545 cujus
1251 3474 1375 3529 loco
1398 3475 1594 3545 posuit
1625 3490 1824 3546 pacem
1849 3478 1905 3529 et

251 3565 526 3638 gratiam,
560 3563 842 3629 subdens,
871 3565 1055 3635 gratia
1081 3564 1250 3634 vobis,
1281 3572 1331 3619 et
1376 3580 1489 3635 pax
1530 3581 1564 3619 a
1609 3566 1715 3619 Deo
1744 3565 1907 3618 Patre

254 3664 463 3722 nostro,
496 3661 547 3708 et
576 3653 803 3708 Domino
830 3657 963 3709 Iesu
996 3652 1231 3708 Christo.
1266 3653 1426 3716 Quod
1459 3652 1601 3707 dicit
1630 3670 1664 3707 a
1692 3654 1804 3708 Deo
1834 3653 1904 3707 ad

257 3743 509 3816 gratiam
541 3746 600 3796 et
643 3758 846 3813 pacem
880 3741 1205 3811 respondet.
1240 3742 1311 3795 Et
1341 3746 1472 3812 apte
1502 3741 1740 3813 quidem
1772 3758 1904 3813 gra-

258 3832 399 3886 tiam
436 3848 471 3885 a
492 3835 603 3885 Deo
635 3830 794 3897 dicit,
819 3830 1098 3901 quoniam
1133 3833 1367 3883 noverat
1396 3845 1523 3883 esse
1555 3830 1626 3883 ab
1659 3828 1909 3883 homini-

259 3922 386 3988 bus;
403 3919 1149 3992 quemadmodumJudices
1164 3934 1437 3989 personas
1452 3917 1905 3985 considerantes,

259 4009 341 4065 vel
374 4009 699 4081 cupiditate
730 4007 975 4077 astricti,
1010 4006 1207 4072 illecti,
1239 4006 1326 4061 vel
1378 4007 1589 4062 timore
1620 4006 1908 4077 perterriti

261 4100 483 4169 gratias
513 4096 855 4152 hominibus
883 4100 1156 4168 praestare
1177 4094 1386 4151 solent.
1411 4094 1693 4150 Similiter
1721 4100 1779 4150 et
1809 4112 1908 4167 pa-

264 4202 382 4241 cem
417 4204 450 4242 a
485 4186 600 4241 Deo
631 4190 812 4257 optat,
847 4186 1123 4257 quoniam
1158 4189 1394 4240 noverat
1424 4201 1551 4240 esse
1586 4201 1785 4257 pacem
1838 4184 1909 4239 ab

265 4275 625 4344 hominibus,
650 4276 720 4330 de
746 4291 862 4345 qua
882 4274 1164 4329 Dominus
1192 4274 1252 4327 in
1274 4273 1618 4345 Evangelio:
1646 4274 1761 4329 Non
1785 4291 1912 4345 qua-

269 4364 371 4418 lem
397 4381 591 4437 pacem
621 4365 866 4419 mundus
895 4363 1008 4428 dat,
1041 4378 1135 4429 ego
1181 4362 1246 4417 do
1294 4364 1443 4417 vobis
1474 4366 1657 4430 (Joan.
1691 4380 1764 4433 1v,
1803 4365 1908 4431 10).

269 4454 334 4508 Et
352 4454 695 4523 notandum,
712 4452 853 4525 quia
871 4450 1173 4524 principali
1193 4450 1425 4523 egregio
1443 4451 1647 4506 ordine
1663 4451 1911 4522 gratiam

1979 542 2167 596 Patris
2196 547 2447 609 tantum,
2475 549 2532 600 et
2564 546 2689 600 Filii
2714 546 3070 604 mentionem
3096 546 3250 615 fecit,
3273 550 3330 601 et
3361 563 3473 601 non
3496 546 3625 618 Spi-

1980 631 2129 687 ritus
2150 632 2337 686 sancti
2353 632 2380 686 ?
2400 633 2503 688 Cui
2528 636 3033 707 respondendum:
3056 634 3201 700 Quia
3224 635 3413 706 gratia
3432 640 3490 691 et
3514 651 3625 707 pax

1980 721 2133 776 dona
2155 721 2251 775 Dei
2285 726 2461 789 sunt;
2495 724 2715 779 donum
2748 729 2939 780 autem
2967 724 3061 779 Dei
3096 729 3182 779 est
3204 724 3458 795 Spiritus
3490 741 3624 779 san-

1981 814 2131 875 ctus,
2160 810 2313 880 quod
2350 811 2629 867 Dominus
2661 812 3020 881 manifestat,
3052 830 3186 867 cum
3219 812 3361 867 dicit
3390 813 3463 867 ad
3496 828 3627 866 mu-

1984 897 2182 953 lierem
2208 899 2635 955 Samaritanam
2666 918 2679 956 :
2712 902 2771 955 Si
2799 904 2965 956 scires
2985 902 3187 957 donum
3211 904 3312 956 Dei
3339 902 3523 971 (Ioan.
3552 917 3627 967 1v,

1986 988 2095 1056 10),
2144 993 2252 1043 etc.
2303 989 2385 1055 Si,
2435 1006 2570 1061 ergo
2623 990 2812 1061 gratia
2864 995 2921 1045 et
2970 1008 3080 1062 pax
3131 992 3283 1045 dona
3333 996 3471 1045 sunt
3505 990 3630 1057 Dei,

1986 1079 2215 1129 constat
2244 1074 2443 1146 procul
2474 1076 2649 1131 dubio
2682 1077 2821 1148 quia
2852 1078 3165 1149 Apostolus
3211 1078 3393 1133 totius
3439 1078 3631 1133 Trini-

1985 1162 2123 1217 tatis
2156 1164 2289 1218 fecit
2330 1165 2708 1220 mentionem.

2060 1296 2243 1368 Igitur
2265 1297 2431 1352 finita
2451 1298 2799 1355 salutatione
2828 1300 3067 1371 pulchre
3091 1301 3407 1373 Apostolus
3439 1319 3635 1358 narra-

1987 1385 2165 1439 tionis
2214 1402 2331 1439 suze
2381 1387 2683 1442 exordium
2733 1406 2767 1444 a
2811 1390 3133 1461 gratiarum
3176 1392 3346 1462 cmpit
3386 1392 3634 1458 actione,

1990 1474 2191 1529 dicens
2226 1490 2237 1528 :
2292 1475 2544 1529 Primum
2584 1477 2801 1547 quidem
2843 1480 3061 1550 gratias
3090 1495 3188 1548 ago
3219 1480 3322 1535 Deo
3354 1496 3491 1548 meo,
3524 1486 3635 1535 etc.

1990 1562 2199 1618 Gratia:
2250 1569 2388 1617 sunt
2434 1562 2659 1635 laudes,
2722 1584 2867 1637 quas
2930 1570 3040 1622 Deo
3102 1568 3421 1623 offerimus.
3456 1574 3519 1623 1n
3570 1586 3637 1625 eo

1992 1652 2210 1722 itaque,
2244 1653 2398 1722 quod
2428 1654 2743 1724 Apostolus
2776 1658 2993 1726 gratias
3043 1658 3163 1728 agit
3210 1658 3325 1713 Deo
3377 1675 3480 1729 pro
3527 1660 3639 1714 fide

1996 1741 2413 1811 Romanorum,
2447 1759 2553 1797 nos
2586 1759 2894 1799 monemur
2924 1748 2989 1799 ut
3017 1746 3087 1800 de
3118 1745 3393 1802 omnibus
3426 1748 3641 1803 nostris

1913 1823 1960 1887 B
1994 1834 2109 1884 tam
2147 1832 2441 1901 prosperis
2474 1848 2650 1902 quam
2697 1834 2975 1905 adversis,
3008 1840 3065 1890 et
3114 1835 3184 1889 de
3232 1835 3504 1901 aliorum,
3540 1838 3640 1892 sed

1994 1923 2225 1973 tantum
2260 1920 2573 1989 prosperis,
2608 1920 2723 1975 Deo
2771 1923 2987 1993 gratias
3031 1924 3242 1978 referre
3274 1926 3637 1981 studeamus.

1996 2007 2106 2061 Sed
2138 2023 2317 2076 quare
2348 2008 2661 2077 Apostolus
2694 2026 2806 2063 non
2841 2010 3124 2077 absolute,
3160 2013 3261 2066 sed
3297 2030 3431 2067 cum
3483 2015 3640 2084 adje-

1998 2095 2185 2150 ctione
2210 2097 2289 2149 ait
2311 2097 2417 2150 Deo
2438 2113 2554 2151 meo
2570 2102 2594 2149 Υ
2613 2098 2860 2165 Scilicet,
2878 2105 2940 2153 ut
2962 2102 3313 2169 ostenderet,
3332 2102 3469 2174 quia
3490 2104 3643 2158 Deus

1999 2191 2207 2240 natura
2237 2186 2502 2240 omnium
2536 2192 2645 2252 est,
2672 2188 2969 2243 voluntate
2999 2206 3131 2244 vero
3165 2196 3221 2245 et
3252 2193 3481 2259 merito,
3506 2210 3644 2263 pau-

1999 2290 2223 2343 eorum,
2248 2274 2303 2327 id
2339 2279 2427 2328 est
2457 2274 2821 2331 solummodo
2849 2276 3189 2333 electorum.
3216 2279 3346 2333 Haec
3373 2296 3507 2351 ergo
3540 2298 3647 2336 vox

1999 2361 2234 2417 illorum
2268 2368 2498 2417 tantum
2530 2370 2639 2428 est,
2666 2366 2737 2419 de
2769 2366 2985 2435 quibus
3018 2366 3301 2422 Dominus
3333 2368 3473 2423 dicit
3500 2387 3512 2425 :
3540 2370 3646 2440 Ego

1997 2468 2119 2507 sum
2150 2453 2290 2506 Deus
2319 2453 2611 2518 Abraham,
2648 2458 2788 2508 Deus
2820 2457 2988 2524 Isaae,
3022 2465 3071 2510 et
3100 2458 3239 2511 Deus
3267 2459 3430 2513 Iacob
3457 2476 3475 2512 :
3510 2476 3646 2515 nam

1999 2540 2060 2595 in
2107 2540 2198 2595 his
2248 2541 2435 2596 tribus
2478 2559 2681 2597 omnes
2712 2544 3293 2614 comprehenduntur
3322 2547 3507 2602 electi.
3544 2548 3649 2603 Per

1982 2644 2176 2701 quem
2208 2629 2425 2699 gratias
2458 2636 2610 2701 agat,
2644 2632 2900 2686 ostendit
2932 2649 2944 2687 :
2989 2639 3097 2688 Per
3123 2639 3313 2691 Iesum
3346 2635 3644 2693 Christum.

2003 2718 2194 2773 laudis
2256 2735 2507 2789 namque
2564 2737 2683 2774 suae
2742 2722 3094 2777 sacrificium
3155 2724 3270 2779 Deo
3330 2726 3645 2795 offerebat;

2003 2808 2271 2878 ideoque,
2296 2813 2360 2861 ut
2390 2814 2619 2879 gratum
2646 2810 2826 2879 fieret,
2855 2828 2955 2881 per
2985 2828 3227 2867 manum
3261 2816 3477 2869 summi
3512 2833 3648 2885 pon-

2005 2896 2180 2949 tificis
2210 2897 2413 2950 offerre
2444 2897 2704 2968 cupiens,
2739 2898 2930 2953 aiebat
2957 2918 2968 2954 :
3006 2906 3112 2956 Per
3138 2903 3318 2957 Iesum
3352 2903 3646 2961 Christum.

2012 2982 2170 3036 Unde
2202 3000 2307 3037 nos
2332 3000 2638 3039 monemur
2668 2992 2733 3040 ut
2756 2988 2983 3057 quoties
3007 2990 3285 3046 orationis
3308 2998 3540 3057 nostris,
3564 2993 3651 3047 vel

2010 3070 2257 3124 actionis
2287 3070 2536 3140 alicujus
2568 3073 2921 3128 sacrificium
2953 3076 3069 3131 Deo
3110 3079 3315 3133 offerre
3356 3080 3651 3148 volumus,

2014 3175 2114 3230 per
2142 3160 2269 3229 ejus
2300 3176 2539 3214 manum
2584 3162 2917 3217 offeramus.

2084 3293 2196 3363 (79)
2230 3291 2372 3347 Hinc
2403 3292 2667 3348 Ecclesiae
2701 3298 3062 3352 consuetudo
3094 3301 3413 3373 descendit,
3449 3308 3512 3358 ut
3561 3322 3654 3361 sa-

2012 3381 2275 3436 cerdotes
2300 3380 2547 3453 singulis
2570 3382 2839 3452 precibus
2860 3386 3215 3459 adjungant:
3239 3392 3348 3445 Per
3367 3392 3657 3450 Dominum

2012 3478 2258 3525 nostrum
2285 3471 2466 3526 Iesum
2497 3470 2798 3528 Christum.
2825 3477 2933 3529 Pro
2964 3476 3181 3545 quibus
3213 3484 3408 3536 autem
3438 3484 3657 3553 gratias

2015 3564 2171 3631 agat,
2194 3560 2561 3615 manifestat:
2588 3562 2693 3615 Pro
2714 3564 2966 3618 omnibus
2986 3566 3154 3620 vobis.
3177 3567 3283 3622 Ubi
3308 3573 3653 3638 notandum,

2014 3650 2154 3721 quia
2176 3666 2289 3703 non
2321 3649 2421 3712 ait,
2445 3666 2548 3720 pro
2579 3651 2963 3722 sapientibus,
2989 3671 3091 3725 pro
3122 3656 3400 3715 divitibus
3427 3678 3439 3715 :
3475 3678 3545 3716 ne
3574 3663 3657 3716 vi-

2018 3739 2249 3792 deretur
2279 3754 2661 3809 personarum
2695 3746 2964 3811 acceptor
3006 3744 3106 3798 sed
3152 3748 3523 3817 generaliter,
3555 3768 3658 3823 pro

2015 3825 2212 3893 vobis;
2240 3842 2305 3879 ac
2333 3824 2381 3880 si
2404 3824 2637 3895 diceret,
2665 3827 2723 3881 in
2756 3829 2981 3885 unitate
3008 3832 3137 3886 fidei
3167 3836 3523 3893 constitutis.
3548 3844 3662 3896 Cur

2019 3918 2212 3968 autem
2246 3914 2464 3984 gratias
2496 3918 2647 3985 agat,
2682 3917 2942 3986 aperitur
2979 3936 3112 3974 cum
3160 3924 3470 3994 subditur;
3523 3928 3663 3994 Quia

2018 4001 2148 4071 ﬁdes
2167 4004 2344 4055 vestra
2372 4003 2745 4055 annuntiatur
2770 4004 2830 4056 in
2853 4007 3109 4060 universo
3138 4011 3359 4065 mundo.
3386 4013 3554 4069 Fides
3575 4021 3665 4071 est

2020 4089 2325 4144 Trinitatis
2357 4089 2667 4157 confessio,
2699 4097 2755 4145 et
2784 4092 2965 4148 totius
2996 4094 3227 4165 pietatis
3272 4115 3337 4152 ac
3387 4100 3664 4160 bonitatis

2022 4179 2492 4246 fundamentum,
2526 4184 2699 4251 atque
2740 4180 2959 4253 religio.
3001 4184 3166 4240 Fides
3198 4185 3432 4244 illarum
3466 4207 3663 4248 rerum

2020 4272 2127 4332 est,
2152 4285 2278 4339 quae
2311 4284 2424 4322 non
2454 4267 2741 4324 videntur.
2769 4270 2929 4325 Unde
2958 4273 3269 4344 Apostolus
3302 4293 3314 4331 :
3357 4281 3451 4333 Est
3480 4283 3666 4336 autem

2022 4358 2155 4427 ﬁdes
2202 4358 2534 4429 sperandum
2586 4359 2896 4415 substantia
2916 4377 3120 4433 rerum,
3145 4371 3532 4435 argumentum
3560 4387 3671 4427 non

2021 4450 2407 4518 apparentium
2460 4447 2641 4518 (Hebr.
2691 4466 2769 4516 x1,
2822 4450 2894 4520 1).
2948 4451 3115 4507 Fides
3146 4454 3380 4521 dicitur,
3412 4474 3480 4513 eo
3510 4460 3666 4529 quod

276 4543 393 4613 paci
427 4541 743 4613 praeposuit
776 4558 788 4597 :
840 4540 1029 4613 gratia
1059 4540 1215 4595 enim
1247 4544 1354 4609 est,
1388 4556 1505 4611 qua
1534 4541 1647 4609 (77)
1680 4544 1914 4610 peccata
1944 4561 1989 4624 D
2025 4536 2158 4591 fitid
2180 4537 2332 4607 quod
2351 4536 2564 4591 dicitur
2580 4541 2680 4591 aut
2697 4540 3075 4608 promittitur.
3096 4544 3256 4608 Quod
3280 4550 3475 4601 autem
3493 4547 3666 4604 dicit:

275 4630 539 4688 laxantur
563 4658 576 4699 ;
609 4649 719 4704 pax
750 4636 968 4697 autem,
997 4647 1113 4701 qua
1137 4629 1583 4685 reconciliamur
1604 4629 1740 4683 Deo.
1774 4633 1911 4684 Pec-

279 4726 397 4775 cata
416 4720 568 4776 enim
594 4725 795 4777 nostra
820 4720 1145 4775 diviserunt
1166 4736 1271 4773 nos
1299 4736 1333 4773 a
1358 4720 1467 4774 Deo
1489 4719 1624 4790 (78),
1649 4722 1706 4773 et
1731 4718 1914 4774 aversi

282 4823 506 4866 eramus
556 4811 624 4866 ab
668 4827 756 4865 eo.
791 4810 935 4873 Quia
977 4825 1113 4881 ergo
1146 4809 1285 4863 dum
1319 4824 1421 4878 per
1450 4808 1698 4879 gratiam
1734 4808 1797 4862 fit
1830 4824 1915 4863 re-

286 4897 473 4954 missio
504 4904 899 4971 peccatorum,
925 4898 1373 4953 reconciliamur
1398 4896 1533 4964 Deo,
1562 4898 1689 4969 ipsa
1718 4913 1917 4952 recon-

289 4986 490 5044 ciliatio
543 5006 651 5061 pax
699 4986 955 5043 dicitur:
1008 4988 1250 5058 ideoque
1300 4984 1540 5057 pulchre
1571 4986 1761 5058 gratia
1790 4986 1917 5057 paci

355 5112 461 5183 (75)
492 5113 553 5193 In
566 5111 943 5193 autographa
987 5116 1117 5183 post
1146 5111 1731 5193 verbu‘mhsubjunmit,
1764 5110 1917 5193 quod

294 5181 682 5253 compendiose
723 5181 1025 5264 _:scriptum
1086 5189 1209 5248 est,
1241 5181 1531 5263 .additur,
1592 5186 1723 5264 ait,‘
1751 5181 1915 5264 quod

295 5268 387 5310 Der
422 5269 661 5310 errorem
718 5254 862 5308 forte
911 5254 1288 5310 amanuensis
1318 5271 1621 5310 perperam
1656 5254 1916 5310 additum

2022 4628 2085 4680 In
2117 4628 2369 4680 universo
2398 4626 2628 4693 mundo,
2652 4626 2699 4680 si
2734 4628 3079 4699 simpliciter
3108 4632 3344 4703 quidem
3378 4634 3669 4707 intelliga-

2028 4732 2182 4781 mus,
2217 4714 2518 4769 universas
2569 4716 2774 4769 mundi
2822 4716 3004 4772 voluit
3058 4719 3304 4791 intelligi
3354 4726 3568 4791 partes.
3603 4725 3673 4779 Et

2028 4808 2181 4860 certe
2211 4802 2399 4875 potuit
2430 4803 2576 4869 fieri,
2609 4804 2888 4874 quoniam
2922 4808 3164 4861 Romani
3198 4814 3335 4863 tunc
3369 4826 3513 4880 pene
3544 4826 3668 4865 om-

2028 4894 2202 4949 nibus
2224 4892 2495 4964 gentibus
2528 4892 2914 4963 imperabant,
2940 4900 3005 4950 ut
3032 4897 3188 4950 fama
3214 4896 3346 4950 ﬁdei
3375 4913 3578 4951 eorum
3599 4901 3671 4955 ad

2031 4983 2333 5039 universas
2366 4982 2569 5037 mundi
2610 4982 2989 5054 pervolaverit
3019 4989 3230 5055 partes.
3266 4985 3587 5041 Possumus
3618 4991 3675 5042 et

2030 5106 2934 5190 temporibus‘fueiit-doctorum
2985 5112 3041 5162 et
3094 5104 3354 5190 Ecclesiae
3387 5109 3675 5165 sententia

2030 5183 2101 5237 de
2134 5178 2206 5235 iis
2238 5196 2365 5249 quae
2397 5178 2571 5233 hodie
2601 5182 2824 5232 tantam
2859 5180 3019 5249 litem
3052 5179 3300 5249 movent.

2102 5254 2214 5310 (77)
2250 5247 2310 5304 In
2344 5250 2701 5310 autographa
2732 5249 2857 5304 loco
2882 5266 2987 5310 qua
3008 5247 3220 5310 legitur
3239 5250 3387 5310 quia.
3413 5250 3555 5306 Mihi
3587 5255 3666 5306 ta-
