4030 5310
439 346 554 405 135

1449 340 1789 403 ATTONIS
1839 340 2425 404 VERCELLENSIS
2469 334 2823 403 EPISCOPI

3738 326 3839 403 136

443 491 546 546 per
575 473 977 546 synecdochen
1012 471 1233 529 dictum
1264 471 1607 547 intelligere,
1641 477 1707 529 ut
1736 492 1770 529 a
1798 478 1917 531 toto
1950 491 2079 546 par-
2112 475 2165 541 Α
2194 474 2481 531 funderet.
2515 474 2632 529 Hoc
2661 474 2862 546 itaque
2891 474 3043 529 dicto
3074 490 3137 530 se
3185 471 3447 530 ostendit
3479 471 3831 546 impletorem

438 570 555 620 tem
598 564 977 635 accipiamus.

506 653 784 724 Sequitur
815 670 828 709 :
884 653 1044 708 Testis
1072 651 1215 707 mihi
1251 660 1328 707 est
1356 653 1519 717 Deus,
1550 654 1642 707 cui
1668 654 1845 709 servio
1876 655 1935 707 in
1963 655 2081 724 spi-

438 745 553 798 ritu
575 758 692 798 meo
721 745 781 797 in
802 742 1092 812 Evangelia
1112 742 1252 797 Filii
1278 743 1414 813 ejus,
1440 746 1551 797 etc.
1581 742 1679 797 Hic
1702 743 2079 814 quaerendum

435 836 544 898 est,
560 847 739 902 quare
756 831 980 902 juravit
996 829 1333 901 Apostolus,
1359 846 1491 886 cum
1515 830 1801 886 Dominus
1822 831 1881 886 in
1903 832 2082 886 Evan-

434 920 582 993 gelio
614 919 956 993 praecipiat:
1008 920 1186 975 Nolite
1233 922 1429 988 iurare
1479 922 1701 975 omnino
1753 923 1929 987 (Joan.
1962 938 2077 989 xw,

435 1009 835 1081 17).Nunquid
860 1013 1061 1065 contra
1082 1009 1315 1065 Domini
1338 1013 1690 1080 praeceptum
1716 1010 2082 1081 egitAposto-

434 1099 564 1155 ius?
590 1100 849 1165 Minime,
874 1098 979 1153 Sed
1009 1098 1067 1152 in
1090 1114 1156 1153 eo
1182 1098 1336 1169 quod
1364 1098 1648 1154 Dominus
1670 1100 1941 1170 praecepit
1961 1116 2077 1153 non

434 1206 561 1244 esse
585 1189 930 1260 jurandum,
954 1193 1010 1243 et
1032 1186 1348 1259 Apostolus
1370 1188 1601 1258 iuravit,
1628 1189 1800 1243 datur
1832 1187 2077 1260 intelligi

433 1280 571 1350 quia
586 1278 865 1334 Dominus
882 1294 997 1332 non
1018 1278 1289 1349 praecepit
1306 1294 1376 1332 ne
1389 1277 1865 1348 quisjuramento
1880 1280 2080 1331 utatur

433 1369 491 1423 in
525 1367 890 1434 necessariis,
923 1366 1023 1422 sed
1074 1370 1139 1421 ut
1185 1383 1356 1422 nemo
1379 1368 1786 1438 juramentum
1821 1369 2077 1437 appetat,

433 1457 604 1530 quasi
635 1473 936 1512 summum
966 1456 1211 1511 bonum.
1242 1460 1391 1511 Sunt
1442 1456 1597 1510 enim
1644 1455 1910 1526 quaedam
1960 1471 2074 1524 res,

430 1564 557 1618 quae
592 1550 647 1601 et
676 1546 733 1600 in
766 1564 829 1601 se
859 1548 916 1601 et
947 1562 1049 1616 per
1078 1564 1140 1601 se
1170 1546 1333 1600 bona:
1365 1548 1521 1612 sunt,
1555 1549 1613 1600 et
1642 1545 1770 1600 ideo
1800 1550 2075 1617 appeten-

431 1637 537 1706 dze,
571 1640 635 1690 ut
663 1634 947 1704 virtutes;
984 1638 1125 1689 sunt
1153 1632 1300 1705 alia},
1334 1650 1438 1690 nec
1483 1634 1543 1688 in
1594 1650 1675 1704 se,
1709 1651 1813 1689 nec
1864 1650 1968 1706 per
2013 1650 2075 1689 se

429 1726 614 1791 bonae,
646 1724 746 1779 sed
786 1740 890 1794 pro
922 1722 1051 1778 aliis
1082 1722 1444 1790 necessariae,
1475 1723 1627 1778 sicut
1656 1722 1842 1791 cibus,
1878 1727 2072 1795 potus,

425 1819 483 1871 et
513 1815 951 1868 vestimentum.
975 1811 1104 1867 Haec
1127 1812 1280 1867 enim
1316 1813 1642 1868 necessaria
1668 1817 1806 1868 sunt
1837 1813 1909 1867 ad
1944 1829 2073 1867 sus-
2107 1850 2153 1915 B

427 1902 808 1957 tentationem
840 1900 968 1955 vita:
1000 1902 1324 1973 praesentis,
1359 1902 1458 1956 sed
1492 1919 1627 1967 non,
1663 1906 1729 1957 ut
1772 1918 2074 1957 summum

428 1991 670 2058 bonum,
694 1991 1037 2063 appetenda.
1061 1988 1338 2044 Similiter
1358 1992 1859 2061 etjuramentum,
1889 2007 1993 2044 nec
2016 1991 2075 2044 in

431 2098 511 2148 se,
537 2096 641 2135 nec
672 2096 775 2151 per
805 2096 865 2134 se
897 2078 1114 2134 bonum
1135 2083 1260 2147 est;
1295 2079 1395 2135 sed
1420 2079 1555 2151 quis
1589 2084 1777 2151 potest
1802 2096 1868 2135 eo
1902 2079 1985 2133 uti
2016 2079 2074 2133 in

430 2168 824 2225 necessariis?
856 2168 1015 2226 verbi
1048 2168 1253 2241 gratia,
1287 2169 1375 2223 vis
1415 2168 1671 2238 aliquem
1728 2168 1956 2223 trahere
2003 2168 2076 2223 ad

430 2259 626 2325 ﬁdem,
661 2261 717 2311 et
746 2257 844 2312 ille
875 2257 979 2311 tibi
1012 2257 1244 2312 credere
1287 2274 1403 2311 non
1443 2256 1588 2322 vult,
1623 2258 1734 2311 nisi
1775 2258 1978 2327 jures;
2012 2262 2076 2312 tu

431 2363 589 2419 ergo,
624 2346 672 2401 si
723 2363 790 2401 ea
834 2344 1175 2412 intentione,
1211 2362 1327 2417 qua
1376 2346 1712 2417 Apostolus,
1760 2347 2073 2417 juraveris.

432 2453 548 2491 non
579 2452 758 2491 erras.
792 2433 935 2489 Hinc
966 2433 1247 2489 Dominus
1280 2436 1338 2489 in
1372 2434 1675 2506 Evangelio
1708 2435 1883 2491 dicit:
1915 2437 2079 2505 Quod

436 2526 519 2580 his
548 2524 789 2596 amplius
818 2528 920 2592 est,
943 2541 975 2577 a
1005 2524 1156 2579 malo
1188 2532 1264 2579 est
1287 2524 1493 2597 (Matth.
1523 2541 1576 2590 v,
1599 2524 1709 2595 37).
1737 2524 1842 2580 Ubi
1877 2530 2078 2580 notan-

435 2615 602 2680 dum,
635 2613 771 2685 quia
802 2630 916 2668 non
948 2613 1050 2684 ait,
1086 2614 1295 2669 malum
1324 2618 1422 2680 est,
1456 2614 1579 2681 sed,
1612 2631 1647 2668 a
1688 2616 1833 2670 malo
1861 2623 1979 2677 est;
2011 2632 2076 2671 ac

435 2703 485 2760 si
517 2704 733 2759 diceret
758 2720 769 2757 :
806 2703 967 2769 Quod
990 2707 1053 2757 tu
1080 2704 1269 2773 juras,
1297 2704 1368 2758 ab
1399 2702 1559 2759 illius
1581 2703 1735 2758 malo
1756 2705 2075 2771 descendit,

434 2792 530 2863 qui
559 2794 826 2863 tejurare
847 2793 1052 2863 coegit.
1072 2792 1354 2847 Dominus
1375 2792 1553 2864 igitur
1574 2791 1788 2848 idcirco
1811 2794 2081 2866 praecepit

437 2899 552 2938 non
571 2882 1135 2952 essejurandum,ne
1152 2880 1284 2952 quis
1304 2898 1404 2953 per
1419 2881 2076 2953 assiduitatemjurandi

434 2972 493 3026 in
528 2971 851 3043 perjurium
885 2970 1125 3025 incidat.
1150 2970 1317 3035 Nam,
1342 2969 1491 3025 sicut
1518 2970 1617 3041 qui
1650 2988 1763 3025 non
1794 2971 2075 3043 loquitur,

434 3079 549 3117 non
584 3059 885 3126 mentitur,
920 3059 1001 3114 ita
1031 3059 1129 3131 qui
1162 3077 1277 3114 non
1300 3059 1482 3129 jurat,
1517 3076 1631 3115 non
1666 3060 1942 3131 perjurat.
1967 3062 2079 3117 Sed

434 3151 573 3222 quid
606 3155 713 3216 est,
748 3150 901 3221 quod
933 3165 995 3204 se
1025 3149 1341 3221 Apostolus
1371 3149 1430 3203 in
1474 3149 1684 3220 spiritu
1717 3150 1930 3205 servire
1960 3149 2076 3205 Deo

2190 563 2350 619 illius
2383 564 2674 636 praecepti,
2709 564 2861 635 quod
2896 562 3035 618 alibi
3067 563 3280 630 docuit,
3313 562 3522 618 dicens
3558 579 3571 618 :
3612 562 3739 618 Sine
3764 566 3837 619 in-

2191 654 2533 708 termissione
2563 659 2717 708 orate
2746 651 2792 723 (l
2825 654 3002 708 Thess.
3032 668 3092 718 v,
3124 653 3232 723 17).
3275 652 3387 707 Sed
3424 667 3611 723 quare
3640 651 3833 709 Roma-

2190 741 2283 797 nis
2312 741 2573 797 indicare
2601 740 2804 811 voluit,
2837 742 2993 813 quod
3036 757 3268 814 semper
3314 758 3423 813 pro
3477 741 3564 796 eis
3611 742 3835 797 oraret?

2190 830 2298 894 Qui
2320 830 2478 885 enim
2505 846 2741 887 necesse
2765 833 2855 887 est
2875 830 3081 886 amicis
3102 830 3319 887 nostris
3350 829 3639 896 indicare,
3664 830 3711 885 si
3741 846 3831 902 pro

2188 919 2273 974 eis
2302 920 2589 975 oramus?
2621 920 2733 974 Hoc
2780 919 2911 974 ideo
2940 917 3252 991 Apostolus
3300 918 3443 991 egit,
3479 922 3546 973 ut
3600 919 3831 975 Romani

2189 1009 2377 1081 magis
2408 1024 2543 1064 eum
2574 1009 2900 1079 diligerent,
2934 1013 2991 1064 et
3020 1010 3149 1080 ejus
3181 1008 3493 1081 praeceptis
3523 1008 3833 1067 obedirent.

2187 1096 2371 1170 Magis
2402 1097 2617 1170 quippe
2649 1115 2755 1153 nos
2785 1098 3055 1164 audiunt,
3087 1098 3186 1169 qui
3218 1096 3503 1169 diligunt,
3531 1113 3708 1169 quam
3740 1097 3831 1170 qui

2186 1186 2317 1242 odio
2349 1186 2584 1242 habent.
2618 1189 2886 1242 Altamen
2913 1187 3227 1259 Apostolus
3258 1186 3653 1242 intentionem
3683 1190 3739 1242 et
3766 1187 3831 1243 ﬁ-

2187 1290 2321 1331 nem
2347 1277 2438 1332 sui
2462 1275 2685 1348 placiti,
2713 1293 2826 1332 non
2852 1278 2911 1331 in
2935 1293 3016 1343 se,
3041 1277 3141 1332 sed
3164 1276 3223 1332 in
3246 1277 3499 1332 Domino
3522 1275 3832 1347 constituit,

2187 1370 2253 1420 ut
2281 1381 2384 1437 per
2412 1365 2781 1422 dilectionem
2814 1383 2982 1422 suam
3017 1367 3364 1439 perduceret
3396 1381 3501 1422 eos
3552 1365 3625 1421 ad
3672 1364 3831 1422 dilec-

2185 1453 2407 1509 tionem
2440 1454 2562 1511 Dei.
3734 1498 3739 1499 ί

2255 1541 2532 1614 Sequitur
2564 1560 2576 1597 :
2631 1544 2946 1613 Obsecrans,
2980 1548 3040 1599 ut
3081 1546 3132 1599 si
3174 1544 3447 1615 quomodo
3480 1543 3706 1599 tandem
3733 1544 3833 1600 ali-

2183 1632 2403 1703 quando
2431 1648 2755 1704 prosperum
2783 1635 2889 1688 iter
2913 1631 3145 1689 habeam
3183 1634 3245 1688 in
3292 1633 3585 1690 voluntate
3612 1632 3711 1689 Dei
3750 1648 3832 1688 ve-

2182 1720 2377 1776 niendi
2397 1721 2467 1775 ad
2498 1737 2603 1777 vos.
2629 1722 3012 1778 Proﬁciscens
3036 1722 3350 1794 Apostolus
3381 1723 3456 1779 ad
3480 1722 3828 1795 praedicatio-

2189 1810 2282 1865 nis
2313 1810 2593 1877 ofﬁcium,
2626 1811 2867 1883 optabat
2903 1811 3174 1884 precibus
3221 1814 3278 1867 et
3330 1810 3828 1868 obsecrationibus

2186 1898 2465 1967 obtinere,
2501 1904 2566 1955 ut
2610 1916 2955 1972 prosperum
3006 1900 3114 1956 iter
3162 1899 3409 1957 haberet
3458 1900 3727 1957 veniendi
3764 1898 3827 1955 ad

2188 1989 2499 2044 Romanos.
2542 1990 2653 2045 Sed
2685 2006 2865 2062 quare
2896 1990 3141 2061 addidit,
3174 1992 3233 2045 in
3264 1992 3555 2047 voluntate
3583 1991 3718 2046 Dei?
3744 1989 3829 2045 Vi-

2186 2078 2414 2149 delicet,
2450 2079 2589 2151 quia
2618 2084 2856 2135 noverat
2895 2096 3023 2137 esse
3062 2079 3519 2152 prosperitatem
3570 2078 3693 2136 sine
3741 2094 3829 2134 vo-

2186 2171 2410 2231 luntate
2441 2167 2588 2224 Dei:
2643 2184 2773 2224 ecce
2820 2168 2975 2223 enim
3029 2168 3169 2224 mali
3215 2169 3650 2240 temporalibus
3680 2168 3831 2225 bonis

2188 2262 2606 2331 prosperantur
2634 2259 2747 2330 (80)
2776 2277 2789 2327 ;
2823 2258 2925 2315 sed
2958 2259 3079 2314 haec
3113 2256 3477 2331 prosperitas
3513 2274 3631 2314 non
3665 2262 3747 2314 est
3772 2274 3829 2314 ex

2184 2348 2481 2403 voluntate
2510 2347 2632 2405 Dei.
2665 2348 2943 2421 Sequitur
2974 2368 2986 2405 :
3043 2349 3297 2405 Desidero
3328 2352 3488 2404 enim
3518 2346 3704 2405 videre
3729 2363 3825 2418 vos,

2186 2445 2247 2493 ut
2283 2438 2497 2508 aliquid
2537 2439 2849 2509 impertiar,
2879 2441 2987 2494 etc.
3023 2439 3136 2493 Cur
3183 2438 3563 2494 desiderabat
3613 2453 3709 2495 eos
3756 2435 3827 2491 vi-

2186 2526 2320 2581 dere
2340 2527 2367 2581 ‘?
2396 2526 2695 2597 Numquid
2730 2525 2979 2582 levitatis
3010 2524 3230 2597 studio,
3258 2527 3415 2583 sicut
3446 2526 3717 2583 homines
3746 2541 3831 2597 pa-

2186 2620 2380 2671 rentes
2413 2634 2572 2683 suos,
2596 2615 2791 2671 studio
2822 2615 3146 2689 epulandi?
3176 2617 3321 2672 Non.
3346 2617 3463 2673 Sed
3498 2616 3625 2690 ipse
3654 2614 3828 2672 reddit

2186 2722 2446 2772 causam,
2483 2705 2702 2773 dicens,
2734 2708 2795 2759 ut
2839 2705 3051 2777 aliquid
3093 2707 3385 2777 impertiar
3432 2706 3589 2763 vobis
3641 2706 3824 2775 gratia?

2185 2795 2497 2865 spiritalis:
2531 2795 2588 2848 id
2620 2796 2727 2859 est,
2752 2799 2815 2849 ut
2845 2795 3171 2851 doctrinam
3198 2798 3254 2851 et
3283 2793 3643 2852 miraculum
3674 2792 3823 2851 vobis

2185 2883 2441 2939 tribuam
2472 2884 2867 2955 patrationum
2892 2884 3023 2955 (81).
3051 2885 3134 2939 Ad
3169 2884 3307 2956 quid
3341 2890 3540 2941 autem
3572 2885 3694 2940 haec
3722 2882 3822 2937 im-

2186 2971 2384 3043 pertiri
2414 2972 2570 3042 velit,
2596 2971 2872 3044 aperitur,
2894 2988 3027 3027 cum
3057 2973 3367 3028 subditur:
3404 2974 3484 3029 Ad
3513 2974 3828 3045 conﬁrma-

2187 3060 2278 3115 dos
2325 3077 2433 3130 vos,
2467 3061 2682 3133 quibus
2733 3061 2923 3117 verbis
2975 3062 3230 3117 ostendit
3276 3078 3376 3119 eos
3426 3062 3623 3117 adhuc
3676 3073 3825 3132 egere

2188 3148 2323 3204 ﬁdei
2346 3150 2806 3218 conﬁrmatione,
2831 3151 3102 3221 quamvis
3133 3166 3231 3205 eos
3257 3151 3533 3221 superius
3565 3149 3825 3207 laudibus

434 3240 662 3307 asserit,
697 3256 830 3294 cum
864 3238 1135 3304 servitus,
1170 3238 1427 3309 corporis
1459 3238 1536 3292 sit
1578 3238 1859 3301 ofﬁcium,
1893 3238 2076 3293 oratio
2108 3223 2149 3289 C
2190 3237 2531 3309 praetulerit,
2555 3253 2621 3291 ea
2652 3237 2874 3292 scilicet
2904 3238 3242 3302 intentione,
3268 3242 3333 3292 ut
3355 3254 3442 3307 ea,
3467 3256 3602 3311 quas
3633 3238 3690 3293 in
3721 3235 3824 3293 illis

433 3345 589 3397 vero,
622 3328 836 3382 mentis
859 3327 886 3379 ?
915 3329 1187 3380 Attamen
1218 3327 1525 3381 sciendum
1555 3325 1693 3395 quia
1742 3328 1934 3397 majus
1966 3326 2073 3381 ali-

435 3418 575 3488 quid
597 3415 779 3470 voluit
800 3416 1219 3480 demonstrare,
1235 3414 1456 3469 scilicet
1474 3413 1589 3468 vim
1613 3430 1732 3469 suae
1756 3416 2077 3471 devotionis

432 3510 489 3560 et
526 3504 868 3560 affectionis.
902 3503 1094 3558 Potest
1140 3502 1294 3558 enim
1344 3502 1555 3573 aliquis
1604 3502 1728 3558 sine
1775 3504 2075 3560 devotione

433 3593 524 3649 vel
544 3593 846 3649 affectione
872 3606 1036 3647 orare
1061 3607 1072 3645 :
1097 3595 1497 3646 verumtamen
1521 3590 1645 3646 sine
1666 3591 1759 3646 his
1780 3592 1838 3645 in
1867 3592 2074 3663 spiritu

435 3683 552 3738 Deo
583 3682 796 3738 servire
834 3697 1005 3735 nemo
1056 3684 1263 3751 potest.
1299 3680 1370 3735 Ut
1414 3696 1549 3752 ergo
1601 3681 1912 3752 Apostolus
1960 3698 2077 3736 sua:

436 3772 652 3828 mentis
682 3771 1068 3839 devotionem,
1092 3769 1572 3841 alfectionemque
1602 3771 1951 3841 ostenderet,
1976 3771 2077 3825 ad-

428 3861 571 3932 jecit
596 3877 609 3915 :
641 3862 703 3915 In
724 3859 1015 3930 Evangelio
1035 3859 1143 3928 ﬁlii
1164 3859 1298 3929 ejus.
1323 3858 1459 3913 Sine
1480 3859 1789 3931 Evangelio
1823 3876 2077 3931 namque

435 3954 549 4005 Deo
580 3950 795 4005 servire
826 3948 1025 4004 nullus
1056 3952 1264 4020 potest.
1287 3948 1401 4003 Cur
1430 3953 1626 4003 autem
1653 3950 1837 4005 Deum
1869 3952 2076 4004 testem

434 4038 740 4106 vocaverit,
773 4039 1050 4108 ostendit,
1083 4038 1445 4109 subjungens
1480 4055 1492 4092 :
1546 4038 1699 4105 Quod
1735 4040 1857 4094 sine
1903 4041 2077 4094 inter-

435 4131 696 4186 missione
712 4129 1038 4184 memoriam
1061 4129 1221 4183 vestri
1239 4129 1384 4198 facio
1408 4143 1618 4199 semper
1649 4130 1707 4182 in
1737 4128 2079 4183 orationibus

435 4221 593 4287 meis,
625 4222 681 4274 et
710 4217 955 4289 reliqua.
982 4216 1128 4281 Quid
1160 4221 1269 4283 est,
1293 4216 1447 4286 quod
1479 4232 1540 4271 se
1572 4216 1714 4271 dicit
1742 4233 1991 4288 semper,
2024 4220 2081 4271 et

438 4306 564 4361 sine
596 4305 1048 4371 intermissione,
1080 4306 1419 4359 memoriam
1463 4304 1649 4359 facere
1680 4305 2077 4360 Romanorum

440 4396 499 4451 in
530 4394 890 4450 orationibus
912 4392 1077 4449 suis?
1107 4392 1383 4463 Nunquid
1406 4409 1521 4447 non
1545 4394 1956 4464 manducabat,
1980 4398 2081 4449 aut

442 4483 727 4539 bibebat?
758 4482 839 4540 Ne
878 4499 1014 4555 ergo
1046 4482 1402 4537 contrarium
1436 4481 1719 4554 videatur,
1753 4482 2078 4555 intelligen-

2186 3325 2529 3397 corrigenda
2576 3329 2761 3391 erant,
2797 3324 3027 3381 facilius
3075 3325 3284 3398 corrigi
3333 3336 3595 3398 possent.
3629 3328 3691 3383 In
3722 3338 3823 3398 quo

2186 3415 2334 3469 facto
2384 3430 2490 3468 nos
2538 3429 2869 3484 monemur,
2902 3420 2967 3470 ut
3016 3414 3243 3486 quoties
3273 3414 3332 3470 in
3366 3417 3636 3488 personis
3668 3413 3825 3471 nobi-

2184 3503 2327 3557 lium
2344 3502 3031 3574 aliquareprebensibilia
3044 3504 3331 3577 corrigere
3344 3503 3822 3577 volumus,prius,

2185 3592 2235 3647 si
2267 3608 2384 3663 qua
2407 3595 2545 3647 sunt
2575 3592 2632 3647 in
2664 3592 2778 3647 illis
2811 3594 2982 3663 bona,
3007 3592 3282 3651 laudibus
3313 3594 3713 3667 praeferamus.
3735 3593 3820 3647 Se-

2186 3681 2387 3752 quitur
2412 3698 2425 3735 :
2456 3681 2517 3736 1d
2543 3690 2642 3747 est,
2673 3682 2843 3737 simul
2872 3684 3147 3739 consolari
3175 3686 3231 3738 in
3264 3686 3431 3740 vobis.
3460 3671 3825 3742 Desiderabat

2186 3770 2389 3841 utique
2409 3770 2724 3842 Apostolus
2747 3787 2807 3826 se
2829 3771 3116 3828 consolari
3140 3772 3199 3826 in
3224 3773 3526 3839 Romanis,
3548 3777 3607 3828 et
3630 3772 3821 3827 Roma-

2186 3876 2294 3915 nos
2345 3859 2405 3913 in
2455 3875 2536 3925 se,
2569 3862 2626 3914 et
2673 3875 2789 3915 non
2839 3877 2907 3915 ex
2957 3878 3075 3916 una
3117 3864 3345 3915 tantum
3389 3864 3572 3933 parte,
3607 3860 3705 3915 sed
3740 3871 3830 3929 per

2185 3964 2561 4003 communem
2595 3948 2792 4019 ﬁdem,
2826 3952 2883 4003 et
2930 3948 3117 4004 sancti
3157 3947 3406 4019 Spiritus
3449 3946 3820 4004 illuminatio-

2186 4053 2318 4091 nem
2353 4053 2365 4090 :
2414 4037 2569 4091 unde
2600 4052 2733 4091 mox
2770 4036 3044 4091 subditur
3078 4054 3090 4092 :
3142 4042 3250 4091 Per
3276 4053 3415 4109 eam,
3450 4054 3570 4109 quae
3604 4036 3823 4092 invicem

2186 4127 2284 4193 est,
2316 4124 2445 4194 ﬁdes
2475 4132 2669 4195 vestra,
2703 4129 2867 4197 atque
2896 4141 3013 4181 mea
3039 4124 3172 4197 (82).
3207 4125 3370 4180 Tunc
3400 4126 3557 4181 enim
3589 4125 3820 4195 Aposto-

2187 4212 2280 4268 lus
2323 4213 2382 4267 in
2414 4213 2691 4268 Romanis
2722 4213 3138 4282 consolaretur,
3172 4214 3221 4269 si
3253 4212 3682 4287 praedicationis
3712 4214 3819 4267 suis

2188 4302 2447 4357 ofﬁcium
2476 4301 2536 4356 in
2568 4303 2652 4358 eis
2683 4306 2939 4359 cerneret
2968 4303 3306 4371 solidatum,
3339 4309 3395 4360 et
3432 4303 3547 4377 ipsi
3592 4303 3651 4359 in
3681 4303 3820 4373 Apo—

2189 4391 2359 4459 stolo,
2384 4391 2433 4448 si
2456 4407 2518 4447 se
2538 4392 2800 4463 ejusdem
2822 4393 3205 4464 apostolatus,
3225 4396 3282 4449 et
3301 4393 3606 4466 dignitatis
3629 4385 3821 4447 intelli-

2187 4486 2389 4553 gerent
2438 4482 2557 4537 t'ore
2606 4482 2916 4553 participes
2966 4483 3100 4555 (83).
3161 4482 3273 4555 (84)
3329 4483 3650 4554 Sequitur:
3702 4474 3821 4535 Nolo

441 4574 581 4629 dum
616 4576 721 4636 est,
757 4572 895 4643 quia
926 4572 1051 4626 sine
1081 4571 1513 4626 intermissione
1544 4572 1704 4638 dicit,
1728 4571 1785 4626 id
1818 4576 1925 4642 est,
1954 4573 2080 4628 sine
2113 4594 2158 4658 D
2188 4575 2373 4626 autem
2411 4588 2503 4627 vos
2548 4572 2825 4639 ignorare,
2854 4573 3075 4642 fratres,
3110 4574 3241 4644 quia
3268 4588 3405 4643 saepe
3448 4569 3710 4644 proposui
3735 4578 3822 4658 ve-

442 4663 618 4717 ullius
640 4662 753 4716 diei
776 4659 1111 4716 intervallo:
1137 4659 1336 4715 nullus
1358 4660 1573 4732 quippe
1590 4660 1714 4715 dies
1737 4662 2081 4731 praeteribat,

442 4768 558 4823 quo
573 4749 887 4823 Apostolus
909 4766 1012 4822 pro
1027 4749 1306 4805 Romanis
1319 4750 1434 4804 Deo
1452 4749 1731 4821 speciales
1750 4766 1951 4821 preces
1972 4767 2089 4806 non

514 4931 627 5003 (80)
661 4932 1245 5003 Prosperitatemuesse
1291 4929 1410 5003 sine
1456 4930 1739 5003 voluntate
1775 4930 1871 4983 Dei
1904 4946 1917 4984 :
1972 4946 2088 4986 non

442 4999 529 5057 ibi
573 4999 1014 5073 intelligendum
1067 4999 1324 5073 aliquam
1381 4999 1720 5056 hominibus
1759 5005 2091 5073 contingere

445 5072 889 5155 prosperitatem
922 5072 1153 5155 nolente
1184 5072 1299 5155 Deo
1332 5089 1343 5125 :
1381 5088 1568 5155 neque
1598 5072 2089 5155 enimnita‘eIOqui

485 5143 633 5199 otuit
664 5151 865 5199 auctor
896 5149 1112 5209 noster,
1146 5143 1244 5215 qui
1279 5143 1387 5197 hac
1419 5144 1665 5215 epistola
1696 5144 1846 5197 infra
1875 5143 2029 5199 bona
2058 5161 2091 5199 a

495 5232 560 5271 eo
588 5216 760 5270 malis
791 5216 1131 5297 hominibus
1159 5214 1305 5297 dari,
1330 5215 1511 5269 cibum
1545 5214 1785 5297 scilicet,
1805 5217 2088 5297 laetitiam,

443 5292 497 5310 Δ-

2192 4662 2319 4715 nire
2348 4662 2422 4716 ad
2450 4676 2559 4729 vos,
2584 4667 2635 4715 et
2657 4661 2963 4731 prohibitus
2990 4676 3112 4715 sum
3140 4677 3310 4733 usque
3337 4661 3532 4717 adhuc.
3561 4662 3639 4715 Ac
3669 4655 3715 4711 si
3745 4648 3821 4707 di-

2199 4752 2398 4804 ceret:
2451 4746 2592 4803 Nolo
2644 4765 2746 4803 vos
2793 4765 2919 4804 esse
2968 4750 3221 4821 ignaros,
3255 4750 3531 4821 quoniam
3564 4740 3822 4803 intentio-

2199 4925 2369 4981 nobis
2417 4925 2735 4981 desiderari
2783 4926 2923 4981 velit
2967 4927 3142 4993 Deus,
3176 4926 3354 4997 hujus
3384 4920 3818 4996 comparatione.

2199 5004 2351 5054 recte
2382 4998 3005 5069 diciturtemporalem
3055 4998 3387 5055 felicitatem
3436 5014 3551 5054 non
3600 5007 3723 5050 esse
3765 5000 3824 5042 ex

2200 5070 2496 5125 voluntate
2527 5068 2648 5122 Dei.
2752 5068 2763 5069 ί
3745 5133 3752 5135 ξ
3795 5128 3803 5135 _

2273 5142 2382 5211 (81)
2418 5141 2683 5211 Fortasse
2732 5137 3068 5211 legendum,
3106 5141 3503 5197 miraculorum
3547 5135 3691 5193 vobis
3734 5133 3825 5185 tri-

2202 5210 2786 5293 bwa’retraﬁencn

2276 5272 2497 5310 rom‘lk:
2531 5284 2722 5310 ιδυμυ.
2752 5280 3010 5310 vuln“...
3042 5280 3215 5310 ιαλιηι
3251 5299 3264 5310 .
3309 5298 3403 5310 ηρ...
3433 5298 3547 5310 ηπ...
3604 5290 3718 5310 ,τηου
3744 5272 3821 5310 q’n.
