4030 5310
182 410 275 467 137

731 402 1147 462 EXPOSITIO
1194 401 1269 461 IN
1315 400 1749 462 EPISTOLAS
1800 400 2051 460 PAULI.
2088 432 2162 442 —
2193 400 2265 458 IN
2315 399 2562 459 EPIST.
2611 402 2711 459 AD
2763 402 2948 459 ROM.

3430 404 3545 464 138

180 552 314 601 nem,
344 536 398 588 et
424 534 623 587 votum
657 532 835 587 habui
869 533 1136 587 veniendi
1170 534 1239 587 ad
1274 550 1395 597 vos,
1418 533 1515 586 sed
1539 530 1795 603 prohibi-
1828 533 1879 595 Α
1913 547 2046 597 ergo
2078 541 2186 596 est,
2214 546 2347 584 cum
2384 530 2703 601 unicuique
2735 531 3036 602 proprium
3069 532 3197 601 ejus
3230 533 3541 590 tribuitur:

175 636 256 681 tus
309 638 429 679 sum
492 638 677 693 usque
736 622 927 676 adhuc
980 622 1388 693 praedicatione
1452 627 1790 675 czeterarum

174 713 433 786 gentium,
466 727 593 780 quas
627 727 763 764 cum
799 711 1177 778 crediderint,
1210 716 1266 766 et
1301 728 1430 766 mea
1461 709 1793 782 praedicatio

174 804 223 857 in
251 801 325 855 eis
350 798 692 854 conﬁrmata
724 798 920 866 fuerit,
950 801 1178 855 veniam
1215 800 1283 854 ad
1318 816 1440 855 vos.
1488 799 1559 854 Ut
1598 802 1793 854 autem

174 887 499 956 ostenderet,
533 887 672 957 quia
702 904 817 942 non
852 888 1050 943 studio
1085 887 1335 943 levitatis
1367 888 1610 955 veniret,
1643 888 1795 957 adje-

175 980 274 1034 cit:
299 979 353 1034 Ut
377 977 620 1046 aliquem
647 976 899 1047 fructum
932 977 1165 1031 habeam
1194 986 1246 1032 et
1276 979 1335 1031 in-
1366 976 1534 1045 vobis,
1567 978 1708 1030 sicut
1746 979 1797 1029 et

175 1070 227 1122 in
254 1066 456 1124 caeteris
493 1064 784 1135 gentibus;
840 1070 1122 1137 tanquam
1175 1066 1433 1121 diceret:
1490 1065 1634 1119 Eum
1684 1064 1797 1117 fru-

175 1162 329 1225 ctum,
375 1169 553 1224 quem
605 1170 699 1209 me
738 1154 808 1207 de
843 1154 1064 1208 ceteris
1104 1153 1376 1225 gentibus
1416 1157 1794 1224 accepturum

173 1243 339 1307 credo,
372 1258 523 1313 quas
558 1243 630 1297 ab
669 1242 1086 1313 Hierosolymis
1117 1258 1305 1313 usque
1355 1243 1426 1296 ad
1480 1239 1794 1310 Illyricum,

175 1333 306 1405 quod
335 1335 419 1386 est
455 1334 632 1401 caput
660 1331 1059 1402 Europae,mea
1086 1330 1493 1402 przedicatione
1515 1330 1587 1385 ad
1625 1330 1795 1384 ﬁdem

173 1421 358 1477 Christi
388 1419 615 1489 vocavi,
650 1435 784 1474 eum
819 1424 876 1475 et
902 1420 963 1474 in
1010 1419 1177 1474 vobis
1225 1419 1470 1489 habebo,
1518 1418 1798 1489 largiente

172 1510 343 1565 divina
372 1508 801 1564 misericordia.

228 1598 533 1670 Sequitur:
571 1598 769 1653 Graecis
800 1614 863 1652 ac
894 1598 1168 1663 barbaris,
1200 1597 1539 1669 sapientibus
1566 1605 1618 1651 et
1658 1596 1797 1651 insi-

164 1688 411 1759 pientibus
458 1687 672 1742 debitor
722 1704 860 1741 sam.
914 1688 1139 1742 Graecos
1184 1686 1438 1758 appellat
1482 1686 1795 1757 sapientes,

166 1796 248 1833 eos
274 1776 521 1842 scilicet,
553 1776 651 1846 qui
686 1775 1102 1847 philosophicrc
1135 1775 1450 1831 studebant
1498 1774 1796 1844 doctrinae,

168 1866 268 1920 sive
296 1864 388 1936 qui
417 1864 658 1935 legibus
689 1865 1028 1931 utebantur,
1063 1864 1343 1919 barbaros
1372 1879 1531 1930 vero,
1563 1862 1795 1917 idiotas.

168 1956 223 2009 Et
248 1958 305 2009 ut
330 1953 613 2025 aperiret,
649 1970 796 2024 quos
828 1953 1039 2008 dixerit
1079 1953 1332 2018 Graecos,
1377 1968 1445 2005 ac
1496 1952 1798 2018 barbaros,

172 2044 276 2099 ideo
319 2042 583 2097 addidit:
646 2041 991 2112 Sapientibus
1048 2050 1101 2096 et
1159 2042 1545 2112 insipientibus
1591 2040 1803 2095 debitor

170 2150 285 2187 sum.
313 2131 409 2186 His
440 2130 675 2202 quippe
712 2131 939 2185 debitor
965 2136 1091 2185 erat
1123 2146 1224 2201 per
1271 2130 1568 2201 patientia:
1628 2129 1803 2185 virtu-

175 2228 298 2277 tem:
330 2226 383 2276 et
412 2236 630 2275 revera
658 2219 821 2275 nulla
888 2220 1075 2289 major
1131 2224 1220 2274 est
1267 2218 1569 2289 patientia,
1623 2235 1801 2290 quam

182 2311 459 2365 stultorum
510 2309 768 2379 impetus
802 2309 1114 2364 sustinere.
1151 2307 1404 2379 Ita,quod
1430 2310 1608 2372 inme,
1626 2324 1805 2378 prom-

179 2418 303 2469 ptum
329 2404 398 2454 est
420 2404 489 2454 et
521 2398 691 2467 vobis,
717 2400 815 2468 qui
846 2399 1027 2453 Bonna:
1058 2400 1203 2465 estis,
1234 2398 1627 2468 evangelizare.
1654 2399 1731 2450 Ac
1754 2396 1802 2451 si

179 2488 399 2545 diceret:
438 2488 613 2544 Sicut
640 2487 867 2542 debitor
897 2504 1027 2542 sum
1054 2486 1420 2558 sapientibus
1443 2490 1499 2541 et
1523 2484 1803 2556 insipien-

175 2576 349 2645 tibus;
382 2578 468 2632 ita
499 2577 729 2631 debitor
759 2593 891 2631 sum
923 2575 1317 2648 evangelizare
1365 2579 1423 2630 et
1468 2574 1652 2641 vobis,
1705 2573 1800 2646 qui

173 2664 345 2720 Romae
376 2666 549 2731 estis,
584 2666 738 2736 quod
772 2666 830 2720 in
856 2682 948 2720 me
965 2650 1301 2737 promptum
1325 2668 1434 2719 est.
1462 2668 1526 2717 Et
1549 2662 1688 2735 quia
1709 2680 1807 2734 po-

168 2759 299 2809 terat
330 2754 554 2825 aliquis
586 2753 814 2810 dicere:
851 2756 1029 2819 Quem
1062 2753 1149 2809 vis
1178 2752 1616 2825 evangelizare?
1645 2752 1803 2807 Nun-

164 2843 287 2913 quid
319 2843 630 2901 Christum
680 2842 1066 2898 cruciﬁxum?
1114 2842 1301 2906 Quare
1344 2859 1461 2897 non
1509 2841 1806 2897 erubescis

161 2947 281 2988 eum
308 2931 665 2987 cruciﬁxum
697 2931 1091 3002 evangelizare
1110 2930 1137 2985 ‘?
1161 2932 1245 2985 Ad
1276 2930 1398 2984 haec
1419 2931 1544 3002 ipse
1566 2947 1807 3000 respon-

156 3020 445 3077 det:Non
476 3022 628 3075 enim
676 3020 927 3074 erubesco
974 3020 1352 3089 Evangetium,
1405 3018 1559 3088 quod
1608 3017 1810 3086 utique

150 3111 209 3164 ad
245 3107 672 3165 confusionem
706 3107 968 3178 gentium
1001 3106 1223 3161 dictum
1271 3111 1378 3167 est,
1411 3122 1536 3176 qua:
1584 3105 1807 3175 Jovem,

149 3200 479 3255 Saturnum
503 3200 561 3249 et
578 3200 815 3250 caeteros
838 3195 976 3249 deos
999 3194 1389 3264 colebant,sed
1416 3210 1614 3248 eorum
1652 3193 1810 3265 ﬂagi-

1907 620 2057 673 unde
2090 625 2145 672 et
2169 620 2367 689 justus
2401 620 2633 686 dicitur,
2662 637 2726 673 eo
2749 620 2902 690 quod
2922 622 3023 689 jus
3042 622 3347 675 custodiat.
3374 624 3551 679 Justi-

1902 709 1985 762 tia
2015 715 2209 763 autem
2246 709 2342 763 Dei
2376 708 2643 763 Christus
2676 712 2781 777 est,
2818 726 2943 781 quae
2975 708 3263 765 reveletur
3291 710 3350 765 in
3381 728 3467 782 eo,
3490 712 3548 767 id

1904 802 1992 852 est
2024 814 2126 869 per
2157 797 2325 867 illud,
2359 797 2583 852 scilicet
2614 814 2717 869 per
2750 798 3149 869 Evangelium.
3202 800 3363 864 Quod
3421 817 3555 857 vero

1905 886 2064 955 dicit,
2117 904 2185 941 er
2231 886 2334 957 ﬁde
2382 888 2441 941 in
2499 886 2678 955 ﬁdem,
2731 886 2845 942 tale
2894 891 3004 957 est,
3056 888 3227 959 quale
3271 892 3328 944 et
3385 888 3550 956 illud,

1905 976 2060 1048 quod
2093 975 2230 1030 alibi
2264 975 2385 1030 ait:
2415 977 2519 1030 Nos
2548 980 2733 1031 autem
2763 977 3001 1032 revelata
3029 979 3173 1048 facie
3213 979 3551 1049 speculantes

1904 1065 2139 1133 gloriam
2169 1065 2286 1129 Dei,
2311 1067 2777 1133 transformamur
2802 1066 2861 1119 iu
2890 1065 3139 1119 eamdem
3190 1067 3489 1137 imaginem
3516 1084 3552 1122 a

1906 1154 2083 1221 gloria
2115 1154 2174 1206 in
2194 1154 2449 1223 gloriam,
2482 1162 2744 1224 tanquam
2770 1170 2807 1208 α
2841 1156 3061 1209 Domini
3084 1155 3297 1226 Spiritu
3328 1157 3400 1227 (II
3427 1156 3548 1211 Cor.

1909 1257 1989 1304 III,
2018 1240 2123 1306 l8).
2162 1245 2201 1293 A
2235 1240 2420 1310 gloria
2449 1240 2588 1295 dicit
2620 1241 2913 1312 Evangelii
2946 1243 3014 1297 ad
3051 1242 3296 1313 gloriam
3328 1249 3551 1300 interna:

1908 1329 2420 1383 remunerationis.
2455 1329 2738 1385 Similiter
2766 1336 2823 1385 et
2852 1331 2969 1396 hic,
3019 1349 3086 1387 ex
3135 1333 3249 1389 ﬁde
3298 1332 3443 1405 legis
3492 1337 3550 1388 in

1909 1417 2084 1472 ﬁdem
2112 1418 2429 1488 Evangelii,
2461 1418 2544 1473 vel
2581 1435 2647 1473 ex
2678 1420 2790 1473 ﬁde
2818 1420 3128 1475 verborum
3178 1425 3234 1476 et
3285 1439 3550 1493 operum,

1906 1506 1967 1559 in
1996 1506 2172 1561 ﬁdem
2205 1510 2429 1561 aeternae
2454 1508 2875 1576 retributionis,
2906 1509 3024 1564 sive
3055 1526 3121 1564 ex
3152 1510 3265 1565 ﬁde
3295 1510 3553 1566 hominis

1908 1595 1965 1648 in
2000 1596 2172 1650 ﬁdem
2200 1596 2315 1649 Dei.
2352 1597 2418 1650 Et
2449 1601 2513 1651 ut
2546 1614 2715 1651 suam
2768 1598 3163 1655 narrationem
3209 1600 3553 1672 prophetico

1908 1684 2244 1740 testimonio
2294 1687 2716 1757 comprobaret,
2778 1687 3027 1757 adjecit:
3079 1690 3232 1744 Sicut
3292 1691 3557 1761 scriptum

1908 1781 2017 1828 est:
2056 1775 2239 1828 Justus
2267 1784 2452 1829 autem
2483 1791 2552 1829 ex
2592 1776 2698 1845 ﬁde
2728 1778 2882 1831 vivit.
2910 1777 3070 1840 Quod
3103 1777 3263 1846 dicit,
3312 1795 3382 1834 ea:
3430 1778 3553 1848 ﬁde,

1911 1879 2025 1917 non
2056 1861 2157 1917 illa
2186 1868 2274 1918 est
2304 1863 2701 1935 intelligenda,
2735 1882 2859 1935 quae
2893 1866 3066 1920 verbo
3095 1870 3268 1923 tenus
3299 1871 3553 1936 tenetur,

1911 1952 2011 2006 sed
2035 1968 2161 2022 quae
2194 1952 2469 2023 operibus
2500 1954 2873 2025 adimpletur,
2909 1956 3047 2026 quia
3068 1956 3212 2011 ﬁdes
3226 1956 3351 2012 sine
3373 1957 3556 2028 operi-

1909 2040 2021 2095 bus
2052 2045 2283 2095 mortua
2314 2046 2403 2096 est
2434 2042 2493 2096 in
2529 2043 2846 2114 semetipsa
2876 2044 3013 2114 (Jac.
3046 2062 3109 2112 11,
3164 2046 3250 2112 17,
3301 2047 3391 2111 20,
3439 2045 3551 2115 ‘26).

1908 2129 2221 2200 Sequitur:
2277 2131 2568 2185 ltevelalur
2620 2135 2771 2187 enim
2825 2133 2913 2187 ira
2964 2134 3062 2187 Dei
3090 2132 3157 2187 de
3208 2134 3339 2189 caelo
3393 2149 3557 2205 super

1911 2234 2126 2272 omnem
2158 2220 2499 2289 impietatem
2528 2224 2578 2273 et
2608 2221 2941 2291 injustitiam
2972 2222 3275 2276 hominum.
3328 2222 3557 2276 Dixerat

1914 2306 2185 2377 superius
2219 2307 2456 2362 revelari
2490 2308 2654 2377 justo
2704 2325 2805 2380 per
2851 2309 3224 2381 Evangelium
3261 2310 3554 2380 justitiam

1916 2396 2013 2450 Dei
2042 2413 2053 2450 :
2084 2412 2452 2467 consequens
2484 2400 2626 2461 erat,
2660 2401 2725 2451 ut
2757 2398 3088 2454 ostenderet
3119 2398 3300 2471 impio
3318 2398 3554 2454 revelari

1913 2485 2060 2539 iram
2096 2484 2219 2553 Dei,
2258 2486 2357 2539 sed
2392 2486 2463 2540 de
2522 2485 2685 2551 cmlo,
2735 2486 2981 2558 ideoque
3031 2487 3281 2543 addidit:
3336 2488 3556 2543 Revela—

1915 2578 2024 2639 tur,
2061 2577 2169 2628 etc.
2200 2574 2305 2629 Ubi
2339 2574 2583 2629 solerter
2613 2579 2702 2630 est
2732 2576 3336 2644 animadvertendum,
3378 2592 3557 2647 quare

1914 2662 2158 2729 dixerit;
2196 2664 2473 2718 reveletur
2501 2670 2603 2719 aut
2632 2665 2719 2719 ira
2752 2666 2873 2730 Dei,
2903 2670 3003 2720 aut
3032 2666 3098 2720 de
3122 2667 3272 2721 caelo.
3321 2664 3558 2721 Revela-

1914 2756 2011 2806 tur
2041 2752 2168 2806 ideo
2202 2752 2363 2821 dicit,
2397 2752 2535 2823 quia
2582 2754 2737 2824 quod
2788 2753 2951 2825 prius
3007 2755 3197 2809 fuerat
3238 2754 3556 2819 occultum,

1916 2856 2017 2911 per
2040 2840 2415 2913 Evangelium
2463 2842 2679 2896 factum
2732 2847 2820 2897 est
2868 2847 3158 2913 apertum,
3211 2843 3349 2913 sive,
3402 2843 3555 2914 quod

1918 2929 2104 2982 fuerat
2122 2929 2318 2983 minus
2341 2936 2568 2997 notum,
2589 2947 2692 3002 per
2715 2931 3094 3003 Evangelium
3113 2934 3201 2987 est
3225 2931 3561 2987 manifesta-

1916 3021 2064 3069 tum.
2097 3017 2187 3070 lra
2218 3022 2411 3071 autem
2433 3018 2489 3071 in
2513 3024 2643 3087 Deo,
2673 3036 2789 3073 non
2813 3019 3063 3090 proprie,
3089 3021 3187 3075 sed
3218 3020 3559 3076 translative

1920 3100 2169 3157 dicitur:
2202 3103 2259 3156 in
2293 3104 2612 3159 divinitatis
2645 3106 2859 3177 quippe
2886 3113 3155 3161 naturam
3185 3109 3346 3163 nulla
3367 3108 3560 3180 passio

1918 3191 2091 3245 cadit.
2127 3191 2361 3253 Quoties
2391 3208 2526 3263 ergo
2557 3192 2638 3247 ira
2674 3193 2731 3246 in
2766 3193 2879 3248 Deo
2910 3193 3144 3261 dicitur,
3178 3212 3280 3266 pro
3311 3196 3563 3251 vindicta

152 3288 225 3343 tia
266 3286 555 3342 conﬁteri
585 3284 971 3339 verebantur:
1008 3283 1176 3355 quasi
1199 3283 1417 3337 diceret
1455 3282 1805 3354 Apostolus:
1841 3265 1881 3330 C
1922 3279 2260 3350 accipienda
2289 3284 2394 3335 est.
2430 3282 2499 3335 Et
2556 3281 2793 3353 pulchre
2842 3282 2983 3337 dicit
3030 3284 3099 3339 de
3142 3265 3284 3339 omlo
3339 3284 3559 3356 accipi:

151 3376 269 3432 Non
305 3374 607 3430 erubesco
639 3372 951 3443 prmdioare
977 3371 1272 3426 Christum
1306 3372 1668 3437 cruciﬁxum,
1692 3376 1749 3426 et
1779 3391 1812 3426 a

150 3465 398 3520 mortuis
422 3461 822 3517 resurrexisse
849 3479 862 3527 ;
897 3460 1198 3531 quoniam,
1231 3460 1338 3515 etsi
1358 3461 1413 3514 in
1438 3460 1619 3515 altero
1642 3461 1810 3515 dede-

150 3570 248 3609 cus
278 3558 394 3623 est,
432 3553 497 3606 in
535 3550 716 3605 altero
746 3555 943 3605 tamen
985 3549 1215 3621 insigne
1243 3549 1494 3604 virtutis.
1551 3550 1809 3605 Fuerunt

152 3644 301 3699 enim
334 3638 639 3705 nonnulli,
670 3638 767 3710 qui
802 3640 928 3710 ejus
960 3639 1341 3705 nativitatem,
1377 3638 1706 3709 passionem
1751 3644 1807 3693 et

149 3737 397 3788 mortem
420 3729 1014 3797 verebantur,contra
1028 3744 1174 3799 quos
1190 3726 1501 3798 Apostolus
1524 3726 1805 3783 dicitzNon

149 3822 393 3877 erubesco
426 3818 813 3888 Evangetium.
844 3822 958 3871 Cur
988 3833 1101 3871 non
1161 3815 1557 3886 erubescebat,
1610 3821 1803 3871 osten-

150 3910 261 3966 dit:
291 3912 493 3966 Virtus
523 3909 675 3964 enim
703 3907 800 3961 Dei
828 3908 925 3975 est,
956 3909 1066 3959 etc.
1102 3904 1386 3959 Virtutem
1420 3904 1518 3959 Dei
1550 3904 1805 3975 appellat

149 3998 474 4054 divinitatis
509 3998 858 4067 potentiam,
892 4011 1009 4065 qua
1038 3993 1304 4048 Christus
1328 3993 1628 4049 surrexita
1648 4009 1802 4047 mor-

150 4088 275 4143 tuis.
306 4090 376 4143 Et
409 4102 623 4142 revera
651 4083 813 4139 nulla
837 4085 1027 4153 major
1046 4082 1231 4137 virtus
1244 4098 1372 4137 esse
1396 4086 1605 4153 potest,
1627 4098 1802 4153 quam

150 4182 368 4233 mortuo
392 4175 647 4233 reddere
669 4173 873 4241 vitam;
903 4176 961 4227 et
986 4177 1097 4227 Deo
1119 4171 1359 4242 quidem
1379 4170 1525 4225 nihil
1544 4171 1802 4242 dignius,

154 4280 317 4334 quam
352 4263 511 4322 mori
546 4279 651 4334 pro
682 4279 800 4317 sure
832 4260 1113 4332 imaginis
1139 4259 1522 4332 reparatione.
1546 4261 1630 4315 Ad
1663 4259 1804 4331 quid

154 4353 222 4409 sit
247 4354 371 4411 haac
402 4355 624 4422 virtus,
658 4351 1056 4407 demonstrat:
1109 4352 1170 4405 In
1211 4350 1445 4405 salutem
1495 4350 1647 4405 omni
1690 4365 1805 4405 cre-

156 4442 335 4499 denti»
353 4441 537 4499 Omni
570 4439 735 4507 dicit,
767 4444 831 4495 ut
864 4438 1064 4494 nullus
1095 4442 1367 4510 exceptus
1400 4439 1708 4493 videretur.
1743 4438 1809 4492 Et

158 4547 220 4586 ne
246 4536 571 4604 putaretur
602 4529 932 4585 differentia
960 4545 1089 4583 esse
1116 4527 1268 4582 inter
1296 4526 1528 4581 Judzeos
1561 4530 1617 4581 et
1660 4527 1809 4581 Grae-

1921 3369 2199 3440 quoniam
2223 3374 2342 3424 tam
2368 3370 2667 3437 beneﬁcia,
2692 3388 2863 3440 quam
2888 3371 3112 3445 plagas,
3132 3377 3187 3428 et
3210 3374 3564 3445 qumquead-

1917 3474 2086 3513 versa
2116 3459 2187 3512 de
2217 3458 2358 3513 caelo
2395 3459 2737 3529 accipimus.
2772 3460 3032 3532 Mystice,
3053 3479 3156 3532 per
3177 3462 3391 3517 ccelum‘
3411 3463 3561 3518 desi-

1917 3550 2131 3618 gnatur
2151 3547 2416 3603 doctrina
2438 3549 2789 3620 evangelica,
2814 3550 2933 3605 sive
2956 3550 3219 3606 Ecclesize
3235 3552 3398 3607 ﬁdes.
3415 3557 3564 3623 Apte

1916 3636 2115 3707 itaque
2144 3636 2291 3691 iram
2317 3637 2418 3693 Dei
2451 3654 2629 3709 super
2658 3638 2907 3710 impium
2939 3640 3010 3695 de
3040 3640 3178 3696 coelo
3227 3641 3368 3697 dicit
3399 3657 3561 3695 reve-

1914 3724 2021 3779 lari
2050 3744 2062 3792 ;
2088 3725 2227 3796 quia
2256 3741 2359 3797 per
2390 3727 2592 3781 tubam
2623 3726 2966 3799 evangelicae
2999 3728 3451 3798 praedicationis,
3504 3733 3561 3784 et

1913 3814 2087 3868 ﬁdem
2103 3813 2366 3868 Ecclesiae
2389 3814 3115 3886 manifestatur,quantum
3131 3816 3560 3873 condemnandi

1913 3901 2033 3958 sint
2085 3901 2376 3957 idolorum
2428 3902 2700 3958 cultores.
2747 3902 2961 3959 Aliter:
3015 3904 3095 3960 De
3136 3905 3279 3961 ecelo
3328 3906 3413 3960 ira
3456 3906 3558 3962 Dei

1913 4006 2090 4061 super
2119 3990 2367 4060 impium
2400 3990 2708 4056 reveletur,
2740 3991 2879 4061 quia
2898 3992 2970 4046 ab
3001 3992 3127 4064 ipso
3159 3995 3363 4048 mundi
3391 4011 3553 4049 exor-

1913 4079 2029 4147 dio,
2065 4095 2167 4150 per
2192 4077 2449 4133 visibiles
2481 4085 2797 4149 creaturas,
2830 4080 3142 4136 invisibilis
3164 4083 3351 4153 potuit
3378 4099 3555 4153 agno-

1914 4168 1995 4223 sci
2026 4168 2279 4223 Creator.
2316 4168 2485 4238 Nam,
2519 4184 2652 4223 cum
2686 4172 2805 4223 tam
2833 4167 2990 4224 clara
3022 4174 3169 4224 Deus
3192 4170 3453 4225 condidit
3477 4170 3557 4225 si-

1915 4258 2073 4324 dera,
2099 4256 2264 4312 facile
2287 4274 2353 4312 ex
2375 4256 2521 4327 ipsis
2548 4256 2819 4329 cognosci
2842 4257 3050 4329 potuit,
3078 4260 3231 4329 quod
3254 4261 3379 4331 ipse
3400 4258 3561 4316 solus

1916 4346 2091 4413 Deus,
2127 4350 2183 4401 et
2213 4344 2377 4401 solus
2409 4351 2564 4401 esset
2596 4347 2950 4402 adorandus.
2983 4348 3169 4420 Super
3200 4365 3325 4420 qum
3365 4352 3561 4404 autem

1918 4434 2203 4490 reveletur
2260 4435 2346 4489 ira
2393 4435 2493 4490 Dei
2548 4435 2826 4506 aperitur,
2879 4452 3011 4491 cum
3057 4436 3353 4506 subditur,
3402 4455 3566 4509 super

1917 4540 2131 4580 onmem
2176 4525 2510 4594 impietatem
2560 4528 2611 4578 et
2659 4526 3009 4597 injustitiam.
3060 4526 3165 4581 Ubi
3218 4527 3563 4595 notandum,

157 4634 264 4689 eos,
324 4623 472 4682 aitz.
507 4619 705 4677 Iudaeo
750 4620 1017 4689 primum,
1076 4626 1129 4672 et
1178 4615 1378 4671 Graeco.
1435 4615 1611 4670 Graeci
1662 4616 1808 4669 duas
1847 4632 1887 4695 D
1920 4614 2060 4684 quia
2110 4614 2225 4667 duo
2276 4612 2439 4681 dixit,
2496 4615 2836 4685 impietatem
2883 4624 2934 4670 et
2979 4615 3345 4686 injustitiam.
3400 4621 3564 4686 Nam,

160 4708 444 4767 faciebant
480 4708 827 4777 divisiones,
861 4708 919 4762 in
955 4722 1017 4763 se
1043 4710 1100 4762 et
1146 4705 1450 4774 barbaris;
1502 4704 1812 4776 Apostolus

162 4812 286 4853 vero
310 4802 430 4854 tres
466 4796 707 4859 fecit,in
734 4796 955 4863 Judzno,
983 4795 1198 4861 Graeco,
1224 4800 1281 4849 et
1305 4794 1569 4850 barbaro.
1594 4794 1738 4849 Nam
1765 4793 1814 4848 si

171 4886 336 4943 Graeci
373 4891 701 4959 propterea
729 4885 999 4941 barbaris
1027 4885 1481 4957 praeferebantur
1511 4883 1648 4954 quia
1686 4884 1814 4955 phi-

164 4972 471 5046 losophica:
502 4973 833 5031 studebant
850 4974 1207 5043 doctrinae,et
1220 4973 1449 5044 legibus
1471 4972 1815 5041 utebantur,

166 5064 288 5133 jure
317 5069 371 5119 et
397 5062 597 5121 Judaei
626 5061 840 5117 Graecis
888 5064 1295 5134 praeferuntur,
1322 5061 1419 5131 qui
1444 5059 1671 5131 legibus
1695 5065 1818 5114 ute-

175 5152 398 5220 bantur,
430 5158 491 5208 et
526 5170 557 5207 a
595 5151 714 5206 Deo
747 5151 1150 5225 promulgatis.
1187 5152 1438 5222 Ideoque
1469 5149 1550 5203 ait
1575 5150 1821 5219 Aposto-

174 5238 258 5268 Ιησ-
283 5259 295 5268 .
345 5243 527 5268 Ϊ..ᾸΜ⁸
564 5241 807 5268 κκὶνκισμλ

1923 4701 2057 4757 licet
2087 4701 2280 4756 omnis
2310 4701 2583 4774 impietas
2631 4704 2942 4774 injustitia,
2977 4716 3091 4759 non
3129 4710 3323 4759 tamen
3375 4706 3568 4759 omnis

1926 4789 2220 4862 injustitia
2241 4795 2328 4845 est
2351 4791 3013 4863 impietaslmpietatem
3042 4810 3178 4865 ergo
3200 4798 3362 4847 vocat
3385 4794 3569 4846 incre-

1931 4880 2236 4935 dulitatem
2269 4879 2659 4949 ;injustitiam
2691 4898 2844 4948 vero,
2877 4882 3246 4954 iniquitatem
3279 4888 3336 4935 et
3366 4881 3572 4950 nequi-

1930 4969 2095 5025 tiam.
2130 4974 2315 5040 Super
2338 4986 2589 5040 quorum
2619 4970 2928 5027 hominum
2957 4972 3317 5043 impietatem
3342 4968 3571 5038 etinju-

1931 5060 2157 5114 stitiam
2182 5060 2269 5113 ira
2292 5058 2394 5113 Dei
2426 5059 2735 5130 reveletur,
2756 5062 3032 5126 ostendit,
3052 5076 3257 5124 eorum,
3278 5057 3575 5126 inquiens,

1929 5151 2027 5219 qui
2050 5151 2338 5203 veritatem
2362 5148 2462 5204 Dei
2483 5151 2539 5204 in
2568 5150 2845 5220 injustitia
2864 5151 3108 5206 detinent
3127 5146 3259 5217 (85).
3284 5145 3577 5215 Injustum

1934 5239 2151 5268 h-‘:nv\n
2184 5241 2270 5268 ﬁt!"
2326 5242 2386 5268 I‘I“
2420 5238 2608 5268 ιςΛσιΛκ
2663 5238 2755 5268 ηςςξ
3073 5235 3312 5268 ᾹΔῊΔΙΙῚΙῚ
3351 5240 3579 5268 ηκηηιιε-
