4030 5310
439 397 554 458 139

1460 393 1796 455 ATTONIS
1840 392 2430 455 VERCELLENSIS
2472 390 2823 454 EPISCOPI

3726 393 3843 459 HO

434 526 695 584 serviunt
716 529 995 583 creaturae
1029 525 1161 597 (87).
1194 526 1362 594 Quia,
1396 524 1538 597 quod
1587 527 1776 580 notum
1820 528 1899 580 est
1955 525 2069 592 Dei,
2103 529 2158 595 Α
2257 524 2567 597 Sequitur:
2600 525 2851 580 Dicente:
2881 523 3030 579 enim
3074 539 3132 578 se
3181 537 3290 580 esse
3342 524 3635 596 sapientes,
3685 524 3844 580 stulti

434 618 792 687 manifestum
818 618 893 671 est
922 615 979 670 in
1010 615 1144 669 illis.
1178 614 1280 669 Hic
1302 613 1774 669 subaudiendum
1811 618 1921 680 est,
1945 630 2075 681 esse,

437 711 504 761 ut
532 706 611 761 sit
641 720 879 760 sensus:
914 702 1177 759 Essentia
1207 706 1264 758 et
1293 702 1501 758 notitia
1529 701 1629 758 Dei
1652 702 1964 758 manifesta
1992 706 2082 759 est

437 793 578 849 illis.
612 797 725 848 Cur
752 796 946 848 autem
982 791 1059 847 sit
1089 790 1397 846 manifesta
1427 789 1683 847 ostendit
1715 809 1728 846 :
1762 792 1902 846 Deus
1929 793 2082 846 enim

438 884 555 939 illis
572 883 966 953 manifestavit.
992 879 1126 948 Sed,
1151 881 1444 951 quomodo
1468 879 1944 947 manifestaverit,
1964 896 2080 935 non

438 972 733 1028 evidenter
744 969 1511 1026 ostendit.Subaudiendum
1524 985 1659 1041 ergo
1677 974 1767 1024 est
1786 985 1797 1022 :
1816 968 2080 1023 faciendo

440 1078 610 1133 opus,
638 1074 742 1132 per
772 1061 926 1132 quod
958 1059 1083 1130 ipse
1115 1058 1301 1131 possit
1330 1056 1565 1130 agnosci
1597 1060 1852 1114 Creator.
1877 1055 2081 1112 Omnis

439 1151 657 1223 quippe
685 1152 952 1204 creatura
980 1148 1255 1220 praedicat
1284 1163 1346 1203 se
1377 1164 1492 1203 non
1526 1162 1652 1203 esse
1707 1145 2038 1203 Creatorem
2065 1152 2103 1214 ;'

437 1238 762 1313 praesertim
784 1254 916 1293 cum
939 1236 1086 1292 nihil
1104 1241 1506 1292 creaturarum
1519 1235 1718 1292 omnia
1736 1235 1793 1290 in
1807 1234 2082 1291 omnibus

437 1326 877 1400 superet.Verbi
902 1324 1327 1398 gratia,cmlum
1350 1324 1628 1398 praecellit
1648 1322 2078 1396 magnitudine,

438 1415 547 1484 sol,
578 1416 741 1484 luna,
765 1419 821 1471 et
841 1413 1020 1471 stellae
1043 1413 1327 1481 claritate,
1348 1419 1503 1472 terra
1525 1412 1821 1469 fertilitate
1845 1428 1858 1466 :
1893 1428 1959 1468 ac
1982 1428 2084 1483 per

444 1504 556 1561 hoc
585 1505 885 1561 evidenter
913 1503 1260 1571 ostenditur,
1282 1505 1436 1575 quod
1459 1502 1657 1558 omnia
1676 1501 1893 1557 habent
1911 1500 2083 1556 Crea-

438 1600 645 1661 torem,
678 1592 779 1665 qui
809 1609 876 1648 ea
906 1592 1183 1661 condidit,
1218 1592 1366 1664 regit
1393 1597 1452 1647 et
1471 1592 1780 1664 gubernat,
1804 1593 1861 1645 et
1886 1589 2085 1645 omnia

443 1682 734 1757 praecedit.
768 1682 1083 1753 Sequitur:
1113 1681 1421 1736 Invisibilia
1448 1681 1597 1736 enim
1627 1681 1800 1751 ipsius
1851 1696 1951 1750 per
1996 1696 2080 1748 ea,

442 1788 569 1845 qua:
594 1774 742 1843 facta
769 1774 917 1837 sunt,
947 1788 983 1825 a
1010 1774 1263 1827 creatura
1302 1769 1500 1826 mundi
1545 1770 1821 1826 intellecta
1875 1771 2085 1840 conspi-

443 1864 685 1917 ciuntur.
720 1861 1061 1932 Sempilerna
1089 1875 1297 1930 quoque
1330 1859 1500 1915 virtus
1528 1860 1666 1931 ejus.
1717 1864 1769 1913 et
1816 1858 2084 1914 divinitas
2114 1901 2162 1966 B

442 1949 739 2006 intellecta
768 1948 1211 2020 conspiciuntur
1249 1966 1283 2004 a
1314 1952 1580 2004 creatura
1622 1948 1847 2018 mundi,
1896 1964 1998 2019 per
2018 1964 2087 2002 ea

444 2057 573 2112 qua:
605 2040 757 2094 facta
787 2042 960 2094 sunt:
993 2056 1026 2092 a
1055 2043 1320 2093 creatura
1348 2038 1565 2109 quippe
1586 2037 1814 2106 mundi,
1869 2036 1925 2091 id
1974 2040 2083 2103 est,

447 2130 521 2185 ab
552 2129 679 2200 ipso
707 2126 914 2183 mundi
944 2126 1200 2194 exordio,
1235 2143 1337 2198 per
1364 2126 1622 2182 visibiles
1654 2130 1973 2191 creaturas,
2003 2126 2087 2179 in-

442 2216 688 2273 visibilis
720 2216 955 2287 agnosci
990 2215 1179 2286 potuit
1208 2216 1462 2270 Creator.
1500 2215 1666 2277 Nam,
1700 2231 1835 2269 cum
1888 2213 2084 2269 Domi-

443 2324 557 2362 nus
583 2310 702 2361 tam
734 2304 981 2375 pulchra
1008 2304 1331 2359 condiderit
1365 2303 1671 2369 elementa,
1705 2308 1769 2357 ut
1798 2318 1866 2357 ea
1896 2302 2085 2357 homi-

443 2412 568 2462 nes,
600 2392 769 2465 quasi
801 2393 939 2449 deos
970 2392 1302 2458 adorarent,
1337 2391 1504 2448 facile
1535 2391 1805 2463 cognosci
1838 2394 2083 2463 poterat,

420 2484 586 2556 ’quia
610 2479 1148 2553 incomparabiliter
1179 2478 1478 2552 pulchrior
1527 2485 1653 2535 erat
1701 2479 1818 2547 ille,
1870 2480 1970 2552 qui
2020 2496 2087 2535 ea

445 2570 726 2630 condidit.
758 2570 1041 2627 Virtutem
1070 2568 1269 2640 itaque
1298 2572 1464 2624 vocat
1510 2568 1832 2624 divinitatis
1883 2573 2086 2640 poten-

445 2662 611 2732 tiam,
638 2677 765 2733 quaa
788 2658 987 2715 omnia
1003 2658 1152 2729 regit
1175 2675 1188 2726 ;
1213 2657 1575 2713 divinitatem
1596 2674 1749 2724 vero,
1775 2658 1964 2729 ipsam
1988 2658 2088 2712 Dei

448 2751 838 2821 majestatem,
868 2764 993 2820 quae
1026 2746 1209 2819 replet
1236 2747 1529 2802 universa.
1556 2746 1685 2801 Haec
1705 2747 1884 2818 cnim,
1908 2746 1967 2801 id
1998 2750 2089 2802 est

447 2839 655 2907 virtus,
690 2841 748 2892 et
777 2835 1074 2903 divinitas,
1109 2851 1212 2907 per
1238 2834 1499 2891 visibiles
1549 2839 1847 2890 creaturas
1891 2839 2089 2907 potue-

449 2933 588 2984 runt
605 2925 842 2998 agnosci
866 2941 880 2981 :
903 2924 1005 2980 sed
1020 2924 1159 2995 quia
1180 2940 1296 2981 non
1318 2928 1456 2979 sunt
1474 2924 1688 2997 agnita,
1711 2923 1927 2980 idcirco
1948 2927 2089 2980 sunt

446 3014 871 3072 inexcusabiles
895 3032 908 3069 :
944 3014 1098 3068 unde
1127 3017 1184 3069 et
1213 3012 1522 3069 subditur:
1556 3015 1639 3069 Ita
1660 3022 1719 3069 ut
1737 3016 1851 3069 sint
1869 3016 2089 3069 inexcu-

444 3105 658 3160 sabiles.
691 3103 806 3159 Cur
836 3105 1029 3158 autem
1064 3101 1184 3156 sint
1212 3100 1659 3172 inexcusabiles,
1711 3102 2083 3158 manifestat:

445 3196 590 3264 Quia
615 3193 748 3249 dum
776 3193 1147 3264 cognovissent
1174 3191 1363 3259 Deum,
1394 3208 1508 3248 non
1534 3193 1674 3247 sicut
1747 3208 1873 3247 eum
1923 3192 2088 3262 glori-

2184 615 2321 685 facti
2330 613 2709 681 sunt,etc.Pro
2728 612 2938 685 peritia
2959 629 3213 684 namque
3228 612 3593 669 diversarum
3618 613 3840 669 artium

2188 719 2251 759 se
2270 704 2566 773 sapientes
2578 719 2706 758 esse
2719 702 3039 773 jactabant,
3059 701 3306 774 ideoque
3327 701 3498 758 stulti
3525 702 3662 759 facti
3676 707 3839 759 sunt.

2189 792 2488 858 Quomodo
2504 796 2701 847 autem
2723 790 2887 846 stulti
2911 790 3046 847 factl
3071 790 3208 858 sint,
3233 791 3514 864 aperitur,
3542 808 3680 847 cum
3704 792 3844 847 sub-

2190 882 2387 937 ditur:
2448 885 2515 938 Et
2567 882 2917 937 mutaverunt
2972 880 3211 950 gloriam
3255 881 3700 953 incorruptibilis
3742 882 3845 937 Dei

2187 972 2246 1025 in
2277 970 2707 1025 similitudinem
2735 971 2997 1038 imaginis
3054 970 3434 1041 corruptibilis
3481 971 3747 1039 hominis,
3791 979 3845 1027 et

2188 1060 2490 1128 volucrum,
2525 1066 2577 1114 et
2607 1059 3039 1132 quadrupedum,
3063 1063 3115 1114 et
3133 1061 3489 1131 serpentium.
3513 1060 3618 1115 His
3643 1059 3844 1116 verbis

2190 1149 2430 1204 denotat
2457 1147 2774 1220 Apostolus
2803 1146 3204 1220 philosophos,
3232 1153 3289 1204 et
3309 1150 3609 1222 redarguit
3638 1154 3844 1222 poetas

2190 1238 2475 1310 gentium,
2508 1238 2828 1304 Socratem,
2860 1236 3183 1308 Platonem,
3214 1236 3610 1308 Aristotelem,
3654 1239 3846 1294 Zeno-

2192 1343 2347 1395 nem,
2379 1325 2711 1399 Virgilium,
2743 1326 3042 1393 Catonem,
3092 1325 3364 1382 Ovidium
3418 1326 3741 1393 Nasonem,
3791 1331 3848 1383 et

2190 1415 2556 1487 cmteros,qui
2577 1414 2899 1472 divinitatis
2922 1413 3204 1470 honorem
3223 1415 3471 1471 mortuis
3491 1414 3847 1472 hominibus

2190 1503 2270 1559 im
2276 1505 2624 1575 pendebant,
2632 1507 2904 1575 putantes
2917 1519 3014 1559 eos
3028 1503 3216 1576 magis
3239 1503 3350 1559 sibi
3373 1504 3653 1577 prodesse
3668 1520 3847 1577 posse

2193 1598 2326 1665 post
2348 1597 2618 1662 mortem,
2643 1608 2819 1664 quam
2841 1591 2982 1648 dum
3006 1592 3199 1649 adhuc
3220 1593 3515 1649 viverent:
3543 1610 3683 1650 nam
3707 1610 3846 1649 cum

2192 1681 2467 1753 viverent,
2502 1680 2732 1738 nullum
2762 1682 2848 1737 eis
2878 1680 3199 1737 divinitatis
3220 1682 3646 1754 impendebant
3664 1683 3846 1739 hono-

2192 1786 2335 1827 rem.
2370 1775 2439 1826 Et
2467 1775 2627 1838 nota,
2659 1770 2799 1843 quia
2827 1787 2943 1827 non
2968 1771 3071 1839 ait,
3094 1771 3155 1826 in
3178 1770 3627 1827 similitudinem
3648 1772 3847 1829 homi-

2192 1860 2307 1928 nis,
2339 1860 2461 1927 sed,
2494 1861 2556 1914 in
2582 1859 3007 1915 similitudinem
3044 1862 3307 1931 imaginis
3339 1861 3658 1917 hominum:
3710 1878 3847 1934 spe-

2196 1949 2340 2005 ciem
2355 1949 2572 2021 quippe
2593 1949 2836 2004 humani
2857 1950 3115 2021 corporis
3138 1949 3388 2007 formare
3411 1968 3526 2007 non
3550 1955 3846 2023 poterant,

2196 2038 2296 2093 sed
2312 2037 2762 2093 similitudinem
2787 2037 3083 2111 imaginis,
3107 2039 3536 2097 cuidivinitatis
3558 2041 3848 2097 honorem

2196 2126 2800 2198 impendebant.Quod
2815 2131 3011 2183 autem
3033 2132 3235 2199 gentes
3253 2128 3705 2186 similitudinem
3727 2131 3849 2202 (89)

2196 2215 2466 2270 humana:
2484 2215 2771 2287 imaginis
2782 2233 2886 2288 pro
2913 2222 3026 2272 Deo
3048 2216 3322 2287 colerent,
3346 2218 3848 2287 ostenditDaniel,

2196 2303 2295 2375 qui
2327 2303 2468 2359 dicit
2496 2304 2840 2377 Babylonios
2872 2306 3149 2362 adorasse
3199 2307 3653 2365 similitudinem
3685 2308 3847 2364 Belis

2195 2393 2359 2462 (Dan.
2402 2410 2515 2457 xw,
2549 2394 2772 2462 2):Bel
2821 2412 3075 2466 namque
3128 2401 3292 2467 pater
3341 2396 3451 2451 fuit
3497 2397 3633 2453 Nini
3687 2399 3851 2471 regis

2193 2481 2586 2554 Assyriorum.
2622 2483 2867 2550 Rursus,
2901 2485 3055 2555 quod
3088 2489 3386 2556 serpentes
3405 2485 3664 2542 colerent
3684 2487 3849 2543 idem

2194 2570 2398 2628 Daniel
2428 2572 2809 2641 demonstrat,
2843 2573 2943 2645 qui
2976 2574 3244 2646 praefatos
3296 2574 3646 2648 Babylonios
3702 2578 3852 2634 dicit

2195 2662 2471 2716 adorasse
2500 2661 2835 2723 draconem.
2867 2662 3187 2735 quemipse
3212 2663 3522 2721 interfecit.
3556 2665 3852 2722 Colebant

2198 2748 2583 2806 nihilominus
2648 2750 3069 2807 similitudines
3133 2753 3614 2825 quadrupedum,
3689 2756 3851 2811 sicut

2195 2838 2447 2911 Aﬂgyptii
2478 2844 2688 2911 Apem.
2720 2840 2859 2911 Apis
2890 2841 3107 2896 etenim
3160 2859 3258 2897 rex
3309 2843 3420 2898 fuit
3464 2844 3848 2917 Argivorum,

2198 2925 2297 2997 qui
2329 2925 2574 2982 navibus
2601 2927 2671 2982 de
2687 2927 2907 2983 Griecia
2924 2933 3123 2985 vectus
3143 2929 3202 2985 in
3222 2931 3556 3004 ZEgyptum,
3579 2932 3664 2988 ibi
3690 2951 3851 2990 mor-

2195 3018 2335 3069 tuus
2355 3018 2445 3070 est
2492 3019 2549 3069 et
2578 3015 2846 3087 sepultus
2876 3034 2888 3072 :
2941 3022 2999 3073 et
3028 3017 3168 3083 quia
3217 3018 3382 3090 prius
3410 3021 3462 3075 ei
3506 3021 3847 3078 sacrificare

2196 3107 2686 3175 coeperuntquam
2708 3104 2993 3177 templum
3016 3105 3204 3177 ipsius
3221 3106 3625 3177 aediﬁcaretur,
3652 3111 3853 3167 dictus

2198 3194 2286 3246 est
2315 3191 2590 3264 Serapis:
2625 3193 2779 3250 Seras
2808 3193 2965 3250 enim
3009 3195 3202 3251 Graece
3239 3198 3553 3268 sepulcrum
3600 3198 3850 3257 dicitur.

443 3287 760 3356 ﬁcaverunl,
793 3291 897 3338 aut
924 3283 1137 3352 gratias
1156 3284 1404 3351 egerunt,
1427 3285 1537 3336 etc.
1560 3281 1848 3335 Virtutem
1870 3280 2087 3351 quippe
2115 3276 2159 3341 C
2196 3279 2343 3335 Huic
2375 3286 2609 3339 taurum
2637 3283 2964 3339 sacrificare
2995 3282 3298 3341 solebant:
3331 3287 3554 3342 undeet
3567 3286 3698 3359 ipse
3719 3294 3854 3344 tau-

445 3371 758 3428 invisibilis
788 3372 1055 3426 essentiee
1088 3387 1191 3441 per
1220 3369 1501 3436 visibiles,
1527 3373 1592 3423 ut
1611 3370 1833 3424 dictum
1851 3374 1962 3436 est,
1987 3384 2087 3440 po-

447 3464 684 3516 tuerunt
713 3474 1028 3531 agnoscere
1057 3463 1373 3513 creaturas.
1396 3458 1563 3525 Nam,
1586 3457 1855 3529 quamvis
1878 3473 2091 3513 nomen

452 3550 555 3606 Dei
586 3548 777 3604 adhuc
798 3551 952 3604 esset
975 3545 1265 3617 ignotum,
1288 3546 1473 3602 virtus
1494 3552 1687 3601 tamen
1712 3552 1838 3602 erat
1855 3546 2093 3602 manife-

453 3645 581 3696 sta:
613 3638 769 3695 unde
799 3654 915 3693 non
945 3635 1277 3707 ignorantia
1296 3636 1427 3707 (88),
1447 3636 1548 3691 sed
1573 3635 1643 3691 de
1674 3634 2094 3715 gloriﬁcatione

455 3729 985 3804 reprehenduntur,
1017 3742 1153 3781 cum
1182 3724 1397 3780 dicitur
1420 3742 1432 3780 :
1466 3726 1584 3780 Non
1611 3726 1748 3779 sicut
1776 3726 1949 3779 Deum
1975 3725 2090 3795 glo-

448 3821 822 3891 riﬁcaverunt,
853 3816 911 3871 id
941 3819 1049 3883 est,
1080 3814 1342 3871 debitum
1372 3814 1451 3868 illi
1494 3814 1774 3870 honorem
1820 3830 1935 3869 non
1985 3813 2092 3868 im-

450 3910 737 3983 pederunt
761 3906 907 3962 Cum
938 3905 1092 3961 enim
1124 3909 1277 3960 Deus
1307 3903 1421 3959 illis
1454 3919 1567 3959 non
1601 3902 1792 3959 solum
1851 3900 2090 3958 utilissi-

444 4015 678 4055 marum
698 3995 1145 4068 disciplinarum
1160 3993 1427 4066 peritiam
1450 3993 1740 4063 tribuerit,
1766 3992 1866 4048 sed
1887 3993 2085 4061 etiam,

442 4093 509 4145 ut
537 4090 608 4144 de
636 4103 871 4144 summo
900 4085 1051 4141 bono
1084 4087 1441 4151 tractarent;
1486 4083 1621 4154 ipsi,
1654 4082 1894 4150 bonum,
1930 4082 2085 4153 quod

442 4178 758 4249 habebant,
779 4192 893 4239 non
920 4180 1054 4243 Deo,
1085 4173 1185 4229 sed
1213 4172 1325 4229 sibi
1344 4172 1686 4236 tribuentes,
1715 4187 2083 4242 nequaquam

441 4266 543 4323 Dei
570 4266 826 4339 gratuita
854 4264 1134 4329 bonitate,
1164 4261 1266 4316 sed
1298 4260 1423 4316 suis
1455 4275 1517 4315 se
1548 4258 1773 4314 meritis
1790 4258 2085 4330 accepisse

437 4356 771 4422 credebant,
806 4353 1054 4424 ideoque
1078 4354 1441 4405 evanuerunt
1471 4373 1485 4416 ;
1524 4348 1677 4403 unde
1721 4363 1855 4402 mox
1885 4349 2081 4420 sequi-

432 4447 561 4499 tur:
622 4442 723 4498 Sed
780 4442 1125 4496 evanuerunt
1170 4439 1231 4493 in
1286 4437 1699 4509 cogitationibus
1774 4438 1909 4504 suis,
1969 4442 2078 4493 etc.

434 4530 678 4588 Nullum
708 4529 923 4601 quippe
955 4527 1151 4599 majus
1174 4542 1517 4582 evanescere
1548 4530 1655 4592 est,
1691 4542 1869 4597 quam
1901 4544 1935 4581 a
1962 4526 2079 4582 Deo

2203 3386 2325 3440 rus,
2358 3370 2496 3440 Apis
2529 3371 2748 3425 dictum
2781 3375 2891 3439 est,
2923 3388 3098 3443 quem
3128 3373 3380 3445 ngyptii
3413 3392 3516 3446 pro
3552 3377 3667 3432 Deo
3698 3377 3855 3434 cole-

2200 3458 2515 3514 bant.llinc
2536 3462 2642 3531 est,
2667 3460 2821 3531 quod
2844 3459 2949 3514 filii
2974 3461 3151 3517 Israel
3172 3461 3232 3517 in
3247 3462 3474 3520 deserto
3501 3464 3852 3523 similitudi-

2202 3564 2334 3603 nem
2364 3547 2532 3603 vituli
2563 3550 2844 3605 fecerunt.
2888 3550 3230 3607 Adorabant
3260 3556 3318 3608 et
3344 3553 3635 3624 volucres,
3687 3556 3847 3613 sicut

2199 3637 2450 3709 Egyptii
2481 3654 2767 3708 coracem,
2801 3638 2901 3711 qui
2960 3639 3164 3696 Latine
3213 3641 3429 3697 dicitur
3478 3645 3847 3715 uycticorax,

2201 3725 2370 3797 quasi
2402 3726 2585 3782 noctis
2598 3744 2824 3796 corvus,
2845 3733 2902 3785 et
2922 3729 3167 3785 Romani
3190 3747 3477 3787 anserem.
3498 3732 3626 3789 Non
3647 3734 3847 3791 solum

2199 3815 2344 3884 hmo,
2372 3815 2470 3871 sed
2502 3820 2558 3872 et
2587 3816 2704 3872 alia
2732 3817 2919 3873 multa
2947 3817 3255 3893 colebant;
3289 3822 3442 3877 unde
3494 3822 3639 3878 dicit
3687 3825 3848 3881 Salo-

2200 3921 2365 3961 mon:
2398 3906 2642 3961 Mortuus
2662 3916 2940 3963 mortuum
2960 3909 3121 3980 ﬁngit
3148 3911 3402 3965 manibus
3423 3912 3638 3983 iniquis
3689 3914 3842 3987 (Sap.

2196 4010 2291 4061 xv,
2324 3995 2443 4067 t7):
2476 3999 2530 4049 et
2580 3994 2926 4053 Psalmista:
2986 3999 3299 4055 Simulacra
3343 4002 3591 4069 gentium
3637 4018 3843 4075 argen-

2195 4091 2310 4138 tum
2338 4091 2389 4139 et
2416 4100 2619 4139 aurum
2647 4086 2820 4154 (Psal.
2854 4103 3014 4157 cxm,
3050 4089 3124 4157 1).
3175 4092 3460 4146 Praeterea
3507 4090 3844 4162 sciendum,

2196 4172 2337 4243 quia
2368 4189 2523 4228 nunc
2555 4174 2731 4229 etiam
2764 4174 3032 4231 homines
3079 4176 3236 4233 idola
3274 4177 3491 4251 colunt,
3539 4179 3845 4254 diligendo

2194 4261 2382 4333 magis
2411 4265 2733 4319 creaturam
2779 4281 2960 4336 quam
3008 4269 3381 4323 Creatorem:
3413 4268 3576 4324 verbi
3624 4273 3842 4342 gratia,

2190 4347 2460 4421 glutones
2514 4352 2703 4423 magis
2743 4351 2997 4425 diligunt
3044 4360 3308 4412 ventrem
3358 4374 3537 4429 quam
3604 4358 3839 4417 Deum:

2188 4437 2447 4509 glutonis
2478 4455 2614 4513 ergo
2644 4445 2800 4497 Deus
2840 4447 3042 4499 venter
3095 4449 3224 4514 est;
3273 4446 3428 4501 unde
3473 4448 3839 4519 Apostolus:

2189 4530 2434 4597 Quorum
2456 4531 2596 4586 Deus
2622 4536 2812 4588 venter
2836 4537 2913 4589 est
2950 4542 3001 4590 et
3027 4536 3205 4606 gloria
3243 4537 3303 4591 in
3342 4538 3667 4608 confusione
3726 4539 3840 4611 (90)

433 4623 737 4690 acceptum
772 4618 991 4672 bonum
1025 4614 1137 4671 sibi
1166 4614 1442 4671 tribuere.
1487 4617 1559 4670 Et
1607 4615 1957 4671 obscuratum
2001 4624 2079 4672 est
2106 4642 2154 4708 Β
2185 4619 2447 4689 ipsorum.
2502 4620 2559 4675 Si
2618 4637 2754 4694 ergo
2802 4621 3061 4694 glutonis
3103 4630 3255 4679 Deus
3304 4630 3523 4695 venter,
3568 4630 3629 4682 et
3675 4627 3839 4683 avari

431 4711 699 4780 insipiens
726 4722 821 4763 cor
849 4721 1055 4761 eorum.
1092 4704 1251 4775 Ecce,
1295 4704 1436 4759 dicit
1469 4703 1807 4776 Apostolus,
1839 4721 1937 4760 cor
1974 4721 2075 4761 eo-
2106 4703 2144 4708 ”
2185 4722 2413 4777 aurum,
2446 4724 2512 4763 ac
2542 4725 2645 4780 per
2668 4709 2777 4765 hoc
2828 4710 3068 4783 impuri,
3118 4718 3177 4767 et
3235 4713 3485 4769 adulteri
3533 4714 3694 4772 Deus
3744 4720 3839 4772 est

429 4814 562 4853 rum
594 4798 991 4853 obscuratum.
1024 4795 1133 4850 Sed
1194 4794 1342 4850 unde
1390 4794 1772 4849 obscuratum
1822 4794 1901 4849 sit
1956 4811 2072 4850 non

426 4887 703 4944 ostendit.
740 4884 1197 4956 Intelligendum
1228 4900 1364 4956 ergo
1389 4888 1499 4950 est,
1532 4884 1672 4955 quia
1692 4883 2067 4940 obscuratum

428 4975 584 5030 nube
632 4973 902 5028 humanae
932 4972 1161 5028 laudis:
1198 4989 1301 5043 pro
1349 4971 1600 5044 acceptis
1646 4974 1862 5043 quippe
1902 4972 2070 5028 bonis

424 5062 738 5086 1.--μι.........

846 5062 1016 5088 .-λειω
1054 5060 1388 5090 ηι-ωσιΑῑ-ιηηι
1446 5065 1497 5090 ab
1530 5060 1657 5092 ίᾹΛΑ
1712 5060 1927 5092 ίήηιηηὶ
1980 5065 2066 5094 an}

2183 4800 2462 4851 scortum.

2253 4885 2566 4957 Sequitur:
2597 4887 2825 4959 Propter
2848 4889 2987 4961 quod
3017 4890 3261 4946 tradidit
3288 4907 3375 4947 eos
3424 4893 3538 4965 (91)
3577 4894 3723 4950 Deus
3771 4897 3836 4950 in

2178 4972 2454 5031 desideria
2501 4976 2678 5031 cordis
2726 4993 2934 5049 eorum,
2980 4983 3089 5033 etc.
3145 4981 3309 5045 Quod
3360 4979 3521 5049 dicit,
3572 4983 3829 5054 tradidit,

2178 5061 2624 5094 ξηιηιιζηηηιιηη.
2648 5070 2732 5094 ηηι
2780 5066 2926 5094 1..-.“
2947 5069 3194 5094 ..-.......:..:4
3222 5087 3233 5094 .
3259 5070 3408 5094 ..ε---ι
3436 5070 3649 5094 ,ιμειημ
3674 5073 3829 5094 n----
