4030 5310
180 370 282 427 141

767 364 1181 425 EXPOSITIO
1227 364 1302 422 ΙΝ
1350 363 1780 423 EPISTOLAS
1825 361 2078 423 PAULI.
2117 397 2191 407 —-
2237 366 2313 424 ΙΝ
2357 366 2605 427 EPIST.
2651 369 2755 427 AD
2804 370 2990 430 ROM.

3466 373 3580 432 142

176 502 319 555 Deus
354 497 414 552 in
448 497 761 567 contraria,
794 498 894 553 sed
925 497 981 551 in
1018 496 1216 551 suavia
1244 500 1299 551 et
1330 494 1694 551 delectabilia
1721 511 1732 549 :
1762 499 1819 550 et
1847 497 1901 561 Α
1934 495 2076 549 sculi
2113 496 2168 550 in
2206 498 2497 553 masculos
2519 499 2875 571 turpidincm
2933 503 3344 573 operabantur,
3404 505 3484 562 ita
3525 510 3583 563 et

172 590 273 644 hoc
306 593 396 643 est
427 588 584 659 quod
616 574 777 656 dicit,
811 589 871 641 in
914 587 1185 642 desideria
1242 586 1417 640 contis
1465 601 1669 640 eorum.
1706 585 1821 639 Cur

169 683 362 733 autem
395 693 497 732 eos
556 675 704 731 tradi
764 674 1117 749 permiserit,
1180 674 1432 730 ostendit
1474 691 1486 728 :
1528 676 1589 730 Ut
1634 682 1819 729 contu-

167 765 350 822 meliis
369 782 599 836 corpora
628 782 730 819 sua
759 766 1015 835 afﬁciant
1046 765 1157 835 (92)
1192 767 1251 818 in
1308 766 1627 834 semetipsis.
1675 768 1819 817 Con-

170 855 421 911 tumelias
453 860 594 910 sunt
625 854 958 926 opprobria.
995 852 1380 908 Contumeliis
1412 869 1547 924 ergo
1580 868 1821 923 corpora

166 962 273 1001 sua
296 944 685 1015 afﬁciunt,qui
715 948 951 1015 peccata
972 942 1460 1013 peccatis,etvitia
1477 942 1629 996 vitiis
1646 958 1819 995 accu-

166 1034 407 1090 mulant.
440 1033 624 1087 Omne
655 1032 812 1087 enim
846 1040 1174 1103 peccatum,
1206 1032 1360 1102 quod
1422 1030 1596 1085 homo
1629 1029 1819 1101 primo

168 1123 499 1191 committit,
526 1121 637 1176 nisi
663 1121 774 1176 cito
800 1138 901 1193 per
921 1121 1325 1192 pmnitentiam
1380 1120 1727 1191 corrigatur,
1759 1120 1823 1172 ﬁt

162 1230 334 1267 causa
350 1212 573 1284 peccati
594 1229 605 1277 ;
623 1210 903 1282 quoniam
920 1227 987 1265 ex
1001 1227 1067 1265 eo
1093 1210 1355 1265 nascitur
1376 1209 1623 1265 alterum
1645 1209 1818 1279 :quod

164 1302 266 1356 nisi
299 1318 510 1356 rursus
541 1300 890 1371 corrigatur,
928 1301 992 1353 fit
1050 1316 1222 1370 poena
1278 1299 1499 1370 peccati
1559 1303 1614 1352 et
1643 1314 1821 1352 causa

164 1390 396 1463 peccati,
433 1407 602 1461 penna
634 1388 1019 1460 praecedentis
1052 1394 1109 1442 et
1142 1405 1324 1443 causa
1350 1388 1673 1459 sequentis.

227 1478 541 1550 Sequitur:
578 1478 684 1545 Qui
736 1480 1211 1533 commutaverunt
1260 1478 1545 1531 veritatem
1606 1476 1705 1531 Dei
1760 1477 1817 1529 in

164 1567 539 1623 mendacium.
566 1566 882 1622 Veritatem
912 1570 1077 1620 vocat
1117 1565 1443 1620 divinitatis
1473 1564 1811 1636 potentiam.

165 1657 480 1712 Veritatem
514 1672 650 1728 ergo
683 1656 779 1710 Dei
811 1656 869 1710 in
901 1654 1278 1710 mendacium
1328 1658 1674 1719 commutat,
1715 1653 1815 1723 qui

166 1746 426 1802 debitum
459 1745 716 1800 Creatori
740 1744 1019 1800 honorem
1044 1743 1252 1798 tribuit
1282 1748 1579 1798 creaturae.
1612 1743 1680 1797 Et
1708 1742 1817 1796 hoc

165 1841 264 1902 est,
290 1834 453 1906 quod
486 1833 788 1904 sequitur:
826 1821 887 1888 Et
917 1835 1224 1899 coluerunt,
1256 1836 1309 1887 et
1332 1833 1642 1887 servierunt
1668 1847 1813 1886 crea-
1848 1868 1896 1933 B

161 1928 325 1991 turne,
348 1926 529 1995 potius
545 1940 709 1994 quam
735 1923 999 1978 Creatori.
1029 1922 1129 1977 His
1148 1921 1339 1977 verbis
1358 1921 1671 1993 Apostolus
1702 1937 1817 1976 non

167 2014 515 2068 condemnat
546 2016 911 2079 creaturam;
947 2011 1047 2083 qui
1108 2011 1263 2066 enim
1321 2016 1647 2066 creaturam
1681 2026 1816 2064 con-

168 2103 422 2168 demnat,
453 2102 709 2157 Creatori
746 2101 1021 2171 injuriam
1056 2099 1212 2167 facit,
1248 2100 1388 2170 quia
1439 2098 1609 2153 bonis
1659 2098 1819 2153 illius

174 2191 315 2247 male
336 2192 557 2246 utitur:
590 2196 846 2245 attamen
872 2190 997 2261 ipse
1028 2189 1186 2243 novit
1206 2190 1371 2259 juste
1402 2188 1733 2260 disponere,
1765 2196 1821 2243 et

179 2282 431 2336 ordinare
464 2279 740 2335 militiam
789 2296 1013 2347 eorum,
1079 2294 1228 2349 quos
1285 2277 1440 2332 videt
1492 2277 1665 2333 bonis
1694 2276 1819 2332 suis

180 2371 383 2441 injuste
412 2371 520 2426 uti.

230 2459 540 2531 Sequitur:
579 2459 686 2527 Qui
738 2458 853 2531 (93)
908 2467 985 2513 est
1044 2459 1183 2513 Deus
1237 2458 1349 2528 (94)
1410 2456 1720 2512 benedictus
1760 2458 1819 2511 in

160 2549 381 2606 arcula.
412 2550 601 2603 Amen.
640 2548 847 2603 Iisdem
879 2545 1317 2618 verbis,quibus
1349 2562 1504 2600 nunc
1528 2547 1597 2601 de
1628 2546 1816 2614 Patre,

160 2637 290 2693 alibi
316 2638 499 2693 etiam
516 2638 586 2691 de
604 2636 743 2691 Filio
766 2635 1180 2702 utitur,dicens
1197 2651 1209 2691 :
1227 2636 1821 2705 Quorumpatres,ete.v

156 2728 358 2798 quibus
392 2726 657 2796 Christus,
689 2729 787 2797 qui
815 2734 896 2781 est
929 2725 1243 2781 benedictus
1288 2725 1345 2778 in
1402 2724 1602 2778 saecula
1644 2738 1819 2779 saccu-

156 2817 361 2871 lorum.
388 2817 560 2885 (Rom.
586 2833 662 2882 1x,
694 2816 770 2885 5).
794 2817 872 2869 Ac
902 2830 1004 2885 per
1033 2814 1142 2869 hoc
1171 2813 1337 2869 Pater
1365 2816 1423 2867 et
1454 2811 1634 2867 Filius
1665 2829 1818 2867 unus

153 2910 237 2961 est
268 2907 459 2961 Deus.

218 2995 346 3065 (95)
371 2993 654 3064 Sequitur
683 3009 696 3059 ;
722 2996 1017 3064 PrOpterea
1053 2990 1285 3045 tradidit
1305 3005 1394 3044 eos
1443 2990 1554 3059 (96)
1599 2990 1739 3042 Deus
1760 2990 1820 3042 in

147 3084 447 3154 passiones
479 3080 823 3149 ignominiae.
883 3079 1109 3133 Dixerat
1161 3077 1470 3149 superius:
1514 3080 1819 3129 commuta-

147 3174 359 3229 verunt
390 3170 679 3224 veritatem
720 3169 820 3222 Dei
852 3169 911 3221 in
939 3166 1322 3221 mendacium:
1380 3164 1597 3235 quibus
1627 3164 1817 3218 verbis

148 3259 417 3317 ostendit
446 3274 546 3313 eos
578 3257 705 3310 ideo
732 3256 1060 3319 derelictos,
1102 3254 1240 3325 quia
1270 3232 1581 3308 Dominum
1615 3251 1816 3307 dereli-
1848 3232 1890 3299 α

150 3346 713 3422 quernut;ideoque
735 3344 876 3399 dicit
899 3360 911 3398 :
945 3346 1262 3413 Propterea,
1296 3348 1403 3397 etc.
1426 3342 1663 3397 Tradidit
1685 3358 1816 3397 vero

149 3440 234 3494 ita
261 3434 489 3506 acccipi
512 3434 775 3504 debet,ut
794 3433 1017 3488 dictum
1040 3430 1461 3486 est.Passiones
1484 3430 1815 3503 ignominiaa

149 3530 326 3583 vocat
350 3528 611 3597 peccata,
637 3539 763 3593 quae
787 3521 1033 3576 inferius
1055 3521 1354 3591 descripta
1377 3524 1535 3575 sunt.
1564 3520 1815 3591 Ignomi-

154 3617 252 3671 nia
284 3615 448 3670 dicta
470 3618 582 3677 est,
612 3628 676 3667 eo
695 3611 848 3682 quod
877 3610 951 3665 sit
974 3610 1098 3665 sine
1121 3608 1376 3676 nomine,
1401 3609 1553 3664 sicut
1579 3608 1813 3664 infamis

152 3706 285 3759 sine
320 3704 501 3771 fama,
536 3704 593 3755 et
622 3698 897 3772 ignobilis
924 3698 1050 3754 sine
1110 3696 1445 3753 nobilitate:
1481 3698 1815 3769 quicunque

160 3792 327 3848 enim
354 3791 412 3845 in
441 3794 668 3860 stupro,
704 3787 1169 3855 fornicatione,et
1188 3786 1471 3842 adulterio
1494 3788 1815 3857 deprehen-

161 3881 355 3948 ditur,
378 3884 530 3935 recte
561 3877 774 3933 dicitur
803 3875 1080 3947 ignobilis
1108 3875 1614 3945 etignominiosus
1640 3892 1653 3942 ;
1680 3874 1817 3946 quia

154 3974 317 4026 caret
354 3968 679 4023 nobilitate.
736 3968 1018 4020 Praeterea
1072 3980 1244 4019 omne
1297 3966 1598 4034 peccatum
1647 3963 1817 4035 igno-

154 4058 351 4113 minia
380 4057 613 4124 dicitur,
648 4056 785 4127 quia
806 4059 964 4110 caret
987 4052 1223 4108 nomine
1251 4058 1473 4107 natura;
1502 4070 1514 4119 ;
1540 4054 1817 4121 quoniam

155 4164 272 4203 non
305 4150 400 4201 est
429 4163 463 4199 a
492 4146 608 4200 Deo
640 4148 921 4210 creatum,
981 4142 1082 4197 sed
1142 4160 1175 4196 a
1234 4140 1463 4196 diabolo
1494 4140 1817 4197 inventum.

158 4236 470 4299 Quomodo
483 4240 679 4289 autem
693 4232 893 4288 traditi
908 4237 1049 4287 sunt
1064 4230 1122 4285 in
1139 4230 1446 4302 passiones
1462 4230 1817 4302 ignominiaa,

161 4325 448 4397 aperitur,
480 4340 615 4379 cum
647 4322 921 4377 subditur
949 4338 961 4376 :
998 4323 1142 4376 Nam
1162 4321 1388 4390 feminze
1409 4336 1596 4375 eorum
1620 4320 1819 4375 immu-

161 4418 422 4469 taverunt
442 4411 765 4467 naturalem
785 4411 1020 4466 usumin
1042 4426 1167 4463 eum
1199 4426 1359 4463 usum
1399 4412 1497 4480 qui
1541 4413 1617 4464 est
1636 4418 1821 4464 contra

162 4512 450 4558 naturam.
480 4503 577 4556 Hic
608 4501 922 4572 Apostolus
947 4515 1048 4570 per
1070 4497 1455 4569 periphrasim
1482 4498 1679 4553 vitavit
1701 4515 1821 4554 rem

166 4597 425 4664 turpem.
461 4591 571 4646 Sed
601 4588 1077 4659 sciendum,quia
1097 4586 1191 4642 hic
1218 4586 1379 4642 locus
1394 4586 1549 4642 varie
1574 4604 1608 4642 a
1636 4588 1826 4643 docto-
1854 4603 1900 4667 D

170 4681 339 4736 ribus
361 4680 658 4752 expositus
679 4677 1384 4747 est.Attamen,quomodo
1408 4674 1823 4748 intelligendus

172 4770 251 4824 sit
281 4769 599 4841 Apostolus
632 4768 987 4837 manifestat,
1022 4783 1153 4821 cum
1181 4765 1485 4838 subjungit
1512 4781 1524 4820 :
1560 4765 1826 4822 Similiter

174 4864 363 4913 autem
384 4860 678 4913 etmasculi
706 4860 892 4912 relicto
921 4857 1172 4911 naturali
1200 4871 1321 4921 usu,
1356 4860 1461 4909 etc.
1494 4856 1641 4910 Dum
1666 4857 1820 4911 enim

177 4947 344 5015 dicit,
375 4949 647 5015 similiter,
676 4947 975 5002 evidenter
1004 4944 1281 5013 ostendit,
1317 4946 1454 5015 quia
1511 4945 1665 5000 sicut
1696 4962 1824 5001 ma-

253 5194 367 5281 (92)
398 5198 743 5284 InnYulgata
772 5197 1161 5268 postpositum
1194 5199 1283 5252 est
1310 5196 1547 5252 verbum
1600 5210 1827 5267 corpora

219 5265 255 5282 ιι

1932 585 2157 639 Γθηιίιιίε
2192 590 2345 657 turpi
2401 588 2690 645 desiderio
2748 590 2997 645 feminas
3054 594 3420 664 appetebant.
3475 601 3581 652 No-

1934 674 2176 729 tandum
2198 675 2545 747 igitur,quia
2570 695 2682 733 non
2711 678 3193 745 ait,mutaverunt
3215 682 3579 753 conjugalem

1931 780 2128 829 usum,
2152 765 2250 818 sed
2278 768 2585 822 naturalem
2608 786 2630 831 ;
2658 768 2993 840 quicunque
3010 770 3163 825 enim
3190 772 3452 827 membra
3472 790 3582 829 sua

1930 851 2049 906 illis
2108 854 2390 909 membris
2444 856 2668 921 miscet,
2723 873 2849 927 quae
2912 862 3061 913 Deus
3092 858 3308 915 creavit
3337 860 3409 915 ad
3440 878 3579 932 pro-

1932 942 2211 997 creandas
2235 943 2599 1009 scboles,etsi
2623 945 2742 1000 sint
2764 946 3028 1002 membra
3049 948 3389 1018 meretricis,
3407 954 3578 1005 natu-

1931 1030 2071 1085 ralis
2094 1033 2649 1103 estusus,quamvis
2675 1033 2911 1089 illicitus
2939 1036 3285 1093 concubitus
3304 1058 3317 1105 ;
3336 1038 3578 1109 quivero

1932 1118 2047 1174 illis
2070 1122 2529 1193 conjungit,quaa
2550 1127 2703 1177 Deus
2727 1141 2841 1178 non
2866 1125 3077 1179 creavit
3096 1126 3165 1181 ad
3191 1129 3579 1198 procreandas

1932 1207 2182 1275 soboles,
2206 1209 2314 1263 etsi
2338 1212 2604 1265 membra
2631 1211 2747 1266 sint
2769 1212 2985 1279 uxoris,
3013 1230 3125 1267 non
3149 1218 3344 1269 tamen
3368 1219 3455 1269 est
3477 1232 3575 1270 na-

1929 1296 2135 1352 turalis
2161 1300 2401 1354 usus.Et
2424 1300 2549 1354 ideo
2572 1301 2713 1355 dicit
2733 1301 3043 1372 Apostolus
3071 1320 3083 1358 :
3108 1302 3380 1359 Similiter
3394 1308 3578 1359 autem

1928 1390 1978 1441 et
2002 1389 2253 1456 masculi,
2288 1390 2478 1444 relicto
2509 1392 2761 1445 naturali
2804 1408 2907 1446 usu
2950 1394 3191 1462 feminas,
3244 1400 3581 1449 exarserunt

1928 1477 1985 1529 in
2010 1476 2298 1531 desideriis
2315 1480 2453 1546 suis,
2486 1479 2721 1533 invicem
2741 1480 2976 1535 masculi
3006 1483 3065 1535 in
3094 1483 3365 1537 masculos
3395 1486 3579 1555 turpi-

1928 1565 2172 1619 tudinem
2203 1570 2510 1636 operantes.
2544 1568 2906 1635 Exarser-unt,
2940 1569 3153 1640 inquit,
3187 1570 3242 1625 id
3275 1574 3364 1625 est
3393 1572 3580 1627 incre-

1928 1654 2094 1708 dibili
2124 1655 2329 1711 ardore
2362 1655 2624 1712 libidinis
2646 1658 2877 1713 accensi
2908 1662 3047 1714 sunt
3076 1660 3208 1731 (97),
3234 1660 3404 1731 juxta
3434 1660 3579 1716 illud

1934 1743 2268 1815 prophetae:
2330 1746 2617 1801 Ambulate
2670 1748 2727 1800 in
2787 1748 2998 1803 lumine
3052 1747 3201 1817 ignis
3250 1752 3415 1804 vestri
3447 1751 3584 1804 etin

1926 1834 2187 1901 ﬂammis,
2248 1850 2379 1905 quas
2438 1835 2793 1891 succendistis
2841 1837 2974 1907 (98).
3037 1837 3103 1891 Et
3158 1836 3329 1893 item:
3384 1839 3579 1894 Omnes

1927 1923 2298 1979 adulterantes
2352 1926 2478 1994 (Isa.
2541 1944 2590 1996 L,
2652 1927 2759 1996 11),
2838 1928 2995 1999 quasi
3074 1926 3333 1984 clibanus
3415 1929 3579 1985 corda

1925 2029 2132 2068 eorum.

2000 2101 2315 2172 Sequitur:
2352 2105 2415 2157 Et
2471 2104 2791 2169 mercedem,
2850 2122 3013 2175 quam
3068 2107 3333 2176 oportuit,
3371 2108 3579 2163 erroris

1930 2192 2019 2243 sui
2042 2191 2101 2244 in
2128 2194 2429 2261 semetipsis
2461 2194 2795 2262 recipientes.
2824 2193 3167 2263 Mercedem,
3201 2211 3376 2266 quam
3409 2212 3581 2267 opor-

1928 2278 2128 2344 tuit,in
2147 2280 2482 2351 semetipsis
2504 2285 2847 2351 receperunt
2863 2282 2973 2352 (99)
2991 2300 3004 2350 ;
3021 2282 3159 2352 quia
3172 2282 3580 2355 derelinquen-

1927 2372 2015 2422 tes
2048 2372 2252 2433 Deum,
2286 2368 2546 2423 derelicti
2579 2373 2717 2425 sunt
2748 2370 2819 2424 ab
2851 2386 2955 2437 eo;
2989 2370 3060 2426 ad
3093 2370 3201 2426 hoc
3232 2370 3389 2426 enim
3421 2372 3581 2427 dere-

1928 2454 2248 2527 liquerunt,
2274 2461 2337 2511 ut
2360 2456 2987 2527 derelinquerentur,et
3014 2457 3128 2525 his,
3161 2475 3287 2530 quae
3320 2476 3577 2531 sequun-

1926 2549 2043 2609 tur,
2078 2544 2423 2600 criminibus
2456 2544 2684 2611 irretiti,
2719 2550 3104 2617 agnoscerent
3155 2564 3330 2619 quem
3362 2547 3577 2603 dereli-

1928 2634 2351 2703 querunt.Nam
2376 2634 2513 2705 quia
2534 2640 2858 2707 peccatum,
2885 2637 3040 2707 quod
3066 2636 3253 2708 primo
3275 2637 3577 2693 commise-

1929 2726 2087 2787 runt,
2122 2722 2435 2779 noluerunt
2464 2724 2641 2796 digna
2672 2724 3072 2781 satisfactione
3102 2726 3405 2797 corrigere,
3447 2726 3575 2782 ideo

1918 2812 2082 2882 justo
2118 2812 2215 2867 Dei
2238 2814 2460 2883 judicio
2493 2814 2687 2869 traditi
2712 2819 2850 2869 sunt
2878 2814 2969 2870 his
3000 2815 3178 2879 vitiis,
3212 2832 3316 2887 pro
3360 2815 3576 2887 quibus

1929 2901 2187 2957 atrocius
2217 2902 2590 2973 punirentur.

2000 2990 2311 3060 Sequitur:
2349 2992 2411 3045 Et
2440 2993 2581 3046 sicut
2622 3008 2731 3047 non
2774 2992 3140 3061 probaverunt
3168 2995 3337 3050 Deum
3381 2994 3577 3050 habere

1929 3077 1987 3131 in
2009 3080 2267 3133 notitiam
2289 3078 2457 3148 (100),
2482 3080 2712 3134 tradidit
2733 3096 2822 3135 eos
2854 3082 3001 3151 (101)
3025 3083 3164 3137 Deus
3195 3085 3255 3137 in
3287 3083 3574 3154 reprobum

1928 3180 2164 3220 sensum.
2194 3164 2527 3219 Notandum
2550 3166 2659 3221 hoc
2692 3167 2815 3222 loco
2847 3169 2986 3238 quia
3021 3185 3135 3224 non
3191 3171 3291 3240 ait,
3325 3188 3441 3225 non
3471 3188 3571 3226 co-

1928 3258 2253 3325 gnoverunt
2276 3258 2477 3320 Deum,
2504 3255 2629 3321 sed,
2652 3272 2759 3310 non
2782 3258 3156 3320 probaverunt
3180 3259 3351 3313 Deum
3375 3259 3575 3316 habere

1926 3346 1985 3398 in
2006 3345 2278 3398 notitiam.
2310 3348 2483 3398 Deum
2503 3360 2756 3416 namque
2776 3361 3147 3417 cognoscere,
3169 3351 3257 3402 est
3286 3364 3388 3419 per
3408 3363 3573 3403 crea-

1926 3438 2091 3488 turas
2122 3432 2446 3505 intelligere
2502 3434 2869 3503 Creatorem;
2920 3435 3105 3491 Deum
3163 3453 3295 3492 vero
3327 3437 3573 3509 probare

1926 3522 2139 3577 habere
2169 3522 2227 3576 in
2262 3521 2487 3592 notitia,
2520 3522 2705 3578 oculis
2735 3540 2869 3579 eum
2920 3524 3130 3580 mentis
3178 3542 3407 3597 semper
3426 3543 3569 3597 pra:-

1925 3616 2151 3666 sentem
2184 3610 2417 3677 habere,
2450 3616 2506 3665 et
2536 3611 2819 3676 timendo,
2852 3612 2989 3668 vitia
3017 3613 3325 3670 declinare.
3352 3615 3569 3687 Repre-

1925 3700 2064 3753 bum
2097 3703 2289 3754 autem
2314 3716 2575 3765 sensum,
2600 3700 2739 3755 dicit
2768 3717 3127 3772 perversum,
3189 3704 3258 3758 de
3289 3720 3403 3775 quo
3435 3720 3570 3760 mox

1925 3789 2200 3844 subditur
2223 3804 2235 3841 :
2275 3790 2337 3844 Ut
2362 3788 2577 3861 faciant
2605 3806 2689 3854 ea,
2721 3806 2839 3861 quae
2860 3807 2969 3846 non
2996 3793 3321 3848 conveniunt
3346 3809 3357 3848 :
3383 3794 3441 3848 id
3461 3797 3565 3858 est,

1927 3894 2053 3948 quae
2077 3877 2233 3947 leges
2266 3877 2473 3931 divina:
2496 3884 2889 3934 exsecrantur.
2918 3880 3061 3937 Nam
3087 3883 3354 3953 quamvis
3376 3878 3576 3940 omnia

1928 3970 2166 4037 peccata
2188 3965 2302 4019 Deo
2325 3966 2703 4021 exsecrabilia
2724 3974 2882 4035 sunt,
2911 3968 3011 4024 illa
3032 3973 3225 4025 tamen
3251 3988 3365 4042 prae
3385 3973 3571 4027 omni-

1930 4054 2042 4108 bus
2073 4052 2521 4108 exsecrabiliora
2550 4058 2707 4122 sunt,
2727 4071 2853 4124 quae
2886 4056 3037 4110 fiunt
3058 4062 3259 4114 contra
3280 4065 3573 4117 naturam.

1931 4147 2175 4213 Propter
2204 4140 2325 4196 haec
2357 4141 2513 4196 enim
2546 4143 2731 4198 factus
2762 4147 2852 4198 est
2908 4144 3318 4215 cataclysmus,
3380 4147 3435 4200 id
3468 4152 3575 4215 est,

1933 4230 2241 4287 diluvium.
2276 4230 2520 4303 Propter
2549 4231 2690 4302 haec,
2723 4236 2979 4303 quatuor
3008 4233 3288 4306 civitates,
3323 4235 3576 4291 Sodoma

1932 4320 2171 4389 scilicet,
2200 4325 2255 4376 et
2276 4321 2620 4389 Gomorrha,
2646 4322 2866 4377 Adama
2895 4326 2952 4378 et
2983 4323 3236 4393 Seboim,
3261 4325 3576 4393 subversae,

1933 4413 2066 4481 igne
2080 4414 2136 4465 et
2158 4408 2439 4480 sulphure
2461 4414 2725 4465 crematae
2749 4416 3157 4484 sunt.Propter
3177 4412 3297 4468 haec
3318 4413 3579 4485 quotidie

1933 4499 2275 4555 hominibus
2308 4498 2502 4553 multae
2530 4500 2872 4570 pestilentia:
2903 4506 2959 4556 et
2988 4501 3183 4557 clades
3214 4504 3507 4559 eveniunt.

2006 4587 2312 4659 Sequitur:
2349 4589 2588 4659 Repletos
2619 4592 2770 4644 omni
2802 4592 3115 4660 iniquitate,
3151 4596 3260 4648 etc.
3298 4592 3582 4663 Iniquitas

1933 4682 2023 4733 est
2055 4676 2363 4732 malitiosa-3
2396 4677 2609 4732 mentis
2638 4684 2837 4733 votum
2870 4684 3045 4751 atque
3102 4680 3387 4753 voluptas.
3420 4682 3585 4736 Dicta

1935 4772 2131 4822 autem
2167 4771 2254 4822 est
2286 4766 2590 4838 iniquitas,
2651 4768 2820 4837 quasi
2879 4786 2993 4825 non
3044 4769 3289 4841 aequitas
3316 4786 3328 4824 :
3359 4775 3415 4823 et
3445 4770 3587 4840 quia

1936 4860 2113 4929 caput
2146 4860 2202 4911 et
2233 4856 2397 4910 radix
2428 4861 2517 4912 est
2546 4856 2809 4911 omnium
2870 4858 3181 4927 malorum,
3232 4860 3367 4929 jure
3396 4858 3590 4929 prima

1935 4946 2193 5018 ponitur.
2228 4947 2383 5000 Inter
2404 4946 2775 5017 iniquitatem
2802 4952 2997 5002 autem
3022 4953 3078 5001 et
3098 4952 3401 5018 peccatum
3431 4945 3590 4999 diﬂ‘e—

1933 5212 2129 5254 errore
2160 5193 2391 5266 lapsum
2424 5195 2632 5266 visum
2650 5200 2769 5250 est.

2011 5269 2122 5296 /(\O\
2155 5265 2276 5296 ηιξ-α
2308 5283 2386 5290 ς--ο
2452 5270 2469 5296 I.
2528 5265 2683 5296 vuln.
2754 5268 2947 5296 Πηηυυι

3005 5263 3379 5296 αιτιοιιιηικηκδηο
3435 5265 3595 5296 Αιιηρέ
