4030 5310
364 203 388 258 -1
402 203 476 259 43

1376 196 1714 255 ATTONIS
1765 193 2351 256 VERCELLENSIS
2400 196 2750 257 EPISCOPI

3656 199 3775 255 144

353 330 540 385 rentia
566 334 674 385 est.
695 330 795 384 Est
825 329 980 384 enim
1004 328 1282 399 iniquitas
1314 328 1468 400 quod
1501 328 1723 382 dictum
1755 332 2001 398 est,pec-
2032 334 2090 395 Α
2124 328 2304 382 Distat
2355 333 2550 385 autem
2605 330 2758 385 inter
2816 329 3083 395 insidias,
3136 329 3396 384 fraudem
3447 333 3505 384 et
3545 328 3770 384 dolum.

353 424 546 475 catum
576 435 708 474 vero
742 418 1000 490 corporis
1028 417 1337 489 prolapsio.

426 508 701 580 Sequitur
734 525 746 563 :
774 508 1004 562 Malitia.
1058 506 1280 561 Malitia
1327 510 1415 561 est
1462 522 1740 576 perversae
1792 503 2003 560 mentis

355 597 631 670 cogitatio
666 613 678 651 :
713 597 866 650 unde
897 596 1076 650 distat
1107 612 1139 649 a
1170 594 1553 666 malignitate,
1578 611 1705 665 quae
1737 598 1825 648 est
1855 596 2007 663 ejus-

357 688 491 742 dem
517 702 794 757 perversa:
827 684 1195 756 cogitationis
1227 681 2008 755 opus.Fomicationo.Forni-

360 775 572 841 carius,
608 773 726 829 sive
757 772 1069 828 fornicaria
1099 771 1333 839 dicitur,
1366 772 1535 841 cujus
1567 788 1779 842 corpus
1812 771 2007 842 publi-

359 880 493 920 cum
524 867 631 919 est.
664 862 811 917 Dicti
844 866 1041 917 autem
1072 864 1213 916 sunt
1241 878 1275 915 a
1308 861 1628 915 fornicibus
1660 859 2007 925 arcuatis,id

359 958 465 1024 est,
500 951 773 1020 curvatis,
809 952 867 1006 in
921 951 1137 1022 quibus
1189 951 1344 1021 apud
1377 950 1650 1021 antiquos
1703 948 2010 1020 lupanaria

356 1043 846 1098 construebantur
886 1040 957 1095 ad
1014 1039 1449 1111 prostituendas
1494 1038 1846 1094 meretrices.
1908 1039 2009 1092 Est

356 1137 549 1187 autem
582 1129 854 1203 specialis
874 1128 1294 1193 fornicatio,est
1316 1134 1371 1183 et
1389 1126 2005 1199 generalis.Specialis,

353 1220 645 1291 corruptio
676 1224 764 1274 est
785 1218 963 1273 animi
992 1223 1047 1273 et
1077 1218 1335 1289 corporis
1358 1204 1377 1284 ;‘
1407 1217 1695 1288 generalis
1727 1232 1883 1279 vero,
1915 1220 2006 1271 est

355 1308 548 1364 omnis
578 1309 870 1379 corruptio
904 1306 1137 1373 mentis,
1180 1311 1237 1360 et
1268 1322 1440 1361 omne
1480 1312 1803 1376 peccatum,
1855 1305 2008 1375 quod

356 1400 589 1469 separat
632 1398 778 1468 (102)
838 1396 1135 1451 hominem
1166 1413 1199 1449 a
1231 1396 1366 1449 Deo.
1430 1395 1591 1449 Unde
1651 1394 2005 1449 Psalmista:

355 1487 553 1544 Perdes
582 1502 764 1541 omnes
793 1488 1127 1557 [arnicantcs
1159 1485 1255 1538 abs
1286 1488 1336 1538 te
1366 1483 1536 1556 (103).
1574 1485 1837 1538 Avaritia.
1856 1488 2008 1536 Ava-

358 1576 491 1651 ritia
520 1575 751 1647 proprie
780 1579 870 1630 est
901 1574 1091 1629 aliena
1135 1590 1357 1645 rapere,
1419 1576 1477 1627 et
1505 1590 1611 1627 sua
1642 1590 1756 1627 non
1787 1571 2008 1643 largiri.

358 1665 584 1720 Dicitur
615 1669 809 1719 autem
839 1662 1083 1718 avaritia
1107 1662 1275 1734 quasi
1298 1662 1423 1717 auri
1459 1662 1771 1732 cupiditas,
1794 1666 1849 1716 et
1881 1664 2010 1731 apte

360 1758 494 1824 post
516 1751 957 1808 fornicationem
986 1751 1225 1823 ponitur
1249 1776 1263 1819 ς
1296 1750 1433 1821 quia
1450 1750 1570 1804 haec
1591 1751 1706 1805 duo
1736 1751 1805 1804 ad
1829 1749 2011 1805 idolo-

364 1859 496 1897 rum
528 1841 821 1912 pertinent
880 1839 1172 1894 culturam
1207 1856 1217 1893 :
1254 1839 1408 1893 unde
1438 1838 1593 1893 idem
1652 1838 1963 1909 Apostolus
1997 1856 2009 1893 :

361 1947 533 2001 neque
559 1931 880 2002 fornicator,
937 1945 1111 1999 neque
1166 1928 1505 1994 immundus,
1562 1944 1735 1999 neque
1792 1944 2010 1991 avarus,

361 2021 499 2093 quod
529 2028 603 2075 est
631 2020 905 2074 idolorum
935 2018 1080 2089 (104)
1112 2020 1365 2084 servitus,
1401 2018 1599 2072 habent
1638 2016 2017 2073 [nereditatem

361 2113 421 2165 in
452 2125 612 2180 regno
645 2109 867 2175 Christi,
900 2110 951 2162 et
998 2108 1094 2161 Dei
1136 2106 1361 2176 (Ep/tes.
1413 2123 1466 2173 v,
1499 2107 1576 2174 5).
1631 2105 1903 2177 Nequitia
1930 2109 2019 2160 est

361 2199 576 2254 mentis
606 2197 915 2263 calliditas,
948 2195 1037 2250 vel
1072 2196 1308 2250 astutia.
1342 2195 1573 2249 Astutia
1605 2199 1801 2250 autem
1834 2196 1892 2249 in
1925 2211 2020 2274 ne,

363 2287 550 2360 quitia
578 2304 694 2342 non
728 2285 827 2340 illa
873 2283 1255 2355 intelligenda
1301 2288 1411 2349 est,
1457 2285 1527 2339 de
1586 2301 1705 2355 qua
1742 2282 2016 2338 Salomon

364 2378 507 2433 dicit
531 2392 543 2432 :
568 2377 789 2431 Astu-tus
818 2376 1005 2429 omnia
1031 2376 1149 2442 agit
1177 2390 1303 2428 cum
1320 2374 1547 2429 consilio
1574 2374 1753 2445 (Prov.
1777 2374 2017 2443 x111,16),

372 2468 475 2523 sed
510 2465 726 2521 astutia
756 2463 1134 2535 deceptionis.
1169 2464 1238 2517 Et
1286 2462 1503 2517 dicitur
1560 2462 2017 2534 nequitia,quasi

369 2574 486 2612 non
516 2554 785 2626 mquitas.

440 2645 720 2716 Sequitur
751 2659 765 2697 :
801 2641 1001 2697 Plenas
1031 2641 1266 2696 invidia.
1300 2640 1519 2696 Invidia
1540 2640 1695 2695 dicta
1714 2644 1803 2695 est
1828 2657 1861 2694 a
1884 2656 2018 2695 con-

367 2735 586 2790 tuendo
616 2732 855 2788 alterius
913 2731 1268 2786 felicitatem.
1330 2730 1515 2785 Habet
1564 2734 1758 2785 autem
1817 2729 1925 2784 sub
1959 2745 2021 2784 se

373 2826 523 2879 duas
554 2819 1021 2893 species,doloris
1052 2822 1108 2874 et
1129 2818 1587 2874 timoris.0mnis
1609 2818 1764 2873 enim
1787 2818 2021 2874 invidus

373 2912 577 2968 videns
607 2910 849 2967 alterius
879 2908 1236 2978 felicitatem,
1295 2913 1396 2963 aut
1444 2906 1627 2974 dolet,
1675 2912 1776 2962 aut
1805 2909 1971 2963 timet
2004 2922 2016 2960 :

378 3000 535 3057 dolet
552 3000 805 3072 aliquem
830 2999 1111 3070 majorem
1134 3015 1223 3068 se;
1248 2998 1417 3053 timet
1435 3014 1567 3053 vero
1599 2998 1886 3053 minorem
1909 2996 2021 3053 sibi

376 3090 500 3147 ﬁeri
527 3071 1042 3161 aqualemﬂmnis
1071 3091 1265 3143 autem
1284 3087 1516 3143 invidus
1542 3086 1819 3159 parvulus
1841 3091 1948 3155 est,
1968 3091 2024 3143 et
2054 3071 2095 3138 C

376 3180 466 3237 sui
489 3180 707 3235 invidia
739 3178 1002 3233 moritur.
1037 3176 1239 3231 Omnis
1264 3176 1440 3231 etiam
1471 3176 1704 3230 invidus
1736 3192 1902 3231 rosor
1931 3180 2022 3231 est

375 3270 467 3324 sui
500 3285 513 3323 :
549 3267 705 3322 unde
733 3266 973 3337 quidam
1007 3270 1175 3336 poeta
1204 3266 1285 3319 ait
1319 3281 1331 3317 :
1364 3265 1592 3320 Justius
1621 3264 1840 3319 invidia
1873 3264 2020 3323 nihil

378 3362 485 3423 est,
514 3373 641 3428 quae
672 3355 937 3427 protinus
958 3356 1152 3424 ipsum
1186 3357 1480 3408 auctorem
1513 3352 1862 3424 rodit,atquc
1894 3354 2018 3409 ani-

372 3461 531 3500 mam
562 3441 1541 3499 cruciat.H0micidi0.Homicidium
1574 3459 1608 3496 a
1637 3442 1788 3496 caede
1830 3442 2016 3497 homi-

368 3535 461 3591 nis
490 3534 723 3589 dicitur.
749 3533 848 3587 Est
877 3536 1071 3587 autem
1098 3535 1218 3585 tam
1250 3530 1573 3603 spirituale,
1609 3548 1786 3601 quam
1813 3548 2017 3603 corpo-

368 3624 488 3680 rale
522 3641 537 3680 :
566 3624 665 3679 sed
698 3619 1233 3693 incomparabiliter
1288 3620 1435 3691 (105)
1476 3620 1671 3690 majus
1709 3624 1798 3674 est
1845 3620 2015 3691 spiri-

367 3712 525 3769 tuale
559 3729 571 3767 :
605 3729 742 3767 nam
774 3710 1059 3782 corporali
1108 3708 1392 3765 occiditur
1421 3726 1631 3780 corpus
1663 3710 2015 3780 quandoque

368 3802 717 3857 moriturum
746 3819 758 3869 ;
793 3798 1083 3872 spirituali
1114 3816 1245 3854 vero
1277 3798 1474 3853 anima
1515 3799 1575 3853 in
1619 3803 1901 3854 aeternum
1932 3799 2013 3853 vi-

369 3896 552 3946 ctura.
586 3891 731 3945 Hinc
761 3894 850 3945 est
876 3889 1032 3961 quod
1064 3889 1342 3943 Dominus
1374 3889 1431 3943 in
1456 3889 1763 3959 Evangelio
1794 3890 1864 3943 de
1895 3889 2015 3942 dia-

366 3981 498 4037 bolo
529 3980 709 4035 dicit:
742 3980 840 4035 Ille
894 3978 1164 4034 homicida
1209 3982 1325 4033 erat
1351 3979 1422 4032 ab
1470 3980 1632 4033 initio
1679 3980 1858 4047 (Joan.
1889 3994 2011 4043 VIII,

364 4072 474 4142 44).
507 4069 786 4126 Diabolus
817 4070 1031 4141 quippe
1068 4068 1475 4122 tantummodo
1533 4068 1707 4122 verba
1746 4067 2009 4137 protulit,

364 4164 421 4215 et
450 4160 840 4231 protaplastos
863 4156 1170 4213 interfecit.
1195 4164 1275 4211 Ac
1296 4171 1399 4226 per
1418 4155 1526 4210 hoc
1547 4156 1719 4209 datur
1742 4155 2006 4227 intelligi,

364 4248 505 4319 quia
534 4248 869 4319 quicunque
900 4246 1053 4301 malo
1084 4262 1190 4300 suo
1221 4246 1393 4300 verbo
1448 4243 1534 4299 vel
1594 4243 1855 4316 exemplo
1904 4244 2007 4299 ali-

364 4352 537 4408 quem
568 4336 779 4407 perdit,
803 4339 959 4389 rccte
989 4334 1205 4390 dicitur
1235 4332 1546 4387 homicida.
1605 4334 1673 4388 Et
1713 4338 1843 4405 apte
1875 4338 2008 4405 post

2116 417 2345 471 Insidiae
2382 435 2636 489 namque
2656 416 2767 474 loci
2800 422 2957 484 sunt,
2992 420 3153 473 fraus
3184 418 3581 485 vero,violatio
3618 418 3773 485 ﬁdei,

2114 505 2285 561 dolus
2316 511 2404 561 est
2434 507 2731 563 simulatio
2763 508 2962 587 animi.
2989 507 3506 579 Malignitate.0uid
3538 506 3616 561 sit
3645 524 3772 562 ma-

2114 593 2501 667 lignitas,jam
2533 597 2805 669 superius
2834 596 3058 651 dictum
3084 602 3193 652 est.
3224 597 3502 668 Sequitur
3532 614 3545 651 :
3573 596 3777 651 Susur-

2115 700 2293 738 rones.
2328 685 2578 740 Susurro
2607 690 2714 753 est,
2764 687 2863 756 qui
2922 702 3035 741 non
3066 686 3125 740 in
3185 686 3349 751 facie,
3407 686 3507 742 sed
3536 685 3596 740 in
3630 701 3771 740 aure

2116 772 2370 827 detrahit
2394 792 2408 828 :
2435 775 2590 829 unde
2620 779 2677 829 et
2706 792 2739 828 a
2768 791 2909 829 sono
2941 774 3172 829 aurium
3196 790 3408 829 nomen
3431 774 3681 845 accepit,
3707 790 3774 828 eo

2117 862 2272 931 quod
2305 862 2413 915 sub
2445 879 2583 917 aure
2613 868 2798 918 sonet.
2831 864 2974 918 Hinc
3004 864 3274 934 est,quod
3306 862 3590 918 Dominus
3617 879 3775 934 pree-

2119 950 2271 1021 cepit
2305 968 2317 1005 :
2351 952 2426 1005 Nc
2482 953 2558 1006 sis
2611 954 2953 1018 criminator,
3016 960 3111 1007 aut
3167 968 3398 1007 susurro
3446 953 3506 1006 in
3553 952 3777 1023 populis

2119 1040 2307 1108 (Lavit.
2338 1056 2455 1105 x1x,
2488 1041 2598 1111 16).
2642 1042 3000 1095 Detractorcs.
3043 1041 3343 1096 Detractor
3371 1044 3479 1108 est,
3512 1040 3637 1111 qui,
3671 1040 3781 1095 bo-

2119 1145 2261 1182 num
2294 1127 2533 1183 alterius
2554 1129 2775 1184 malum
2798 1130 3066 1196 dicit,aut
3092 1130 3193 1200 qui
3226 1144 3508 1201 magnum
3530 1128 3781 1184 alterius

2120 1218 2338 1271 bonum
2363 1218 2504 1272 dicit
2520 1234 2646 1273 esse
2671 1220 3284 1296 parvum.Quicunque
3308 1222 3503 1274 autem
3526 1218 3597 1272 de
3617 1216 3779 1273 malo

2119 1304 2360 1359 alterius
2391 1306 2535 1361 falso
2556 1308 2778 1362 malum
2801 1307 3303 1378 loquitur,similis
3324 1311 3414 1362 est
3434 1305 3776 1373 detractori;

2121 1393 2168 1448 si
2200 1411 2332 1449 vero
2365 1396 2434 1449 de
2466 1396 2708 1451 alterius
2759 1396 2911 1451 malo
2970 1396 3268 1452 veritatem
3312 1396 3490 1463 dicat,
3544 1412 3662 1451 non
3694 1404 3786 1450 est

2121 1484 2429 1551 detractor,
2463 1486 2560 1539 sed
2611 1486 2873 1541 veritatis
2931 1489 3203 1541 assertor.
3240 1486 3588 1555 Quicunque
3617 1484 3781 1539 enim

2121 1571 2372 1643 simplici
2416 1573 2739 1628 intentione
2770 1574 2991 1629 bonum
3023 1574 3244 1642 laudat,
3276 1579 3333 1628 et
3362 1572 3587 1630 malum
3620 1572 3785 1629 vitu-

2121 1666 2305 1731 perat,
2334 1661 2693 1719 voluntatem
2725 1680 2893 1719 suam
2927 1663 3133 1718 divinae
3158 1663 3388 1718 veritati
3443 1663 3785 1734 conjungit.

2122 1751 2227 1805 Deo
2258 1749 2502 1806 odibiles.
2541 1752 2639 1806 Hic
2671 1753 3015 1822 notandum,
3051 1752 3190 1822 quia
3215 1769 3330 1807 non
3361 1752 3445 1807 ait
3483 1751 3783 1817 absolute,

2122 1840 2364 1909 odibiles,
2389 1840 2490 1895 sed
2512 1840 2812 1911 praemisit,
2845 1842 3049 1911 De0,ad
3082 1840 3561 1895 dinstinctionem
3585 1839 3784 1895 homi-

2125 1945 2287 1983 num.
2319 1928 2561 1984 Plurimi
2594 1946 2847 2001 namque
2867 1934 3005 1985 sunt
3026 1929 3273 1985 odibiles
3305 1929 3558 2000 Deo,qui
3582 1928 3786 1984 dilecti

2127 2022 2266 2073 sunt
2289 2019 2591 2083 mundo,et
2612 2020 2933 2074 econtrario
2965 2019 3133 2073 multi
3166 2024 3279 2074 Deo
3310 2018 3506 2074 dilecti
3530 2022 3695 2089 sunt,
3726 2022 3790 2072 et

2129 2108 2347 2161 mundo
2370 2107 2749 2172 odibiles.Qui
2775 2112 2969 2163 autem
3001 2108 3119 2163 haec
3147 2107 3345 2162 omnia
3372 2107 3512 2163 vitia
3534 2107 3784 2173 habent,

2128 2200 2280 2249 recte
2312 2195 2427 2250 Deo
2475 2194 2723 2250 odibiles
2754 2197 3051 2250 dicuntur.
3086 2196 3527 2251 Contumeliosos.
3560 2196 3789 2251 Contu-

2131 2283 2356 2339 meliosi
2383 2289 2522 2339 sunt
2551 2286 2861 2341 verborum
2892 2285 3130 2356 injuriis
3161 2284 3398 2357 proclivi
3432 2302 3445 2340 :
3478 2301 3617 2340 nam
3651 2300 3793 2339 con-

2128 2372 2380 2428 tumeliae
2412 2378 2549 2428 sunt
2579 2374 2889 2445 opprobria
2923 2379 2981 2429 et
3007 2374 3282 2430 convicia.
3311 2374 3610 2446 Superbos.
3674 2376 3787 2430 Su-

2128 2463 2329 2533 perbia
2358 2467 2414 2518 et
2444 2462 2638 2518 omnis
2668 2463 2912 2519 iIlicitus
2954 2467 3008 2519 et
3060 2464 3428 2520 inordinatus
3458 2464 3784 2536 appetitus.

2134 2553 2245 2607 Hoc
2278 2556 2471 2607 autem
2500 2552 2707 2607 vitium
2737 2558 2857 2608 tam
2890 2569 3062 2625 grave
3093 2558 3202 2619 est,
3261 2559 3345 2624 ut,
3412 2570 3545 2608 cum
3578 2553 3789 2608 omnia

2128 2641 2269 2695 vitia
2296 2657 2331 2696 a
2359 2642 2669 2696 contrariis
2699 2642 3011 2698 virtutibus
3060 2648 3435 2713 superentur,
3493 2642 3551 2697 id
3584 2641 3785 2698 solum

2130 2736 2333 2785 contra
2361 2731 2559 2786 omnia
2589 2731 2843 2787 dimicet.
2881 2731 3041 2786 Unde
3072 2735 3223 2787 recte
3270 2731 3538 2803 genitrix,
3574 2735 3634 2787 et
3682 2747 3791 2786 nu-

2129 2819 2241 2874 trix
2270 2819 2483 2875 dicitur
2503 2821 2770 2876 omnium
2790 2820 3145 2888 vitiorom,et
3165 2821 3574 2892 consumptrix
3599 2821 3791 2876 bono-

2131 2925 2283 2965 rum.
2318 2910 2517 2981 Itaque
2541 2909 2650 2965 hoc
2668 2910 2877 2965 vitium
2909 2914 3048 2965 tunc
3071 2910 3490 2979 nascitur,cum
3513 2910 3796 2966 homines

2132 3016 2194 3054 se
2223 2998 2355 3069 plus
2386 3016 2562 3070 quam
2595 3000 2779 3055 Deum
2828 2998 3080 3071 diligunt
3111 3015 3124 3054 :
3160 3000 3261 3069 qui
3293 3000 3406 3071 ipsi
3459 2998 3551 3055 sui
3581 2999 3797 3055 volunt

2133 3088 2313 3143 videri
2361 3088 2737 3159 principium.
2767 3089 3078 3160 Sequitur:
3104 3089 3304 3144 Elatos.
3339 3088 3541 3144 Elatus
3570 3089 3796 3144 dicitur

2131 3177 2299 3247 quasi
2330 3181 2490 3233 extra
2521 3194 2582 3232 se
2612 3176 2862 3232 delatus.
2897 3176 3080 3232 Elatio
3110 3177 3266 3232 enim
3292 3181 3380 3233 est
3411 3177 3627 3233 mentis
3660 3194 3794 3233 ere-

2128 3265 2260 3321 ctio.
2290 3266 2452 3329 Quod
2483 3266 2687 3322 vitium
2717 3269 2857 3320 tunc
2888 3265 3165 3332 nascitur,
3190 3282 3325 3321 cum
3356 3282 3523 3322 mens
3554 3282 3662 3338 per
3694 3284 3797 3323 su-

2128 3354 2390 3426 perbiam
2414 3354 2640 3409 tumida
2669 3354 2853 3409 credit
2883 3370 2945 3409 se
3008 3371 3136 3410 esse
3165 3356 3321 3425 quod
3353 3372 3467 3410 non
3500 3355 3793 3412 est.Unde

2128 3448 2259 3514 apte
2282 3448 2412 3514 post
2441 3443 2778 3515 superbiam
2807 3444 3216 3516 (106)ponitur,
3240 3446 3311 3499 de
3343 3461 3460 3515 qua
3490 3444 3786 3501 nascitur.

2126 3535 2430 3590 Inventores
2458 3535 2748 3588 motorum.
2784 3537 2901 3588 Hoc
2955 3533 3108 3588 dicto
3148 3533 3404 3589 ostendit
3440 3534 3791 3605 Apostolus,

2127 3622 2267 3693 quia
2298 3639 2410 3677 non
2443 3622 2639 3678 omnia
2670 3626 2905 3694 peccata
2932 3621 3149 3677 diaboli
3181 3621 3464 3677 instinctu
3492 3638 3789 3695 peragun-

2124 3715 2239 3766 tur.
2274 3712 2546 3777 Quaedam
2580 3712 2737 3767 enim
2768 3712 3035 3767 homines
3093 3711 3206 3767 sibi
3236 3710 3539 3766 inveniunt
3572 3730 3585 3779 ;
3624 3714 3787 3768 unde

2126 3805 2490 3856 monstratur
2518 3802 2744 3872 pejores
2775 3817 2902 3856 esse
2933 3799 3187 3865 diabolo,
3221 3801 3322 3871 qui
3373 3816 3436 3855 se
3465 3801 3787 3857 confitetur

2125 3906 2157 3942 a
2186 3890 2300 3944 Deo
2323 3891 2614 3961 accepisse
2641 3889 3213 3961 potestatem,dicens
3234 3890 3562 3945 secundum
3596 3890 3785 3945 Evan-

2123 3977 2340 4047 gelium
2373 3979 2536 4032 Luca:
2571 3993 2583 4032 τ
2622 3979 2742 4033 ch
2771 3979 2957 4033 omnia
2985 3977 3126 4032 mihi
3153 3978 3391 4033 tradicta
3411 3983 3615 4045 sunt,et
3635 3978 3705 4034 do
3726 3982 3786 4035 ei

2120 4068 2214 4121 cui
2242 4068 2377 4122 volo.
2413 4070 2533 4122 Haec
2569 4082 2661 4137 ego
2718 4068 2825 4121 tibi
2877 4066 3034 4133 dabo,
3066 4069 3115 4121 si
3141 4067 3430 4139 procidens
3459 4067 3784 4124 adoravcris

2119 4172 2207 4210 me
2234 4157 2381 4224 (Luc.
2416 4173 2489 4227 1v,
2522 4157 2598 4224 6).
2634 4156 2775 4210 Hinc
2798 4160 2887 4211 est
2917 4157 3091 4228 quod,
3152 4161 3217 4211 ut
3268 4157 3377 4212 Job
3408 4160 3679 4226 tentaret,
3743 4176 3782 4213 a

2122 4247 2233 4301 Deo
2295 4245 2458 4316 petiit
2515 4249 2860 4316 potestatem
2896 4289 2909 4313 ,
2934 4250 2991 4301 et
3021 4264 3055 4301 a
3110 4246 3357 4301 Domino
3386 4245 3668 4317 expulsus
3702 4247 3776 4302 ab

2119 4334 2475 4400 hominibus,
2496 4351 2610 4389 non
2639 4334 2752 4388 nisi
2775 4336 2903 4404 ejus
2925 4336 3124 4405 jussu,
3158 4352 3337 4390 ausus
3356 4340 3445 4390 est
3467 4352 3528 4391 se
3542 4336 3780 4391 mittere

360 4425 637 4480 invidiam
669 4425 943 4495 ponitur;
979 4424 1116 4494 quia
1145 4422 1547 4494 perinvidiam
1581 4423 1916 4494 pervenitur
1936 4424 2006 4477 ad
2039 4433 2085 4497 D
2120 4424 2177 4477 in
2223 4440 2446 4493 porcos.
2484 4425 2812 4478 Parentibus
2862 4440 2973 4477 non
3003 4423 3327 4479 obedientcs.
3364 4422 3506 4478 Nam
3539 4424 3642 4495 qui
3674 4442 3777 4479 su-

358 4514 756 4569 homicidium.
790 4512 1066 4567 Diabolus
1097 4512 1313 4583 quippe
1345 4529 1445 4583 per
1496 4512 1774 4567 invidiam
1821 4517 2007 4584 proto-

359 4602 580 4676 plastos
638 4601 973 4657 interfecit:
1023 4600 1406 4656 nihilominus
1464 4605 1519 4654 et
1570 4600 1709 4655 Cain
1767 4603 2002 4658 fratrem

358 4710 554 4748 suum.
587 4693 964 4748 Contentione.
1010 4689 1310 4745 Gontentio
1343 4694 1449 4756 est,
1486 4706 1619 4744 eum
1651 4706 1765 4745 non
1794 4691 2002 4745 veritas

358 4783 658 4853 qumritur,
690 4783 791 4838 sed
822 4780 1166 4836 animositas
1190 4780 1487 4849 fatigatur.
1520 4780 1669 4834 Dolo.
1704 4779 1881 4834 Dolus
1917 4784 2003 4834 est

358 4872 677 4939 simulatio,
736 4871 855 4926 sive
912 4871 1072 4924 fraus
1131 4868 1331 4923 animi.
1364 4869 1481 4923 Hoc
1537 4872 1730 4923 autem
1763 4868 2004 4922 distata

360 4960 576 5029 dolore,
635 4961 787 5032 quod
847 4957 1011 5014 dolor
1070 4962 1160 5013 est
1207 4956 1660 5012 incommoditas
1718 4956 1996 5028 corporis,

424 5226 570 5310 (.193).
604 5225 666 5310 in
697 5227 1066 5310 autographa
1087 5228 1353 5310 δαρρνμιο.
1444 5294 1456 5310 .

2117 4512 2441 4584 perioribus
2472 4512 2626 4567 vitiis
2674 4512 2879 4567 irretiti
2911 4519 3070 4581 sunt,
3095 4513 3258 4582 justo
3290 4513 3387 4568 Dei
3411 4514 3662 4584 judicio,
3698 4515 3773 4569 ad

2114 4600 2222 4655 hoc
2254 4618 2438 4671 usque
2469 4601 2829 4671 perveniunt,
2866 4605 2930 4654 ut
2959 4600 3131 4656 etiam
3164 4602 3503 4673 parentibus
3536 4603 3657 4657 sint
3686 4603 3780 4658 in-

2114 4688 2472 4746 ohedientcs.
2512 4690 2669 4745 Unde
2699 4690 3026 4745 deteriones
3055 4696 3195 4745 sunt
3229 4691 3454 4758 bestiis,
3478 4707 3607 4761 quae
3628 4708 3775 4747 suos

2112 4775 2366 4848 diligunt
2396 4779 2811 4850 progenitores.
2836 4779 3175 4849 Insipientes.
3210 4779 3496 4851 Insipiens
3531 4779 3770 4851 dicitur,

2112 4881 2178 4921 eo
2210 4868 2365 4937 quod
2399 4868 2473 4922 sit
2504 4867 2628 4922 sine
2659 4884 2884 4938 sapore.
2945 4866 3285 4938 Quicunque
3314 4884 3449 4941 ergo
3495 4886 3529 4923 a
3559 4886 3773 4940 sapore

2113 4956 2393 5026 spiritalis
2478 4955 2748 5012 doctrinae
2824 4955 3057 5023 recedit,
3129 4957 3264 5027 jure
3315 4962 3553 5013 vocatur
3612 4958 3768 5014 insi-

2122 5298 2130 5307 .
2181 5223 2326 5297 (105)
2357 5223 2420 5310 In
2448 5221 2973 5310 autographonloco‘
3000 5223 3526 5310 incomparabiliter”
3548 5223 3769 5310 legitur
