  <div class='ocr_page' id='page_1' title='image "/cluster/home/n/w/nwhite01/storage/ocr_20150623/134/hvd.32044015471741/072.png"; bbox 0 0 4030 5310; ppageno 0'>
   <div class='ocr_carea' id='block_1_1' title="bbox 237 353 356 416">
    <p class='ocr_par' dir='ltr' id='par_1_1' title="bbox 237 353 356 416">
     <span class='ocr_line' id='line_1_1' title="bbox 237 353 356 416; baseline 0 0"><span class='ocrx_word' id='word_1_1' title='bbox 237 353 356 416; x_wconf 79' lang='grc'>149</span> 
     </span>
    </p>
   </div>
   <div class='ocr_carea' id='block_1_2' title="bbox 836 356 3034 426">
    <p class='ocr_par' dir='ltr' id='par_1_2' title="bbox 836 356 3034 426">
     <span class='ocr_line' id='line_1_2' title="bbox 836 356 3034 426; baseline 0.003 -8"><span class='ocrx_word' id='word_1_2' title='bbox 836 356 1252 422; x_wconf 87' lang='lat' dir='ltr'>EXPOSITIO</span> <span class='ocrx_word' id='word_1_3' title='bbox 1294 356 1374 420; x_wconf 89' lang='lat' dir='ltr'>IN</span> <span class='ocrx_word' id='word_1_4' title='bbox 1420 356 1847 422; x_wconf 84' lang='lat' dir='ltr'>EPISTOLAS</span> <span class='ocrx_word' id='word_1_5' title='bbox 1890 357 2151 423; x_wconf 83' lang='lat' dir='ltr'>PAULI.</span> <span class='ocrx_word' id='word_1_6' title='bbox 2183 393 2261 405; x_wconf 97' lang='lat'><em>—</em></span> <span class='ocrx_word' id='word_1_7' title='bbox 2287 361 2366 423; x_wconf 88' lang='lat' dir='ltr'>IN</span> <span class='ocrx_word' id='word_1_8' title='bbox 2408 361 2656 424; x_wconf 88' lang='lat' dir='ltr'>EPIST.</span> <span class='ocrx_word' id='word_1_9' title='bbox 2692 364 2796 425; x_wconf 84' lang='lat' dir='ltr'>AD</span> <span class='ocrx_word' id='word_1_10' title='bbox 2843 361 3034 426; x_wconf 85' lang='lat' dir='ltr'>ROM.</span> 
     </span>
    </p>
   </div>
   <div class='ocr_carea' id='block_1_3' title="bbox 3524 359 3640 421">
    <p class='ocr_par' dir='ltr' id='par_1_3' title="bbox 3524 359 3640 421">
     <span class='ocr_line' id='line_1_3' title="bbox 3524 359 3640 421; baseline 0.009 -1"><span class='ocrx_word' id='word_1_11' title='bbox 3524 359 3640 421; x_wconf 81' lang='lat'>150</span> 
     </span>
    </p>
   </div>
   <div class='ocr_carea' id='block_1_4' title="bbox 234 488 3641 569">
    <p class='ocr_par' dir='ltr' id='par_1_4' title="bbox 234 488 3641 569">
     <span class='ocr_line' id='line_1_4' title="bbox 234 488 3641 569; baseline 0.002 -24"><span class='ocrx_word' id='word_1_12' title='bbox 234 490 333 562; x_wconf 90' lang='lat' dir='ltr'>qui</span> <span class='ocrx_word' id='word_1_13' title='bbox 360 488 516 546; x_wconf 86' lang='lat' dir='ltr'><em>timet</em></span> <span class='ocrx_word' id='word_1_14' title='bbox 560 490 751 557; x_wconf 87' lang='lat' dir='ltr'><em>Deum,</em></span> <span class='ocrx_word' id='word_1_15' title='bbox 782 495 834 546; x_wconf 85' lang='lat' dir='ltr'>et</span> <span class='ocrx_word' id='word_1_16' title='bbox 874 496 1135 564; x_wconf 79' lang='lat' dir='ltr'>operatur</span> <span class='ocrx_word' id='word_1_17' title='bbox 1185 493 1480 562; x_wconf 77' lang='lat' dir='ltr'><em>iustitiam,</em></span> <span class='ocrx_word' id='word_1_18' title='bbox 1513 501 1761 565; x_wconf 88' lang='lat' dir='ltr'><em>acceptus</em></span> <span class='ocrx_word' id='word_1_19' title='bbox 1801 501 1884 549; x_wconf 88' lang='lat' dir='ltr'>est</span> <span class='ocrx_word' id='word_1_20' title='bbox 1911 495 1966 561; x_wconf 80' lang='grc' dir='ltr'>Α</span> <span class='ocrx_word' id='word_1_21' title='bbox 1995 494 2194 569; x_wconf 74' lang='lat' dir='ltr'>gratia:</span> <span class='ocrx_word' id='word_1_22' title='bbox 2217 495 2531 567; x_wconf 80' lang='lat' dir='ltr'>Evangelii.</span> <span class='ocrx_word' id='word_1_23' title='bbox 2556 496 2807 565; x_wconf 86' lang='lat' dir='ltr'>Scilicet,</span> <span class='ocrx_word' id='word_1_24' title='bbox 2830 496 2975 568; x_wconf 87' lang='lat' dir='ltr'><em>quod</em></span> <span class='ocrx_word' id='word_1_25' title='bbox 3003 496 3104 552; x_wconf 88' lang='lat' dir='ltr'><em>tibi</em></span> <span class='ocrx_word' id='word_1_26' title='bbox 3132 511 3246 552; x_wconf 86' lang='lat' dir='ltr'>non</span> <span class='ocrx_word' id='word_1_27' title='bbox 3273 497 3377 564; x_wconf 87' lang='lat' dir='ltr'><em>vis,</em></span> <span class='ocrx_word' id='word_1_28' title='bbox 3400 497 3505 553; x_wconf 89' lang='lat' dir='ltr'><em>alii</em></span> <span class='ocrx_word' id='word_1_29' title='bbox 3523 512 3641 553; x_wconf 89' lang='lat' dir='ltr'>non</span> 
     </span>
    </p>
   </div>
   <div class='ocr_carea' id='block_1_5' title="bbox 235 577 1879 655">
    <p class='ocr_par' dir='ltr' id='par_1_5' title="bbox 235 577 1879 655">
     <span class='ocr_line' id='line_1_5' title="bbox 235 577 1879 655; baseline 0.003 -23"><span class='ocrx_word' id='word_1_30' title='bbox 235 578 345 633; x_wconf 86' lang='lat' dir='ltr'><em>illi.</em></span> <span class='ocrx_word' id='word_1_31' title='bbox 379 577 451 633; x_wconf 92' lang='lat' dir='ltr'>Ut</span> <span class='ocrx_word' id='word_1_32' title='bbox 481 583 675 634; x_wconf 88' lang='lat' dir='ltr'>autem</span> <span class='ocrx_word' id='word_1_33' title='bbox 707 580 1026 652; x_wconf 83' lang='lat' dir='ltr'>Apostolus</span> <span class='ocrx_word' id='word_1_34' title='bbox 1071 582 1179 637; x_wconf 91' lang='lat' dir='ltr'>hoc</span> <span class='ocrx_word' id='word_1_35' title='bbox 1229 582 1488 655; x_wconf 79' lang='lat' dir='ltr'>apertius</span> <span class='ocrx_word' id='word_1_36' title='bbox 1520 583 1879 650; x_wconf 87' lang='lat' dir='ltr'>demonstra,</span> 
     </span>
    </p>
   </div>
   <div class='ocr_carea' id='block_1_6' title="bbox 236 667 1884 743">
    <p class='ocr_par' dir='ltr' id='par_1_6' title="bbox 236 667 1884 743">
     <span class='ocr_line' id='line_1_6' title="bbox 236 667 1884 743; baseline 0.003 -21"><span class='ocrx_word' id='word_1_37' title='bbox 236 671 340 733; x_wconf 86' lang='lat' dir='ltr'>ret,</span> <span class='ocrx_word' id='word_1_38' title='bbox 366 667 674 738; x_wconf 86' lang='lat' dir='ltr'>subjunxit</span> <span class='ocrx_word' id='word_1_39' title='bbox 692 684 703 723; x_wconf 91' lang='lat'>:</span> <span class='ocrx_word' id='word_1_40' title='bbox 721 671 1044 742; x_wconf 79' lang='lat' dir='ltr'>Quicunque</span> <span class='ocrx_word' id='word_1_41' title='bbox 1060 672 1211 727; x_wconf 87' lang='lat' dir='ltr'><em>enim</em></span> <span class='ocrx_word' id='word_1_42' title='bbox 1231 673 1350 726; x_wconf 87' lang='lat' dir='ltr'><em>sine</em></span> <span class='ocrx_word' id='word_1_43' title='bbox 1371 672 1483 743; x_wconf 90' lang='lat' dir='ltr'><em>lege</em></span> <span class='ocrx_word' id='word_1_44' title='bbox 1498 675 1884 743; x_wconf 70' lang='lat' dir='ltr'><em>peccaverunt-</em></span> 
     </span>
    </p>
   </div>
   <div class='ocr_carea' id='block_1_7' title="bbox 233 757 1884 832">
    <p class='ocr_par' dir='ltr' id='par_1_7' title="bbox 233 757 1884 832">
     <span class='ocr_line' id='line_1_7' title="bbox 233 757 1884 832; baseline 0.001 -20"><span class='ocrx_word' id='word_1_45' title='bbox 233 757 357 812; x_wconf 89' lang='lat' dir='ltr'><em>sine</em></span> <span class='ocrx_word' id='word_1_46' title='bbox 386 758 502 827; x_wconf 83' lang='lat' dir='ltr'><em>lege</em></span> <span class='ocrx_word' id='word_1_47' title='bbox 534 758 819 829; x_wconf 84' lang='lat' dir='ltr'><em>peribunt,</em></span> <span class='ocrx_word' id='word_1_48' title='bbox 850 769 903 815; x_wconf 91' lang='lat' dir='ltr'><em>et</em></span> <span class='ocrx_word' id='word_1_49' title='bbox 941 761 1248 831; x_wconf 81' lang='lat' dir='ltr'><em>quicunque</em></span> <span class='ocrx_word' id='word_1_50' title='bbox 1275 761 1337 815; x_wconf 91' lang='lat' dir='ltr'>in</span> <span class='ocrx_word' id='word_1_51' title='bbox 1366 760 1481 829; x_wconf 90' lang='lat' dir='ltr'><em>tege</em></span> <span class='ocrx_word' id='word_1_52' title='bbox 1504 767 1884 832; x_wconf 86' lang='lat' dir='ltr'><em>peccaverunt-</em></span> 
     </span>
    </p>
   </div>
   <div class='ocr_carea' id='block_1_8' title="bbox 231 846 1880 921">
    <p class='ocr_par' dir='ltr' id='par_1_8' title="bbox 231 846 1880 921">
     <span class='ocr_line' id='line_1_8' title="bbox 231 846 1880 921; baseline 0.001 -19"><span class='ocrx_word' id='word_1_53' title='bbox 231 862 333 918; x_wconf 86' lang='lat' dir='ltr'><em>per</em></span> <span class='ocrx_word' id='word_1_54' title='bbox 362 846 530 917; x_wconf 81' lang='lat' dir='ltr'><strong><em>legem</em></strong></span> <span class='ocrx_word' id='word_1_55' title='bbox 550 846 980 916; x_wconf 74' lang='lat' dir='ltr'><em>judicabantur.</em></span> <span class='ocrx_word' id='word_1_56' title='bbox 1004 848 1107 903; x_wconf 85' lang='lat' dir='ltr'>His</span> <span class='ocrx_word' id='word_1_57' title='bbox 1128 848 1319 904; x_wconf 82' lang='lat' dir='ltr'>verbis</span> <span class='ocrx_word' id='word_1_58' title='bbox 1352 849 1604 904; x_wconf 86' lang='lat' dir='ltr'>ostendit</span> <span class='ocrx_word' id='word_1_59' title='bbox 1634 854 1880 921; x_wconf 86' lang='lat' dir='ltr'>Aposto-</span> 
     </span>
    </p>
   </div>
   <div class='ocr_carea' id='block_1_9' title="bbox 233 934 1883 1010">
    <p class='ocr_par' dir='ltr' id='par_1_9' title="bbox 233 934 1883 1010">
     <span class='ocr_line' id='line_1_9' title="bbox 233 934 1883 1010; baseline 0.002 -20"><span class='ocrx_word' id='word_1_60' title='bbox 233 934 514 1007; x_wconf 89' lang='lat' dir='ltr'>lus,quia,</span> <span class='ocrx_word' id='word_1_61' title='bbox 540 952 645 990; x_wconf 87' lang='lat' dir='ltr'>nec</span> <span class='ocrx_word' id='word_1_62' title='bbox 666 936 846 991; x_wconf 73' lang='lat' dir='ltr'>Judaai</span> <span class='ocrx_word' id='word_1_63' title='bbox 870 936 1235 993; x_wconf 81' lang='lat' dir='ltr'>excusabiles</span> <span class='ocrx_word' id='word_1_64' title='bbox 1257 954 1361 1009; x_wconf 92' lang='lat' dir='ltr'>pro</span> <span class='ocrx_word' id='word_1_65' title='bbox 1384 937 1883 1010; x_wconf 88' lang='lat' dir='ltr'>ignorantia,quia</span> 
     </span>
    </p>
   </div>
   <div class='ocr_carea' id='block_1_10' title="bbox 214 1023 1877 1099">
    <p class='ocr_par' dir='ltr' id='par_1_10' title="bbox 214 1023 1877 1099">
     <span class='ocr_line' id='line_1_10' title="bbox 214 1023 1877 1099; baseline 0.001 -19"><span class='ocrx_word' id='word_1_66' title='bbox 214 1023 420 1099; x_wconf 87' lang='lat' dir='ltr'>legem</span> <span class='ocrx_word' id='word_1_67' title='bbox 452 1030 821 1096; x_wconf 85' lang='lat' dir='ltr'>acceperunt,</span> <span class='ocrx_word' id='word_1_68' title='bbox 845 1042 950 1085; x_wconf 87' lang='lat' dir='ltr'>nec</span> <span class='ocrx_word' id='word_1_69' title='bbox 971 1025 1238 1098; x_wconf 83' lang='lat' dir='ltr'>gentiles,</span> <span class='ocrx_word' id='word_1_70' title='bbox 1263 1027 1402 1098; x_wconf 82' lang='lat' dir='ltr'><em>quia</em></span> <span class='ocrx_word' id='word_1_71' title='bbox 1430 1042 1535 1099; x_wconf 88' lang='lat' dir='ltr'>per</span> <span class='ocrx_word' id='word_1_72' title='bbox 1554 1032 1877 1083; x_wconf 76' lang='lat' dir='ltr'>creaturam</span> 
     </span>
    </p>
   </div>
   <div class='ocr_carea' id='block_1_11' title="bbox 234 1114 1880 1187">
    <p class='ocr_par' dir='ltr' id='par_1_11' title="bbox 234 1114 1880 1187">
     <span class='ocr_line' id='line_1_11' title="bbox 234 1114 1880 1187; baseline 0 -17"><span class='ocrx_word' id='word_1_73' title='bbox 234 1117 549 1187; x_wconf 90' lang='lat' dir='ltr'>potuerunt</span> <span class='ocrx_word' id='word_1_74' title='bbox 579 1130 895 1186; x_wconf 83' lang='lat' dir='ltr'>agnoscere</span> <span class='ocrx_word' id='word_1_75' title='bbox 928 1115 1279 1171; x_wconf 81' lang='lat' dir='ltr'><strong>Creatorem.</strong></span> <span class='ocrx_word' id='word_1_76' title='bbox 1305 1114 1492 1187; x_wconf 86' lang='lat' dir='ltr'>Hujus</span> <span class='ocrx_word' id='word_1_77' title='bbox 1542 1120 1737 1171; x_wconf 90' lang='lat' dir='ltr'>autem</span> <span class='ocrx_word' id='word_1_78' title='bbox 1770 1115 1880 1171; x_wconf 92' lang='lat' dir='ltr'>loci</span> 
     </span>
    </p>
   </div>
   <div class='ocr_carea' id='block_1_12' title="bbox 234 1202 1876 1277">
    <p class='ocr_par' dir='ltr' id='par_1_12' title="bbox 234 1202 1876 1277">
     <span class='ocr_line' id='line_1_12' title="bbox 234 1202 1876 1277; baseline 0.002 -19"><span class='ocrx_word' id='word_1_79' title='bbox 234 1218 475 1259; x_wconf 82' lang='lat' dir='ltr'><strong>sensum</strong></span> <span class='ocrx_word' id='word_1_80' title='bbox 505 1202 793 1259; x_wconf 86' lang='lat' dir='ltr'>Dominus</span> <span class='ocrx_word' id='word_1_81' title='bbox 823 1203 880 1259; x_wconf 92' lang='lat' dir='ltr'>in</span> <span class='ocrx_word' id='word_1_82' title='bbox 914 1203 1225 1277; x_wconf 88' lang='lat' dir='ltr'>Evangelia</span> <span class='ocrx_word' id='word_1_83' title='bbox 1255 1205 1613 1277; x_wconf 83' lang='lat' dir='ltr'>manifestat,</span> <span class='ocrx_word' id='word_1_84' title='bbox 1637 1206 1837 1260; x_wconf 89' lang='lat' dir='ltr'>dicens</span> <span class='ocrx_word' id='word_1_85' title='bbox 1863 1222 1876 1261; x_wconf 90' lang='lat'>:</span> 
     </span>
    </p>
   </div>
   <div class='ocr_carea' id='block_1_13' title="bbox 231 1291 1878 1365">
    <p class='ocr_par' dir='ltr' id='par_1_13' title="bbox 231 1291 1878 1365">
     <span class='ocr_line' id='line_1_13' title="bbox 231 1291 1878 1365; baseline 0 -17"><span class='ocrx_word' id='word_1_86' title='bbox 231 1291 445 1358; x_wconf 85' lang='lat' dir='ltr'><em>Servus,</em></span> <span class='ocrx_word' id='word_1_87' title='bbox 478 1293 576 1363; x_wconf 91' lang='lat' dir='ltr'>qui</span> <span class='ocrx_word' id='word_1_88' title='bbox 604 1294 873 1363; x_wconf 78' lang='lat' dir='ltr'>cognoscit</span> <span class='ocrx_word' id='word_1_89' title='bbox 900 1294 1232 1349; x_wconf 82' lang='lat' dir='ltr'>voluntatem</span> <span class='ocrx_word' id='word_1_90' title='bbox 1264 1296 1509 1365; x_wconf 78' lang='lat' dir='ltr'><em>Domini,</em></span> <span class='ocrx_word' id='word_1_91' title='bbox 1541 1303 1591 1349; x_wconf 89' lang='lat' dir='ltr'><em>et</em></span> <span class='ocrx_word' id='word_1_92' title='bbox 1625 1296 1764 1365; x_wconf 80' lang='lat' dir='ltr'><em>facit</em></span> <span class='ocrx_word' id='word_1_93' title='bbox 1790 1296 1878 1349; x_wconf 84' lang='lat' dir='ltr'><em>di-</em></span> 
     </span>
    </p>
   </div>
   <div class='ocr_carea' id='block_1_14' title="bbox 230 1381 1879 1454">
    <p class='ocr_par' dir='ltr' id='par_1_14' title="bbox 230 1381 1879 1454">
     <span class='ocr_line' id='line_1_14' title="bbox 230 1381 1879 1454; baseline 0.001 -18"><span class='ocrx_word' id='word_1_94' title='bbox 230 1397 355 1451; x_wconf 88' lang='lat' dir='ltr'><em>gna,</em></span> <span class='ocrx_word' id='word_1_95' title='bbox 385 1381 574 1451; x_wconf 88' lang='lat' dir='ltr'><em>plagis</em></span> <span class='ocrx_word' id='word_1_96' title='bbox 618 1381 901 1453; x_wconf 82' lang='lat' dir='ltr'>vapulabit</span> <span class='ocrx_word' id='word_1_97' title='bbox 928 1383 1150 1445; x_wconf 84' lang='lat' dir='ltr'><em>multis;</em></span> <span class='ocrx_word' id='word_1_98' title='bbox 1179 1384 1281 1454; x_wconf 87' lang='lat' dir='ltr'>qui</span> <span class='ocrx_word' id='word_1_99' title='bbox 1322 1388 1505 1438; x_wconf 89' lang='lat' dir='ltr'><em>autem</em></span> <span class='ocrx_word' id='word_1_100' title='bbox 1531 1399 1643 1439; x_wconf 88' lang='lat' dir='ltr'>non</span> <span class='ocrx_word' id='word_1_101' title='bbox 1688 1399 1879 1454; x_wconf 89' lang='lat' dir='ltr'><em>cogno-</em></span> 
     </span>
    </p>
   </div>
   <div class='ocr_carea' id='block_1_15' title="bbox 229 1468 1875 1544">
    <p class='ocr_par' dir='ltr' id='par_1_15' title="bbox 229 1468 1875 1544">
     <span class='ocr_line' id='line_1_15' title="bbox 229 1468 1875 1544; baseline 0.001 -19"><span class='ocrx_word' id='word_1_102' title='bbox 229 1471 327 1525; x_wconf 88' lang='lat' dir='ltr'><em>scit</em></span> <span class='ocrx_word' id='word_1_103' title='bbox 354 1468 697 1525; x_wconf 80' lang='lat' dir='ltr'><em>voluntatem</em></span> <span class='ocrx_word' id='word_1_104' title='bbox 723 1471 948 1526; x_wconf 80' lang='lat' dir='ltr'><em>Domini</em></span> <span class='ocrx_word' id='word_1_105' title='bbox 975 1473 1085 1538; x_wconf 90' lang='lat' dir='ltr'><em>sui,</em></span> <span class='ocrx_word' id='word_1_106' title='bbox 1112 1480 1165 1527; x_wconf 89' lang='lat' dir='ltr'>et</span> <span class='ocrx_word' id='word_1_107' title='bbox 1193 1473 1333 1543; x_wconf 80' lang='lat' dir='ltr'><em>facit</em></span> <span class='ocrx_word' id='word_1_108' title='bbox 1361 1472 1547 1543; x_wconf 86' lang='lat' dir='ltr'><em>digna,</em></span> <span class='ocrx_word' id='word_1_109' title='bbox 1574 1473 1759 1544; x_wconf 78' lang='lat' dir='ltr'>plagis</span> <span class='ocrx_word' id='word_1_110' title='bbox 1786 1489 1875 1538; x_wconf 85' lang='lat' dir='ltr'><em>va,</em></span> 
     </span>
    </p>
   </div>
   <div class='ocr_carea' id='block_1_16' title="bbox 226 1558 1874 1631">
    <p class='ocr_par' dir='ltr' id='par_1_16' title="bbox 226 1558 1874 1631">
     <span class='ocr_line' id='line_1_16' title="bbox 226 1558 1874 1631; baseline 0.001 -18"><span class='ocrx_word' id='word_1_111' title='bbox 226 1558 439 1630; x_wconf 78' lang='lat' dir='ltr'><em>putabit</em></span> <span class='ocrx_word' id='word_1_112' title='bbox 469 1560 660 1626; x_wconf 83' lang='lat' dir='ltr'><em>paucis</em></span> <span class='ocrx_word' id='word_1_113' title='bbox 690 1559 841 1630; x_wconf 91' lang='lat' dir='ltr'><em>(Luc.</em></span> <span class='ocrx_word' id='word_1_114' title='bbox 873 1577 976 1626; x_wconf 84' lang='lat' dir='ltr'>xu,</span> <span class='ocrx_word' id='word_1_115' title='bbox 1009 1561 1118 1631; x_wconf 80' lang='grc'>48).</span> <span class='ocrx_word' id='word_1_116' title='bbox 1151 1561 1261 1615; x_wconf 90' lang='lat' dir='ltr'>Sed</span> <span class='ocrx_word' id='word_1_117' title='bbox 1302 1577 1454 1628; x_wconf 88' lang='lat' dir='ltr'>ecce,</span> <span class='ocrx_word' id='word_1_118' title='bbox 1488 1560 1572 1617; x_wconf 89' lang='lat' dir='ltr'>sic</span> <span class='ocrx_word' id='word_1_119' title='bbox 1600 1560 1874 1616; x_wconf 90' lang='lat' dir='ltr'>videntur</span> 
     </span>
    </p>
   </div>
   <div class='ocr_carea' id='block_1_17' title="bbox 230 1647 1873 1722">
    <p class='ocr_par' dir='ltr' id='par_1_17' title="bbox 230 1647 1873 1722">
     <span class='ocr_line' id='line_1_17' title="bbox 230 1647 1873 1722; baseline 0.001 -19"><span class='ocrx_word' id='word_1_120' title='bbox 230 1648 349 1704; x_wconf 68' lang='lat' dir='ltr'>haec</span> <span class='ocrx_word' id='word_1_121' title='bbox 380 1647 645 1720; x_wconf 84' lang='lat' dir='ltr'>Apostoli</span> <span class='ocrx_word' id='word_1_122' title='bbox 674 1649 849 1704; x_wconf 89' lang='lat' dir='ltr'>verba</span> <span class='ocrx_word' id='word_1_123' title='bbox 877 1665 1105 1715; x_wconf 89' lang='lat' dir='ltr'>sanare,</span> <span class='ocrx_word' id='word_1_124' title='bbox 1132 1666 1199 1705; x_wconf 89' lang='lat' dir='ltr'>ac</span> <span class='ocrx_word' id='word_1_125' title='bbox 1228 1650 1278 1706; x_wconf 89' lang='lat' dir='ltr'>si</span> <span class='ocrx_word' id='word_1_126' title='bbox 1309 1650 1563 1705; x_wconf 82' lang='lat' dir='ltr'><em>atrocius</em></span> <span class='ocrx_word' id='word_1_127' title='bbox 1594 1649 1873 1722; x_wconf 88' lang='lat' dir='ltr'>puniendi</span> 
     </span>
    </p>
   </div>
   <div class='ocr_carea' id='block_1_18' title="bbox 232 1735 1876 1810">
    <p class='ocr_par' dir='ltr' id='par_1_18' title="bbox 232 1735 1876 1810">
     <span class='ocr_line' id='line_1_18' title="bbox 232 1735 1876 1810; baseline 0.001 -16"><span class='ocrx_word' id='word_1_128' title='bbox 232 1736 343 1794; x_wconf 86' lang='lat' dir='ltr'>sint</span> <span class='ocrx_word' id='word_1_129' title='bbox 366 1735 644 1810; x_wconf 84' lang='lat' dir='ltr'>gentiles,</span> <span class='ocrx_word' id='word_1_130' title='bbox 669 1753 846 1808; x_wconf 88' lang='lat' dir='ltr'>quam</span> <span class='ocrx_word' id='word_1_131' title='bbox 869 1737 1055 1793; x_wconf 58' lang='lat' dir='ltr'>Judaei</span> <span class='ocrx_word' id='word_1_132' title='bbox 1078 1755 1091 1792; x_wconf 89' lang='lat'>:</span> <span class='ocrx_word' id='word_1_133' title='bbox 1116 1739 1188 1794; x_wconf 91' lang='lat' dir='ltr'>de</span> <span class='ocrx_word' id='word_1_134' title='bbox 1217 1737 1333 1794; x_wconf 88' lang='lat' dir='ltr'>illis</span> <span class='ocrx_word' id='word_1_135' title='bbox 1358 1738 1515 1794; x_wconf 91' lang='lat' dir='ltr'>enim</span> <span class='ocrx_word' id='word_1_136' title='bbox 1546 1738 1708 1804; x_wconf 86' lang='lat' dir='ltr'>dicit,</span> <span class='ocrx_word' id='word_1_137' title='bbox 1726 1741 1876 1810; x_wconf 88' lang='lat' dir='ltr'><em>peri-</em></span> 
     </span>
    </p>
   </div>
   <div class='ocr_carea' id='block_1_19' title="bbox 234 1825 1875 1900">
    <p class='ocr_par' dir='ltr' id='par_1_19' title="bbox 234 1825 1875 1900">
     <span class='ocr_line' id='line_1_19' title="bbox 234 1825 1875 1900; baseline 0.002 -19"><span class='ocrx_word' id='word_1_138' title='bbox 234 1827 377 1894; x_wconf 85' lang='lat' dir='ltr'><em>bunt,</em></span> <span class='ocrx_word' id='word_1_139' title='bbox 414 1826 491 1881; x_wconf 89' lang='lat' dir='ltr'>de</span> <span class='ocrx_word' id='word_1_140' title='bbox 519 1825 741 1882; x_wconf 71' lang='lat' dir='ltr'>Judaais</span> <span class='ocrx_word' id='word_1_141' title='bbox 769 1843 925 1894; x_wconf 91' lang='lat' dir='ltr'>vero,</span> <span class='ocrx_word' id='word_1_142' title='bbox 957 1827 1382 1895; x_wconf 79' lang='lat' dir='ltr'><em>iudicabuntur;</em></span> <span class='ocrx_word' id='word_1_143' title='bbox 1413 1828 1567 1883; x_wconf 82' lang='lat' dir='ltr'>unde</span> <span class='ocrx_word' id='word_1_144' title='bbox 1599 1828 1875 1900; x_wconf 86' lang='lat' dir='ltr'>Origenes</span> 
     </span>
    </p>
   </div>
   <div class='ocr_carea' id='block_1_20' title="bbox 235 1914 1873 1989">
    <p class='ocr_par' dir='ltr' id='par_1_20' title="bbox 235 1914 1873 1989">
     <span class='ocr_line' id='line_1_20' title="bbox 235 1914 1873 1989; baseline 0.002 -19"><span class='ocrx_word' id='word_1_145' title='bbox 235 1914 362 1971; x_wconf 87' lang='lat' dir='ltr'>dicit</span> <span class='ocrx_word' id='word_1_146' title='bbox 387 1931 400 1970; x_wconf 93' lang='lat'>:</span> <span class='ocrx_word' id='word_1_147' title='bbox 427 1915 557 1970; x_wconf 91' lang='lat' dir='ltr'>Non</span> <span class='ocrx_word' id='word_1_148' title='bbox 588 1914 732 1970; x_wconf 89' lang='lat' dir='ltr'>mihi</span> <span class='ocrx_word' id='word_1_149' title='bbox 763 1915 991 1971; x_wconf 91' lang='lat' dir='ltr'>videtur</span> <span class='ocrx_word' id='word_1_150' title='bbox 1015 1915 1321 1989; x_wconf 84' lang='lat' dir='ltr'><em>Apostolus</em></span> <span class='ocrx_word' id='word_1_151' title='bbox 1350 1916 1432 1972; x_wconf 89' lang='lat' dir='ltr'>ita</span> <span class='ocrx_word' id='word_1_152' title='bbox 1461 1916 1746 1985; x_wconf 86' lang='lat' dir='ltr'>sensisse;</span> <span class='ocrx_word' id='word_1_153' title='bbox 1772 1918 1873 1973; x_wconf 91' lang='lat' dir='ltr'>sed</span> 
     </span>
    </p>
   </div>
   <div class='ocr_carea' id='block_1_21' title="bbox 237 2002 1870 2075">
    <p class='ocr_par' dir='ltr' id='par_1_21' title="bbox 237 2002 1870 2075">
     <span class='ocr_line' id='line_1_21' title="bbox 237 2002 1870 2075; baseline 0.001 -16"><span class='ocrx_word' id='word_1_154' title='bbox 237 2004 289 2059; x_wconf 91' lang='lat' dir='ltr'>in</span> <span class='ocrx_word' id='word_1_155' title='bbox 318 2020 380 2060; x_wconf 91' lang='lat' dir='ltr'>eo</span> <span class='ocrx_word' id='word_1_156' title='bbox 414 2003 574 2075; x_wconf 90' lang='lat' dir='ltr'>quod</span> <span class='ocrx_word' id='word_1_157' title='bbox 608 2002 1228 2075; x_wconf 90' lang='lat' dir='ltr'>dicit,judicabuntur,</span> <span class='ocrx_word' id='word_1_158' title='bbox 1253 2005 1727 2061; x_wconf 88' lang='lat' dir='ltr'>subaudiendum</span> <span class='ocrx_word' id='word_1_159' title='bbox 1764 2010 1870 2073; x_wconf 82' lang='lat' dir='ltr'>est,</span> 
     </span>
    </p>
   </div>
   <div class='ocr_carea' id='block_1_22' title="bbox 239 2092 1875 2166">
    <p class='ocr_par' dir='ltr' id='par_1_22' title="bbox 239 2092 1875 2166">
     <span class='ocr_line' id='line_1_22' title="bbox 239 2092 1875 2166; baseline 0.001 -17"><span class='ocrx_word' id='word_1_160' title='bbox 239 2097 297 2149; x_wconf 87' lang='lat' dir='ltr'>ut</span> <span class='ocrx_word' id='word_1_161' title='bbox 322 2096 596 2164; x_wconf 82' lang='lat' dir='ltr'>pereant;</span> <span class='ocrx_word' id='word_1_162' title='bbox 631 2093 911 2164; x_wconf 89' lang='lat' dir='ltr'>quoniam</span> <span class='ocrx_word' id='word_1_163' title='bbox 942 2092 1071 2165; x_wconf 89' lang='lat' dir='ltr'>ipsa</span> <span class='ocrx_word' id='word_1_164' title='bbox 1097 2093 1190 2149; x_wconf 87' lang='lat' dir='ltr'>lex</span> <span class='ocrx_word' id='word_1_165' title='bbox 1210 2095 1376 2149; x_wconf 89' lang='lat' dir='ltr'><em>docet</em></span> <span class='ocrx_word' id='word_1_166' title='bbox 1406 2095 1696 2166; x_wconf 89' lang='lat' dir='ltr'>quomodo</span> <span class='ocrx_word' id='word_1_167' title='bbox 1719 2094 1875 2166; x_wconf 90' lang='lat' dir='ltr'>judi-</span> 
     </span>
    </p>
   </div>
   <div class='ocr_carea' id='block_1_23' title="bbox 247 2181 1871 2255">
    <p class='ocr_par' dir='ltr' id='par_1_23' title="bbox 247 2181 1871 2255">
     <span class='ocr_line' id='line_1_23' title="bbox 247 2181 1871 2255; baseline 0.002 -19"><span class='ocrx_word' id='word_1_168' title='bbox 247 2182 392 2236; x_wconf 82' lang='lat' dir='ltr'>candi</span> <span class='ocrx_word' id='word_1_169' title='bbox 423 2185 591 2238; x_wconf 89' lang='lat' dir='ltr'>sunt.</span> <span class='ocrx_word' id='word_1_170' title='bbox 622 2181 703 2237; x_wconf 88' lang='lat' dir='ltr'>De</span> <span class='ocrx_word' id='word_1_171' title='bbox 743 2182 1019 2253; x_wconf 85' lang='lat' dir='ltr'>gentibus</span> <span class='ocrx_word' id='word_1_172' title='bbox 1064 2199 1198 2238; x_wconf 85' lang='lat' dir='ltr'>vero</span> <span class='ocrx_word' id='word_1_173' title='bbox 1245 2183 1375 2238; x_wconf 92' lang='lat' dir='ltr'>ideo</span> <span class='ocrx_word' id='word_1_174' title='bbox 1406 2182 1567 2254; x_wconf 90' lang='lat' dir='ltr'>dicit,</span> <span class='ocrx_word' id='word_1_175' title='bbox 1597 2184 1871 2255; x_wconf 86' lang='lat' dir='ltr'><em>peribunt,</em></span> 
     </span>
    </p>
   </div>
   <div class='ocr_carea' id='block_1_24' title="bbox 250 2272 1875 2345">
    <p class='ocr_par' dir='ltr' id='par_1_24' title="bbox 250 2272 1875 2345">
     <span class='ocr_line' id='line_1_24' title="bbox 250 2272 1875 2345; baseline 0.002 -21"><span class='ocrx_word' id='word_1_176' title='bbox 250 2273 368 2342; x_wconf 87' lang='lat' dir='ltr'>quia</span> <span class='ocrx_word' id='word_1_177' title='bbox 390 2286 501 2327; x_wconf 89' lang='lat' dir='ltr'>non</span> <span class='ocrx_word' id='word_1_178' title='bbox 530 2276 819 2342; x_wconf 81' lang='lat' dir='ltr'><em>resurgant</em></span> <span class='ocrx_word' id='word_1_179' title='bbox 848 2273 1012 2344; x_wconf 85' lang='lat' dir='ltr'><em>impii</em></span> <span class='ocrx_word' id='word_1_180' title='bbox 1034 2274 1097 2327; x_wconf 86' lang='lat' dir='ltr'>in</span> <span class='ocrx_word' id='word_1_181' title='bbox 1114 2272 1349 2345; x_wconf 89' lang='lat' dir='ltr'><em>judicio,</em></span> <span class='ocrx_word' id='word_1_182' title='bbox 1372 2288 1544 2344; x_wconf 90' lang='lat' dir='ltr'><em>neque</em></span> <span class='ocrx_word' id='word_1_183' title='bbox 1565 2275 1875 2344; x_wconf 80' lang='lat' dir='ltr'><em>peccatores</em></span> 
     </span>
    </p>
   </div>
   <div class='ocr_carea' id='block_1_25' title="bbox 246 2361 1054 2433">
    <p class='ocr_par' dir='ltr' id='par_1_25' title="bbox 246 2361 1054 2433">
     <span class='ocr_line' id='line_1_25' title="bbox 246 2361 1054 2433; baseline 0.004 -19"><span class='ocrx_word' id='word_1_184' title='bbox 246 2361 295 2414; x_wconf 85' lang='lat' dir='ltr'>in</span> <span class='ocrx_word' id='word_1_185' title='bbox 318 2361 549 2417; x_wconf 84' lang='lat' dir='ltr'><em>concilio</em></span> <span class='ocrx_word' id='word_1_186' title='bbox 579 2361 726 2433; x_wconf 81' lang='lat'>(125)</span> <span class='ocrx_word' id='word_1_187' title='bbox 752 2361 1054 2433; x_wconf 87' lang='lat' dir='ltr'><em>justorum.</em></span> 
     </span>
    </p>
   </div>
   <div class='ocr_carea' id='block_1_26' title="bbox 297 2448 1875 2524">
    <p class='ocr_par' dir='ltr' id='par_1_26' title="bbox 297 2448 1875 2524">
     <span class='ocr_line' id='line_1_26' title="bbox 297 2448 1875 2524; baseline 0.003 -21"><span class='ocrx_word' id='word_1_188' title='bbox 297 2448 607 2521; x_wconf 82' lang='lat' dir='ltr'>Sequitur:</span> <span class='ocrx_word' id='word_1_189' title='bbox 631 2449 750 2505; x_wconf 86' lang='lat' dir='ltr'><em>Non</em></span> <span class='ocrx_word' id='word_1_190' title='bbox 779 2451 935 2506; x_wconf 88' lang='lat' dir='ltr'><em>enim</em></span> <span class='ocrx_word' id='word_1_191' title='bbox 963 2450 1242 2508; x_wconf 82' lang='lat' dir='ltr'><em>auditores</em></span> <span class='ocrx_word' id='word_1_192' title='bbox 1263 2452 1400 2521; x_wconf 86' lang='lat' dir='ltr'><em>legis</em></span> <span class='ocrx_word' id='word_1_193' title='bbox 1419 2452 1565 2524; x_wconf 84' lang='lat' dir='ltr'><em>justi</em></span> <span class='ocrx_word' id='word_1_194' title='bbox 1581 2460 1708 2507; x_wconf 85' lang='lat' dir='ltr'><em>sunt</em></span> <span class='ocrx_word' id='word_1_195' title='bbox 1727 2452 1875 2523; x_wconf 84' lang='lat' dir='ltr'><em>apud</em></span> 
     </span>
    </p>
   </div>
   <div class='ocr_carea' id='block_1_27' title="bbox 232 2537 1878 2612">
    <p class='ocr_par' dir='ltr' id='par_1_27' title="bbox 232 2537 1878 2612">
     <span class='ocr_line' id='line_1_27' title="bbox 232 2537 1878 2612; baseline 0.002 -20"><span class='ocrx_word' id='word_1_196' title='bbox 232 2537 413 2606; x_wconf 86' lang='lat' dir='ltr'><em>Deum,</em></span> <span class='ocrx_word' id='word_1_197' title='bbox 450 2538 542 2595; x_wconf 88' lang='lat' dir='ltr'>sed</span> <span class='ocrx_word' id='word_1_198' title='bbox 577 2541 812 2610; x_wconf 87' lang='lat' dir='ltr'><em>factores</em></span> <span class='ocrx_word' id='word_1_199' title='bbox 867 2540 1002 2611; x_wconf 82' lang='lat' dir='ltr'><em>legis</em></span> <span class='ocrx_word' id='word_1_200' title='bbox 1041 2541 1528 2612; x_wconf 75' lang='lat' dir='ltr'><em>justi/imbuatur.</em></span> <span class='ocrx_word' id='word_1_201' title='bbox 1560 2540 1706 2605; x_wconf 88' lang='lat' dir='ltr'>Quid</span> <span class='ocrx_word' id='word_1_202' title='bbox 1766 2548 1878 2609; x_wconf 85' lang='lat' dir='ltr'>est,</span> 
     </span>
    </p>
   </div>
   <div class='ocr_carea' id='block_1_28' title="bbox 235 2627 1876 2702">
    <p class='ocr_par' dir='ltr' id='par_1_28' title="bbox 235 2627 1876 2702">
     <span class='ocr_line' id='line_1_28' title="bbox 235 2627 1876 2702; baseline 0.002 -20"><span class='ocrx_word' id='word_1_203' title='bbox 235 2627 381 2698; x_wconf 91' lang='lat' dir='ltr'>quod</span> <span class='ocrx_word' id='word_1_204' title='bbox 414 2627 666 2684; x_wconf 84' lang='lat' dir='ltr'>factores</span> <span class='ocrx_word' id='word_1_205' title='bbox 696 2627 838 2698; x_wconf 82' lang='lat' dir='ltr'>legis</span> <span class='ocrx_word' id='word_1_206' title='bbox 877 2629 1294 2701; x_wconf 81' lang='lat' dir='ltr'>justiﬁcandos</span> <span class='ocrx_word' id='word_1_207' title='bbox 1321 2630 1482 2698; x_wconf 82' lang='lat' dir='ltr'>dicit,</span> <span class='ocrx_word' id='word_1_208' title='bbox 1510 2646 1643 2685; x_wconf 91' lang='lat' dir='ltr'>cum</span> <span class='ocrx_word' id='word_1_209' title='bbox 1673 2630 1876 2702; x_wconf 88' lang='lat' dir='ltr'>procul</span> 
     </span>
    </p>
   </div>
   <div class='ocr_carea' id='block_1_29' title="bbox 233 2714 1881 2790">
    <p class='ocr_par' dir='ltr' id='par_1_29' title="bbox 233 2714 1881 2790">
     <span class='ocr_line' id='line_1_29' title="bbox 233 2714 1881 2790; baseline 0.002 -21"><span class='ocrx_word' id='word_1_210' title='bbox 233 2714 408 2771; x_wconf 92' lang='lat' dir='ltr'>dubia</span> <span class='ocrx_word' id='word_1_211' title='bbox 433 2716 585 2787; x_wconf 86' lang='lat' dir='ltr'>justi</span> <span class='ocrx_word' id='word_1_212' title='bbox 617 2716 774 2772; x_wconf 83' lang='lat' dir='ltr'>sint?</span> <span class='ocrx_word' id='word_1_213' title='bbox 804 2720 1009 2789; x_wconf 86' lang='lat' dir='ltr'>Itaque</span> <span class='ocrx_word' id='word_1_214' title='bbox 1029 2716 1140 2773; x_wconf 90' lang='lat' dir='ltr'>hoc</span> <span class='ocrx_word' id='word_1_215' title='bbox 1167 2717 1293 2773; x_wconf 90' lang='lat' dir='ltr'>loco</span> <span class='ocrx_word' id='word_1_216' title='bbox 1314 2718 1770 2790; x_wconf 83' lang='lat' dir='ltr'><em>justiﬁcabuntur</em></span> <span class='ocrx_word' id='word_1_217' title='bbox 1800 2718 1881 2773; x_wconf 89' lang='lat' dir='ltr'>ita</span> 
     </span>
    </p>
   </div>
   <div class='ocr_carea' id='block_1_30' title="bbox 230 2802 1880 2878">
    <p class='ocr_par' dir='ltr' id='par_1_30' title="bbox 230 2802 1880 2878">
     <span class='ocr_line' id='line_1_30' title="bbox 230 2802 1880 2878; baseline 0.002 -20"><span class='ocrx_word' id='word_1_218' title='bbox 230 2802 679 2876; x_wconf 86' lang='lat' dir='ltr'>intelligendum</span> <span class='ocrx_word' id='word_1_219' title='bbox 698 2809 809 2872; x_wconf 89' lang='lat' dir='ltr'>est,</span> <span class='ocrx_word' id='word_1_220' title='bbox 824 2805 978 2860; x_wconf 87' lang='lat' dir='ltr'>sicut</span> <span class='ocrx_word' id='word_1_221' title='bbox 994 2805 1054 2860; x_wconf 90' lang='lat' dir='ltr'>in</span> <span class='ocrx_word' id='word_1_222' title='bbox 1074 2805 1514 2878; x_wconf 89' lang='lat' dir='ltr'>Evangelia,ubi</span> <span class='ocrx_word' id='word_1_223' title='bbox 1532 2807 1604 2863; x_wconf 90' lang='lat' dir='ltr'>de</span> <span class='ocrx_word' id='word_1_224' title='bbox 1625 2807 1880 2877; x_wconf 89' lang='lat' dir='ltr'>quodam</span> 
     </span>
    </p>
   </div>
   <div class='ocr_carea' id='block_1_31' title="bbox 231 2891 1881 2965">
    <p class='ocr_par' dir='ltr' id='par_1_31' title="bbox 231 2891 1881 2965">
     <span class='ocr_line' id='line_1_31' title="bbox 231 2891 1881 2965; baseline 0.001 -18"><span class='ocrx_word' id='word_1_225' title='bbox 231 2891 527 2949; x_wconf 68' lang='lat' dir='ltr'>Pharisaeo</span> <span class='ocrx_word' id='word_1_226' title='bbox 558 2892 786 2965; x_wconf 82' lang='lat' dir='ltr'>legitur</span> <span class='ocrx_word' id='word_1_227' title='bbox 819 2909 832 2947; x_wconf 91' lang='lat'>:</span> <span class='ocrx_word' id='word_1_228' title='bbox 864 2895 962 2950; x_wconf 87' lang='lat' dir='ltr'>Ille</span> <span class='ocrx_word' id='word_1_229' title='bbox 1008 2904 1195 2951; x_wconf 87' lang='lat' dir='ltr'><em>autem</em></span> <span class='ocrx_word' id='word_1_230' title='bbox 1238 2895 1420 2949; x_wconf 87' lang='lat' dir='ltr'><em>volens</em></span> <span class='ocrx_word' id='word_1_231' title='bbox 1457 2895 1770 2965; x_wconf 81' lang='lat' dir='ltr'><em>justiﬁcare</em></span> <span class='ocrx_word' id='word_1_232' title='bbox 1800 2911 1881 2949; x_wconf 88' lang='lat' dir='ltr'><em>se-</em></span> 
     </span>
    </p>
   </div>
   <div class='ocr_carea' id='block_1_32' title="bbox 228 2964 1882 3053">
    <p class='ocr_par' dir='ltr' id='par_1_32' title="bbox 228 2964 1882 3053">
     <span class='ocr_line' id='line_1_32' title="bbox 228 2964 1882 3053; baseline 0 -18"><span class='ocrx_word' id='word_1_233' title='bbox 228 2980 435 3053; x_wconf 80' lang='lat' dir='ltr'><em>ipsum,</em></span> <span class='ocrx_word' id='word_1_234' title='bbox 458 2981 518 3036; x_wconf 93' lang='lat' dir='ltr'>id</span> <span class='ocrx_word' id='word_1_235' title='bbox 544 2964 649 3047; x_wconf 77' lang='lat' dir='ltr'><em>est,</em></span> <span class='ocrx_word' id='word_1_236' title='bbox 679 2981 862 3036; x_wconf 88' lang='lat' dir='ltr'><em>volens</em></span> <span class='ocrx_word' id='word_1_237' title='bbox 882 2983 1067 3053; x_wconf 86' lang='lat' dir='ltr'><em>justus</em></span> <span class='ocrx_word' id='word_1_238' title='bbox 1091 2984 1292 3049; x_wconf 88' lang='lat' dir='ltr'><em>videri,</em></span> <span class='ocrx_word' id='word_1_239' title='bbox 1322 2984 1407 3037; x_wconf 92' lang='lat' dir='ltr'><em>vel</em></span> <span class='ocrx_word' id='word_1_240' title='bbox 1431 2983 1625 3053; x_wconf 88' lang='lat' dir='ltr'><em>putari</em></span> <span class='ocrx_word' id='word_1_241' title='bbox 1653 2982 1802 3051; x_wconf 84' lang='lat' dir='ltr'><em>(Luc.</em></span> <span class='ocrx_word' id='word_1_242' title='bbox 1824 2998 1882 3047; x_wconf 86' lang='lat' dir='ltr'>x,</span> 
     </span>
    </p>
   </div>
   <div class='ocr_carea' id='block_1_33' title="bbox 222 3068 1886 3141">
    <p class='ocr_par' dir='ltr' id='par_1_33' title="bbox 222 3068 1886 3141">
     <span class='ocr_line' id='line_1_33' title="bbox 222 3068 1886 3141; baseline 0 -16"><span class='ocrx_word' id='word_1_243' title='bbox 222 3070 343 3141; x_wconf 81' lang='lat'>29).</span> <span class='ocrx_word' id='word_1_244' title='bbox 378 3068 665 3125; x_wconf 83' lang='lat' dir='ltr'>Similiter</span> <span class='ocrx_word' id='word_1_245' title='bbox 693 3068 803 3124; x_wconf 91' lang='lat' dir='ltr'>hoc</span> <span class='ocrx_word' id='word_1_246' title='bbox 831 3068 956 3125; x_wconf 92' lang='lat' dir='ltr'>loco</span> <span class='ocrx_word' id='word_1_247' title='bbox 984 3069 1297 3141; x_wconf 84' lang='lat' dir='ltr'>Apostolus</span> <span class='ocrx_word' id='word_1_248' title='bbox 1328 3069 1486 3137; x_wconf 87' lang='lat' dir='ltr'>dicit,</span> <span class='ocrx_word' id='word_1_249' title='bbox 1511 3070 1886 3141; x_wconf 77' lang='lat' dir='ltr'><em>iuctiﬁcabun-</em></span> 
     </span>
    </p>
   </div>
   <div class='ocr_carea' id='block_1_34' title="bbox 229 3157 1883 3231">
    <p class='ocr_par' dir='ltr' id='par_1_34' title="bbox 229 3157 1883 3231">
     <span class='ocr_line' id='line_1_34' title="bbox 229 3157 1883 3231; baseline 0.001 -18"><span class='ocrx_word' id='word_1_250' title='bbox 229 3163 345 3226; x_wconf 91' lang='lat' dir='ltr'><em>tur,</em></span> <span class='ocrx_word' id='word_1_251' title='bbox 382 3157 443 3213; x_wconf 90' lang='lat' dir='ltr'>id</span> <span class='ocrx_word' id='word_1_252' title='bbox 476 3162 567 3214; x_wconf 89' lang='lat' dir='ltr'>est</span> <span class='ocrx_word' id='word_1_253' title='bbox 591 3157 971 3226; x_wconf 81' lang='lat' dir='ltr'>creabantur,</span> <span class='ocrx_word' id='word_1_254' title='bbox 1003 3160 1252 3214; x_wconf 76' lang='lat' dir='ltr'>factores</span> <span class='ocrx_word' id='word_1_255' title='bbox 1279 3158 1445 3231; x_wconf 87' lang='lat' dir='ltr'>legis,</span> <span class='ocrx_word' id='word_1_256' title='bbox 1480 3164 1545 3214; x_wconf 91' lang='lat' dir='ltr'>ut</span> <span class='ocrx_word' id='word_1_257' title='bbox 1566 3159 1714 3230; x_wconf 89' lang='lat' dir='ltr'>justi</span> <span class='ocrx_word' id='word_1_258' title='bbox 1744 3160 1883 3223; x_wconf 88' lang='lat' dir='ltr'>sint,</span> 
     </span>
    </p>
   </div>
   <div class='ocr_carea' id='block_1_35' title="bbox 227 3246 1405 3318">
    <p class='ocr_par' dir='ltr' id='par_1_35' title="bbox 227 3246 1405 3318">
     <span class='ocr_line' id='line_1_35' title="bbox 227 3246 1405 3318; baseline -0.001 -15"><span class='ocrx_word' id='word_1_259' title='bbox 227 3246 316 3303; x_wconf 86' lang='lat' dir='ltr'>vel</span> <span class='ocrx_word' id='word_1_260' title='bbox 341 3246 498 3318; x_wconf 84' lang='lat' dir='ltr'>justi</span> <span class='ocrx_word' id='word_1_261' title='bbox 530 3246 906 3302; x_wconf 89' lang='lat' dir='ltr'>habebuntur</span> <span class='ocrx_word' id='word_1_262' title='bbox 934 3250 991 3301; x_wconf 91' lang='lat' dir='ltr'>et</span> <span class='ocrx_word' id='word_1_263' title='bbox 1021 3247 1405 3318; x_wconf 89' lang='lat' dir='ltr'>putabuntur.</span> 
     </span>
    </p>
   </div>
   <div class='ocr_carea' id='block_1_36' title="bbox 300 3333 1884 3408">
    <p class='ocr_par' dir='ltr' id='par_1_36' title="bbox 300 3333 1884 3408">
     <span class='ocr_line' id='line_1_36' title="bbox 300 3333 1884 3408; baseline 0 -17"><span class='ocrx_word' id='word_1_264' title='bbox 300 3333 589 3406; x_wconf 82' lang='lat' dir='ltr'>Sequitur</span> <span class='ocrx_word' id='word_1_265' title='bbox 618 3350 631 3389; x_wconf 89' lang='lat'>:</span> <span class='ocrx_word' id='word_1_266' title='bbox 668 3334 803 3390; x_wconf 84' lang='lat' dir='ltr'><em>Cum</em></span> <span class='ocrx_word' id='word_1_267' title='bbox 848 3336 1001 3391; x_wconf 88' lang='lat' dir='ltr'><em>enim</em></span> <span class='ocrx_word' id='word_1_268' title='bbox 1027 3338 1240 3408; x_wconf 88' lang='lat' dir='ltr'><em>gentes,</em></span> <span class='ocrx_word' id='word_1_269' title='bbox 1275 3352 1395 3407; x_wconf 75' lang='lat' dir='ltr'><em>quae</em></span> <span class='ocrx_word' id='word_1_270' title='bbox 1441 3337 1611 3407; x_wconf 86' lang='lat' dir='ltr'><em>legem</em></span> <span class='ocrx_word' id='word_1_271' title='bbox 1639 3352 1751 3392; x_wconf 85' lang='lat' dir='ltr'>non</span> <span class='ocrx_word' id='word_1_272' title='bbox 1780 3338 1884 3391; x_wconf 88' lang='lat' dir='ltr'><em>ha-</em></span> 
     </span>
    </p>
   </div>
   <div class='ocr_carea' id='block_1_37' title="bbox 235 3423 1887 3496">
    <p class='ocr_par' dir='ltr' id='par_1_37' title="bbox 235 3423 1887 3496">
     <span class='ocr_line' id='line_1_37' title="bbox 235 3423 1887 3496; baseline 0.001 -16"><span class='ocrx_word' id='word_1_273' title='bbox 235 3426 383 3491; x_wconf 85' lang='lat' dir='ltr'><em>bent,</em></span> <span class='ocrx_word' id='word_1_274' title='bbox 434 3423 788 3493; x_wconf 83' lang='lat' dir='ltr'><em>naturaliter,</em></span> <span class='ocrx_word' id='word_1_275' title='bbox 840 3439 964 3494; x_wconf 65' lang='lat' dir='ltr'><em>quce</em></span> <span class='ocrx_word' id='word_1_276' title='bbox 1010 3425 1145 3495; x_wconf 86' lang='lat' dir='ltr'><em>legis</em></span> <span class='ocrx_word' id='word_1_277' title='bbox 1193 3428 1323 3479; x_wconf 87' lang='lat' dir='ltr'><em>sunt</em></span> <span class='ocrx_word' id='word_1_278' title='bbox 1367 3426 1599 3496; x_wconf 80' lang='lat' dir='ltr'><em>faciunt,</em></span> <span class='ocrx_word' id='word_1_279' title='bbox 1631 3429 1741 3481; x_wconf 91' lang='lat' dir='ltr'>etc.</span> <span class='ocrx_word' id='word_1_280' title='bbox 1786 3425 1887 3482; x_wconf 75' lang='lat' dir='ltr'>llis</span> 
     </span>
    </p>
   </div>
   <div class='ocr_carea' id='block_1_38' title="bbox 234 3510 1888 3585">
    <p class='ocr_par' dir='ltr' id='par_1_38' title="bbox 234 3510 1888 3585">
     <span class='ocr_line' id='line_1_38' title="bbox 234 3510 1888 3585; baseline 0.001 -19"><span class='ocrx_word' id='word_1_281' title='bbox 234 3510 429 3568; x_wconf 86' lang='lat' dir='ltr'>verbis</span> <span class='ocrx_word' id='word_1_282' title='bbox 455 3510 728 3581; x_wconf 89' lang='lat' dir='ltr'>ostendit,</span> <span class='ocrx_word' id='word_1_283' title='bbox 762 3510 901 3583; x_wconf 91' lang='lat' dir='ltr'>quia</span> <span class='ocrx_word' id='word_1_284' title='bbox 946 3516 1171 3583; x_wconf 85' lang='lat' dir='ltr'>gentes,</span> <span class='ocrx_word' id='word_1_285' title='bbox 1204 3511 1550 3568; x_wconf 87' lang='lat' dir='ltr'>naturaliter</span> <span class='ocrx_word' id='word_1_286' title='bbox 1598 3516 1888 3585; x_wconf 65' lang='lat' dir='ltr'>praecepta</span> 
     </span>
    </p>
   </div>
   <div class='ocr_carea' id='block_1_39' title="bbox 236 3599 1885 3674">
    <p class='ocr_par' dir='ltr' id='par_1_39' title="bbox 236 3599 1885 3674">
     <span class='ocr_line' id='line_1_39' title="bbox 236 3599 1885 3674; baseline 0.001 -18"><span class='ocrx_word' id='word_1_287' title='bbox 236 3600 383 3673; x_wconf 87' lang='lat' dir='ltr'>legis</span> <span class='ocrx_word' id='word_1_288' title='bbox 415 3599 705 3668; x_wconf 90' lang='lat' dir='ltr'>faciendo,</span> <span class='ocrx_word' id='word_1_289' title='bbox 736 3617 853 3656; x_wconf 90' lang='lat' dir='ltr'>non</span> <span class='ocrx_word' id='word_1_290' title='bbox 908 3600 1296 3672; x_wconf 85' lang='lat' dir='ltr'>privabuntur</span> <span class='ocrx_word' id='word_1_291' title='bbox 1340 3600 1446 3657; x_wconf 88' lang='lat' dir='ltr'>illa</span> <span class='ocrx_word' id='word_1_292' title='bbox 1476 3602 1885 3674; x_wconf 88' lang='lat' dir='ltr'>promissione,</span> 
     </span>
    </p>
   </div>
   <div class='ocr_carea' id='block_1_40' title="bbox 241 3685 1883 3763">
    <p class='ocr_par' dir='ltr' id='par_1_40' title="bbox 241 3685 1883 3763">
     <span class='ocr_line' id='line_1_40' title="bbox 241 3685 1883 3763; baseline 0.001 -19"><span class='ocrx_word' id='word_1_293' title='bbox 241 3706 355 3761; x_wconf 89' lang='lat' dir='ltr'>qua</span> <span class='ocrx_word' id='word_1_294' title='bbox 398 3685 507 3761; x_wconf 84' lang='lat' dir='ltr'>per</span> <span class='ocrx_word' id='word_1_295' title='bbox 561 3688 907 3761; x_wconf 86' lang='lat' dir='ltr'>prophetam</span> <span class='ocrx_word' id='word_1_296' title='bbox 967 3689 1255 3745; x_wconf 90' lang='lat' dir='ltr'>Dominus</span> <span class='ocrx_word' id='word_1_297' title='bbox 1303 3689 1583 3763; x_wconf 90' lang='lat' dir='ltr'>loquitur,</span> <span class='ocrx_word' id='word_1_298' title='bbox 1637 3691 1883 3747; x_wconf 90' lang='lat' dir='ltr'>dicens:</span> 
     </span>
    </p>
   </div>
   <div class='ocr_carea' id='block_1_41' title="bbox 244 3778 1889 3850">
    <p class='ocr_par' dir='ltr' id='par_1_41' title="bbox 244 3778 1889 3850">
     <span class='ocr_line' id='line_1_41' title="bbox 244 3778 1889 3850; baseline 0.001 -17"><span class='ocrx_word' id='word_1_299' title='bbox 244 3780 346 3834; x_wconf 82' lang='lat' dir='ltr'><em>Hoc</em></span> <span class='ocrx_word' id='word_1_300' title='bbox 372 3780 454 3834; x_wconf 83' lang='lat' dir='ltr'><em>est</em></span> <span class='ocrx_word' id='word_1_301' title='bbox 481 3781 890 3846; x_wconf 81' lang='lat' dir='ltr'><em>testamentum,</em></span> <span class='ocrx_word' id='word_1_302' title='bbox 914 3778 1058 3849; x_wconf 81' lang='lat' dir='ltr'><em>quod</em></span> <span class='ocrx_word' id='word_1_303' title='bbox 1083 3781 1322 3833; x_wconf 88' lang='lat' dir='ltr'><em>statuam</em></span> <span class='ocrx_word' id='word_1_304' title='bbox 1340 3778 1532 3835; x_wconf 91' lang='lat' dir='ltr'><em>domui</em></span> <span class='ocrx_word' id='word_1_305' title='bbox 1550 3779 1717 3835; x_wconf 88' lang='lat' dir='ltr'><em>Jacob</em></span> <span class='ocrx_word' id='word_1_306' title='bbox 1737 3797 1755 3833; x_wconf 90' lang='lat'><em>:</em></span> <span class='ocrx_word' id='word_1_307' title='bbox 1772 3782 1889 3850; x_wconf 88' lang='lat' dir='ltr'><em>post</em></span> 
     </span>
    </p>
   </div>
   <div class='ocr_carea' id='block_1_42' title="bbox 243 3867 1889 3939">
    <p class='ocr_par' dir='ltr' id='par_1_42' title="bbox 243 3867 1889 3939">
     <span class='ocr_line' id='line_1_42' title="bbox 243 3867 1889 3939; baseline -0.001 -15"><span class='ocrx_word' id='word_1_308' title='bbox 243 3868 356 3924; x_wconf 84' lang='lat' dir='ltr'><em>dies</em></span> <span class='ocrx_word' id='word_1_309' title='bbox 386 3867 532 3939; x_wconf 88' lang='lat' dir='ltr'><em>illos,</em></span> <span class='ocrx_word' id='word_1_310' title='bbox 564 3867 706 3923; x_wconf 86' lang='lat' dir='ltr'><em>dabo</em></span> <span class='ocrx_word' id='word_1_311' title='bbox 736 3868 879 3937; x_wconf 87' lang='lat' dir='ltr'><em>leges</em></span> <span class='ocrx_word' id='word_1_312' title='bbox 907 3882 1053 3923; x_wconf 89' lang='lat' dir='ltr'><em>meas</em></span> <span class='ocrx_word' id='word_1_313' title='bbox 1094 3869 1156 3922; x_wconf 86' lang='lat' dir='ltr'>in</span> <span class='ocrx_word' id='word_1_314' title='bbox 1192 3867 1357 3922; x_wconf 85' lang='lat' dir='ltr'><em>corda</em></span> <span class='ocrx_word' id='word_1_315' title='bbox 1401 3884 1606 3936; x_wconf 89' lang='lat' dir='ltr'><em>eorum,</em></span> <span class='ocrx_word' id='word_1_316' title='bbox 1638 3872 1691 3922; x_wconf 84' lang='lat' dir='ltr'>et</span> <span class='ocrx_word' id='word_1_317' title='bbox 1718 3869 1779 3922; x_wconf 85' lang='lat' dir='ltr'>in</span> <span class='ocrx_word' id='word_1_318' title='bbox 1808 3871 1889 3923; x_wconf 90' lang='lat' dir='ltr'><em>vi-</em></span> 
     </span>
    </p>
   </div>
   <div class='ocr_carea' id='block_1_43' title="bbox 246 3957 1888 4028">
    <p class='ocr_par' dir='ltr' id='par_1_43' title="bbox 246 3957 1888 4028">
     <span class='ocr_line' id='line_1_43' title="bbox 246 3957 1888 4028; baseline 0.001 -18"><span class='ocrx_word' id='word_1_319' title='bbox 246 3957 489 4012; x_wconf 85' lang='lat' dir='ltr'><em>sceribus</em></span> <span class='ocrx_word' id='word_1_320' title='bbox 544 3972 736 4012; x_wconf 90' lang='lat' dir='ltr'><em>eorum</em></span> <span class='ocrx_word' id='word_1_321' title='bbox 787 3957 1192 4028; x_wconf 84' lang='lat' dir='ltr'><em>superscribam</em></span> <span class='ocrx_word' id='word_1_322' title='bbox 1239 3957 1368 4011; x_wconf 87' lang='lat' dir='ltr'><em>illas</em></span> <span class='ocrx_word' id='word_1_323' title='bbox 1420 3958 1562 4028; x_wconf 88' lang='lat' dir='ltr'><em>(Jer.</em></span> <span class='ocrx_word' id='word_1_324' title='bbox 1614 3974 1731 4024; x_wconf 69' lang='lat' dir='ltr'>xxx,</span> <span class='ocrx_word' id='word_1_325' title='bbox 1788 3957 1888 4024; x_wconf 91' lang='lat'>33;</span> 
     </span>
    </p>
   </div>
   <div class='ocr_carea' id='block_1_44' title="bbox 246 4043 1887 4116">
    <p class='ocr_par' dir='ltr' id='par_1_44' title="bbox 246 4043 1887 4116">
     <span class='ocr_line' id='line_1_44' title="bbox 246 4043 1887 4116; baseline 0 -17"><span class='ocrx_word' id='word_1_326' title='bbox 246 4046 399 4101; x_wconf 86' lang='lat' dir='ltr'><em>Hebr.</em></span> <span class='ocrx_word' id='word_1_327' title='bbox 438 4062 558 4113; x_wconf 87' lang='lat' dir='ltr'>vm,</span> <span class='ocrx_word' id='word_1_328' title='bbox 593 4045 706 4116; x_wconf 91' lang='grc'>10).</span> <span class='ocrx_word' id='word_1_329' title='bbox 738 4043 884 4100; x_wconf 82' lang='lat' dir='ltr'>Hinc</span> <span class='ocrx_word' id='word_1_330' title='bbox 913 4049 969 4100; x_wconf 89' lang='lat' dir='ltr'>et</span> <span class='ocrx_word' id='word_1_331' title='bbox 997 4043 1153 4100; x_wconf 90' lang='lat' dir='ltr'>idem</span> <span class='ocrx_word' id='word_1_332' title='bbox 1182 4043 1501 4116; x_wconf 83' lang='lat' dir='ltr'>Apostolus</span> <span class='ocrx_word' id='word_1_333' title='bbox 1529 4044 1667 4101; x_wconf 91' lang='lat' dir='ltr'>alibi</span> <span class='ocrx_word' id='word_1_334' title='bbox 1698 4045 1843 4100; x_wconf 89' lang='lat' dir='ltr'>dicit</span> <span class='ocrx_word' id='word_1_335' title='bbox 1874 4060 1887 4099; x_wconf 89' lang='lat'><strong>:</strong></span> 
     </span>
    </p>
   </div>
   <div class='ocr_carea' id='block_1_45' title="bbox 248 4133 1893 4201">
    <p class='ocr_par' dir='ltr' id='par_1_45' title="bbox 248 4133 1893 4201">
     <span class='ocr_line' id='line_1_45' title="bbox 248 4133 1893 4201; baseline 0.001 -13"><span class='ocrx_word' id='word_1_336' title='bbox 248 4133 317 4188; x_wconf 83' lang='lat' dir='ltr'><em>Tu</em></span> <span class='ocrx_word' id='word_1_337' title='bbox 345 4140 551 4201; x_wconf 84' lang='lat' dir='ltr'><em>autem,</em></span> <span class='ocrx_word' id='word_1_338' title='bbox 582 4150 706 4189; x_wconf 90' lang='lat' dir='ltr'>cum</span> <span class='ocrx_word' id='word_1_339' title='bbox 754 4150 897 4189; x_wconf 84' lang='lat' dir='ltr'><em>esses</em></span> <span class='ocrx_word' id='word_1_340' title='bbox 925 4134 1173 4200; x_wconf 85' lang='lat' dir='ltr'><em>oleaster,</em></span> <span class='ocrx_word' id='word_1_341' title='bbox 1200 4138 1440 4190; x_wconf 74' lang='lat' dir='ltr'><em>insertus</em></span> <span class='ocrx_word' id='word_1_342' title='bbox 1486 4150 1540 4190; x_wconf 90' lang='lat' dir='ltr'>es</span> <span class='ocrx_word' id='word_1_343' title='bbox 1587 4135 1649 4189; x_wconf 89' lang='lat' dir='ltr'>in</span> <span class='ocrx_word' id='word_1_344' title='bbox 1696 4134 1893 4191; x_wconf 88' lang='lat' dir='ltr'><em>bonam</em></span> 
     </span>
    </p>
   </div>
   <div class='ocr_carea' id='block_1_46' title="bbox 246 4222 1893 4296">
    <p class='ocr_par' dir='ltr' id='par_1_46' title="bbox 246 4222 1893 4296">
     <span class='ocr_line' id='line_1_46' title="bbox 246 4222 1893 4296; baseline -0.001 -18"><span class='ocrx_word' id='word_1_345' title='bbox 246 4222 450 4278; x_wconf 87' lang='lat' dir='ltr'><em>olivam</em></span> <span class='ocrx_word' id='word_1_346' title='bbox 498 4224 671 4296; x_wconf 86' lang='lat' dir='ltr'><em>(Rom.</em></span> <span class='ocrx_word' id='word_1_347' title='bbox 705 4223 929 4292; x_wconf 85' lang='lat' dir='ltr'>x1,17).</span> <span class='ocrx_word' id='word_1_348' title='bbox 973 4222 1224 4278; x_wconf 89' lang='lat' dir='ltr'>Multum</span> <span class='ocrx_word' id='word_1_349' title='bbox 1271 4223 1487 4295; x_wconf 89' lang='lat' dir='ltr'>quippe</span> <span class='ocrx_word' id='word_1_350' title='bbox 1539 4222 1893 4279; x_wconf 88' lang='lat' dir='ltr'>conveniunt</span> 
     </span>
    </p>
   </div>
   <div class='ocr_carea' id='block_1_47' title="bbox 249 4310 1885 4385">
    <p class='ocr_par' dir='ltr' id='par_1_47' title="bbox 249 4310 1885 4385">
     <span class='ocr_line' id='line_1_47' title="bbox 249 4310 1885 4385; baseline 0.001 -20"><span class='ocrx_word' id='word_1_351' title='bbox 249 4312 421 4368; x_wconf 88' lang='lat' dir='ltr'>verba</span> <span class='ocrx_word' id='word_1_352' title='bbox 438 4311 733 4385; x_wconf 71' lang='lat' dir='ltr'>prophetas</span> <span class='ocrx_word' id='word_1_353' title='bbox 751 4310 926 4367; x_wconf 90' lang='lat' dir='ltr'>dictis</span> <span class='ocrx_word' id='word_1_354' title='bbox 948 4311 1303 4383; x_wconf 87' lang='lat' dir='ltr'>apostolicis.</span> <span class='ocrx_word' id='word_1_355' title='bbox 1321 4311 1445 4367; x_wconf 90' lang='lat' dir='ltr'>Illic</span> <span class='ocrx_word' id='word_1_356' title='bbox 1461 4311 1618 4367; x_wconf 92' lang='lat' dir='ltr'>enim</span> <span class='ocrx_word' id='word_1_357' title='bbox 1637 4312 1855 4368; x_wconf 90' lang='lat' dir='ltr'>dicitur</span> <span class='ocrx_word' id='word_1_358' title='bbox 1873 4328 1885 4367; x_wconf 90' lang='lat'><strong>:</strong></span> 
     </span>
    </p>
   </div>
   <div class='ocr_carea' id='block_1_48' title="bbox 253 4400 1889 4474">
    <p class='ocr_par' dir='ltr' id='par_1_48' title="bbox 253 4400 1889 4474">
     <span class='ocr_line' id='line_1_48' title="bbox 253 4400 1889 4474; baseline 0 -17"><span class='ocrx_word' id='word_1_359' title='bbox 253 4402 311 4457; x_wconf 85' lang='lat' dir='ltr'><em>In</em></span> <span class='ocrx_word' id='word_1_360' title='bbox 333 4401 632 4458; x_wconf 85' lang='lat' dir='ltr'><em>visceribus</em></span> <span class='ocrx_word' id='word_1_361' title='bbox 672 4418 859 4458; x_wconf 91' lang='lat' dir='ltr'><em>eorum</em></span> <span class='ocrx_word' id='word_1_362' title='bbox 892 4401 1293 4474; x_wconf 85' lang='lat' dir='ltr'><em>superscribam</em></span> <span class='ocrx_word' id='word_1_363' title='bbox 1321 4416 1413 4456; x_wconf 91' lang='lat' dir='ltr'>eas</span> <span class='ocrx_word' id='word_1_364' title='bbox 1441 4417 1459 4455; x_wconf 91' lang='lat'><strong><em>:</em></strong></span> <span class='ocrx_word' id='word_1_365' title='bbox 1491 4404 1549 4456; x_wconf 91' lang='lat' dir='ltr'>et</span> <span class='ocrx_word' id='word_1_366' title='bbox 1595 4400 1689 4456; x_wconf 89' lang='lat' dir='ltr'>hic</span> <span class='ocrx_word' id='word_1_367' title='bbox 1734 4402 1889 4473; x_wconf 92' lang='lat' dir='ltr'>Apo-</span> 
     </span>
    </p>
   </div>
   <div class='ocr_carea' id='block_1_49' title="bbox 258 4488 1894 4562">
    <p class='ocr_par' dir='ltr' id='par_1_49' title="bbox 258 4488 1894 4562">
     <span class='ocr_line' id='line_1_49' title="bbox 258 4488 1894 4562; baseline 0 -17"><span class='ocrx_word' id='word_1_368' title='bbox 258 4489 436 4547; x_wconf 88' lang='lat' dir='ltr'>stolus</span> <span class='ocrx_word' id='word_1_369' title='bbox 464 4508 479 4547; x_wconf 89' lang='lat'><strong>:</strong></span> <span class='ocrx_word' id='word_1_370' title='bbox 512 4492 619 4560; x_wconf 83' lang='lat' dir='ltr'><em>Qui</em></span> <span class='ocrx_word' id='word_1_371' title='bbox 645 4490 957 4561; x_wconf 87' lang='lat' dir='ltr'><em>ostendunt,</em></span> <span class='ocrx_word' id='word_1_372' title='bbox 982 4488 1193 4562; x_wconf 87' lang='lat' dir='ltr'>inquit,</span> <span class='ocrx_word' id='word_1_373' title='bbox 1217 4506 1354 4559; x_wconf 87' lang='lat' dir='ltr'><em>opus</em></span> <span class='ocrx_word' id='word_1_374' title='bbox 1382 4490 1515 4561; x_wconf 86' lang='lat' dir='ltr'><em>legis</em></span> <span class='ocrx_word' id='word_1_375' title='bbox 1542 4491 1806 4562; x_wconf 85' lang='lat' dir='ltr'><em>scriptum</em></span> <span class='ocrx_word' id='word_1_376' title='bbox 1833 4491 1894 4546; x_wconf 89' lang='lat' dir='ltr'>in</span> 
     </span>
    </p>
   </div>
   <div class='ocr_carea' id='block_1_50' title="bbox 1990 585 3639 659">
    <p class='ocr_par' dir='ltr' id='par_1_50' title="bbox 1990 585 3639 659">
     <span class='ocr_line' id='line_1_50' title="bbox 1990 585 3639 659; baseline 0.001 -18"><span class='ocrx_word' id='word_1_377' title='bbox 1990 586 2184 658; x_wconf 84' lang='lat' dir='ltr'><em>facias.</em></span> <span class='ocrx_word' id='word_1_378' title='bbox 2218 586 2289 641; x_wconf 89' lang='lat' dir='ltr'>Et</span> <span class='ocrx_word' id='word_1_379' title='bbox 2321 587 2602 642; x_wconf 87' lang='lat' dir='ltr'>Dominus</span> <span class='ocrx_word' id='word_1_380' title='bbox 2632 587 2691 641; x_wconf 91' lang='lat' dir='ltr'>in</span> <span class='ocrx_word' id='word_1_381' title='bbox 2730 585 3040 658; x_wconf 87' lang='lat' dir='ltr'>Evangelia</span> <span class='ocrx_word' id='word_1_382' title='bbox 3070 585 3212 641; x_wconf 88' lang='lat' dir='ltr'>dicit</span> <span class='ocrx_word' id='word_1_383' title='bbox 3243 603 3256 642; x_wconf 91' lang='lat'><strong>:</strong></span> <span class='ocrx_word' id='word_1_384' title='bbox 3290 588 3639 659; x_wconf 51' lang='lat' dir='ltr'><em>Quacunque</em></span> 
     </span>
    </p>
   </div>
   <div class='ocr_carea' id='block_1_51' title="bbox 1990 676 3639 747">
    <p class='ocr_par' dir='ltr' id='par_1_51' title="bbox 1990 676 3639 747">
     <span class='ocr_line' id='line_1_51' title="bbox 1990 676 3639 747; baseline 0 -15"><span class='ocrx_word' id='word_1_385' title='bbox 1990 676 2160 732; x_wconf 81' lang='lat' dir='ltr'><em>vultis</em></span> <span class='ocrx_word' id='word_1_386' title='bbox 2187 683 2249 730; x_wconf 88' lang='lat' dir='ltr'>ut</span> <span class='ocrx_word' id='word_1_387' title='bbox 2277 676 2492 746; x_wconf 80' lang='lat' dir='ltr'><em>faciant</em></span> <span class='ocrx_word' id='word_1_388' title='bbox 2534 677 2693 732; x_wconf 84' lang='lat' dir='ltr'><em>vobis</em></span> <span class='ocrx_word' id='word_1_389' title='bbox 2716 677 2980 743; x_wconf 84' lang='lat' dir='ltr'><em>homines,</em></span> <span class='ocrx_word' id='word_1_390' title='bbox 3013 676 3210 732; x_wconf 85' lang='lat' dir='ltr'><em>eadem</em></span> <span class='ocrx_word' id='word_1_391' title='bbox 3253 680 3307 731; x_wconf 87' lang='lat' dir='ltr'><em>et</em></span> <span class='ocrx_word' id='word_1_392' title='bbox 3350 691 3442 731; x_wconf 89' lang='lat' dir='ltr'>vos</span> <span class='ocrx_word' id='word_1_393' title='bbox 3469 679 3639 747; x_wconf 80' lang='lat' dir='ltr'><em>facite</em></span> 
     </span>
    </p>
   </div>
   <div class='ocr_carea' id='block_1_52' title="bbox 1994 765 3635 837">
    <p class='ocr_par' dir='ltr' id='par_1_52' title="bbox 1994 765 3635 837">
     <span class='ocr_line' id='line_1_52' title="bbox 1994 765 3635 837; baseline 0.001 -18"><span class='ocrx_word' id='word_1_394' title='bbox 1994 765 2110 820; x_wconf 87' lang='lat' dir='ltr'><em>illis</em></span> <span class='ocrx_word' id='word_1_395' title='bbox 2139 766 2347 834; x_wconf 79' lang='lat' dir='ltr'><em>(Matth.</em></span> <span class='ocrx_word' id='word_1_396' title='bbox 2378 782 2483 833; x_wconf 83' lang='lat' dir='ltr'>v11,</span> <span class='ocrx_word' id='word_1_397' title='bbox 2517 765 2625 835; x_wconf 89' lang='lat'>12).</span> <span class='ocrx_word' id='word_1_398' title='bbox 2653 765 2747 820; x_wconf 87' lang='lat' dir='ltr'>Ait</span> <span class='ocrx_word' id='word_1_399' title='bbox 2774 781 2910 837; x_wconf 90' lang='lat' dir='ltr'>ergo</span> <span class='ocrx_word' id='word_1_400' title='bbox 2944 784 2957 821; x_wconf 91' lang='lat'><strong>:</strong></span> <span class='ocrx_word' id='word_1_401' title='bbox 2994 766 3127 821; x_wconf 86' lang='lat' dir='ltr'><em>Cum</em></span> <span class='ocrx_word' id='word_1_402' title='bbox 3172 769 3371 836; x_wconf 86' lang='lat' dir='ltr'><em>gentes,</em></span> <span class='ocrx_word' id='word_1_403' title='bbox 3406 780 3532 837; x_wconf 72' lang='lat' dir='ltr'><em>quae</em></span> <span class='ocrx_word' id='word_1_404' title='bbox 3561 766 3635 820; x_wconf 87' lang='lat' dir='ltr'><em>te-</em></span> 
     </span>
    </p>
   </div>
   <div class='ocr_carea' id='block_1_53' title="bbox 1990 851 3640 925">
    <p class='ocr_par' dir='ltr' id='par_1_53' title="bbox 1990 851 3640 925">
     <span class='ocr_line' id='line_1_53' title="bbox 1990 851 3640 925; baseline -0.001 -18"><span class='ocrx_word' id='word_1_405' title='bbox 1990 867 2113 921; x_wconf 87' lang='lat' dir='ltr'><em>gem</em></span> <span class='ocrx_word' id='word_1_406' title='bbox 2140 867 2253 906; x_wconf 88' lang='lat' dir='ltr'>non</span> <span class='ocrx_word' id='word_1_407' title='bbox 2302 852 2524 923; x_wconf 83' lang='lat' dir='ltr'><em>habent,</em></span> <span class='ocrx_word' id='word_1_408' title='bbox 2552 851 2824 907; x_wconf 84' lang='lat' dir='ltr'>videlicet</span> <span class='ocrx_word' id='word_1_409' title='bbox 2870 852 3171 925; x_wconf 85' lang='lat' dir='ltr'>scriptam,</span> <span class='ocrx_word' id='word_1_410' title='bbox 3198 853 3532 908; x_wconf 87' lang='lat' dir='ltr'><em>naturaliter</em></span> <span class='ocrx_word' id='word_1_411' title='bbox 3574 869 3640 907; x_wconf 92' lang='lat' dir='ltr'>ea</span> 
     </span>
    </p>
   </div>
   <div class='ocr_carea' id='block_1_54' title="bbox 1991 939 3637 1013">
    <p class='ocr_par' dir='ltr' id='par_1_54' title="bbox 1991 939 3637 1013">
     <span class='ocr_line' id='line_1_54' title="bbox 1991 939 3637 1013; baseline 0.001 -18"><span class='ocrx_word' id='word_1_412' title='bbox 1991 956 2113 1011; x_wconf 72' lang='lat' dir='ltr'><em>quae</em></span> <span class='ocrx_word' id='word_1_413' title='bbox 2152 940 2288 1010; x_wconf 85' lang='lat' dir='ltr'><em>legis</em></span> <span class='ocrx_word' id='word_1_414' title='bbox 2333 945 2463 995; x_wconf 87' lang='lat' dir='ltr'><em>sunt</em></span> <span class='ocrx_word' id='word_1_415' title='bbox 2506 942 2744 1011; x_wconf 82' lang='lat' dir='ltr'><em>faciunt,</em></span> <span class='ocrx_word' id='word_1_416' title='bbox 2777 941 2835 996; x_wconf 90' lang='lat' dir='ltr'>id</span> <span class='ocrx_word' id='word_1_417' title='bbox 2884 946 2973 997; x_wconf 87' lang='lat' dir='ltr'>cst</span> <span class='ocrx_word' id='word_1_418' title='bbox 3016 945 3301 1013; x_wconf 60' lang='lat' dir='ltr'>praecepta</span> <span class='ocrx_word' id='word_1_419' title='bbox 3348 939 3637 996; x_wconf 88' lang='lat' dir='ltr'>naturalis</span> 
     </span>
    </p>
   </div>
   <div class='ocr_carea' id='block_1_55' title="bbox 1991 1029 3634 1103">
    <p class='ocr_par' dir='ltr' id='par_1_55' title="bbox 1991 1029 3634 1103">
     <span class='ocr_line' id='line_1_55' title="bbox 1991 1029 3634 1103; baseline 0.001 -19"><span class='ocrx_word' id='word_1_420' title='bbox 1991 1029 2138 1102; x_wconf 85' lang='lat' dir='ltr'>legis</span> <span class='ocrx_word' id='word_1_421' title='bbox 2169 1030 2509 1085; x_wconf 88' lang='lat' dir='ltr'>custodiunt</span> <span class='ocrx_word' id='word_1_422' title='bbox 2542 1046 2553 1085; x_wconf 90' lang='lat'><strong>:</strong></span> <span class='ocrx_word' id='word_1_423' title='bbox 2591 1031 2860 1103; x_wconf 85' lang='lat' dir='ltr'><em>ejusmodi</em></span> <span class='ocrx_word' id='word_1_424' title='bbox 2888 1031 3057 1101; x_wconf 88' lang='lat' dir='ltr'><em>legem</em></span> <span class='ocrx_word' id='word_1_425' title='bbox 3106 1047 3218 1087; x_wconf 87' lang='lat' dir='ltr'>non</span> <span class='ocrx_word' id='word_1_426' title='bbox 3265 1032 3539 1098; x_wconf 84' lang='lat' dir='ltr'><em>habentes,</em></span> <span class='ocrx_word' id='word_1_427' title='bbox 3577 1029 3634 1085; x_wconf 93' lang='lat' dir='ltr'>id</span> 
     </span>
    </p>
   </div>
   <div class='ocr_carea' id='block_1_56' title="bbox 1990 1119 3633 1192">
    <p class='ocr_par' dir='ltr' id='par_1_56' title="bbox 1990 1119 3633 1192">
     <span class='ocr_line' id='line_1_56' title="bbox 1990 1119 3633 1192; baseline 0 -17"><span class='ocrx_word' id='word_1_428' title='bbox 1990 1124 2098 1186; x_wconf 90' lang='lat' dir='ltr'>est,</span> <span class='ocrx_word' id='word_1_429' title='bbox 2115 1119 2347 1191; x_wconf 90' lang='lat' dir='ltr'>qualem</span> <span class='ocrx_word' id='word_1_430' title='bbox 2369 1120 2525 1175; x_wconf 90' lang='lat' dir='ltr'>Deus</span> <span class='ocrx_word' id='word_1_431' title='bbox 2547 1120 2705 1175; x_wconf 90' lang='lat' dir='ltr'>dedit</span> <span class='ocrx_word' id='word_1_432' title='bbox 2727 1136 2829 1191; x_wconf 88' lang='lat' dir='ltr'>per</span> <span class='ocrx_word' id='word_1_433' title='bbox 2845 1120 3102 1191; x_wconf 87' lang='lat' dir='ltr'>Moysen,</span> <span class='ocrx_word' id='word_1_434' title='bbox 3122 1121 3234 1192; x_wconf 83' lang='lat' dir='ltr'><em>ipsi</em></span> <span class='ocrx_word' id='word_1_435' title='bbox 3250 1122 3361 1176; x_wconf 87' lang='lat' dir='ltr'><em>sibi</em></span> <span class='ocrx_word' id='word_1_436' title='bbox 3373 1124 3503 1175; x_wconf 89' lang='lat' dir='ltr'><em>sunt</em></span> <span class='ocrx_word' id='word_1_437' title='bbox 3524 1120 3633 1187; x_wconf 71' lang='lat' dir='ltr'><em>lex,</em></span> 
     </span>
    </p>
   </div>
   <div class='ocr_carea' id='block_1_57' title="bbox 1989 1208 3631 1281">
    <p class='ocr_par' dir='ltr' id='par_1_57' title="bbox 1989 1208 3631 1281">
     <span class='ocr_line' id='line_1_57' title="bbox 1989 1208 3631 1281; baseline 0 -17"><span class='ocrx_word' id='word_1_438' title='bbox 1989 1210 2085 1281; x_wconf 91' lang='lat' dir='ltr'>qui</span> <span class='ocrx_word' id='word_1_439' title='bbox 2112 1208 2404 1265; x_wconf 83' lang='lat' dir='ltr'><em>ostendunt</em></span> <span class='ocrx_word' id='word_1_440' title='bbox 2429 1225 2563 1281; x_wconf 85' lang='lat' dir='ltr'><em>opus</em></span> <span class='ocrx_word' id='word_1_441' title='bbox 2609 1209 2749 1279; x_wconf 72' lang='lat' dir='ltr'><em>legis</em></span> <span class='ocrx_word' id='word_1_442' title='bbox 2791 1211 3052 1281; x_wconf 87' lang='lat' dir='ltr'><em>scriptum</em></span> <span class='ocrx_word' id='word_1_443' title='bbox 3088 1211 3145 1265; x_wconf 88' lang='lat' dir='ltr'>in</span> <span class='ocrx_word' id='word_1_444' title='bbox 3195 1209 3450 1265; x_wconf 86' lang='lat' dir='ltr'><em>cordibus</em></span> <span class='ocrx_word' id='word_1_445' title='bbox 3493 1210 3631 1276; x_wconf 89' lang='lat' dir='ltr'><em>suis,</em></span> 
     </span>
    </p>
   </div>
   <div class='ocr_carea' id='block_1_58' title="bbox 1987 1298 3636 1370">
    <p class='ocr_par' dir='ltr' id='par_1_58' title="bbox 1987 1298 3636 1370">
     <span class='ocr_line' id='line_1_58' title="bbox 1987 1298 3636 1370; baseline 0.001 -17"><span class='ocrx_word' id='word_1_446' title='bbox 1987 1300 2365 1354; x_wconf 85' lang='lat' dir='ltr'><em>testimonium</em></span> <span class='ocrx_word' id='word_1_447' title='bbox 2405 1300 2668 1355; x_wconf 86' lang='lat' dir='ltr'><em>reddente</em></span> <span class='ocrx_word' id='word_1_448' title='bbox 2713 1300 2828 1353; x_wconf 89' lang='lat' dir='ltr'><em>illis</em></span> <span class='ocrx_word' id='word_1_449' title='bbox 2855 1300 3189 1355; x_wconf 85' lang='lat' dir='ltr'><em>conscientia</em></span> <span class='ocrx_word' id='word_1_450' title='bbox 3235 1301 3497 1370; x_wconf 88' lang='lat' dir='ltr'><em>ipsorum.</em></span> <span class='ocrx_word' id='word_1_451' title='bbox 3529 1298 3636 1354; x_wconf 89' lang='lat' dir='ltr'>Hic</span> 
     </span>
    </p>
   </div>
   <div class='ocr_carea' id='block_1_59' title="bbox 1989 1387 3635 1460">
    <p class='ocr_par' dir='ltr' id='par_1_59' title="bbox 1989 1387 3635 1460">
     <span class='ocr_line' id='line_1_59' title="bbox 1989 1387 3635 1460; baseline 0.001 -18"><span class='ocrx_word' id='word_1_452' title='bbox 1989 1388 2366 1459; x_wconf 67' lang='lat' dir='ltr'>quaerendum</span> <span class='ocrx_word' id='word_1_453' title='bbox 2390 1392 2496 1456; x_wconf 87' lang='lat' dir='ltr'>est,</span> <span class='ocrx_word' id='word_1_454' title='bbox 2512 1388 2583 1443; x_wconf 91' lang='lat' dir='ltr'>de</span> <span class='ocrx_word' id='word_1_455' title='bbox 2602 1388 2820 1459; x_wconf 88' lang='lat' dir='ltr'>quibus</span> <span class='ocrx_word' id='word_1_456' title='bbox 2841 1387 3292 1460; x_wconf 88' lang='lat' dir='ltr'>cogitationibus</span> <span class='ocrx_word' id='word_1_457' title='bbox 3314 1388 3635 1459; x_wconf 84' lang='lat' dir='ltr'>dicatApo-</span> 
     </span>
    </p>
   </div>
   <div class='ocr_carea' id='block_1_60' title="bbox 1988 1476 3630 1549">
    <p class='ocr_par' dir='ltr' id='par_1_60' title="bbox 1988 1476 3630 1549">
     <span class='ocr_line' id='line_1_60' title="bbox 1988 1476 3630 1549; baseline 0 -17"><span class='ocrx_word' id='word_1_458' title='bbox 1988 1476 2176 1532; x_wconf 88' lang='lat' dir='ltr'>stolus</span> <span class='ocrx_word' id='word_1_459' title='bbox 2209 1493 2221 1530; x_wconf 92' lang='lat'>:</span> <span class='ocrx_word' id='word_1_460' title='bbox 2258 1481 2455 1531; x_wconf 88' lang='lat' dir='ltr'>utrum</span> <span class='ocrx_word' id='word_1_461' title='bbox 2487 1477 2559 1532; x_wconf 91' lang='lat' dir='ltr'>de</span> <span class='ocrx_word' id='word_1_462' title='bbox 2592 1476 2729 1544; x_wconf 88' lang='lat' dir='ltr'>illis,</span> <span class='ocrx_word' id='word_1_463' title='bbox 2755 1494 2880 1549; x_wconf 73' lang='lat' dir='ltr'>quae</span> <span class='ocrx_word' id='word_1_464' title='bbox 2911 1493 3067 1533; x_wconf 91' lang='lat' dir='ltr'>nunc</span> <span class='ocrx_word' id='word_1_465' title='bbox 3097 1481 3256 1542; x_wconf 90' lang='lat' dir='ltr'>sunt,</span> <span class='ocrx_word' id='word_1_466' title='bbox 3281 1480 3382 1531; x_wconf 89' lang='lat' dir='ltr'>aut</span> <span class='ocrx_word' id='word_1_467' title='bbox 3411 1477 3482 1533; x_wconf 92' lang='lat' dir='ltr'>de</span> <span class='ocrx_word' id='word_1_468' title='bbox 3513 1476 3630 1545; x_wconf 91' lang='lat' dir='ltr'>his,</span> 
     </span>
    </p>
   </div>
   <div class='ocr_carea' id='block_1_61' title="bbox 1987 1566 3629 1638">
    <p class='ocr_par' dir='ltr' id='par_1_61' title="bbox 1987 1566 3629 1638">
     <span class='ocr_line' id='line_1_61' title="bbox 1987 1566 3629 1638; baseline 0.001 -19"><span class='ocrx_word' id='word_1_469' title='bbox 1987 1582 2115 1637; x_wconf 80' lang='lat' dir='ltr'>quas</span> <span class='ocrx_word' id='word_1_470' title='bbox 2148 1567 2352 1621; x_wconf 72' lang='lat' dir='ltr'>futurae</span> <span class='ocrx_word' id='word_1_471' title='bbox 2383 1571 2541 1622; x_wconf 90' lang='lat' dir='ltr'>sunt.</span> <span class='ocrx_word' id='word_1_472' title='bbox 2567 1567 2637 1621; x_wconf 90' lang='lat' dir='ltr'>Et</span> <span class='ocrx_word' id='word_1_473' title='bbox 2656 1582 2851 1622; x_wconf 88' lang='lat' dir='ltr'>revera</span> <span class='ocrx_word' id='word_1_474' title='bbox 2883 1567 2954 1621; x_wconf 92' lang='lat' dir='ltr'>de</span> <span class='ocrx_word' id='word_1_475' title='bbox 2983 1566 3098 1633; x_wconf 89' lang='lat' dir='ltr'>his,</span> <span class='ocrx_word' id='word_1_476' title='bbox 3125 1583 3252 1638; x_wconf 64' lang='lat' dir='ltr'>qua)</span> <span class='ocrx_word' id='word_1_477' title='bbox 3282 1582 3439 1622; x_wconf 89' lang='lat' dir='ltr'>nunc</span> <span class='ocrx_word' id='word_1_478' title='bbox 3471 1570 3629 1632; x_wconf 89' lang='lat' dir='ltr'>sunt,</span> 
     </span>
    </p>
   </div>
   <div class='ocr_carea' id='block_1_62' title="bbox 1985 1646 3630 1728">
    <p class='ocr_par' dir='ltr' id='par_1_62' title="bbox 1985 1646 3630 1728">
     <span class='ocr_line' id='line_1_62' title="bbox 1985 1646 3630 1728; baseline 0.001 -19"><span class='ocrx_word' id='word_1_479' title='bbox 1985 1654 2290 1726; x_wconf 90' lang='lat' dir='ltr'>loquitur:</span> <span class='ocrx_word' id='word_1_480' title='bbox 2339 1646 2617 1728; x_wconf 87' lang='lat' dir='ltr'>quoniam</span> <span class='ocrx_word' id='word_1_481' title='bbox 2666 1672 2778 1710; x_wconf 92' lang='lat' dir='ltr'>non</span> <span class='ocrx_word' id='word_1_482' title='bbox 2830 1654 3021 1711; x_wconf 91' lang='lat' dir='ltr'>solum</span> <span class='ocrx_word' id='word_1_483' title='bbox 3066 1672 3192 1727; x_wconf 78' lang='lat' dir='ltr'>quae</span> <span class='ocrx_word' id='word_1_484' title='bbox 3242 1655 3496 1728; x_wconf 90' lang='lat' dir='ltr'>agimus,</span> <span class='ocrx_word' id='word_1_485' title='bbox 3528 1657 3630 1712; x_wconf 92' lang='lat' dir='ltr'>sed</span> 
     </span>
    </p>
   </div>
   <div class='ocr_carea' id='block_1_63' title="bbox 1986 1743 3630 1817">
    <p class='ocr_par' dir='ltr' id='par_1_63' title="bbox 1986 1743 3630 1817">
     <span class='ocr_line' id='line_1_63' title="bbox 1986 1743 3630 1817; baseline -0.001 -18"><span class='ocrx_word' id='word_1_486' title='bbox 1986 1743 2162 1800; x_wconf 90' lang='lat' dir='ltr'>etiam</span> <span class='ocrx_word' id='word_1_487' title='bbox 2194 1761 2321 1816; x_wconf 67' lang='lat' dir='ltr'>quae</span> <span class='ocrx_word' id='word_1_488' title='bbox 2353 1744 2701 1817; x_wconf 89' lang='lat' dir='ltr'>cogitamus,</span> <span class='ocrx_word' id='word_1_489' title='bbox 2728 1745 2881 1800; x_wconf 89' lang='lat' dir='ltr'>sicut</span> <span class='ocrx_word' id='word_1_490' title='bbox 2908 1748 3060 1801; x_wconf 78' lang='lat' dir='ltr'>natae</span> <span class='ocrx_word' id='word_1_491' title='bbox 3088 1748 3146 1800; x_wconf 87' lang='lat' dir='ltr'>et</span> <span class='ocrx_word' id='word_1_492' title='bbox 3174 1744 3538 1800; x_wconf 89' lang='lat' dir='ltr'>characteres</span> <span class='ocrx_word' id='word_1_493' title='bbox 3570 1745 3630 1799; x_wconf 91' lang='lat' dir='ltr'>in</span> 
     </span>
    </p>
   </div>
   <div class='ocr_carea' id='block_1_64' title="bbox 1988 1833 3633 1901">
    <p class='ocr_par' dir='ltr' id='par_1_64' title="bbox 1988 1833 3633 1901">
     <span class='ocr_line' id='line_1_64' title="bbox 1988 1833 3633 1901; baseline -0.001 -11"><span class='ocrx_word' id='word_1_494' title='bbox 1988 1834 2158 1901; x_wconf 89' lang='lat' dir='ltr'>ceris,</span> <span class='ocrx_word' id='word_1_495' title='bbox 2192 1833 2274 1888; x_wconf 86' lang='lat' dir='ltr'>ita</span> <span class='ocrx_word' id='word_1_496' title='bbox 2326 1834 2384 1888; x_wconf 92' lang='lat' dir='ltr'>in</span> <span class='ocrx_word' id='word_1_497' title='bbox 2442 1833 2661 1889; x_wconf 90' lang='lat' dir='ltr'>tabulis</span> <span class='ocrx_word' id='word_1_498' title='bbox 2706 1833 2897 1890; x_wconf 92' lang='lat' dir='ltr'>cordis</span> <span class='ocrx_word' id='word_1_499' title='bbox 2947 1834 3132 1889; x_wconf 89' lang='lat' dir='ltr'>nostri</span> <span class='ocrx_word' id='word_1_500' title='bbox 3178 1834 3539 1901; x_wconf 89' lang='lat' dir='ltr'>scribuntur,</span> <span class='ocrx_word' id='word_1_501' title='bbox 3574 1837 3633 1889; x_wconf 88' lang='lat' dir='ltr'>et</span> 
     </span>
    </p>
   </div>
   <div class='ocr_carea' id='block_1_65' title="bbox 1986 1922 3628 1994">
    <p class='ocr_par' dir='ltr' id='par_1_65' title="bbox 1986 1922 3628 1994">
     <span class='ocr_line' id='line_1_65' title="bbox 1986 1922 3628 1994; baseline 0 -17"><span class='ocrx_word' id='word_1_502' title='bbox 1986 1925 2225 1978; x_wconf 90' lang='lat' dir='ltr'>manent</span> <span class='ocrx_word' id='word_1_503' title='bbox 2253 1922 2481 1978; x_wconf 91' lang='lat' dir='ltr'>occulta</span> <span class='ocrx_word' id='word_1_504' title='bbox 2515 1938 2704 1993; x_wconf 81' lang='lat' dir='ltr'>usque</span> <span class='ocrx_word' id='word_1_505' title='bbox 2733 1922 2989 1978; x_wconf 84' lang='lat' dir='ltr'>ad&#39;diem</span> <span class='ocrx_word' id='word_1_506' title='bbox 3015 1923 3224 1994; x_wconf 88' lang='lat' dir='ltr'>judicii</span> <span class='ocrx_word' id='word_1_507' title='bbox 3253 1939 3265 1976; x_wconf 91' lang='lat'><strong>:</strong></span> <span class='ocrx_word' id='word_1_508' title='bbox 3301 1927 3442 1978; x_wconf 89' lang='lat' dir='ltr'>tunc</span> <span class='ocrx_word' id='word_1_509' title='bbox 3472 1922 3628 1978; x_wconf 91' lang='lat' dir='ltr'>enim</span> 
     </span>
    </p>
   </div>
   <div class='ocr_carea' id='block_1_66' title="bbox 1984 2011 3630 2082">
    <p class='ocr_par' dir='ltr' id='par_1_66' title="bbox 1984 2011 3630 2082">
     <span class='ocr_line' id='line_1_66' title="bbox 1984 2011 3630 2082; baseline -0.001 -14"><span class='ocrx_word' id='word_1_510' title='bbox 1984 2011 2182 2068; x_wconf 90' lang='lat' dir='ltr'>omnia</span> <span class='ocrx_word' id='word_1_511' title='bbox 2202 2011 2515 2066; x_wconf 84' lang='lat' dir='ltr'>manifesta</span> <span class='ocrx_word' id='word_1_512' title='bbox 2543 2015 2735 2077; x_wconf 90' lang='lat' dir='ltr'>erunt,</span> <span class='ocrx_word' id='word_1_513' title='bbox 2757 2015 2814 2067; x_wconf 92' lang='lat' dir='ltr'>et</span> <span class='ocrx_word' id='word_1_514' title='bbox 2837 2011 3285 2082; x_wconf 84' lang='lat' dir='ltr'>judicabantur,</span> <span class='ocrx_word' id='word_1_515' title='bbox 3309 2012 3465 2066; x_wconf 91' lang='lat' dir='ltr'>unde</span> <span class='ocrx_word' id='word_1_516' title='bbox 3495 2028 3630 2066; x_wconf 88' lang='lat' dir='ltr'>mox</span> 
     </span>
    </p>
   </div>
   <div class='ocr_carea' id='block_1_67' title="bbox 1984 2099 3629 2169">
    <p class='ocr_par' dir='ltr' id='par_1_67' title="bbox 1984 2099 3629 2169">
     <span class='ocr_line' id='line_1_67' title="bbox 1984 2099 3629 2169; baseline -0.001 -13"><span class='ocrx_word' id='word_1_517' title='bbox 1984 2099 2297 2156; x_wconf 89' lang='lat' dir='ltr'>subditur:</span> <span class='ocrx_word' id='word_1_518' title='bbox 2330 2102 2393 2155; x_wconf 85' lang='lat' dir='ltr'><em>In</em></span> <span class='ocrx_word' id='word_1_519' title='bbox 2440 2100 2547 2167; x_wconf 87' lang='lat' dir='ltr'><em>die,</em></span> <span class='ocrx_word' id='word_1_520' title='bbox 2580 2116 2703 2155; x_wconf 88' lang='lat' dir='ltr'>cum</span> <span class='ocrx_word' id='word_1_521' title='bbox 2739 2099 3003 2169; x_wconf 81' lang='lat' dir='ltr'><em>iudicabit</em></span> <span class='ocrx_word' id='word_1_522' title='bbox 3029 2102 3171 2156; x_wconf 88' lang='lat' dir='ltr'><em>Deus</em></span> <span class='ocrx_word' id='word_1_523' title='bbox 3201 2101 3413 2156; x_wconf 70' lang='lat' dir='ltr'><em>occulta</em></span> <span class='ocrx_word' id='word_1_524' title='bbox 3452 2101 3629 2156; x_wconf 88' lang='lat' dir='ltr'><em>homi-</em></span> 
     </span>
    </p>
   </div>
   <div class='ocr_carea' id='block_1_68' title="bbox 1982 2189 3628 2260">
    <p class='ocr_par' dir='ltr' id='par_1_68' title="bbox 1982 2189 3628 2260">
     <span class='ocr_line' id='line_1_68' title="bbox 1982 2189 3628 2260; baseline -0.001 -15"><span class='ocrx_word' id='word_1_525' title='bbox 1982 2206 2134 2245; x_wconf 85' lang='lat' dir='ltr'><em>num.</em></span> <span class='ocrx_word' id='word_1_526' title='bbox 2168 2190 2471 2255; x_wconf 87' lang='lat' dir='ltr'>Quomndo</span> <span class='ocrx_word' id='word_1_527' title='bbox 2511 2192 2707 2245; x_wconf 91' lang='lat' dir='ltr'>autem</span> <span class='ocrx_word' id='word_1_528' title='bbox 2738 2189 3114 2260; x_wconf 87' lang='lat' dir='ltr'>judicaturus</span> <span class='ocrx_word' id='word_1_529' title='bbox 3144 2190 3238 2257; x_wconf 90' lang='lat' dir='ltr'>sit,</span> <span class='ocrx_word' id='word_1_530' title='bbox 3272 2189 3628 2256; x_wconf 80' lang='lat' dir='ltr'>manifestat,</span> 
     </span>
    </p>
   </div>
   <div class='ocr_carea' id='block_1_69' title="bbox 1982 2279 3629 2354">
    <p class='ocr_par' dir='ltr' id='par_1_69' title="bbox 1982 2279 3629 2354">
     <span class='ocr_line' id='line_1_69' title="bbox 1982 2279 3629 2354; baseline -0.001 -19"><span class='ocrx_word' id='word_1_531' title='bbox 1982 2279 2288 2335; x_wconf 87' lang='lat' dir='ltr'><em>secundum</em></span> <span class='ocrx_word' id='word_1_532' title='bbox 2320 2280 2684 2354; x_wconf 73' lang='lat' dir='ltr'><em>Evangelium</em></span> <span class='ocrx_word' id='word_1_533' title='bbox 2710 2295 2913 2347; x_wconf 86' lang='lat' dir='ltr'><em>meum,</em></span> <span class='ocrx_word' id='word_1_534' title='bbox 2942 2279 2999 2333; x_wconf 93' lang='lat' dir='ltr'>id</span> <span class='ocrx_word' id='word_1_535' title='bbox 3030 2282 3137 2346; x_wconf 89' lang='lat' dir='ltr'>est,</span> <span class='ocrx_word' id='word_1_536' title='bbox 3170 2279 3497 2335; x_wconf 90' lang='lat' dir='ltr'>secundum</span> <span class='ocrx_word' id='word_1_537' title='bbox 3525 2279 3629 2333; x_wconf 91' lang='lat' dir='ltr'>do-</span> 
     </span>
    </p>
   </div>
   <div class='ocr_carea' id='block_1_70' title="bbox 1986 2366 3636 2439">
    <p class='ocr_par' dir='ltr' id='par_1_70' title="bbox 1986 2366 3636 2439">
     <span class='ocr_line' id='line_1_70' title="bbox 1986 2366 3636 2439; baseline -0.001 -16"><span class='ocrx_word' id='word_1_538' title='bbox 1986 2368 2235 2424; x_wconf 88' lang='lat' dir='ltr'>ctrinam</span> <span class='ocrx_word' id='word_1_539' title='bbox 2256 2370 2314 2423; x_wconf 89' lang='lat' dir='ltr'>et</span> <span class='ocrx_word' id='word_1_540' title='bbox 2332 2366 2805 2439; x_wconf 63' lang='lat' dir='ltr'>praedicationem</span> <span class='ocrx_word' id='word_1_541' title='bbox 2830 2383 3041 2423; x_wconf 91' lang='lat' dir='ltr'>meam.</span> <span class='ocrx_word' id='word_1_542' title='bbox 3069 2368 3173 2422; x_wconf 90' lang='lat' dir='ltr'>Per</span> <span class='ocrx_word' id='word_1_543' title='bbox 3194 2383 3369 2439; x_wconf 86' lang='lat' dir='ltr'>quem</span> <span class='ocrx_word' id='word_1_544' title='bbox 3390 2382 3524 2423; x_wconf 91' lang='lat' dir='ltr'>vero</span> <span class='ocrx_word' id='word_1_545' title='bbox 3540 2368 3636 2437; x_wconf 87' lang='lat' dir='ltr'>ju-</span> 
     </span>
    </p>
   </div>
   <div class='ocr_carea' id='block_1_71' title="bbox 1988 2456 3634 2526">
    <p class='ocr_par' dir='ltr' id='par_1_71' title="bbox 1988 2456 3634 2526">
     <span class='ocr_line' id='line_1_71' title="bbox 1988 2456 3634 2526; baseline -0.001 -13"><span class='ocrx_word' id='word_1_546' title='bbox 1988 2458 2288 2513; x_wconf 88' lang='lat' dir='ltr'>dicaturus</span> <span class='ocrx_word' id='word_1_547' title='bbox 2319 2456 2794 2526; x_wconf 86' lang='lat' dir='ltr'>sit,demonstrat</span> <span class='ocrx_word' id='word_1_548' title='bbox 2829 2474 2842 2512; x_wconf 92' lang='lat'><strong>:</strong></span> <span class='ocrx_word' id='word_1_549' title='bbox 2876 2457 2982 2512; x_wconf 89' lang='lat' dir='ltr'><em>Per</em></span> <span class='ocrx_word' id='word_1_550' title='bbox 3008 2458 3190 2512; x_wconf 83' lang='lat' dir='ltr'><em>Iesum</em></span> <span class='ocrx_word' id='word_1_551' title='bbox 3226 2456 3500 2512; x_wconf 85' lang='lat' dir='ltr'><em>Christum</em></span> <span class='ocrx_word' id='word_1_552' title='bbox 3528 2458 3634 2513; x_wconf 87' lang='lat' dir='ltr'>Do-</span> 
     </span>
    </p>
   </div>
   <div class='ocr_carea' id='block_1_72' title="bbox 1986 2545 3633 2618">
    <p class='ocr_par' dir='ltr' id='par_1_72' title="bbox 1986 2545 3633 2618">
     <span class='ocr_line' id='line_1_72' title="bbox 1986 2545 3633 2618; baseline -0.001 -16"><span class='ocrx_word' id='word_1_553' title='bbox 1986 2549 2200 2603; x_wconf 87' lang='lat' dir='ltr'><em>minum</em></span> <span class='ocrx_word' id='word_1_554' title='bbox 2229 2550 2480 2601; x_wconf 86' lang='lat' dir='ltr'><em>nostrum</em></span> <span class='ocrx_word' id='word_1_555' title='bbox 2500 2546 2668 2617; x_wconf 86' lang='lat'>(126).</span> <span class='ocrx_word' id='word_1_556' title='bbox 2693 2546 2805 2601; x_wconf 89' lang='lat' dir='ltr'>Sed</span> <span class='ocrx_word' id='word_1_557' title='bbox 2838 2562 2944 2601; x_wconf 90' lang='lat' dir='ltr'>cur</span> <span class='ocrx_word' id='word_1_558' title='bbox 2986 2562 3088 2618; x_wconf 89' lang='lat' dir='ltr'>per</span> <span class='ocrx_word' id='word_1_559' title='bbox 3116 2562 3249 2600; x_wconf 91' lang='lat' dir='ltr'>eum</span> <span class='ocrx_word' id='word_1_560' title='bbox 3295 2545 3439 2601; x_wconf 90' lang='lat' dir='ltr'>dicit</span> <span class='ocrx_word' id='word_1_561' title='bbox 3483 2545 3633 2602; x_wconf 92' lang='lat' dir='ltr'>cele-</span> 
     </span>
    </p>
   </div>
   <div class='ocr_carea' id='block_1_73' title="bbox 1988 2633 3636 2706">
    <p class='ocr_par' dir='ltr' id='par_1_73' title="bbox 1988 2633 3636 2706">
     <span class='ocr_line' id='line_1_73' title="bbox 1988 2633 3636 2706; baseline -0.001 -14"><span class='ocrx_word' id='word_1_562' title='bbox 1988 2636 2143 2693; x_wconf 87' lang='lat' dir='ltr'>brari</span> <span class='ocrx_word' id='word_1_563' title='bbox 2165 2635 2455 2706; x_wconf 88' lang='lat' dir='ltr'>judicium</span> <span class='ocrx_word' id='word_1_564' title='bbox 2470 2635 2499 2690; x_wconf 84' lang='lat'><strong>?</strong></span> <span class='ocrx_word' id='word_1_565' title='bbox 2519 2633 2753 2690; x_wconf 90' lang='lat' dir='ltr'>Scilicet</span> <span class='ocrx_word' id='word_1_566' title='bbox 2772 2634 2915 2705; x_wconf 90' lang='lat' dir='ltr'>quia</span> <span class='ocrx_word' id='word_1_567' title='bbox 2933 2633 3219 2690; x_wconf 89' lang='lat' dir='ltr'>Dominus</span> <span class='ocrx_word' id='word_1_568' title='bbox 3242 2634 3303 2690; x_wconf 91' lang='lat' dir='ltr'>in</span> <span class='ocrx_word' id='word_1_569' title='bbox 3324 2634 3636 2706; x_wconf 88' lang='lat' dir='ltr'>Evangelia</span> 
     </span>
    </p>
   </div>
   <div class='ocr_carea' id='block_1_74' title="bbox 1990 2723 3637 2795">
    <p class='ocr_par' dir='ltr' id='par_1_74' title="bbox 1990 2723 3637 2795">
     <span class='ocr_line' id='line_1_74' title="bbox 1990 2723 3637 2795; baseline -0.001 -15"><span class='ocrx_word' id='word_1_570' title='bbox 1990 2725 2131 2789; x_wconf 83' lang='lat' dir='ltr'>dicit</span> <span class='ocrx_word' id='word_1_571' title='bbox 2166 2741 2178 2778; x_wconf 91' lang='lat'><strong>:</strong></span> <span class='ocrx_word' id='word_1_572' title='bbox 2212 2727 2378 2781; x_wconf 84' lang='lat' dir='ltr'><em>Pater</em></span> <span class='ocrx_word' id='word_1_573' title='bbox 2404 2740 2515 2779; x_wconf 90' lang='lat' dir='ltr'>non</span> <span class='ocrx_word' id='word_1_574' title='bbox 2536 2723 2754 2795; x_wconf 87' lang='lat' dir='ltr'><em>judicat</em></span> <span class='ocrx_word' id='word_1_575' title='bbox 2784 2739 3140 2794; x_wconf 80' lang='lat' dir='ltr'><em>quemquam,</em></span> <span class='ocrx_word' id='word_1_576' title='bbox 3171 2723 3262 2779; x_wconf 86' lang='lat' dir='ltr'>sed</span> <span class='ocrx_word' id='word_1_577' title='bbox 3300 2740 3461 2779; x_wconf 89' lang='lat' dir='ltr'><em>omne</em></span> <span class='ocrx_word' id='word_1_578' title='bbox 3480 2723 3637 2795; x_wconf 87' lang='lat' dir='ltr'><em>judi-</em></span> 
     </span>
    </p>
   </div>
   <div class='ocr_carea' id='block_1_75' title="bbox 1989 2812 3705 2891">
    <p class='ocr_par' dir='ltr' id='par_1_75' title="bbox 1989 2812 3705 2891">
     <span class='ocr_line' id='line_1_75' title="bbox 1989 2812 3705 2891; baseline -0.002 -21"><span class='ocrx_word' id='word_1_579' title='bbox 1989 2817 2137 2876; x_wconf 82' lang='lat' dir='ltr'><em>cium</em></span> <span class='ocrx_word' id='word_1_580' title='bbox 2164 2813 2311 2869; x_wconf 87' lang='lat' dir='ltr'><em>dedit</em></span> <span class='ocrx_word' id='word_1_581' title='bbox 2352 2814 2492 2869; x_wconf 87' lang='lat' dir='ltr'><em>Filio</em></span> <span class='ocrx_word' id='word_1_582' title='bbox 2520 2815 2698 2882; x_wconf 85' lang='lat' dir='ltr'><em>(Joan.</em></span> <span class='ocrx_word' id='word_1_583' title='bbox 2721 2830 2778 2881; x_wconf 91' lang='lat' dir='ltr'>v,</span> <span class='ocrx_word' id='word_1_584' title='bbox 2800 2814 2913 2883; x_wconf 84' lang='lat'>22).</span> <span class='ocrx_word' id='word_1_585' title='bbox 2937 2812 3188 2867; x_wconf 85' lang='lat' dir='ltr'>Solerter</span> <span class='ocrx_word' id='word_1_586' title='bbox 3234 2812 3413 2884; x_wconf 86' lang='lat' dir='ltr'>igitur</span> <span class='ocrx_word' id='word_1_587' title='bbox 3440 2812 3637 2867; x_wconf 92' lang='lat' dir='ltr'>discu-</span> <span class='ocrx_word' id='word_1_588' title='bbox 3694 2885 3705 2891; x_wconf 23' lang='grc' dir='ltr'>τ</span> 
     </span>
    </p>
   </div>
   <div class='ocr_carea' id='block_1_76' title="bbox 1990 2900 3640 2973">
    <p class='ocr_par' dir='ltr' id='par_1_76' title="bbox 1990 2900 3640 2973">
     <span class='ocr_line' id='line_1_76' title="bbox 1990 2900 3640 2973; baseline 0 -16"><span class='ocrx_word' id='word_1_589' title='bbox 1990 2903 2256 2958; x_wconf 90' lang='lat' dir='ltr'>tiendum</span> <span class='ocrx_word' id='word_1_590' title='bbox 2282 2906 2372 2958; x_wconf 90' lang='lat' dir='ltr'>est</span> <span class='ocrx_word' id='word_1_591' title='bbox 2401 2902 2694 2973; x_wconf 91' lang='lat' dir='ltr'>quomodo</span> <span class='ocrx_word' id='word_1_592' title='bbox 2720 2900 3100 2973; x_wconf 87' lang='lat' dir='ltr'>cogitationes</span> <span class='ocrx_word' id='word_1_593' title='bbox 3131 2901 3511 2967; x_wconf 89' lang='lat' dir='ltr'>accusabunt,</span> <span class='ocrx_word' id='word_1_594' title='bbox 3536 2904 3640 2957; x_wconf 89' lang='lat' dir='ltr'>aut</span> 
     </span>
    </p>
   </div>
   <div class='ocr_carea' id='block_1_77' title="bbox 1995 2989 3639 3061">
    <p class='ocr_par' dir='ltr' id='par_1_77' title="bbox 1995 2989 3639 3061">
     <span class='ocr_line' id='line_1_77' title="bbox 1995 2989 3639 3061; baseline -0.001 -15"><span class='ocrx_word' id='word_1_595' title='bbox 1995 2991 2306 3047; x_wconf 80' lang='lat' dir='ltr'>defendent</span> <span class='ocrx_word' id='word_1_596' title='bbox 2334 2991 2394 3045; x_wconf 91' lang='lat' dir='ltr'>in</span> <span class='ocrx_word' id='word_1_597' title='bbox 2426 2991 2519 3045; x_wconf 92' lang='lat' dir='ltr'>die</span> <span class='ocrx_word' id='word_1_598' title='bbox 2536 2989 2767 3060; x_wconf 90' lang='lat' dir='ltr'>judicii.</span> <span class='ocrx_word' id='word_1_599' title='bbox 2791 2991 2860 3044; x_wconf 89' lang='lat' dir='ltr'>Et</span> <span class='ocrx_word' id='word_1_600' title='bbox 2884 2989 3208 3057; x_wconf 89' lang='lat' dir='ltr'>sciendum,</span> <span class='ocrx_word' id='word_1_601' title='bbox 3232 2989 3373 3061; x_wconf 92' lang='lat' dir='ltr'>quia</span> <span class='ocrx_word' id='word_1_602' title='bbox 3392 2989 3639 3061; x_wconf 90' lang='lat' dir='ltr'>quicun-</span> 
     </span>
    </p>
   </div>
   <div class='ocr_carea' id='block_1_78' title="bbox 1996 3076 3640 3149">
    <p class='ocr_par' dir='ltr' id='par_1_78' title="bbox 1996 3076 3640 3149">
     <span class='ocr_line' id='line_1_78' title="bbox 1996 3076 3640 3149; baseline 0 -16"><span class='ocrx_word' id='word_1_603' title='bbox 1996 3093 2109 3149; x_wconf 89' lang='lat' dir='ltr'>que</span> <span class='ocrx_word' id='word_1_604' title='bbox 2142 3077 2337 3132; x_wconf 90' lang='lat' dir='ltr'>divina</span> <span class='ocrx_word' id='word_1_605' title='bbox 2380 3076 2778 3149; x_wconf 87' lang='lat' dir='ltr'>inspiratione,</span> <span class='ocrx_word' id='word_1_606' title='bbox 2817 3081 2920 3131; x_wconf 90' lang='lat' dir='ltr'>aut</span> <span class='ocrx_word' id='word_1_607' title='bbox 2967 3094 3075 3132; x_wconf 88' lang='lat' dir='ltr'>sua</span> <span class='ocrx_word' id='word_1_608' title='bbox 3120 3078 3488 3148; x_wconf 87' lang='lat' dir='ltr'>cogitatione,</span> <span class='ocrx_word' id='word_1_609' title='bbox 3521 3077 3640 3133; x_wconf 89' lang='lat' dir='ltr'>sive</span> 
     </span>
    </p>
   </div>
   <div class='ocr_carea' id='block_1_79' title="bbox 1996 3162 3642 3238">
    <p class='ocr_par' dir='ltr' id='par_1_79' title="bbox 1996 3162 3642 3238">
     <span class='ocr_line' id='line_1_79' title="bbox 1996 3162 3642 3238; baseline 0 -17"><span class='ocrx_word' id='word_1_610' title='bbox 1996 3162 2246 3237; x_wconf 85' lang='lat' dir='ltr'>alicujus</span> <span class='ocrx_word' id='word_1_611' title='bbox 2269 3164 2673 3238; x_wconf 85' lang='lat' dir='ltr'>praedicatione</span> <span class='ocrx_word' id='word_1_612' title='bbox 2695 3164 3043 3220; x_wconf 86' lang='lat' dir='ltr'>sollicitatus</span> <span class='ocrx_word' id='word_1_613' title='bbox 3065 3181 3180 3220; x_wconf 87' lang='lat' dir='ltr'>non</span> <span class='ocrx_word' id='word_1_614' title='bbox 3202 3165 3533 3233; x_wconf 84' lang='lat' dir='ltr'>crediderit,</span> <span class='ocrx_word' id='word_1_615' title='bbox 3552 3182 3642 3221; x_wconf 89' lang='lat' dir='ltr'>co-</span> 
     </span>
    </p>
   </div>
   <div class='ocr_carea' id='block_1_80' title="bbox 1915 3232 3644 3328">
    <p class='ocr_par' dir='ltr' id='par_1_80' title="bbox 1915 3232 3644 3328">
     <span class='ocr_line' id='line_1_80' title="bbox 1915 3232 3644 3328; baseline -0.001 -17"><span class='ocrx_word' id='word_1_616' title='bbox 1915 3232 1959 3300; x_wconf 77' lang='lat' dir='ltr'>C</span> <span class='ocrx_word' id='word_1_617' title='bbox 1997 3232 2311 3328; x_wconf 39' lang='lat' dir='ltr'>gitatione‘s</span> <span class='ocrx_word' id='word_1_618' title='bbox 2342 3272 2461 3310; x_wconf 68' lang='lat' dir='ltr'>sua:</span> <span class='ocrx_word' id='word_1_619' title='bbox 2484 3253 2847 3309; x_wconf 88' lang='lat' dir='ltr'>accusabunt</span> <span class='ocrx_word' id='word_1_620' title='bbox 2866 3269 3022 3324; x_wconf 90' lang='lat' dir='ltr'>eum,</span> <span class='ocrx_word' id='word_1_621' title='bbox 3047 3256 3104 3308; x_wconf 90' lang='lat' dir='ltr'>et</span> <span class='ocrx_word' id='word_1_622' title='bbox 3123 3253 3271 3325; x_wconf 85' lang='lat'>(127)</span> <span class='ocrx_word' id='word_1_623' title='bbox 3292 3232 3644 3309; x_wconf 87' lang='lat' dir='ltr'>condemna-</span> 
     </span>
    </p>
   </div>
   <div class='ocr_carea' id='block_1_81' title="bbox 1995 3341 3642 3415">
    <p class='ocr_par' dir='ltr' id='par_1_81' title="bbox 1995 3341 3642 3415">
     <span class='ocr_line' id='line_1_81' title="bbox 1995 3341 3642 3415; baseline -0.001 -15"><span class='ocrx_word' id='word_1_624' title='bbox 1995 3346 2167 3410; x_wconf 89' lang='lat' dir='ltr'>bunt,</span> <span class='ocrx_word' id='word_1_625' title='bbox 2199 3361 2315 3400; x_wconf 91' lang='lat' dir='ltr'>non</span> <span class='ocrx_word' id='word_1_626' title='bbox 2345 3343 2505 3399; x_wconf 89' lang='lat' dir='ltr'>velut</span> <span class='ocrx_word' id='word_1_627' title='bbox 2534 3343 2829 3415; x_wconf 90' lang='lat' dir='ltr'>ignarum,</span> <span class='ocrx_word' id='word_1_628' title='bbox 2857 3343 2960 3398; x_wconf 88' lang='lat' dir='ltr'>sed</span> <span class='ocrx_word' id='word_1_629' title='bbox 2989 3345 3056 3397; x_wconf 92' lang='lat' dir='ltr'>ut</span> <span class='ocrx_word' id='word_1_630' title='bbox 3084 3341 3361 3397; x_wconf 90' lang='lat' dir='ltr'>rebellem</span> <span class='ocrx_word' id='word_1_631' title='bbox 3387 3360 3401 3398; x_wconf 88' lang='lat'><strong>:</strong></span> <span class='ocrx_word' id='word_1_632' title='bbox 3425 3342 3475 3398; x_wconf 91' lang='lat' dir='ltr'>si</span> <span class='ocrx_word' id='word_1_633' title='bbox 3509 3343 3642 3415; x_wconf 89' lang='lat' dir='ltr'>quis</span> 
     </span>
    </p>
   </div>
   <div class='ocr_carea' id='block_1_82' title="bbox 1996 3430 3643 3502">
    <p class='ocr_par' dir='ltr' id='par_1_82' title="bbox 1996 3430 3643 3502">
     <span class='ocr_line' id='line_1_82' title="bbox 1996 3430 3643 3502; baseline -0.001 -13"><span class='ocrx_word' id='word_1_634' title='bbox 1996 3438 2192 3490; x_wconf 87' lang='lat' dir='ltr'>autem</span> <span class='ocrx_word' id='word_1_635' title='bbox 2226 3433 2318 3489; x_wconf 90' lang='lat' dir='ltr'>his</span> <span class='ocrx_word' id='word_1_636' title='bbox 2350 3432 2698 3489; x_wconf 84' lang='lat' dir='ltr'>sollicitatus</span> <span class='ocrx_word' id='word_1_637' title='bbox 2720 3448 2835 3487; x_wconf 90' lang='lat' dir='ltr'>non</span> <span class='ocrx_word' id='word_1_638' title='bbox 2868 3431 3061 3502; x_wconf 78' lang='lat' dir='ltr'>fuerit,</span> <span class='ocrx_word' id='word_1_639' title='bbox 3084 3435 3141 3487; x_wconf 90' lang='lat' dir='ltr'>et</span> <span class='ocrx_word' id='word_1_640' title='bbox 3164 3448 3279 3486; x_wconf 91' lang='lat' dir='ltr'>non</span> <span class='ocrx_word' id='word_1_641' title='bbox 3311 3430 3643 3500; x_wconf 89' lang='lat' dir='ltr'>crediderit,</span> 
     </span>
    </p>
   </div>
   <div class='ocr_carea' id='block_1_83' title="bbox 1996 3517 3645 3594">
    <p class='ocr_par' dir='ltr' id='par_1_83' title="bbox 1996 3517 3645 3594">
     <span class='ocr_line' id='line_1_83' title="bbox 1996 3517 3645 3594; baseline -0.003 -17"><span class='ocrx_word' id='word_1_642' title='bbox 1996 3521 2378 3594; x_wconf 89' lang='lat' dir='ltr'>cogitationes</span> <span class='ocrx_word' id='word_1_643' title='bbox 2441 3538 2558 3577; x_wconf 73' lang='lat' dir='ltr'>suae</span> <span class='ocrx_word' id='word_1_644' title='bbox 2618 3536 2733 3574; x_wconf 92' lang='lat' dir='ltr'>non</span> <span class='ocrx_word' id='word_1_645' title='bbox 2793 3534 2926 3573; x_wconf 92' lang='lat' dir='ltr'>eum</span> <span class='ocrx_word' id='word_1_646' title='bbox 2987 3518 3319 3584; x_wconf 84' lang='lat' dir='ltr'>defendent,</span> <span class='ocrx_word' id='word_1_647' title='bbox 3355 3517 3456 3573; x_wconf 91' lang='lat' dir='ltr'>sed</span> <span class='ocrx_word' id='word_1_648' title='bbox 3504 3534 3645 3573; x_wconf 88' lang='lat' dir='ltr'>con-</span> 
     </span>
    </p>
   </div>
   <div class='ocr_carea' id='block_1_84' title="bbox 1997 3607 3649 3681">
    <p class='ocr_par' dir='ltr' id='par_1_84' title="bbox 1997 3607 3649 3681">
     <span class='ocr_line' id='line_1_84' title="bbox 1997 3607 3649 3681; baseline -0.003 -15"><span class='ocrx_word' id='word_1_649' title='bbox 1997 3612 2384 3678; x_wconf 90' lang='lat' dir='ltr'>demnabunt,</span> <span class='ocrx_word' id='word_1_650' title='bbox 2417 3610 2556 3681; x_wconf 89' lang='lat' dir='ltr'>quia</span> <span class='ocrx_word' id='word_1_651' title='bbox 2598 3625 2701 3680; x_wconf 89' lang='lat' dir='ltr'>per</span> <span class='ocrx_word' id='word_1_652' title='bbox 2730 3612 3057 3664; x_wconf 88' lang='lat' dir='ltr'>creaturam</span> <span class='ocrx_word' id='word_1_653' title='bbox 3089 3607 3291 3662; x_wconf 90' lang='lat' dir='ltr'>debuit</span> <span class='ocrx_word' id='word_1_654' title='bbox 3335 3622 3649 3678; x_wconf 87' lang='lat' dir='ltr'>agnoscere</span> 
     </span>
    </p>
   </div>
   <div class='ocr_carea' id='block_1_85' title="bbox 1997 3695 3647 3768">
    <p class='ocr_par' dir='ltr' id='par_1_85' title="bbox 1997 3695 3647 3768">
     <span class='ocr_line' id='line_1_85' title="bbox 1997 3695 3647 3768; baseline -0.004 -13"><span class='ocrx_word' id='word_1_655' title='bbox 1997 3700 2350 3756; x_wconf 87' lang='lat' dir='ltr'>Creatorem.</span> <span class='ocrx_word' id='word_1_656' title='bbox 2386 3698 2661 3768; x_wconf 87' lang='lat' dir='ltr'>Alioquin</span> <span class='ocrx_word' id='word_1_657' title='bbox 2702 3697 2803 3768; x_wconf 87' lang='lat' dir='ltr'>qui</span> <span class='ocrx_word' id='word_1_658' title='bbox 2844 3695 3155 3752; x_wconf 90' lang='lat' dir='ltr'>crediderit</span> <span class='ocrx_word' id='word_1_659' title='bbox 3185 3699 3243 3751; x_wconf 91' lang='lat' dir='ltr'>et</span> <span class='ocrx_word' id='word_1_660' title='bbox 3269 3695 3447 3751; x_wconf 82' lang='lat' dir='ltr'>fidem</span> <span class='ocrx_word' id='word_1_661' title='bbox 3477 3711 3647 3751; x_wconf 88' lang='lat' dir='ltr'>suam</span> 
     </span>
    </p>
   </div>
   <div class='ocr_carea' id='block_1_86' title="bbox 1999 3783 3647 3862">
    <p class='ocr_par' dir='ltr' id='par_1_86' title="bbox 1999 3783 3647 3862">
     <span class='ocr_line' id='line_1_86' title="bbox 1999 3783 3647 3862; baseline -0.002 -18"><span class='ocrx_word' id='word_1_662' title='bbox 1999 3788 2273 3862; x_wconf 92' lang='lat' dir='ltr'>operibus</span> <span class='ocrx_word' id='word_1_663' title='bbox 2303 3786 2653 3859; x_wconf 89' lang='lat' dir='ltr'>impleverit,</span> <span class='ocrx_word' id='word_1_664' title='bbox 2700 3785 2899 3842; x_wconf 87' lang='lat' dir='ltr'>salvus</span> <span class='ocrx_word' id='word_1_665' title='bbox 2942 3785 3070 3855; x_wconf 85' lang='lat' dir='ltr'>erit,</span> <span class='ocrx_word' id='word_1_666' title='bbox 3096 3785 3234 3857; x_wconf 90' lang='lat' dir='ltr'>quia</span> <span class='ocrx_word' id='word_1_667' title='bbox 3264 3783 3647 3857; x_wconf 89' lang='lat' dir='ltr'>cogitationes</span> 
     </span>
    </p>
   </div>
   <div class='ocr_carea' id='block_1_87' title="bbox 1999 3877 2657 3949">
    <p class='ocr_par' dir='ltr' id='par_1_87' title="bbox 1999 3877 2657 3949">
     <span class='ocr_line' id='line_1_87' title="bbox 1999 3877 2657 3949; baseline -0.005 -16"><span class='ocrx_word' id='word_1_668' title='bbox 1999 3878 2128 3949; x_wconf 86' lang='lat' dir='ltr'>ejus</span> <span class='ocrx_word' id='word_1_669' title='bbox 2158 3877 2471 3932; x_wconf 84' lang='lat' dir='ltr'>defendent</span> <span class='ocrx_word' id='word_1_670' title='bbox 2499 3892 2657 3930; x_wconf 91' lang='lat' dir='ltr'>eum.</span> 
     </span>
    </p>
   </div>
   <div class='ocr_carea' id='block_1_88' title="bbox 2072 3961 3645 4037">
    <p class='ocr_par' dir='ltr' id='par_1_88' title="bbox 2072 3961 3645 4037">
     <span class='ocr_line' id='line_1_88' title="bbox 2072 3961 3645 4037; baseline -0.002 -18"><span class='ocrx_word' id='word_1_671' title='bbox 2072 3965 2279 4037; x_wconf 79' lang='lat' dir='ltr'>igitur,</span> <span class='ocrx_word' id='word_1_672' title='bbox 2313 3963 2450 4035; x_wconf 86' lang='lat' dir='ltr'>quia</span> <span class='ocrx_word' id='word_1_673' title='bbox 2479 3962 2664 4017; x_wconf 91' lang='lat' dir='ltr'>multa</span> <span class='ocrx_word' id='word_1_674' title='bbox 2709 3962 2933 4017; x_wconf 85' lang='lat' dir='ltr'>dixerat</span> <span class='ocrx_word' id='word_1_675' title='bbox 2963 3963 3031 4017; x_wconf 91' lang='lat' dir='ltr'>de</span> <span class='ocrx_word' id='word_1_676' title='bbox 3075 3962 3312 4034; x_wconf 87' lang='lat' dir='ltr'>flagitiis</span> <span class='ocrx_word' id='word_1_677' title='bbox 3358 3961 3645 4033; x_wconf 88' lang='lat' dir='ltr'>gentium,</span> 
     </span>
    </p>
   </div>
   <div class='ocr_carea' id='block_1_89' title="bbox 2000 4048 3644 4123">
    <p class='ocr_par' dir='ltr' id='par_1_89' title="bbox 2000 4048 3644 4123">
     <span class='ocr_line' id='line_1_89' title="bbox 2000 4048 3644 4123; baseline -0.002 -14"><span class='ocrx_word' id='word_1_678' title='bbox 2000 4070 2158 4110; x_wconf 86' lang='lat' dir='ltr'>nunc</span> <span class='ocrx_word' id='word_1_679' title='bbox 2186 4052 2417 4107; x_wconf 74' lang='lat' dir='ltr'>Judo&#39;eos</span> <span class='ocrx_word' id='word_1_680' title='bbox 2447 4051 2713 4123; x_wconf 88' lang='lat' dir='ltr'>increpat</span> <span class='ocrx_word' id='word_1_681' title='bbox 2744 4051 2814 4105; x_wconf 92' lang='lat' dir='ltr'>de</span> <span class='ocrx_word' id='word_1_682' title='bbox 2842 4048 3210 4119; x_wconf 86' lang='lat' dir='ltr'>inﬁdelitate,</span> <span class='ocrx_word' id='word_1_683' title='bbox 3241 4051 3606 4122; x_wconf 83' lang='lat' dir='ltr'>subjungens</span> <span class='ocrx_word' id='word_1_684' title='bbox 3631 4068 3644 4106; x_wconf 93' lang='lat'>:</span> 
     </span>
    </p>
   </div>
   <div class='ocr_carea' id='block_1_90' title="bbox 2000 4138 3650 4208">
    <p class='ocr_par' dir='ltr' id='par_1_90' title="bbox 2000 4138 3650 4208">
     <span class='ocr_line' id='line_1_90' title="bbox 2000 4138 3650 4208; baseline -0.004 -8"><span class='ocrx_word' id='word_1_685' title='bbox 2000 4145 2062 4200; x_wconf 87' lang='lat' dir='ltr'><em>Si</em></span> <span class='ocrx_word' id='word_1_686' title='bbox 2089 4146 2272 4198; x_wconf 83' lang='lat' dir='ltr'><em>autem</em></span> <span class='ocrx_word' id='word_1_687' title='bbox 2305 4150 2366 4197; x_wconf 85' lang='lat' dir='ltr'>tu</span> <span class='ocrx_word' id='word_1_688' title='bbox 2393 4140 2617 4197; x_wconf 67' lang='lat' dir='ltr'><em>Iudaeus</em></span> <span class='ocrx_word' id='word_1_689' title='bbox 2657 4139 3080 4208; x_wconf 86' lang='lat' dir='ltr'><em>cognominaris,</em></span> <span class='ocrx_word' id='word_1_690' title='bbox 3112 4142 3221 4193; x_wconf 89' lang='lat' dir='ltr'>etc.</span> <span class='ocrx_word' id='word_1_691' title='bbox 3255 4138 3320 4192; x_wconf 90' lang='lat' dir='ltr'>In</span> <span class='ocrx_word' id='word_1_692' title='bbox 3372 4153 3438 4193; x_wconf 90' lang='lat' dir='ltr'>ea</span> <span class='ocrx_word' id='word_1_693' title='bbox 3493 4139 3650 4208; x_wconf 89' lang='lat' dir='ltr'>quod</span> 
     </span>
    </p>
   </div>
   <div class='ocr_carea' id='block_1_91' title="bbox 2000 4225 3653 4301">
    <p class='ocr_par' dir='ltr' id='par_1_91' title="bbox 2000 4225 3653 4301">
     <span class='ocr_line' id='line_1_91' title="bbox 2000 4225 3653 4301; baseline -0.003 -13"><span class='ocrx_word' id='word_1_694' title='bbox 2000 4231 2162 4298; x_wconf 88' lang='lat' dir='ltr'>dicit,</span> <span class='ocrx_word' id='word_1_695' title='bbox 2195 4231 2626 4301; x_wconf 88' lang='lat' dir='ltr'><em>cognominaris,</em></span> <span class='ocrx_word' id='word_1_696' title='bbox 2660 4226 2917 4284; x_wconf 80' lang='lat' dir='ltr'>ostendit</span> <span class='ocrx_word' id='word_1_697' title='bbox 2959 4225 3101 4298; x_wconf 92' lang='lat' dir='ltr'>quia</span> <span class='ocrx_word' id='word_1_698' title='bbox 3143 4226 3366 4284; x_wconf 59' lang='lat' dir='ltr'><em>Judwus</em></span> <span class='ocrx_word' id='word_1_699' title='bbox 3397 4242 3509 4282; x_wconf 89' lang='lat' dir='ltr'>non</span> <span class='ocrx_word' id='word_1_700' title='bbox 3563 4230 3653 4283; x_wconf 91' lang='lat' dir='ltr'>est</span> 
     </span>
    </p>
   </div>
   <div class='ocr_carea' id='block_1_92' title="bbox 2002 4313 3652 4389">
    <p class='ocr_par' dir='ltr' id='par_1_92' title="bbox 2002 4313 3652 4389">
     <span class='ocr_line' id='line_1_92' title="bbox 2002 4313 3652 4389; baseline -0.003 -13"><span class='ocrx_word' id='word_1_701' title='bbox 2002 4335 2237 4385; x_wconf 90' lang='lat' dir='ltr'>nomen,</span> <span class='ocrx_word' id='word_1_702' title='bbox 2286 4319 2386 4374; x_wconf 91' lang='lat' dir='ltr'>sed</span> <span class='ocrx_word' id='word_1_703' title='bbox 2441 4332 2763 4389; x_wconf 90' lang='lat' dir='ltr'>cognomen</span> <span class='ocrx_word' id='word_1_704' title='bbox 2796 4315 2964 4386; x_wconf 91' lang='lat'>(128),</span> <span class='ocrx_word' id='word_1_705' title='bbox 2988 4313 3045 4369; x_wconf 92' lang='lat' dir='ltr'>id</span> <span class='ocrx_word' id='word_1_706' title='bbox 3078 4317 3185 4381; x_wconf 89' lang='lat' dir='ltr'>est,</span> <span class='ocrx_word' id='word_1_707' title='bbox 3208 4330 3519 4370; x_wconf 89' lang='lat' dir='ltr'>commune</span> <span class='ocrx_word' id='word_1_708' title='bbox 3548 4331 3652 4371; x_wconf 88' lang='lat' dir='ltr'>no-</span> 
     </span>
    </p>
   </div>
   <div class='ocr_carea' id='block_1_93' title="bbox 2003 4401 3651 4478">
    <p class='ocr_par' dir='ltr' id='par_1_93' title="bbox 2003 4401 3651 4478">
     <span class='ocr_line' id='line_1_93' title="bbox 2003 4401 3651 4478; baseline -0.004 -13"><span class='ocrx_word' id='word_1_709' title='bbox 2003 4426 2160 4465; x_wconf 89' lang='lat' dir='ltr'>men.</span> <span class='ocrx_word' id='word_1_710' title='bbox 2190 4409 2263 4464; x_wconf 86' lang='lat' dir='ltr'>Et</span> <span class='ocrx_word' id='word_1_711' title='bbox 2292 4411 2447 4477; x_wconf 89' lang='lat' dir='ltr'>nota,</span> <span class='ocrx_word' id='word_1_712' title='bbox 2473 4405 2631 4478; x_wconf 90' lang='lat' dir='ltr'>quia,</span> <span class='ocrx_word' id='word_1_713' title='bbox 2655 4404 2809 4461; x_wconf 88' lang='lat' dir='ltr'>sicut</span> <span class='ocrx_word' id='word_1_714' title='bbox 2840 4406 3035 4476; x_wconf 87' lang='lat' dir='ltr'>partes</span> <span class='ocrx_word' id='word_1_715' title='bbox 3079 4401 3368 4459; x_wconf 90' lang='lat' dir='ltr'>allocutus</span> <span class='ocrx_word' id='word_1_716' title='bbox 3398 4405 3488 4459; x_wconf 89' lang='lat' dir='ltr'>est</span> <span class='ocrx_word' id='word_1_717' title='bbox 3513 4419 3651 4475; x_wconf 90' lang='lat' dir='ltr'>gen-</span> 
     </span>
    </p>
   </div>
   <div class='ocr_carea' id='block_1_94' title="bbox 2002 4492 3656 4569">
    <p class='ocr_par' dir='ltr' id='par_1_94' title="bbox 2002 4492 3656 4569">
     <span class='ocr_line' id='line_1_94' title="bbox 2002 4492 3656 4569; baseline -0.003 -16"><span class='ocrx_word' id='word_1_718' title='bbox 2002 4498 2175 4569; x_wconf 85' lang='lat' dir='ltr'>tium,</span> <span class='ocrx_word' id='word_1_719' title='bbox 2192 4497 2275 4553; x_wconf 88' lang='lat' dir='ltr'>ita</span> <span class='ocrx_word' id='word_1_720' title='bbox 2295 4513 2451 4551; x_wconf 90' lang='lat' dir='ltr'>nunc</span> <span class='ocrx_word' id='word_1_721' title='bbox 2472 4499 2665 4566; x_wconf 88' lang='lat' dir='ltr'>partes</span> <span class='ocrx_word' id='word_1_722' title='bbox 2688 4492 3009 4565; x_wconf 87' lang='lat' dir='ltr'>alloquitur</span> <span class='ocrx_word' id='word_1_723' title='bbox 3026 4492 3656 4548; x_wconf 75' lang='lat' dir='ltr'>Judaaorum.Ostendit</span> 
     </span>
    </p>
   </div>
   <div class='ocr_carea' id='block_1_95' title="bbox 260 4577 3652 4667">
    <p class='ocr_par' dir='ltr' id='par_1_95' title="bbox 260 4577 3652 4667">
     <span class='ocr_line' id='line_1_95' title="bbox 260 4577 3652 4667; baseline -0.001 -25"><span class='ocrx_word' id='word_1_724' title='bbox 260 4580 498 4636; x_wconf 67' lang='lat' dir='ltr'><em>cordibus</em></span> <span class='ocrx_word' id='word_1_725' title='bbox 523 4582 659 4637; x_wconf 73' lang='lat' dir='ltr'><em>suis.</em></span> <span class='ocrx_word' id='word_1_726' title='bbox 692 4580 797 4635; x_wconf 81' lang='lat' dir='ltr'>Hic</span> <span class='ocrx_word' id='word_1_727' title='bbox 830 4595 1085 4651; x_wconf 81' lang='lat' dir='ltr'>namque</span> <span class='ocrx_word' id='word_1_728' title='bbox 1114 4577 1431 4651; x_wconf 65' lang='grc' dir='ltr'>Αροειοιιιε</span> <span class='ocrx_word' id='word_1_729' title='bbox 1464 4579 1536 4635; x_wconf 78' lang='lat' dir='ltr'><em>d6</em></span> <span class='ocrx_word' id='word_1_730' title='bbox 1564 4579 1691 4651; x_wconf 83' lang='lat' dir='ltr'>lege</span> <span class='ocrx_word' id='word_1_731' title='bbox 1720 4583 1891 4634; x_wconf 70' lang='lat' dir='ltr'>natu-</span> <span class='ocrx_word' id='word_1_732' title='bbox 1924 4602 1972 4667; x_wconf 84' lang='lat' dir='ltr'><strong>D</strong></span> <span class='ocrx_word' id='word_1_733' title='bbox 2004 4590 2199 4644; x_wconf 87' lang='lat' dir='ltr'>autem</span> <span class='ocrx_word' id='word_1_734' title='bbox 2232 4584 2539 4657; x_wconf 89' lang='lat' dir='ltr'>Apostolus</span> <span class='ocrx_word' id='word_1_735' title='bbox 2573 4582 2664 4639; x_wconf 91' lang='lat' dir='ltr'>his</span> <span class='ocrx_word' id='word_1_736' title='bbox 2690 4582 2901 4647; x_wconf 89' lang='lat' dir='ltr'>verbis,</span> <span class='ocrx_word' id='word_1_737' title='bbox 2925 4598 3040 4637; x_wconf 91' lang='lat' dir='ltr'>non</span> <span class='ocrx_word' id='word_1_738' title='bbox 3072 4598 3201 4637; x_wconf 88' lang='lat' dir='ltr'>esse</span> <span class='ocrx_word' id='word_1_739' title='bbox 3231 4596 3514 4653; x_wconf 89' lang='lat' dir='ltr'>magnum</span> <span class='ocrx_word' id='word_1_740' title='bbox 3544 4581 3652 4637; x_wconf 94' lang='lat' dir='ltr'>bo-</span> 
     </span>
    </p>
   </div>
   <div class='ocr_carea' id='block_1_96' title="bbox 265 4667 3650 4745">
    <p class='ocr_par' dir='ltr' id='par_1_96' title="bbox 265 4667 3650 4745">
     <span class='ocr_line' id='line_1_96' title="bbox 265 4667 3650 4745; baseline 0 -23"><span class='ocrx_word' id='word_1_741' title='bbox 265 4669 361 4723; x_wconf 83' lang='lat' dir='ltr'>rali</span> <span class='ocrx_word' id='word_1_742' title='bbox 380 4667 845 4741; x_wconf 89' lang='lat' dir='ltr'>loquitur,quam</span> <span class='ocrx_word' id='word_1_743' title='bbox 864 4673 1015 4724; x_wconf 89' lang='lat' dir='ltr'>Deus</span> <span class='ocrx_word' id='word_1_744' title='bbox 1033 4668 1348 4739; x_wconf 90' lang='lat' dir='ltr'>unicuique</span> <span class='ocrx_word' id='word_1_745' title='bbox 1366 4668 1548 4742; x_wconf 90' lang='lat' dir='ltr'>digito</span> <span class='ocrx_word' id='word_1_746' title='bbox 1567 4685 1673 4724; x_wconf 90' lang='lat' dir='ltr'>suo</span> <span class='ocrx_word' id='word_1_747' title='bbox 1691 4668 1896 4725; x_wconf 86' lang='lat' dir='ltr'>scribit</span> <span class='ocrx_word' id='word_1_748' title='bbox 2004 4692 2169 4745; x_wconf 66' lang='lat' dir='ltr'>num,</span> <span class='ocrx_word' id='word_1_749' title='bbox 2185 4674 2233 4730; x_wconf 86' lang='lat' dir='ltr'>si</span> <span class='ocrx_word' id='word_1_750' title='bbox 2250 4674 2489 4729; x_wconf 62' lang='lat' dir='ltr'>Judagus</span> <span class='ocrx_word' id='word_1_751' title='bbox 2512 4673 2728 4739; x_wconf 86' lang='lat' dir='ltr'>credat,</span> <span class='ocrx_word' id='word_1_752' title='bbox 2744 4671 2843 4744; x_wconf 90' lang='lat' dir='ltr'>qui</span> <span class='ocrx_word' id='word_1_753' title='bbox 2863 4689 2965 4743; x_wconf 88' lang='lat' dir='ltr'>per</span> <span class='ocrx_word' id='word_1_754' title='bbox 2982 4670 3170 4743; x_wconf 90' lang='lat' dir='ltr'>legem</span> <span class='ocrx_word' id='word_1_755' title='bbox 3192 4670 3519 4724; x_wconf 88' lang='lat' dir='ltr'>instructus</span> <span class='ocrx_word' id='word_1_756' title='bbox 3542 4674 3650 4734; x_wconf 88' lang='lat' dir='ltr'>est,</span> 
     </span>
    </p>
   </div>
   <div class='ocr_carea' id='block_1_97' title="bbox 267 4753 1895 4830">
    <p class='ocr_par' dir='ltr' id='par_1_97' title="bbox 267 4753 1895 4830">
     <span class='ocr_line' id='line_1_97' title="bbox 267 4753 1895 4830; baseline 0.002 -22"><span class='ocrx_word' id='word_1_757' title='bbox 267 4753 320 4809; x_wconf 88' lang='lat' dir='ltr'>in</span> <span class='ocrx_word' id='word_1_758' title='bbox 339 4758 522 4814; x_wconf 90' lang='lat' dir='ltr'>corde.</span> <span class='ocrx_word' id='word_1_759' title='bbox 542 4758 670 4814; x_wconf 67' lang='lat' dir='ltr'>Haec</span> <span class='ocrx_word' id='word_1_760' title='bbox 694 4761 785 4814; x_wconf 90' lang='lat' dir='ltr'>est</span> <span class='ocrx_word' id='word_1_761' title='bbox 810 4757 921 4827; x_wconf 87' lang='lat' dir='ltr'>lex,</span> <span class='ocrx_word' id='word_1_762' title='bbox 946 4774 1073 4830; x_wconf 79' lang='lat' dir='ltr'>quae</span> <span class='ocrx_word' id='word_1_763' title='bbox 1104 4757 1333 4830; x_wconf 63' lang='lat' dir='ltr'>scriptae</span> <span class='ocrx_word' id='word_1_764' title='bbox 1355 4756 1502 4830; x_wconf 91' lang='lat' dir='ltr'>legis</span> <span class='ocrx_word' id='word_1_765' title='bbox 1527 4761 1814 4830; x_wconf 67' lang='lat' dir='ltr'>praecepta</span> <span class='ocrx_word' id='word_1_766' title='bbox 1835 4756 1895 4812; x_wconf 90' lang='lat' dir='ltr'>in</span> 
     </span>
    </p>
   </div>
   <div class='ocr_carea' id='block_1_98' title="bbox 269 4846 1893 4920">
    <p class='ocr_par' dir='ltr' id='par_1_98' title="bbox 269 4846 1893 4920">
     <span class='ocr_line' id='line_1_98' title="bbox 269 4846 1893 4920; baseline 0.001 -21"><span class='ocrx_word' id='word_1_767' title='bbox 269 4860 325 4899; x_wconf 88' lang='lat' dir='ltr'>se</span> <span class='ocrx_word' id='word_1_768' title='bbox 350 4847 620 4919; x_wconf 89' lang='lat' dir='ltr'>continet,</span> <span class='ocrx_word' id='word_1_769' title='bbox 662 4846 902 4920; x_wconf 84' lang='lat' dir='ltr'>scilicet,</span> <span class='ocrx_word' id='word_1_770' title='bbox 948 4863 1058 4902; x_wconf 89' lang='lat' dir='ltr'>non</span> <span class='ocrx_word' id='word_1_771' title='bbox 1107 4846 1470 4915; x_wconf 81' lang='lat' dir='ltr'><em>occides,etc.</em></span> <span class='ocrx_word' id='word_1_772' title='bbox 1504 4846 1635 4901; x_wconf 70' lang='lat' dir='ltr'>Haec</span> <span class='ocrx_word' id='word_1_773' title='bbox 1664 4850 1755 4903; x_wconf 88' lang='lat' dir='ltr'>est</span> <span class='ocrx_word' id='word_1_774' title='bbox 1782 4846 1893 4915; x_wconf 88' lang='lat' dir='ltr'>lex,</span> 
     </span>
    </p>
   </div>
   <div class='ocr_carea' id='block_1_99' title="bbox 2004 4755 3651 4828">
    <p class='ocr_par' dir='ltr' id='par_1_99' title="bbox 2004 4755 3651 4828">
     <span class='ocr_line' id='line_1_99' title="bbox 2004 4755 3651 4828; baseline -0.008 -6"><span class='ocrx_word' id='word_1_775' title='bbox 2004 4770 2063 4823; x_wconf 89' lang='lat' dir='ltr'>et</span> <span class='ocrx_word' id='word_1_776' title='bbox 2083 4762 2400 4819; x_wconf 87' lang='lat' dir='ltr'>voluntatis</span> <span class='ocrx_word' id='word_1_777' title='bbox 2431 4762 2527 4818; x_wconf 89' lang='lat' dir='ltr'>Dei</span> <span class='ocrx_word' id='word_1_778' title='bbox 2550 4761 2725 4817; x_wconf 89' lang='lat' dir='ltr'>habet</span> <span class='ocrx_word' id='word_1_779' title='bbox 2754 4759 3044 4815; x_wconf 87' lang='lat' dir='ltr'>notitiam.</span> <span class='ocrx_word' id='word_1_780' title='bbox 3060 4760 3127 4813; x_wconf 91' lang='lat' dir='ltr'>Et</span> <span class='ocrx_word' id='word_1_781' title='bbox 3145 4757 3272 4812; x_wconf 89' lang='lat' dir='ltr'>vult</span> <span class='ocrx_word' id='word_1_782' title='bbox 3291 4755 3651 4828; x_wconf 89' lang='lat' dir='ltr'>subintelligi</span> 
     </span>
    </p>
   </div>
   <div class='ocr_carea' id='block_1_100' title="bbox 2007 4844 3654 4927">
    <p class='ocr_par' dir='ltr' id='par_1_100' title="bbox 2007 4844 3654 4927">
     <span class='ocr_line' id='line_1_100' title="bbox 2007 4844 3654 4927; baseline -0.009 -16"><span class='ocrx_word' id='word_1_783' title='bbox 2007 4870 2287 4927; x_wconf 87' lang='lat' dir='ltr'>magnum</span> <span class='ocrx_word' id='word_1_784' title='bbox 2332 4870 2461 4908; x_wconf 91' lang='lat' dir='ltr'>esse</span> <span class='ocrx_word' id='word_1_785' title='bbox 2490 4850 2735 4921; x_wconf 88' lang='lat' dir='ltr'>malum,</span> <span class='ocrx_word' id='word_1_786' title='bbox 2769 4849 2817 4904; x_wconf 90' lang='lat' dir='ltr'>si</span> <span class='ocrx_word' id='word_1_787' title='bbox 2850 4866 2967 4904; x_wconf 90' lang='lat' dir='ltr'>non</span> <span class='ocrx_word' id='word_1_788' title='bbox 2998 4847 3216 4903; x_wconf 89' lang='lat' dir='ltr'>credat.</span> <span class='ocrx_word' id='word_1_789' title='bbox 3240 4844 3517 4915; x_wconf 86' lang='lat' dir='ltr'>Sequitur</span> <span class='ocrx_word' id='word_1_790' title='bbox 3548 4860 3562 4898; x_wconf 87' lang='lat'><strong>:</strong></span> <span class='ocrx_word' id='word_1_791' title='bbox 3591 4844 3654 4898; x_wconf 84' lang='lat' dir='ltr'><em>Et</em></span> 
     </span>
    </p>
   </div>
   <div class='ocr_carea' id='block_1_101' title="bbox 274 4929 3650 5019">
    <p class='ocr_par' dir='ltr' id='par_1_101' title="bbox 274 4929 3650 5019">
     <span class='ocr_line' id='line_1_101' title="bbox 274 4929 3650 5019; baseline -0.004 -17"><span class='ocrx_word' id='word_1_792' title='bbox 274 4948 387 5005; x_wconf 58' lang='lat' dir='ltr'>qua:</span> <span class='ocrx_word' id='word_1_793' title='bbox 415 4936 588 4994; x_wconf 74' lang='lat' dir='ltr'>unius</span> <span class='ocrx_word' id='word_1_794' title='bbox 614 4936 712 4992; x_wconf 77' lang='grc' dir='ltr'>υεί</span> <span class='ocrx_word' id='word_1_795' title='bbox 732 4936 908 4993; x_wconf 72' lang='lat' dir='ltr'><em>habet</em></span> <span class='ocrx_word' id='word_1_796' title='bbox 930 4936 1293 5006; x_wconf 51' lang='lat' dir='ltr'>notitiam,“</span> <span class='ocrx_word' id='word_1_797' title='bbox 1311 4952 1435 5008; x_wconf 79' lang='lat' dir='ltr'>quae</span> <span class='ocrx_word' id='word_1_798' title='bbox 1455 4935 1787 5010; x_wconf 80' lang='lat' dir='ltr'>propinqua</span> <span class='ocrx_word' id='word_1_799' title='bbox 1807 4940 1897 4993; x_wconf 73' lang='lat' dir='ltr'>est</span> <span class='ocrx_word' id='word_1_800' title='bbox 2004 4945 2295 5019; x_wconf 88' lang='lat' dir='ltr'><em>requiescis</em></span> <span class='ocrx_word' id='word_1_801' title='bbox 2324 4945 2384 4998; x_wconf 90' lang='lat' dir='ltr'>in</span> <span class='ocrx_word' id='word_1_802' title='bbox 2414 4944 2546 5014; x_wconf 87' lang='lat' dir='ltr'><em>lege.</em></span> <span class='ocrx_word' id='word_1_803' title='bbox 2570 4942 2632 4996; x_wconf 87' lang='lat' dir='ltr'>In</span> <span class='ocrx_word' id='word_1_804' title='bbox 2659 4938 2785 5012; x_wconf 91' lang='lat' dir='ltr'>lege</span> <span class='ocrx_word' id='word_1_805' title='bbox 2815 4938 2915 4994; x_wconf 89' lang='lat' dir='ltr'>Dei</span> <span class='ocrx_word' id='word_1_806' title='bbox 2947 4929 3546 5009; x_wconf 85' lang='lat' dir='ltr'>requiesoebant,qui,</span> <span class='ocrx_word' id='word_1_807' title='bbox 3569 4931 3650 4988; x_wconf 91' lang='lat' dir='ltr'>le—</span> 
     </span>
    </p>
   </div>
   <div class='ocr_carea' id='block_1_102' title="bbox 273 5078 1894 5157">
    <p class='ocr_par' dir='ltr' id='par_1_102' title="bbox 273 5078 1894 5157">
     <span class='ocr_line' id='line_1_102' title="bbox 273 5078 1894 5157; baseline 0.006 -29"><span class='ocrx_word' id='word_1_808' title='bbox 273 5078 428 5157; x_wconf 75' lang='lat' dir='ltr'>Petri,</span> <span class='ocrx_word' id='word_1_809' title='bbox 450 5094 580 5135; x_wconf 90' lang='lat' dir='ltr'>cum</span> <span class='ocrx_word' id='word_1_810' title='bbox 608 5082 805 5157; x_wconf 77' lang='lat' dir='ltr'>textus</span> <span class='ocrx_word' id='word_1_811' title='bbox 835 5078 1016 5157; x_wconf 66' lang='lat' dir='ltr'>bicio</span> <span class='ocrx_word' id='word_1_812' title='bbox 1037 5080 1285 5157; x_wconf 72' lang='lat' dir='ltr'>Actibus</span> <span class='ocrx_word' id='word_1_813' title='bbox 1305 5079 1700 5157; x_wconf 74' lang='lat' dir='ltr'>apostolorum</span> <span class='ocrx_word' id='word_1_814' title='bbox 1735 5079 1894 5157; x_wconf 80' lang='lat' dir='ltr'>inve--</span> 
     </span>
    </p>
   </div>
   <div class='ocr_carea' id='block_1_103' title="bbox 273 5151 1890 5240">
    <p class='ocr_par' dir='ltr' id='par_1_103' title="bbox 273 5151 1890 5240">
     <span class='ocr_line' id='line_1_103' title="bbox 273 5151 1890 5240; baseline 0.003 -37"><span class='ocrx_word' id='word_1_815' title='bbox 273 5151 451 5240; x_wconf 43' lang='lat' dir='ltr'>piatur</span> <span class='ocrx_word' id='word_1_816' title='bbox 475 5167 610 5234; x_wconf 25' lang='lat' dir='ltr'>cxx,</span> <span class='ocrx_word' id='word_1_817' title='bbox 644 5167 700 5233; x_wconf 69' lang='grc' dir='ltr'>γ.</span> <span class='ocrx_word' id='word_1_818' title='bbox 732 5151 820 5240; x_wconf 46' lang='lat'>31:“</span> <span class='ocrx_word' id='word_1_819' title='bbox 832 5154 888 5234; x_wconf 74' lang='lat' dir='ltr'>et</span> <span class='ocrx_word' id='word_1_820' title='bbox 1043 5158 1115 5237; x_wconf 43' lang='grc' dir='ltr'>ει.</span> <span class='ocrx_word' id='word_1_821' title='bbox 1143 5152 1260 5209; x_wconf 90' lang='lat' dir='ltr'>divi</span> <span class='ocrx_word' id='word_1_822' title='bbox 1308 5151 1455 5210; x_wconf 74' lang='lat' dir='ltr'>Petri</span> <span class='ocrx_word' id='word_1_823' title='bbox 1502 5151 1738 5236; x_wconf 79' lang='lat' dir='ltr'>quidem</span> <span class='ocrx_word' id='word_1_824' title='bbox 1768 5154 1890 5240; x_wconf 37' lang='lat' dir='ltr'>isit,</span> 
     </span>
    </p>
   </div>
   <div class='ocr_carea' id='block_1_104' title="bbox 2078 5072 3655 5157">
    <p class='ocr_par' dir='ltr' id='par_1_104' title="bbox 2078 5072 3655 5157">
     <span class='ocr_line' id='line_1_104' title="bbox 2078 5072 3655 5157; baseline -0.01 -17"><span class='ocrx_word' id='word_1_825' title='bbox 2078 5086 2226 5157; x_wconf 84' lang='lat'>(127)</span> <span class='ocrx_word' id='word_1_826' title='bbox 2260 5084 2343 5157; x_wconf 87' lang='lat' dir='ltr'>Ibi</span> <span class='ocrx_word' id='word_1_827' title='bbox 2392 5084 2546 5157; x_wconf 89' lang='lat' dir='ltr'>inter</span> <span class='ocrx_word' id='word_1_828' title='bbox 2588 5090 2658 5157; x_wconf 64' lang='lat' dir='ltr'>et,</span> <span class='ocrx_word' id='word_1_829' title='bbox 2688 5085 2863 5153; x_wconf 81' lang='lat' dir='ltr'>atque</span> <span class='ocrx_word' id='word_1_830' title='bbox 2908 5076 3366 5157; x_wconf 64' lang='lat' dir='ltr'><em>condemnabam,</em></span> <span class='ocrx_word' id='word_1_831' title='bbox 3406 5072 3655 5157; x_wconf 41' lang='lat' dir='ltr'>jacet-in</span> 
     </span>
    </p>
   </div>
   <div class='ocr_carea' id='block_1_105' title="bbox 2007 5145 3654 5240">
    <p class='ocr_par' dir='ltr' id='par_1_105' title="bbox 2007 5145 3654 5240">
     <span class='ocr_line' id='line_1_105' title="bbox 2007 5145 3654 5240; baseline -0.009 -26"><span class='ocrx_word' id='word_1_832' title='bbox 2007 5145 2371 5240; x_wconf 71' lang='lat' dir='ltr'>autographa</span> <span class='ocrx_word' id='word_1_833' title='bbox 2401 5145 2693 5240; x_wconf 81' lang='lat' dir='ltr'>particula</span> <span class='ocrx_word' id='word_1_834' title='bbox 2734 5145 3192 5240; x_wconf 46' lang='lat' dir='ltr'>gon,_quzejnum</span> <span class='ocrx_word' id='word_1_835' title='bbox 3238 5145 3654 5240; x_wconf 58' lang='lat' dir='ltr'>bene_exstite-</span> 
     </span>
    </p>
   </div>
  </div>
