4030 5310
341 364 450 425 151

1354 375 1692 438 ATTONIS
1738 376 2327 440 VERGELLENSIS
2378 378 2733 440 EPISCOPI

3641 373 3766 433 ινδ-τε

334 513 466 570 gem
499 499 854 570 meditando,
889 520 923 558 a
951 504 1108 560 curis
1149 507 1396 562 terrenis
1434 509 1737 564 vacabant.
1759 511 1833 567 Et
1857 511 1979 579 glo-
2007 512 2064 576 Α
2091 526 2217 565 nem
2247 511 2382 579 legis
2419 513 2592 567 Deum
2634 511 2956 566 inhonorus.
2987 507 3405 564 Gloria-bantur
3449 505 3642 561 Judaei
3691 504 3760 559 in

336 590 508 644 riaris
543 591 601 644 in
632 587 757 646 Deo.
791 593 975 648 Judaei
1009 595 1068 649 in
1099 596 1214 651 Deo
1243 596 1664 669 gloriabantur,
1695 600 1833 671 quia
1862 599 1986 655 suis

341 694 402 734 se
436 680 660 735 meritis
705 681 975 750 salvatos,
1009 687 1066 739 et
1095 683 1283 757 legem
1333 687 1628 759 accepisse
1679 689 1986 760 putabant,

339 769 397 822 et
425 769 691 824 eamdem
745 787 806 825 se
855 772 979 827 suis
1010 773 1233 830 viribus
1278 775 1520 847 implere
1568 794 1740 848 posse
1790 779 1985 832 crede-

341 857 502 927 bant,
539 857 696 928 iuxta
723 858 864 915 illud
891 880 903 918 :
937 863 1053 918 Non
1082 863 1214 934 fecit
1244 864 1439 920 taliter
1467 867 1617 921 omni
1635 868 1796 939 genti
1817 868 1985 938 (129),

337 953 390 1002 et
406 945 630 1017 judicia
660 966 770 1004 sua
802 967 908 1006 non
933 951 1326 1008 demonstravit
1356 957 1453 1010 eis.
1479 957 1541 1009 Et
1571 959 1717 1011 nosti
1747 958 1990 1010 volunta-

341 1043 446 1090 tem
494 1037 610 1091 Dei.
643 1038 1016 1095 Voluntatem
1076 1042 1176 1096 Dei
1237 1045 1630 1112 agnoscebant
1687 1062 1787 1116 per
1842 1043 1989 1116 legis

342 1130 651 1197 prmeepta,
684 1127 743 1181 in
797 1129 1014 1199 quibus
1065 1133 1392 1186 ostenditur
1438 1132 1578 1204 quid
1626 1133 1764 1188 velit
1811 1134 1986 1188 Deus.

343 1214 624 1285 Sequitur
657 1233 670 1270 :
705 1217 769 1270 Et
796 1219 992 1289 probas
1029 1222 1284 1286 utiliora,
1317 1223 1614 1278 instructus
1655 1239 1755 1293 per
1799 1223 1987 1292 legem.

342 1302 446 1358 Hic
491 1305 837 1374 notandum,
871 1308 1010 1378 quia
1057 1326 1171 1365 non
1222 1310 1322 1376 ait,
1356 1310 1541 1381 utilia,
1577 1313 1676 1366 sed
1728 1310 1988 1378 utiliora;

338 1395 404 1446 ut
433 1393 780 1466 Ostenderet,
815 1397 952 1466 quia
981 1402 1037 1452 et
1068 1398 1127 1452 in
1177 1399 1305 1472 lege
1337 1405 1556 1456 naturae
1607 1401 1794 1455 multa
1825 1398 1993 1454 utilia

341 1480 738 1551 continentur,
786 1485 1056 1556 quamvis
1115 1488 1370 1556 infirma,
1433 1489 1570 1560 quia
1627 1490 1752 1544 sine
1805 1489 1994 1560 gratia

341 1569 634 1643 Evangelii
671 1572 903 1644 impleri
935 1593 1049 1630 non
1093 1583 1371 1648 possunt;
1422 1579 1482 1633 in
1531 1579 1656 1652 lege
1685 1595 1818 1633 vero
1850 1577 1994 1632 scri-

343 1657 443 1730 pta
475 1659 708 1717 utiliora
746 1667 906 1731 sunt,
939 1665 1040 1719 sed
1088 1667 1432 1737 perfectiora
1478 1667 1536 1722 in
1585 1666 1774 1740 gratia
1805 1667 1996 1722 Evan-

347 1747 508 1820 gelii.

419 1838 656 1909 Conﬁdis
684 1845 736 1895 te
766 1842 947 1912 ipsum
977 1843 1177 1898 ducem
1222 1861 1339 1900 esse
1389 1861 1684 1916 caecorum,
1717 1850 1828 1902 etc.
1866 1847 1994 1901 Hzec

346 1925 540 1982 ofﬁcia
568 1929 743 1984 etiam
775 1931 890 1984 veri
924 1931 1068 2002 legis
1091 1923 1333 1990 cultoris
1364 1940 1538 1990 sunt:
1565 1937 1665 1990 sed
1688 1936 1837 2006 (130)
1859 1935 2000 2006 quia

345 2015 490 2072 falso
511 2016 631 2072 haec
653 2035 716 2074 se
738 2018 950 2075 habere
971 2021 1301 2090 jactabant,
1323 2022 1453 2079 ideo
1475 2024 1788 2096 Apostolus
1808 2023 1997 2079 incre—

346 2106 523 2177 pabat
552 2123 673 2173 eos,
698 2107 899 2163 dicens
923 2127 935 2164 :
963 2109 1202 2166 Confidis
1220 2116 1273 2166 te
1305 2114 1482 2184 ipsum
1505 2112 1695 2168 ducem
1723 2128 2001 2170 caecorum

347 2210 483 2262 esse,
516 2196 699 2251 lumen
736 2213 925 2252 eorum
954 2201 1052 2270 qui
1101 2201 1161 2254 in
1211 2201 1446 2256 tenebris
1492 2210 1638 2268 sunt,
1671 2201 2001 2258 eruditorem

345 2285 750 2355 insipientium,
781 2288 1116 2357 magistrum
1154 2290 1477 2359 infantium,
1506 2292 1730 2360 etc.iAc
1761 2291 1807 2346 si
1841 2290 1998 2345 dice-

349 2376 473 2426 ret:
498 2372 556 2427 Si
591 2373 706 2428 dux
736 2391 798 2429 es
829 2393 1135 2444 caecorum,
1161 2383 1226 2432 ut
1249 2377 1396 2433 falso
1419 2379 1632 2448 jactas,
1657 2396 1763 2434 cur
1795 2396 1910 2434 non
1936 2383 1998 2432 tu

352 2460 478 2531 ipso
508 2467 730 2516 rectum
762 2463 871 2518 iter
901 2465 1216 2520 ambulas?
1247 2466 1305 2520 Si
1340 2465 1537 2522 lumen
1569 2484 1632 2522 es
1661 2484 1862 2523 eorum
1898 2467 2002 2538 qui

344 2549 408 2604 in
437 2550 694 2604 tenebris
735 2557 892 2623 sunt,
917 2570 1022 2608 cur
1050 2555 1322 2610 tenebras
1370 2555 1737 2612 inﬁdelitatis
1787 2574 1998 2628 seque-

349 2637 474 2692 ris?
503 2638 558 2691 Si
592 2640 852 2695 eruditor
893 2658 954 2696 es
1004 2643 1432 2715 insipientium,
1456 2662 1561 2700 cur
1589 2663 1621 2699 a
1654 2645 1862 2701 timore
1891 2651 1995 2702 Do-

351 2727 495 2781 mini
527 2728 769 2795 recedis,
795 2729 1106 2801 qui,juxta
1133 2733 1498 2804 prophetam,
1525 2734 1758 2790 initium
1791 2739 1882 2790 est
1915 2753 2003 2790 sa-

348 2815 626 2888 pientiae?
654 2817 710 2871 Si
746 2819 1029 2892 magister
1048 2838 1109 2876 es
1142 2821 1479 2891 infantium,
1504 2839 1608 2878 cur
1630 2828 1690 2878 tu
1724 2824 2003 2896 parvulus

355 2921 418 2960 es
449 2905 782 2962 intellectu?
813 2909 880 2963 Et
910 2908 1049 2980 quia
1093 2910 1211 2964 haec
1243 2911 1353 2965 sibi
1390 2911 1536 2967 falso
1570 2913 1774 2968 adesse
1815 2915 2001 2984 jacta-

356 2993 521 3061 bant,
545 2993 896 3050 videbantur
925 2996 1138 3052 habere
1179 2999 1426 3053 formam
1479 2998 1734 3054 scientiae
1766 3004 1823 3054 et
1851 3000 2003 3055 veri-

357 3080 495 3137 tatis
526 3083 584 3137 in
614 3083 769 3156 lege;
796 3085 949 3140 unde
971 3103 1105 3140 mox
1126 3086 1429 3142 subditur:
1457 3088 1752 3144 Habentem
1770 3092 2006 3160 formam

355 3171 602 3228 scientiae
628 3176 678 3227 et
706 3174 958 3229 veritatis
988 3175 1047 3229 in
1080 3176 1214 3244 lege.

2095 598 2241 671 lege,
2275 600 2412 671 quia
2460 617 2521 655 se
2559 617 2688 656 eam
2749 600 2872 655 suis
2923 597 3147 654 meritis
3205 597 3501 669 accepisse
3549 595 3756 650 crede-

2093 688 2257 759 bant,
2289 694 2346 744 et
2373 690 2499 745 suis
2529 689 2753 744 viribus
2797 688 3039 760 implere
3078 703 3248 758 posse
3278 687 3568 758 putabant
3601 703 3614 739 :
3651 685 3758 739 sed

2097 793 2199 847 per
2228 778 2493 848 ejusdem
2526 778 2671 850 legis
2705 775 3240 849 praevaricationem
3286 780 3468 829 Deum
3499 772 3756 828 inhono-

2097 866 2322 934 rabant,
2357 866 2494 938 quia
2549 867 2715 922 illum
2757 867 2942 922 Deum
2990 882 3118 921 esse
3167 865 3402 920 credere
3450 863 3756 928 nolebant,

2098 955 2190 1009 cui
2221 955 2390 1010 Pater
2435 956 2703 1026 perhibet
2745 954 3174 1020 testimonium,
3209 953 3407 1008 dicens
3457 969 3470 1006 :
3524 953 3628 1006 Hic
3677 953 3764 1005 est

2096 1044 2273 1097 Filius
2311 1061 2461 1099 meus
2509 1046 2749 1100 dilect-us
2778 1044 2995 1116 (Matth.
3043 1060 3182 1107 xvn,
3231 1043 3310 1113 5),
3361 1045 3417 1095 et
3466 1040 3559 1096 cui
3621 1055 3760 1110 prc-

2090 1130 2274 1202 (pheta
2329 1131 2510 1187 dicit:
2555 1135 2627 1188 Tu
2683 1150 2804 1188 eras
2855 1134 3015 1200 Deus,
3057 1136 3110 1187 et
3161 1131 3552 1188 nesciebamus.
3587 1129 3763 1192 Quod

2100 1219 2302 1290 utique
2334 1237 2450 1275 non
2499 1221 2571 1276 de
2618 1221 2807 1291 Patre,
2841 1221 2942 1276 sed
2993 1221 3064 1276 de
3112 1220 3253 1276 Filio
3303 1217 3762 1290 intelligendum

2101 1312 2218 1376 est;
2253 1323 2465 1365 nomen
2506 1310 2661 1365 enim
2713 1309 2901 1366 Patris
2949 1325 3182 1381 semper
3230 1307 3347 1363 illis
3396 1307 3506 1362 fuit
3556 1305 3767 1376 cogni-

2100 1402 2256 1465 tum;
2308 1397 2434 1453 Filii
2482 1415 2640 1465 vero,
2672 1399 2962 1471 ignotum.
2997 1398 3159 1454 Unde
3207 1402 3265 1452 et
3321 1395 3427 1467 illi,
3461 1396 3565 1467 qui
3625 1399 3770 1449 ante

2101 1487 2436 1557 passionem
2469 1489 2703 1543 credere
2739 1489 3077 1556 noluerunt,
3110 1485 3310 1558 agnita
3348 1485 3533 1557 gloria
3559 1500 3764 1539 resur-

2102 1575 2378 1631 rectionis
2405 1577 2553 1647 ejus,
2587 1577 2888 1633 credentes
2940 1581 2997 1632 et
3043 1575 3262 1647 gratias
3313 1578 3573 1646 agentes,
3609 1572 3771 1628 dice-

2103 1665 2246 1720 bant
2276 1681 2290 1719 :
2321 1666 2389 1720 Tu
2422 1682 2545 1720 eras
2574 1667 2734 1736 Deus,
2765 1674 2818 1722 et
2846 1666 3244 1722 nesciebamus.

2175 1753 2457 1824 Sequitur
2490 1772 2502 1810 :
2539 1756 2740 1811 Nomen
2770 1756 2920 1810 enim
2965 1756 3067 1810 Dei
3088 1770 3196 1826 per
3221 1768 3313 1810 vos
3345 1752 3772 1823 blasphematur

2105 1843 2248 1898 inter
2275 1850 2479 1914 gentes,
2510 1845 2653 1900 sicut
2677 1846 2942 1916 scriptum
2966 1852 3065 1900 est.
3095 1844 3237 1898 Ecce
3269 1842 3414 1897 dicit
3444 1839 3769 1914 Apostolus

2107 1931 2394 2004 scriptum
2425 1949 2580 2000 esse;
2641 1933 2740 1988 sed
2801 1933 2902 1987 ubi
2961 1949 3076 1988 non
3134 1931 3410 1987 ostendit.
3443 1931 3557 1987 Sed
3586 1929 3768 1984 intel-

2104 2018 2408 2092 ligendum
2456 2025 2652 2076 tamen
2700 2019 2961 2092 reliquit,
2994 2020 3052 2075 in
3109 2020 3261 2076 Isaia
3316 2019 3601 2092 propheta
3631 2019 3773 2088 (Isaa'

2108 2125 2204 2177 LII,
2235 2110 2314 2177 5).
2337 2109 2482 2164 Cum
2513 2109 2667 2164 enim
2699 2109 2983 2165 Dominus
3016 2127 3116 2182 per
3145 2108 3494 2181 prophetam
3523 2107 3770 2163 Judaeos

2106 2195 2450 2268 increparet,
2486 2198 2569 2254 ait
2624 2199 2778 2254 inter
2837 2203 3042 2261 caetera
3083 2215 3095 2254 :
3142 2200 3207 2253 Et
3262 2214 3462 2254 nomen
3507 2206 3772 2252 sanctum

2107 2302 2287 2340 meum
2343 2287 2619 2358 polluislis
2679 2289 2830 2343 inter
2884 2293 3069 2357 gentes
3126 2288 3342 2358 (Ez-ech.
3399 2303 3590 2354 xxxvr,
3647 2288 3769 2354 22).

2109 2375 2220 2430 Sed
2255 2376 2636 2446 quaerendum
2695 2382 2811 2444 est,
2845 2377 3140 2447 quomodo
3194 2380 3330 2430 tunc
3379 2391 3482 2446 per
3526 2374 3773 2430 Judaaos

2109 2463 2420 2536 pollutum,
2462 2470 2520 2520 et
2569 2465 3045 2537 blasphematum
3079 2469 3412 2520 estnomen
3461 2464 3564 2520 Dei
3613 2464 3776 2519 inter

2109 2557 2332 2625 gentes,
2365 2557 2465 2608 aut
2497 2554 2790 2625 quomodo
2843 2559 3104 2626 tempore
3132 2553 3414 2626 Apostoli.
3440 2553 3772 2609 Sciendum

2110 2646 2198 2697 est
2228 2649 2445 2712 autem,
2488 2643 2628 2714 quia
2655 2642 2840 2698 Judai
2873 2643 3077 2699 multis
3106 2643 3265 2699 vitiis
3311 2641 3542 2710 irretiti,
3575 2649 3634 2698 et
3663 2659 3771 2696 va-

2111 2731 2214 2785 riis
2245 2730 2435 2802 plagis
2467 2731 2672 2798 attriti,
2708 2731 2907 2786 traditi
2953 2737 3093 2787 sunt
3141 2731 3201 2786 in
3249 2730 3674 2803 captivitatem,
3704 2730 3770 2784 in

2111 2837 2228 2890 qua
2256 2819 2472 2875 detenti
2507 2820 2726 2876 dabant
2768 2821 3040 2893 gentibus
3081 2820 3446 2876 occasionem
3480 2819 3714 2875 dicendi
3755 2838 3770 2876 :

2115 2907 2256 2963 Ecce
2307 2924 2452 2980 gens
2497 2913 2718 2964 sancta.
2752 2909 3011 2981 Populus
3037 2908 3177 2964 olim
3235 2910 3354 2964 Deo
3411 2907 3771 2980 peculiaris;

2113 2997 2317 3052 multis
2348 2997 2533 3068 signis
2568 2997 2640 3052 ab
2677 2997 3013 3070 [Egyptiaca
3043 2998 3322 3053 servitute
3366 2996 3672 3066 liberatus,
3704 2996 3774 3052 in

2113 3085 2444 3156 captivitate
2473 3089 2726 3152 tenetur,
2757 3091 2814 3142 et
2854 3086 2912 3141 in
2943 3087 3280 3142 servitutem
3334 3086 3606 3141 redactus
3652 3090 3771 3143 est.

2111 3173 2255 3229 Vere
2287 3174 2367 3228 dii
2400 3175 2584 3230 nostri
2615 3180 3036 3246 superaverunt
3062 3181 3246 3230 Deum
3277 3191 3511 3242 eorum;
3545 3179 3604 3229 et
3627 3174 3772 3230 ideo

427 3261 704 3331 Sequitur
736 3277 748 3314 :
785 3261 894 3329 Qui
919 3278 1046 3330 ergo
1083 3263 1261 3317 alium
1287 3263 1458 3329 doces,
1489 3265 1726 3334 teipsum
1766 3280 1874 3319 non
1907 3264 2001 3320 do-
2034 3254 2077 3320 Ο
2115 3263 2315 3317 traditi
2347 3267 2485 3318 sunt
2523 3263 2583 3318 in
2628 3279 2839 3319 manus
2889 3269 3138 3318 nostras.
3173 3264 3528 3335 Ignorabant
3581 3263 3774 3332 enim,

355 3365 437 3404 ces
466 3349 652 3420 (131)?
679 3355 760 3404 Ac
792 3351 841 3405 si
889 3351 1108 3406 diceret
1141 3368 1152 3405 :
1188 3352 1301 3407 Cur
1349 3352 1676 3408 doctrinam
1712 3357 1768 3408 et
1796 3354 2010 3424 praedi-

357 3437 647 3492 cationein
680 3442 842 3492 tuam
887 3439 1164 3509 operibus
1205 3441 1501 3495 destruis?
1532 3441 1618 3508 Et,
1653 3446 1718 3496 ut
1747 3442 1856 3497 hoc
1887 3443 2011 3498 evi-

358 3525 595 3580 dentius
626 3525 898 3596 aperiret,
941 3527 1250 3597 subjunxit
1277 3546 1288 3583 :
1315 3530 1426 3598 Qui
1464 3529 1733 3599 praedicas
1762 3547 1873 3586 non
1916 3534 2009 3602 fu-

359 3613 617 3683 randum,
643 3615 876 3684 furaris.
900 3615 1264 3671 Furabantur
1290 3617 1506 3686 Judaei;
1535 3619 1676 3690 quia
1705 3619 1765 3674 in
1799 3621 1924 3692 lege
1960 3626 2016 3675 et

362 3699 683 3775 prephetis,
699 3703 914 3758 Christi
938 3705 1209 3760 notitiam
1229 3705 1624 3762 occultabant.
1643 3709 1712 3762 Et
1729 3707 1836 3763 hoc
1863 3710 2015 3763 furto

364 3790 594 3846 nullum
617 3793 810 3862 majus
832 3809 959 3848 esse
982 3797 1190 3864 potest.
1211 3795 1318 3862 Qui
1335 3794 1474 3849 dicis
1495 3811 1604 3850 non
1623 3796 2017 3853 masc/tandum

363 3880 667 3935 mamharis.
696 3880 1138 3936 Mmchabantur
1165 3883 1372 3948 Judaei,
1398 3884 1514 3954 qai,
1538 3884 1690 3940 male
1735 3886 2016 3957 interpre-

366 3970 544 4024 tando
576 3969 785 4042 legem,
809 3971 1052 4025 verbum
1089 3972 1184 4026 Dei
1216 3973 1700 4042 corrumpebant;
1733 3975 1873 4045 quia
1902 3993 2017 4031 non

368 4057 612 4128 sincere,
639 4058 789 4114 sicut
813 4075 880 4114 ex
911 4058 1048 4129 Deo,
1081 4076 1277 4114 coram
1318 4064 1432 4116 Deo
1467 4061 1526 4115 in
1558 4061 1787 4118 Christo
1821 4064 2018 4134 loque-

369 4145 604 4203 bantur.
639 4147 918 4202 Prmterea
958 4147 1294 4221 quicunque
1346 4149 1476 4216 hoc,
1502 4151 1658 4221 quod
1690 4152 2021 4222 specialiter

367 4239 480 4292 Deo
520 4235 786 4307 debetur,
820 4235 1162 4292 hominibus
1194 4238 1500 4308 impendit,
1527 4239 1730 4312 utique
1763 4241 2018 4295 moecha-

367 4331 482 4379 tur.
509 4326 616 4392 Qui
643 4326 984 4381 abominaris
1016 4327 1190 4394 idola,
1222 4327 1513 4382 subaudis
1543 4328 1829 4400 gentium,
1850 4330 2020 4384 sacri-

369 4414 572 4483 legium
600 4416 758 4484 ]acis.
790 4413 1174 4485 Sacrilegium
1221 4415 1440 4470 dicitur
1479 4433 1655 4471 sacres
1687 4417 1834 4489 legis
1862 4421 2021 4473 tran-

371 4501 651 4572 sgressio,
683 4502 826 4568 sive,
866 4519 1042 4557 sacra:
1091 4501 1239 4573 legis
1291 4505 1460 4576 (132),
1490 4506 1578 4560 vel
1638 4506 1720 4560 rei
1778 4508 2019 4562 furtum.

370 4587 538 4652 Nam,
565 4595 628 4643 ut
670 4589 876 4645 beatus
905 4592 1276 4663 Augustinus
1308 4592 1486 4682 dicit:
1522 4596 1868 4663 Legere,sive
1895 4597 2021 4650 sub-
2057 4618 2098 4682 Β

371 4679 554 4752 legere
609 4680 797 4748 furari
832 4689 932 4735 est.
966 4679 1130 4735 Unde
1161 4686 1216 4735 et
1247 4681 1569 4754 sacrilegus
1601 4684 1816 4738 dicitur
1844 4701 2020 4740 sacrae

370 4763 518 4839 legis
551 4768 662 4837 l'ur,
696 4767 815 4823 sive
860 4772 1281 4840 transgressor.
1317 4770 1502 4826 Judaei
1550 4772 1730 4843 igitur
1754 4772 2022 4846 sacrilegi

370 4862 556 4924 erant,
589 4856 746 4929 quia,
779 4863 836 4913 et
877 4857 1064 4929 legem
1097 4860 1568 4931 corrumpebant,
1602 4865 1657 4916 et
1691 4861 1912 4917 furtum
1961 4862 2019 4916 in

371 4961 458 5013 ea,
494 4951 559 5000 ut
587 4945 809 5001 dictum
839 4951 948 5017 est,
983 4947 1292 5003 faciebant.

441 5033 716 5104 Sequitur
747 5051 760 5089 :
797 5035 904 5102 Qui
933 5036 990 5089 in
1022 5035 1137 5105 lege
1169 5037 1448 5106 gloriaris,
1470 5053 1567 5109 per
1593 5041 2020 5107 praevaricatio-

444 5147 589 5180 Ιιῆἠκ
630 5159 749 5180 n-_r
801 5175 951 5180 _-_-__
1006 5160 1076 5180 nn
1131 5159 1185 5180 τη
1227 5159 1465 5180 ιγ--ιᾼ--ι-
1506 5177 1584 5179 ,νη
1617 5161 1680 5179 κοί
1737 5160 1750 5180 ι

2119 3351 2278 3424 quia,
2310 3350 2360 3406 si
2385 3351 2502 3406 Deo
2553 3368 2786 3423 semper
2833 3351 3168 3418 servissent,
3203 3356 3260 3408 et
3308 3353 3436 3423 ejus
3485 3356 3785 3424 praecepta

2119 3445 2475 3510 servassent,
2534 3456 2670 3496 eum
2737 3439 2954 3512 ubique
3015 3441 3296 3496 haberent
3359 3444 3781 3512 protectorem.

2121 3528 2648 3600 Blasphemabatur
2676 3545 2889 3585 nomen
2934 3529 3032 3584 Dei
3080 3546 3182 3601 per
3210 3545 3330 3597 eos,
3362 3529 3540 3584 etiam
3587 3532 3784 3600 Apos-

2121 3603 2225 3672 toli
2266 3622 2548 3689 tempore,
2580 3617 2720 3689 quia
2765 3616 2924 3689 pleni
2980 3617 3101 3674 zelo
3158 3623 3215 3672 et
3268 3616 3507 3684 invidia,
3542 3635 3789 3690 semper

2123 3707 2454 3778 apostolica:
2500 3707 2774 3762 doctrinae
2823 3706 3194 3763 resistebant.
3229 3708 3388 3773 Quod
3442 3707 3791 3763 manifesta-

2125 3801 2222 3850 tur
2251 3795 2310 3848 in
2340 3794 2489 3851 libro
2518 3797 2770 3850 Actuum
2811 3797 3237 3867 apostolorum,
3271 3795 3370 3850 ubi
3415 3795 3632 3868 legitur
3665 3812 3678 3849 :
3709 3800 3790 3852 Et

2125 3883 2320 3954 repleti
2356 3884 2560 3940 ,Ιαάωὶ
2602 3884 2718 3940 zelo
2768 3885 2828 3938 in
2877 3884 3187 3956 Synagoga,
3220 3883 3664 3939 contradiccbant
3697 3883 3789 3939 his

2126 3988 2244 4044 quae
2291 3991 2325 4028 α
2371 3973 2543 4028 Paulo
2596 3973 2924 4028 dicebantur
2973 3974 3108 4044 (Act.
3142 3990 3268 4043 xm,
3302 3973 3414 4045 45).
3448 3973 3597 4044 Sive,
3642 3973 3789 4045 quia

2128 4060 2326 4115 minus
2373 4062 2745 4117 credentibus
2802 4062 3023 4116 dabant
3071 4061 3436 4117 occasionem
3493 4061 3784 4118 dicendi:

2127 4149 2418 4202 Evacuata
2447 4154 2504 4203 et
2535 4148 2837 4204 annullata
2868 4154 2958 4204 est
2985 4149 3323 4221 promissio,
3351 4167 3478 4221 qua:
3511 4150 3664 4206 facta
3693 4154 3790 4206 est

2128 4236 2403 4304 Abrahae;
2437 4236 2612 4292 fallax
2641 4237 2835 4294 Deus:
2869 4239 3023 4310 quod
3056 4239 3346 4309 promisit,
3381 4240 3632 4310 implere
3660 4255 3785 4295 non

2131 4325 2339 4396 potuit.

2204 4413 2557 4471 Circumcisio
2577 4417 2797 4486 quidem
2806 4415 3045 4488 prodest,
3059 4418 3110 4472 si
3130 4417 3306 4486 legem
3320 4417 3596 4473 custodias
3610 4418 3787 4489 (133).

2130 4507 2206 4558 Ac
2239 4503 2289 4558 si
2323 4504 2541 4560 diceret
2565 4522 2577 4560 :
2603 4505 2661 4561 Si
2688 4505 2834 4577 legis
2865 4511 3154 4577 praecepta
3182 4505 3499 4577 custodias,
3524 4507 3788 4562 circum-

2132 4593 2273 4647 cisio
2305 4593 2573 4664 prodest;
2607 4594 2747 4664 quia
2795 4594 2931 4649 facit
2979 4599 3034 4648 te
3072 4610 3310 4650 manere
3355 4595 3466 4650 sub
3513 4593 3659 4668 lege.
3693 4597 3786 4652 Tu

2132 4687 2347 4751 autem,
2399 4682 2540 4736 dum
2599 4682 2708 4735 sub
2767 4681 2892 4754 lege
2945 4698 3171 4752 manes,
3226 4683 3582 4755 consideras,
3641 4684 3786 4756 quia

2131 4787 2360 4826 cessare
2416 4770 2590 4824 debet
2642 4770 3012 4826 circumcisio
3060 4771 3332 4838 carnalis,
3365 4777 3422 4827 et
3466 4773 3784 4828 succedere

2133 4857 2434 4930 spiritalis,
2469 4874 2597 4930 quas
2628 4860 2694 4915 ﬁt
2723 4875 2826 4931 per
2855 4860 3031 4915 ﬁdem
3059 4859 3295 4914 Christi.
3317 4860 3592 4932 Alioquin
3629 4860 3780 4916 nihil

2130 4947 2235 5003 tibi
2294 4947 2668 5018 prodest.Sed
2720 4949 3104 5020 quaerendum
3153 4953 3243 5004 est
3289 4949 3581 5020 quomodo
3622 4948 3781 5005 dicat

2127 5037 2442 5109 Apostolus
2465 5039 2850 5094 :Cireumcisio
2865 5037 3252 5108 prodest,cum
3277 5037 3418 5094 alibi
3440 5038 3596 5094 dicat
3620 5056 3633 5095 :
3662 5039 3782 5095 Cir-
