4030 5310
191 284 298 344 183

768 283 1186 347 EXPOSITIO
1228 283 1309 344 IN
1355 280 1787 345 EPISTULAS
1834 281 2089 345 PAULI.
2124 315 2201 327 —
2231 282 2310 345 IN
2355 282 2607 347 EPIST.
2654 286 2758 347 AD
2804 287 2996 351 ROM.

3471 285 3590 345 154

185 413 434 470 cumcisio
461 414 608 470 nihil
631 415 880 486 prodest;
909 415 1138 473 videtur
1184 415 1399 490 quippe
1439 416 1551 472 sibi
1598 420 1830 471 contra-
1861 415 1917 480 Α
1945 416 2085 472 cisio
2115 422 2222 485 est,
2257 419 2521 475 omnium
2554 418 2875 476 carnalium
2909 415 3358 475 delectationum
3403 423 3459 475 et
3489 435 3590 475 vo-

187 504 320 559 rius.
370 504 478 558 Sed
527 520 598 559 ne
647 506 974 561 contrarius
1021 506 1335 572 videretur,
1387 508 1625 561 fuerunt
1684 522 1827 560 non-

188 592 344 661 nulli,
395 593 517 664 qui,
558 592 1004 665 allegorizando,
1054 596 1332 651 dixerunt
1378 612 1480 668 per
1524 595 1828 651 circumci-

189 682 405 737 sionem
451 684 657 738 debere
707 684 953 755 intelligi
985 702 1182 741 semen
1220 685 1475 753 Abrahae,
1511 685 1566 740 id
1601 689 1689 740 est
1720 684 1829 739 ali-

189 786 356 843 quem
405 772 697 838 Judzeum,
747 778 803 828 ct
856 791 957 846 per
1006 776 1377 847 praiputium,
1412 774 1717 847 gentilem;
1768 777 1832 827 ut

191 861 266 916 sit
293 877 501 915 sensus
535 879 547 916 :
580 861 639 916 Si
670 868 956 935 praecepta
978 863 1123 935 legis
1154 864 1494 936 spiritaliter
1516 863 1827 935 intelligas,

189 955 242 1005 et
268 949 477 1005 Christi
513 951 777 1006 notitiam
808 953 867 1007 in
900 953 983 1008 eis
1010 971 1315 1024 agnoscas,
1344 959 1514 1023 teque
1557 969 1658 1024 per
1703 953 1830 1023 ejus

190 1039 354 1093 ﬁdem
405 1038 617 1094 salvari
668 1057 839 1111 posse
882 1044 1190 1098 conﬁdas:
1228 1044 1463 1115 prodest
1510 1041 1635 1109 tibi,
1673 1042 1827 1113 quod

188 1143 377 1183 semen
409 1144 473 1182 es
504 1128 769 1200 Abrahae,
819 1129 877 1185 id
920 1136 1027 1199 est,
1077 1133 1231 1202 quod
1282 1133 1521 1187 Judaeus
1562 1148 1643 1187 es.
1676 1131 1829 1184 Alio-

190 1216 315 1288 quin
368 1215 518 1270 nihil
562 1217 666 1272 tibi
712 1220 976 1289 prodest;
1009 1219 1146 1292 quin
1176 1221 1540 1293 degenerasti
1588 1237 1620 1274 a
1664 1219 1837 1283 nobi:

188 1305 339 1361 litate
371 1306 616 1362 seminis
648 1308 917 1374 Abrahae,
948 1314 1007 1364 et
1036 1311 1296 1366 transisti
1329 1312 1399 1365 ad
1425 1308 1829 1365 inﬁdelitatem

187 1394 437 1467 gentilis.
491 1397 560 1451 Et
606 1396 715 1451 hoc
772 1402 883 1462 est,
941 1400 1095 1469 quod
1152 1400 1478 1471 sequitur:
1530 1400 1595 1454 Si
1646 1402 1831 1452 autem

180 1486 571 1555 prxuaricatar
617 1487 754 1555 legis
800 1489 898 1556 sis,
947 1491 1287 1543 circumcisio
1339 1496 1440 1544 tua
1491 1490 1831 1560 praeputium

183 1575 317 1643 facta
344 1578 453 1629 est.
488 1575 766 1646 Sequitur
815 1594 827 1631 :
882 1576 940 1631 Si
988 1579 1163 1648 igitur
1206 1582 1549 1650 praeputium
1579 1579 1831 1649 justitias

186 1661 307 1730 legis
338 1663 629 1733 custodiat,
661 1681 843 1721 nonne
887 1669 1226 1737 praeputium
1271 1670 1429 1724 illius
1479 1670 1539 1723 in
1585 1670 1827 1724 circum-

1938 506 2231 579 luptatum
2282 509 2519 565 abolitio
2577 514 2633 565 et
2675 509 2927 581 expiatio
2956 509 3123 579 (139).
3153 508 3223 561 Et
3251 508 3587 581 quicunque

1941 602 2196 653 mentem
2243 614 2411 653 suam
2462 600 2532 653 ab
2584 599 2674 653 his
2722 600 2917 653 reddit
2968 597 3242 666 alienam,
3275 595 3372 651 ille
3401 613 3462 651 se
3490 615 3584 652 ve-

1941 687 2151 742 raciter
2188 687 2571 743 circumcidit.
2635 688 2714 743 De
2763 688 2872 742 hac
2916 685 3363 741 circumcisione
3411 686 3585 739 etiam

1942 776 2167 848 Moyses
2212 776 2444 832 locutus
2491 781 2598 843 est,
2634 776 2832 831 dicens
2866 794 2879 831 :
2916 775 3296 831 Circumcidite
3324 774 3589 828 duritiam

1938 865 2113 920 cordis
2152 868 2335 920 vestri.
2373 867 2438 921 Et
2470 866 2604 921 item
2642 885 2652 921 :
2690 866 3164 921 (.‘ircumcidimini
3210 865 3440 919 Domino
3484 863 3589 917 Deo

1940 958 2110 1009 vestro
2141 955 2318 1026 (Deut.
2341 974 2399 1023 Χ,
2434 958 2540 1027 16).
2575 957 2642 1010 Et
2670 955 2954 1010 Jeremias
2988 971 2999 1008 :
3035 953 3415 1009 Circumcidite
3439 965 3583 1022 pra:-

1935 1045 2093 1113 putia
2124 1045 2364 1099 cordiam
2398 1052 2701 1100 vestrorum
2731 1046 2863 1115 (Jer.
2901 1060 2977 1111 1v,
3000 1044 3075 1113 4).
3108 1039 3587 1097 Circumcisionis

1941 1136 2134 1187 autem
2168 1134 2403 1203 signum
2436 1134 2566 1189 ideo
2616 1135 2817 1189 datum
2867 1137 2952 1188 est
2995 1131 3234 1199 Judzeis,
3268 1134 3332 1185 ut
3366 1129 3464 1184 illo
3498 1146 3586 1184 se-

1940 1228 2315 1277 cernerentur
2346 1224 2417 1278 ab
2449 1223 2726 1278 omnibus
2771 1223 3044 1294 gentibus
3080 1239 3092 1277 :
3128 1221 3281 1291 quod
3332 1235 3476 1291 pene
3526 1219 3585 1272 in

1940 1310 2067 1381 ipso
2098 1312 2303 1366 mundi
2336 1314 2565 1368 exordio
2597 1313 3031 1384 praeﬁguratum
3063 1314 3153 1366 est
3205 1310 3262 1363 in
3304 1309 3464 1374 Cain,
3496 1307 3589 1362 cui

1940 1399 2227 1455 Dominus
2258 1401 2417 1455 dedit
2446 1402 2681 1473 signum
2715 1401 2963 1456 timoris.
2999 1402 3066 1455 Et
3114 1399 3265 1453 sicut
3293 1397 3391 1452 ille
3431 1396 3490 1451 in
3523 1412 3588 1451 eo

1942 1488 2106 1559 signo
2140 1490 2527 1560 perseveravit
2579 1506 2765 1560 usque
2815 1490 2883 1543 ad
2936 1492 3205 1555 mortem,
3255 1486 3338 1541 ita
3377 1486 3475 1539 isti
3528 1484 3587 1538 in

1940 1576 2108 1647 signo
2138 1578 2603 1633 circumcisionis
2634 1577 3088 1655 perseverabunt
3121 1592 3307 1647 usque
3336 1576 3407 1629 ad
3430 1573 3586 1628 diem

1932 1666 2163 1735 judicii,
2197 1672 2264 1722 ut
2293 1667 2607 1738 impleatur
2635 1668 2789 1739 qqu
2821 1667 2974 1721 idem
3022 1664 3338 1737 Apostolus
3388 1662 3530 1718 dicit
3568 1678 3582 1717 :

185 1752 382 1849 visione
411 1753 561 1851 (1S4)
592 1755 976 1825 reputabitur?
1006 1755 1381 1827 Praaputium,
1417 1758 1571 1813 sicut
1621 1761 1679 1811 et
1726 1773 1829 1810 su-
1861 1788 1909 1851 Β
1940 1756 2114 1810 Donec
2136 1757 2430 1826 plenitudo
2456 1759 2700 1826 gentium
2729 1758 2987 1824 introeat,
3016 1759 3069 1810 et
3097 1756 3176 1810 sic
3203 1754 3381 1809 omnis
3415 1751 3588 1808 Israel

187 1838 398 1910 perius,
431 1840 646 1912 aliquis
676 1842 911 1914 gentilis
942 1849 1198 1901 vocatur.
1222 1846 1252 1901 ι]
1263 1850 1459 1901 ustum
1490 1848 1686 1901 autem
1718 1850 1834 1914 est,

188 1931 243 1984 ut
293 1929 401 1984 illa
456 1930 716 1987 carnalia
770 1940 1079 2006 praecepta,
1140 1934 1493 2007 spiritaliter
1544 1934 1836 2005 intellige-

189 2023 379 2073 rentur
424 2018 744 2091 implenda.
796 2023 866 2077 Et
922 2028 1011 2079 est
1055 2041 1268 2081 sensus
1311 2025 1413 2079 :Si
1459 2024 1830 2097 praeputium,

191 2106 369 2176 idest,
400 2106 618 2179 aliquis
666 2110 905 2181 gentilis
956 2113 1299 2184 spiritaliter
1347 2114 1494 2185 legis
1546 2119 1835 2186 praecepta

197 2193 484 2268 intelligat,
519 2201 576 2252 et
607 2198 664 2252 in
696 2199 783 2255 eis
814 2200 1029 2256 Christi
1057 2202 1326 2258 notitiam
1351 2206 1834 2275 agnoscat,seque

193 2300 290 2355 per
313 2286 439 2355 ejus
474 2288 648 2343 ﬁdem
690 2288 899 2345 salvari
934 2307 1105 2362 posse
1154 2293 1427 2358 conﬁdat,
1479 2292 1832 2364 praeputium

190 2372 340 2430 illius
373 2375 430 2429 in
464 2376 910 2434 circumcisione
958 2382 1352 2453 reputabitur;
1403 2383 1540 2454 quia
1589 2381 1834 2437 transiet

181 2463 247 2515 ad
295 2463 669 2520 nobilitatem
709 2467 940 2539 generis
968 2470 1243 2536 Abrahae;
1278 2476 1334 2526 et
1362 2473 1489 2542 ejus
1522 2470 1678 2525 ﬁlius
1708 2472 1831 2526 efﬁ-

178 2550 386 2616 cietur,
433 2554 604 2624 juxta
651 2557 803 2626 quod
861 2557 985 2628 ipse
1030 2559 1345 2629 Apostolus
1385 2559 1525 2614 alibi
1559 2560 1741 2613 dicit:
1774 2558 1834 2613 Si

173 2646 367 2696 autem
426 2658 512 2698 vos
563 2644 787 2715 Christi,
837 2662 962 2716 ergo
1008 2648 1244 2703 Abrahae
1298 2664 1481 2703 semen
1535 2649 1681 2716 estis,
1741 2664 1830 2701 se-

171 2731 420 2785 cundum
465 2734 906 2802 promissionem,
938 2736 1183 2791 heredes
1236 2735 1383 2807 (Gal.
1440 2754 1523 2807 Ill,
1573 2737 1685 2807 29).
1735 2742 1834 2790 Se-

173 2820 386 2890 quitur
446 2836 460 2876 :
519 2824 586 2875 Et
628 2822 921 2892 judicabit,
979 2826 1128 2893 (35)
1181 2827 1321 2895 quod
1372 2842 1442 2881 ex
1497 2834 1703 2879 natura
1759 2832 1838 2877 est

166 2911 541 2981 praeputium,
594 2910 765 2979 legem
810 2927 1192 2968 consummans
1221 2918 1292 2977 te,
1322 2916 1420 2984 qui
1457 2929 1557 2983 per
1602 2914 1836 2966 circum-

167 2997 451 3052 cisionem
477 3001 535 3049 et
564 2997 810 3051 litteram
838 3002 1235 3067 praevaricator
1266 3003 1396 3071 legis
1428 3017 1482 3055 es
1511 3000 1838 3071 (136).‘Sen-

170 3100 278 3140 sus
314 3087 416 3138 est
446 3083 541 3138 hic
571 3103 591 3138 :
624 3086 1001 3158 Prazputium,
1052 3089 1208 3159 quod
1262 3106 1330 3144 ex
1380 3094 1591 3145 natura
1638 3097 1745 3160 est,
1778 3090 1835 3145 id

1945 1845 2128 1905 salvus
2156 1846 2255 1915 ﬁat
2284 1847 2458 1917 (Rom.
2493 1864 2570 1916 x1,
2595 1848 2707 1918 25).
2742 1847 2905 1912 Quod
2933 1863 3001 1901 ex
3030 1861 3096 1900 eo
3127 1844 3379 1898 maxime
3425 1858 3584 1897 com-

1946 1935 2245 2005 probatur,
2276 1935 2415 2006 quia
2443 1934 2641 1990 nullus
2668 1935 3019 2007 principum,
3065 1934 3185 1988 sive
3217 1948 3442 2003 regum,
3477 1931 3586 1985 sub

1946 2040 2059 2095 quo
2090 2024 2439 2095 deguerunt,
2471 2025 2663 2080 conati
2694 2028 2835 2080 sunt
2866 2024 3092 2079 auferre
3135 2022 3207 2077 ab
3238 2020 3322 2076 eis
3353 2020 3586 2091 signum

1945 2113 2429 2169 circumcisionis.
2463 2116 2631 2183 Cuius
2664 2115 2785 2169 laus
2810 2129 2920 2169 non
2948 2129 3016 2168 ex
3042 2110 3366 2172 hominibas.
3398 2108 3491 2162 sed
3520 2124 3589 2162 ea:

1945 2208 2099 2258 Deo:
2142 2204 2270 2271 ejus
2320 2203 2559 2271 scilicet,
2609 2203 2708 2273 qui
2756 2204 2827 2257 de
2875 2201 3092 2256 carnali
3141 2196 3587 2255 circumcisione

1943 2308 2057 2346 non
2088 2290 2393 2362 gloriatur,
2429 2297 2485 2347 et
2514 2308 2627 2345 non
2660 2291 2785 2346 suis
2816 2290 3059 2359 meritis,
3093 2289 3192 2344 sed
3248 2286 3348 2342 Dei
3399 2285 3589 2358 gratia

1942 2398 2003 2436 se
2033 2380 2321 2435 salvatum
2352 2380 2633 2452 agnoscit.
2678 2381 2961 2451 Superius
3011 2376 3297 2433 allocutus
3345 2378 3435 2431 est
3482 2374 3587 2429 Ju-

1942 2471 2095 2526 dacos
2126 2471 2477 2526 incredulos.
2516 2470 2731 2525 Deinde
2760 2469 2983 2523 dixerat
3030 2467 3195 2521 illum
3229 2481 3356 2521 esse
3386 2480 3587 2519 verum

1941 2559 2232 2623 Judaaum,
2261 2559 2432 2629 cujus
2463 2559 2617 2614 bona
2640 2575 2814 2630 Opera
2839 2574 2953 2612 non
2985 2557 3048 2611 in
3079 2555 3390 2611 manifesto
3427 2557 3586 2621 sunt,

1941 2650 2041 2703 sed
2074 2647 2134 2702 in
2157 2649 2526 2715 abscondito;
2554 2653 2609 2703 et
2628 2664 2823 2703 veram
2848 2645 3349 2702 circumcisionem
3374 2642 3587 2706 cordis,

1943 2754 2069 2806 qua:
2100 2742 2191 2792 est
2224 2738 2453 2808 Spiritu,
2484 2753 2598 2792 non
2633 2737 2843 2792 littera.
2897 2736 2966 2790 Et
3017 2734 3156 2805 quia
3202 2732 3426 2788 dixerat
3474 2748 3587 2785 non

1944 2841 2071 2880 esse
2103 2843 2483 2897 personarum
2517 2826 2909 2898 acceptionem
2944 2824 3099 2896 apud
3128 2824 3334 2889 Deum,
3354 2837 3423 2876 ne
3445 2821 3591 2875 forte

1947 2913 2245 2967 credentes
2300 2916 2510 2985 Judaei,
2564 2913 2975 2969 contemnendi
3034 2915 3401 2983 putarentur,
3461 2909 3590 2962 ideo

1946 2999 2227 3066 subdidit,
2278 3002 2660 3072 quaestionem
2711 3002 2821 3055 sibi
2872 3011 3201 3072 preponens
3231 3016 3243 3052 :
3278 2998 3435 3068 (CAP.
3470 2996 3592 3066 III.)

1948 3088 2096 3159 (140)
2130 3089 2269 3156 Quid
2296 3104 2424 3158 ergo
2453 3090 2692 3160 amplius
2723 3097 2802 3143 est
2830 3089 3059 3145 Iudaeo?
3088 3090 3191 3142 Aut
3220 3102 3345 3158 qua:
3372 3084 3594 3140 utilitas

169 3178 280 3239 est,
322 3170 547 3243 aliquis
576 3149 832 3246 gentilis,
885 3149 998 3246 qui
1036 3149 1139 3247 per
1174 3182 1460 3232 naturam
1494 3178 1669 3233 habet
1698 3149 1837 3250 pirai-
1868 3149 1910 3215 (ἶ
1950 3149 2026 3232 est
2052 3149 2627 3233 circumciszbnistt
2670 3177 2757 3233 vel
2801 3193 2869 3233 ex
2915 3194 3043 3242 sua,
3092 3175 3180 3231 vel
3225 3149 3292 3230 ex
3344 3174 3592 3229 aliorum

169 3261 441 3334 putium,
495 3265 569 3325 te,
621 3262 720 3333 qui
769 3279 872 3334 per
924 3263 1200 3331 litteram,
1247 3272 1304 3321 et
1330 3265 1835 3324 circumcisionem

167 3351 590 3422 praevaricator
635 3350 780 3423 legis
829 3369 912 3423 es,
954 3353 1269 3425 judicabit,
1304 3355 1361 3410 id
1416 3360 1526 3424 est,
1561 3359 1835 3413 condem-

165 3440 359 3509 nabit,
406 3455 523 3494 non
565 3444 869 3509 potestate,
931 3442 1033 3497 sed
1092 3444 1527 3517 comparatione
1578 3446 1838 3502 melioris

163 3529 333 3596 facti;
364 3529 537 3600 juxta
566 3530 723 3599 quod
747 3530 1032 3587 Dominus
1056 3532 1114 3586 in
1140 3533 1448 3605 Evangelio
1473 3535 1615 3590 dicit
1652 3553 1663 3591 :
1713 3536 1837 3591 Ideo

164 3619 273 3688 ipsi
290 3617 514 3689 judices
533 3620 701 3673 vestri
733 3624 898 3674 erant
935 3619 1145 3691 (Matth.
1178 3640 1278 3689 xu,
1310 3624 1410 3677 27:
1446 3628 1575 3677 Luc.
1608 3641 1689 3691 x1,
1726 3626 1833 3695 19).

168 3706 235 3760 Et
264 3707 414 3761 item
448 3723 462 3761 :
495 3709 706 3776 Regina
736 3708 923 3763 Austri
949 3713 1133 3777 surget
1191 3713 1253 3764 in
1292 3711 1572 3781 judicium
1597 3729 1722 3767 cum
1752 3730 1838 3783 ge-

168 3795 461 3851 neratione
508 3796 621 3851 ista
668 3797 877 3867 (Mai-th.
940 3814 1082 3865 XLII;
1156 3800 1284 3853 Luc.
1334 3817 1491 3869 xxxx,
1552 3806 1661 3855 etc.
1719 3803 1836 3856 Non

171 3886 349 3953 enim,
399 3888 494 3955 qut
543 3887 603 3939 in
646 3887 948 3957 mani/esto
993 3888 1216 3942 Iudaeus
1263 3898 1361 3954 est,
1402 3905 1576 3961 neque
1623 3904 1748 3959 quae
1779 3892 1849 3944 in

170 3975 493 4044 manifesto,
526 3976 587 4029 in
613 3991 798 4043 carne,
828 3977 1170 4032 circumcisio
1217 3978 1387 4049 (137),
1437 3983 1546 4033 etc.
1603 3978 1665 4033 In
1715 3996 1838 4035 ma-

175 4062 393 4118 nifesto
433 4063 670 4119 Iudaeus
714 4071 821 4131 est,
875 4066 973 4137 qui
1023 4066 1095 4121 de
1140 4066 1359 4121 carnali
1392 4067 1838 4125 circumcisione

176 4151 485 4223 gloriatur,
518 4154 589 4208 de
628 4151 907 4223 qualibus
957 4154 1100 4209 dicit
1155 4156 1472 4227 Apostolus
1526 4173 1538 4212 ε
1598 4160 1834 4226 Quorum

174 4242 318 4295 Deus
384 4246 588 4309 venter,
656 4250 707 4298 et
764 4244 948 4311 gloria
1021 4246 1081 4298 in
1156 4247 1530 4316 confusionem
1595 4249 1838 4318 ipsorum

178 4327 459 4401 (Philipp.
492 4346 579 4402 ιιι,
612 4331 725 4400 19).
755 4331 952 4387 Gloria
981 4348 1236 4404 namque
1267 4350 1469 4388 eorum
1520 4335 1578 4390 in
1629 4338 1834 4391 confu-

180 4416 348 4473 sione
396 4423 504 4484 est,
558 4420 699 4492 quia
743 4420 803 4475 in
852 4420 1144 4492 pudendis
1176 4422 1459 4477 membris
1488 4422 1833 4493 gloriantur.

1949 3267 2338 3337 persona,sibi
2369 3266 2669 3336 respondit
2700 3267 2964 3321 :Multum
2991 3282 3088 3337 per
3118 3280 3331 3320 omnem
3351 3263 3590 3319 modum.

1948 3358 2016 3410 Et
2079 3359 2145 3409 ut
2204 3356 2534 3410 ostenderet
2599 3356 2915 3426 quomodo,
2974 3353 3591 3419 subdidit:Primum,

1946 3446 2079 3516 quia
2104 3446 2313 3500 credita
2360 3450 2491 3500 sunt
2539 3446 2658 3500 illis
2712 3445 3072 3516 eloquia'Dei.
3106 3443 3213 3499 Ubi
3247 3444 3591 3509 notandum,

1949 3534 2088 3606 quia
2119 3534 2375 3607 primum
2408 3534 2573 3602 dicit,
2613 3533 2715 3589 sed
2765 3533 3090 3588 secundum
3152 3549 3267 3587 non
3316 3532 3592 3594 ostendit,

1948 3624 2101 3693 quod
2135 3622 2701 3694 subintelligendum
2752 3621 3005 3691 reliquit.
3044 3620 3145 3675 His
3177 3625 3371 3675 autem
3402 3618 3595 3674 verbis

1948 3712 2204 3766 ostendit
2233 3712 2568 3782 Apostolus,
2602 3710 2760 3781 quia,
2796 3727 2911 3780 prae
2961 3708 3259 3777 omnibus,
3308 3725 3433 3780 qua:
3481 3722 3593 3761 cm-

1949 3796 2089 3853 litus
2116 3799 2332 3853 Judaais
2363 3797 2576 3852 collata
2607 3802 2765 3863 sunt,
2799 3797 2942 3851 illud
2992 3799 3099 3852 fuit
3148 3797 3505 3869 praecipuum
3541 3800 3598 3849 et

1949 3886 2236 3958 dignitate
2266 3886 2621 3957 praecellens,
2656 3886 2809 3957 quod
2841 3903 2954 3940 non
2992 3886 3178 3941 solum
3230 3885 3597 3956 patriarchae,

1948 3977 2049 4031 sed
2083 3979 2140 4030 et
2170 3975 2361 4030 omnis
2392 3973 2751 4029 Israeliticus
2795 3974 3050 4046 p0pulus
3097 3974 3196 4027 Dei
3246 3973 3598 4028 allocutione

1949 4064 2251 4136 perfrui,et
2280 4062 2467 4135 legem
2499 4080 2532 4118 a
2563 4068 2675 4118 Deo
2710 4062 3136 4134 promulgatam
3170 4061 3468 4133 suscipere
3486 4078 3600 4117 me-

1950 4158 2212 4210 ruerunt.
2255 4154 2587 4208 Secundum
2636 4168 2769 4208 vero
2818 4157 2907 4208 est
2955 4152 3108 4224 quod
3160 4150 3367 4206 multis
3413 4150 3599 4223 signis

1949 4248 2006 4299 et
2032 4243 2315 4316 prodigiis
2346 4244 2417 4298 ab
2443 4243 2782 4315 Egyptiaca
2831 4242 3105 4297 servitute
3152 4240 3405 4311 liberati,
3439 4256 3599 4295 mare

1950 4332 2216 4387 Rubrum
2248 4332 2419 4387 siccis
2446 4331 2700 4403 pedibus
2732 4331 3110 4386 transierunt.
3153 4330 3383 4385 Deinde
3407 4334 3601 4385 atten-

1947 4422 2140 4477 denda
2170 4427 2309 4476 sunt
2339 4426 2563 4487 czetera,
2599 4437 2727 4491 quis
2759 4421 2844 4475 eis
2874 4420 3155 4475 divinitus
3188 4419 3400 4475 collata
3438 4425 3597 4490 sunt,

182 4506 252 4561 Et
308 4512 375 4562 ut
416 4511 753 4565 ostenderet
806 4526 1010 4566 verum
1062 4509 1353 4577 Judaeum,
1406 4516 1463 4565 et
1519 4512 1839 4583 spiritalem
1871 4513 1917 4579 D
1952 4512 2134 4566 donec
2164 4515 2382 4565 terram
2416 4509 2891 4581 repromissionis
2920 4510 3223 4563 intrarent.

189 4596 716 4665 circumcisionem,
744 4599 1022 4654 continuo
1055 4598 1319 4654 subdidit
1352 4616 1363 4653 :
1400 4600 1503 4655 Sed
1552 4604 1650 4673 qui
1691 4604 1840 4674 (138)

192 4686 253 4739 in
299 4688 626 4755 abscondito,
656 4688 901 4759 Iudaeus,
952 4692 1051 4754 est,
1104 4691 1155 4743 et
1199 4690 1543 4746 circumcisio
1572 4692 1751 4747 cordis
1783 4694 1843 4747 in

193 4775 411 4843 spiritu.
444 4776 547 4833 Hic
580 4778 959 4849 quaerendum
999 4781 1089 4833 est
1137 4776 1278 4848 quid
1327 4778 1405 4833 sit
1452 4780 1841 4837 circumcisio.

196 4860 568 4921 Circumcisio
621 4869 710 4921 est
757 4867 949 4922 carnis
996 4865 1358 4939 exspoliatio,
1411 4885 1542 4940 quae
1590 4870 1840 4942 ﬁguram

196 4952 429 5021 gerebat
455 4972 599 5012 verae
631 4955 1115 5013 circumcisionis.
1151 4956 1295 5013 Vera
1343 4963 1542 5016 autem
1593 4959 1841 5014 circum-

274 5182 412 5310 (134)
439 5186 689 5269 Vulgata
717 5185 892 5243 habet
923 5205 935 5244 :
973 5188 1468 5275 Circumcisionem.

303 5256 416 5310 135)
446 5259 616 5310 Vulg.
648 5260 802 5310 mter
825 5260 999 5310 verba
1025 5261 1302 5310 iudicabit
1348 5271 1405 5310 at
1452 5285 1468 5310 ι

303 5256 416 5310 135)
446 5256 616 5310 νυιέ.
648 5257 802 5310 inter
825 5260 999 5310 verba
1025 5261 1302 5310 iudicabit
1348 5271 1405 5310 at
1452 5263 1613 5310 muni-
1665 5261 1844 5310 habet

2020 4600 2153 4668 Sed,
2189 4597 2329 4669 quia
2359 4601 2626 4668 poterant
2658 4596 2840 4667 aliqui
2874 4596 3063 4651 dicere
3097 4614 3108 4651 :
3144 4595 3291 4661 Quid
3322 4594 3440 4649 illis
3464 4611 3599 4663 pro-

1953 4690 2189 4743 fuerunt
2218 4686 2439 4742 credita
2471 4686 2705 4756 eloquia
2752 4685 2875 4753 Dei,
2927 4684 3025 4756 qui
3076 4683 3500 4738 murmurando
3544 4682 3601 4735 in

1952 4779 2184 4834 deserto
2221 4776 2556 4848 perierunt?
2600 4774 2671 4829 ad
2723 4773 2847 4828 haec
2887 4770 3193 4846 Apostolus
3241 4770 3601 4841 respondet:

1955 4866 2106 4941 Quid
2135 4865 2368 4936 enim,si
2398 4864 2624 4936 quidam
2648 4878 2841 4918 eorum
2872 4880 2984 4925 non
3007 4858 3605 4928 crediderunl,subau-

1954 4958 2135 5025 ditur,
2169 4955 2370 5014 obest?
2397 4952 2657 5026 Nunquid
2687 4954 3050 5011 incredulitas
3080 4951 3304 5005 illorum
3333 4946 3493 5017 ﬁdem
3512 4947 3611 5004 Dei

2027 5191 2175 5265 (138)
2209 5191 2273 5245 In
2305 5185 2690 5265 autographo,
2721 5200 2839 5265 non
2891 5189 3006 5265 qui,
3056 5180 3156 5237 sed
3185 5179 3337 5265 ‘qu‘ia
3365 5176 3581 5265 legitur
3592 5198 3609 5265 ξ

1957 5250 2110 5310 mind
2159 5250 2282 5310 'nnn
2326 5250 2516 5310 solu‘in
2552 5250 2769 5310 contra
2815 5250 3129 5310 lectionem
3185 5250 3462 5310 Vulgata.
3508 5252 3611 5305 sed
