4030 5310
243 420 350 487 157

820 431 1240 500 EXPOSITIO
1284 438 1362 499 IN
1407 439 1838 504 EPISTOLAS
1878 440 2136 507 PAULI.
2166 477 2244 490 —
2273 446 2352 508 IN
2398 447 2648 511 EPIST.
2691 451 2797 512 AD
2841 451 3033 516 ROM.

3517 452 3632 515 158

242 557 404 657 batur
431 573 545 657 non
576 557 725 616 sicut
755 567 1096 657 peceatores
1145 571 1572 628 condemnandi
1619 591 1827 630 sumus
1853 594 1866 644 ;
1900 576 1956 643 Α
1985 583 2166 635 Deum
2197 580 2419 638 sincere
2448 582 2794 656 intelligere,
2822 583 3046 642 sincere
3068 600 3183 640 non
3214 589 3405 656 potest
3434 585 3629 657 inqui-

243 648 335 703 sed
366 652 582 718 quanto
613 651 868 722 amplius
898 672 1226 728 peccamus,
1251 664 1412 715 tanto
1443 664 1664 734 majora
1695 665 1875 720 bene—

245 736 366 826 ﬁcia
395 737 684 810 suscipere
715 741 1018 800 debemus.
1041 748 1105 802 Et
1129 753 1427 820 tamquam
1452 752 1607 807 dicat
1628 753 1872 826 aliquis:

242 824 294 879 Si
325 841 453 895 ergo
486 828 752 900 mentior,
778 848 891 886 non
923 838 1204 906 tanquam
1229 844 1492 909 peccator
1518 824 1873 912 judicandus

244 930 402 980 sum;
435 915 573 986 quia
594 918 805 974 veritas
833 921 927 976 Dei
959 923 1016 977 in
1045 940 1172 980 meo
1201 929 1502 984 mendacio
1535 931 1870 987 abundatin

243 1002 412 1074 gloria
442 1003 630 1074 ipsius
661 1025 674 1061 :
712 1010 865 1064 unde
895 1011 1067 1082 paulo
1099 1014 1344 1072 inferius
1375 1019 1515 1073 dicit
1550 1037 1561 1075 :
1597 1022 1660 1075 Si
1689 1026 1872 1076 autem

243 1092 374 1162 (148)
398 1095 595 1147 veritas
626 1097 725 1151 Dei
751 1099 810 1151 in
853 1117 972 1156 meo
1001 1105 1288 1161 mendacio
1334 1108 1577 1164 abundat
1607 1112 1664 1164 in
1693 1111 1873 1180 gloria

239 1180 371 1270 (MD)
422 1183 596 1252 ipsius
627 1204 645 1238 :
677 1187 808 1256 quid
847 1189 1024 1245 adhuc
1065 1202 1114 1248 et
1163 1210 1276 1266 ego,
1319 1202 1585 1269 tanquam
1627 1203 1874 1270 peccator

230 1268 434 1341 judicor
455 1273 477 1324 Ρ
497 1275 710 1329 Contra
729 1292 863 1347 ergo
895 1278 1001 1334 hos
1028 1281 1170 1337 dicit
1199 1268 1516 1356 Apostolus
1542 1305 1554 1342 :
1577 1268 1875 1344 secundum

239 1359 494 1414 hominem
521 1361 644 1418 dico
671 1382 689 1417 :
731 1365 900 1422 Absit.
933 1372 1263 1428 Secundum
1317 1374 1638 1442 hominem,
1673 1377 1729 1431 id
1763 1383 1870 1444 est,

238 1448 549 1504 secundum
582 1452 887 1524 rationem,
921 1457 1300 1518 intellectum.
1335 1467 1496 1530 Quod
1529 1467 1658 1522 ideo
1685 1468 1785 1537 ait,
1812 1472 1876 1522 ut

238 1537 555 1594 ostenderet
583 1557 681 1596 eos
713 1545 813 1614 qui
845 1546 987 1602 talia
1017 1547 1358 1623 loquuntur,
1392 1571 1505 1608 non
1530 1571 1657 1610 esse
1691 1556 1874 1611 homi-

239 1641 348 1681 nes.
380 1630 456 1682 Ac
486 1627 538 1682 si
575 1629 790 1687 diceret
821 1650 832 1687 :
868 1635 992 1691 Non
1026 1643 1115 1692 est
1144 1638 1242 1706 ita,
1278 1645 1342 1695 ut
1366 1658 1467 1697 vos
1495 1643 1722 1712 dicitis;
1758 1662 1874 1701 non

237 1714 375 1770 enim
407 1721 601 1773 vestro
633 1722 937 1780 mendacio
979 1731 1035 1781 et
1083 1727 1389 1800 iniquitate
1421 1731 1522 1787 Dei
1553 1734 1787 1800 veritas,
1819 1740 1876 1791 et

231 1803 444 1874 justitia
473 1809 838 1879 approbatur
863 1830 875 1880 ;
910 1815 1049 1886 quia
1070 1816 1254 1873 Deum
1283 1825 1548 1878 nostrum
1582 1841 1697 1879 non
1719 1824 1876 1880 mala

239 1907 415 1964 opera,
438 1895 546 1949 sed
581 1897 732 1953 bona
752 1901 1073 1973 delectent;
1099 1923 1205 1962 nec
1235 1908 1294 1963 in
1331 1909 1522 1980 malis,
1549 1913 1650 1968 sed
1678 1914 1734 1968 in
1768 1915 1872 1970 bo-
1910 1944 1954 2008 Β

239 1980 318 2008 ..ξι-
342 1983 615 2008 Αηηκεμ---
646 1986 846 2008 _l_-,!,‘
974 1994 993 2008 ι-
1215 1995 1226 2007 ο
1469 1999 1481 2008 .
1707 2002 1719 2008 -
1820 2004 1834 2008 -

239 1980 319 2037 nis
341 1983 617 2054 operibus
642 1986 941 2058 gloriatur.
973 1994 1098 2065 Ipse
1129 1995 1346 2069 quippe
1369 1999 1556 2056 malos
1581 2002 1876 2072 puniendo

243 2086 294 2125 se
313 2072 545 2164 justum
597 2077 824 2147 probat.
859 2080 1021 2137 Unde
1070 2101 1203 2140 mox
1251 2088 1569 2144 subditur:
1621 2093 1879 2164 Alioquin

245 2162 480 2230 quomodo
499 2164 786 2234 judicabit
812 2171 953 2225 Deus
983 2170 1128 2228 hunc
1156 2177 1424 2233 mundum
1445 2182 1472 2232 ?
1499 2182 1575 2234 Ae
1598 2180 1646 2236 si
1677 2162 1834 2237 dicat
1861 2199 1875 2239 :

249 2248 349 2340 Nisi
379 2251 572 2308 malos
602 2256 828 2326 puniat,
863 2263 928 2313 ut
959 2277 1020 2315 se
1059 2263 1289 2333 justum
1326 2268 1552 2337 probet,
1585 2271 1877 2340 quomodo

257 2337 642 2414 celebrabiturj
655 2345 1096 2421 udicium,quod
1115 2351 1239 2424 ipse
1256 2359 1560 2412 venturum
1579 2337 1879 2430 promisit?

251 2431 400 2521 limat
426 2434 710 2502 prasterea
740 2437 837 2507 qui
871 2438 1018 2494 falso
1051 2440 1324 2499 dicebant
1351 2446 1696 2518 Apostolum
1732 2467 1877 2521 prae-

245 2515 413 2608 dicare
440 2537 453 2574 :
477 2523 778 2580 Faciamus
798 2529 969 2596 mala,
995 2536 1056 2584 ut
1081 2533 1311 2587 veniant
1341 2515 1488 2591 bona
1508 2555 1529 2590 .·
1551 2538 1705 2608 quod
1732 2515 1878 2593 nihil

239 2602 381 2661 aliud
395 2613 667 2681 estquam
682 2613 959 2674 dicere:Si
976 2618 1256 2692 iniquitas
1274 2602 1879 2696 nostrajustitiamDei

237 2699 1879 2788 commendat,iniquusDeus,quiinfertiramContraquos

235 2797 359 2838 mox
390 2786 656 2844 subdidit
679 2809 691 2844 :
715 2795 793 2846 Et
816 2810 922 2850 non
953 2799 1094 2853 sicut
1115 2800 1571 2872 blasphemamur,
1596 2786 1877 2860 subaudi-

231 2874 342 2940 tur,
375 2873 460 2928 ita
491 2881 599 2947 est,
629 2882 679 2933 et
708 2883 851 2937 sicut
881 2886 1041 2942 aiunt
1067 2904 1168 2943 nos
1195 2892 1420 2959 quidam
1447 2893 1657 2948 dicere:
1701 2896 1879 2964 facia-

228 2976 348 3015 mus
382 2966 553 3036 mala,
589 2971 648 3020 ut
676 2973 898 3026 veniant
947 2974 1104 3041 bona,
1137 2994 1369 3048 quorum
1415 2981 1698 3035 damnatio
1729 2986 1882 3050 Justa

223 3053 324 3105 est.
351 3053 421 3104 Et
443 3057 532 3106 est
562 3071 771 3112 sensus
794 3075 808 3112 :
833 3061 959 3115 Non
991 3065 1397 3134 praedicamus,
1423 3072 1485 3121 ut
1506 3068 1731 3136 dicitis;
1757 3070 1880 3134 sed,

225 3138 369 3229 quia
390 3140 568 3229 vobis
617 3144 689 3199 de
736 3145 1086 3218 impunitate
1135 3151 1502 3225 blandimini,
1537 3160 1593 3210 et
1637 3156 1734 3211 Dei
1782 3175 1882 3229 pa-

225 3227 442 3283 tientia
491 3230 822 3304 abutimini,
859 3235 974 3306 ille,
1008 3239 1106 3310 qui
1157 3245 1436 3299 venturus
1483 3249 1570 3300 est
1615 3227 1882 3316 judicare

227 3318 620 3385 mundum,ut
641 3323 844 3378 reddat
869 3325 1181 3400 unicuique
1202 3333 1523 3388 secundum
1552 3351 1726 3406 opera
1749 3353 1876 3407 sua,

221 3405 382 3476 juste
414 3423 517 3462 vos
549 3411 981 3470 condemnabit.
1013 3417 1137 3471 Non
1170 3433 1306 3490 ergo
1331 3405 1641 3478 dicamus:
1679 3405 1876 3480 Facia;

229 3511 361 3550 mus
384 3495 635 3564 mala,ut
655 3501 888 3557 veniant
909 3503 1087 3573 bona;
1114 3508 1214 3562 sed
1240 3508 1414 3571 :Quia
1434 3511 1678 3568 fecimus
1701 3513 1875 3582 mala,

229 3583 326 3675 Dei
357 3587 615 3675 gratuita
646 3588 903 3648 bonitate
953 3595 1124 3651 nobis
1153 3603 1435 3654 venerunt
1467 3600 1637 3656 bona.
1672 3602 1874 3675 Igitur,

228 3673 362 3745 quia
392 3674 620 3731 dixerat
653 3695 665 3733 :
701 3680 842 3747 Quid
861 3685 1101 3754 amplius
1120 3693 1198 3740 est
1225 3687 1409 3742 Iudae
1431 3706 1452 3750 ,·
1485 3693 1541 3743 et
1573 3673 1874 3746 mox'sub-

229 3761 372 3818 didit
405 3780 417 3818 :
457 3766 691 3822 Multum
729 3785 827 3839 per
874 3787 1087 3827 omnem
1117 3776 1361 3844 modum,
1391 3793 1463 3832 ne
1511 3778 1657 3833 forte
1690 3780 1876 3835 Judaei

231 3850 384 3912 inani
420 3855 697 3926 superbia
727 3857 912 3914 inﬂati
945 3877 1006 3916 se
1037 3864 1313 3934 gentibus
1344 3866 1717 3922 credentibus
1743 3885 1879 3939 prae-

234 3939 466 4008 ferrent,
491 3944 737 4014 adjecit:
763 3949 912 4020 (150)
933 3951 1078 4020 Quid
1109 3954 1278 4023 igitur
1304 3958 1326 3992 ν
1346 3956 1728 4011 Praecellimus
1748 3973 1833 4012 eos
1855 3963 1880 4011 .9

234 4029 296 4084 Et
323 4031 431 4087 sibi
461 4033 586 4104 ipse
609 4038 922 4108 respondet
947 4056 959 4094 :
993 4040 1368 4114 Nequaquam.
1403 4045 1705 4115 Tanquam
1723 4045 1877 4100 dice-

233 4123 348 4177 ret:
371 4122 499 4177 Non
531 4121 759 4182 invenio
781 4143 1042 4199 causam,
1069 4148 1186 4202 qua
1211 4150 1316 4188 nos
1343 4131 1443 4205 qui
1467 4137 1677 4189 natura
1694 4134 1880 4191 Judaei

235 4223 459 4281 sumus,
493 4214 862 4272 credentibus
908 4220 1183 4289 gentibus
1218 4223 1594 4293 praeferamus
1627 4239 1640 4277 :
1675 4241 1880 4281 omnes

234 4297 379 4386 enim
404 4305 742 4371 peceatores
760 4321 994 4378 sumus,
1016 4312 1072 4364 et
1093 4308 1220 4366 sola
1240 4311 1427 4383 gratia
1448 4311 1546 4367 Dei
1570 4313 1876 4386 redempti.

238 4384 390 4444 Unde
421 4406 561 4445 mox
613 4393 889 4450 subditur
920 4413 933 4452 :
969 4397 1191 4454 Causati
1235 4402 1384 4456 enim
1428 4417 1614 4456 sumus
1640 4384 1878 4469 Iudaeos,

239 4480 389 4548 atque
418 4484 638 4538 Graecos
661 4498 846 4540 omnes
875 4501 988 4541 esse
1014 4490 1113 4543 sub
1138 4491 1623 4562 peccato.Causati
1650 4508 1878 4564 sumus,

241 4565 456 4635 dicit,id
477 4572 920 4639 est,manil‘estis
935 4577 1129 4633 causis
1151 4579 1601 4642 ostendimus,et
1622 4579 1876 4650 Judasos,

1985 686 2127 724 rere.
2161 669 2305 726 Hine
2357 676 2412 726 et
2459 673 2742 729 Dominus
2791 674 2849 728 in
2882 673 3192 745 Evangelio
3242 674 3383 728 dicit
3417 693 3428 728 :
3462 678 3629 730 Nemo

1979 764 2151 830 potest
2177 761 2384 815 duobus
2427 762 2662 817 dominis
2692 765 2839 835 (152)
2869 766 3075 820 servire
3103 784 3122 818 :
3157 764 3348 819 Omnes
3378 763 3627 820 declina-

1982 854 2172 904 verunt
2205 850 2379 916 (Psal.
2414 869 2537 920 xm,
2570 853 2646 924 3),
2679 853 2735 907 id
2769 860 2874 918 est,
2908 871 2941 908 a
2973 858 3084 908 Deo
3116 856 3627 916 recesserunt.Quo

1982 937 2136 993 dicto
2170 939 2287 993 vult
2314 941 2638 1006 ostendere,
2674 943 2813 1013 quia
2835 942 3071 998 veniens
3095 942 3376 998 Dominus
3407 959 3509 1014 per
3531 942 3623 997 In-

1982 1027 2336 1082 carnationis
2391 1030 2756 1101 mysterium,
2797 1031 3028 1086 Judaaos
3078 1031 3301 1086 similes
3349 1030 3623 1102 gentibus

1983 1114 2237 1170 invenit:
2276 1118 2428 1173 unde
2460 1118 2595 1173 alibi
2627 1119 2800 1174 dicit:
2829 1120 3103 1176 Conclusit
3126 1120 3406 1191 Scriptura
3436 1120 3624 1174 omnia

1979 1205 2080 1259 sub
2109 1212 2327 1277 peccato
2360 1208 2502 1278 (Gal.
2551 1226 2631 1275 Ill,
2668 1210 2777 1281 2-2).
2815 1209 2989 1264 Simul
3037 1196 3262 1264 inutiles
3307 1209 3446 1278 facti
3472 1211 3622 1277 sunt,

1982 1293 2039 1348 id
2063 1300 2173 1359 est,
2195 1295 2379 1350 Judaei
2411 1297 2684 1368 gentibus
2708 1297 2931 1354 similes
2953 1297 3086 1353 facti
3107 1302 3264 1352 sunt.
3292 1297 3544 1363 Inutilis,
3564 1300 3628 1351 ut

1982 1382 2221 1453 quidam
2244 1385 2470 1453 volunt,
2495 1387 2565 1441 ab
2585 1386 2740 1442 idolo
2765 1388 2998 1442 dicitur.
3022 1387 3246 1442 Idolum
3268 1386 3491 1442 vanitas
3515 1389 3622 1442 est:

1983 1489 2116 1544 ergo
2147 1477 2203 1528 et
2231 1473 2452 1528 inutilis
2501 1493 2705 1532 vanus.
2739 1478 2856 1532 Non
2903 1487 3001 1543 est,
3036 1479 3130 1548 qui
3173 1479 3349 1548 [aetat
3379 1478 3582 1531 bonum
3611 1494 3623 1543 ;

1982 1579 2092 1617 non
2111 1566 2190 1618 est
2212 1580 2377 1635 usque
2394 1565 2464 1619 ad
2485 1582 2677 1620 unum.
2705 1567 2868 1629 Quod
2893 1566 3122 1632 dicitur,
3146 1582 3318 1637 usque
3337 1565 3411 1620 ad
3426 1581 3621 1632 unum,

1984 1655 2175 1722 potest
2203 1651 2448 1725 intelligi
2471 1654 2881 1724 simul,etcum
2904 1655 3030 1726 ipso
3057 1655 3257 1721 uno,id
3285 1659 3374 1710 est
3401 1653 3622 1709 nullus:

1986 1743 2174 1811 potest
2203 1745 2276 1810 et,
2311 1746 2516 1813 praeter
2546 1760 2751 1809 unum,
2781 1747 2846 1798 ut
2874 1744 3159 1799 referatur
3206 1744 3277 1799 ad
3307 1743 3625 1799 Christum.

1985 1830 2062 1884 Eo
2093 1845 2302 1902 genere
2331 1830 2662 1900 locutionis,
2688 1850 2801 1903 quo
2835 1850 2941 1888 nos
2972 1832 3163 1888 dicere
3191 1833 3450 1889 solemus
3476 1849 3488 1886 :
3517 1832 3628 1887 Iste

1986 1935 2122 1990 ager
2153 1935 2340 1990 usque
2371 1921 2441 1975 ad
2475 1937 2633 1976 mare
2666 1921 3068 1992 protenditur;
3101 1922 3201 1977 ubi
3233 1927 3290 1976 et
3323 1937 3481 1977 mare
3512 1937 3627 1975 non

1985 2007 2559 2078 comprehendimus.
2594 2011 2662 2064 Et
2713 2027 2910 2066 revera
2955 2015 3162 2082 praeter
3209 2010 3528 2074 Christum,
3575 2013 3631 2064 et

1985 2095 2110 2152 sine
2141 2097 2371 2153 Christo
2403 2098 2600 2153 nullus
2637 2103 2824 2171 potest
2867 2099 3099 2171 aliquod
3132 2100 3349 2155 bonum
3380 2097 3626 2170 operari.

1985 2185 2318 2257 Sepulcrum
2335 2192 2529 2259 putens
2546 2192 2732 2259 guttur
2749 2204 2955 2244 eorum.
2981 2188 3332 2255 Notandum,
3352 2187 3489 2260 quia
3512 2203 3626 2242 non

1987 2278 2068 2330 ait
2098 2279 2348 2343 tantum,
2379 2278 2709 2348 sepulcrum,
2741 2277 2843 2332 sed
2876 2278 3121 2344 addidit,
3154 2281 3347 2346 patens
3377 2296 3395 2332 :
3426 2275 3626 2332 volens

1987 2365 2291 2419 ostendere
2323 2364 2480 2419 aliud
2511 2382 2637 2421 esse
2683 2366 3014 2438 sepulcrum
3065 2367 3353 2433 clausum,
3387 2369 3443 2420 et
3471 2365 3631 2420 aliud

1988 2457 2193 2525 patens
2227 2470 2240 2508 :
2274 2458 2477 2524 guttur
2507 2471 2760 2526 namque
2793 2454 3101 2525 malorum,
3126 2455 3183 2510 id
3215 2460 3324 2521 est,
3346 2455 3631 2510 voracitas

1989 2541 2268 2598 inhianlis
2293 2542 2463 2615 gulae,
2497 2547 2553 2598 et
2603 2543 2961 2600 desiderium
3011 2543 3242 2611 mentis,
3294 2547 3434 2599 tunc
3467 2541 3635 2615 quasi

1989 2630 2254 2686 clausum
2288 2631 2623 2704 sepulcrum
2673 2637 2782 2704 est,
2817 2650 2950 2688 cum
2983 2633 3206 2688 malum
3258 2633 3637 2689 irreverenter

1988 2722 2134 2793 (153)
2158 2725 2500 2793 operantur;
2526 2725 2731 2794 patens
2752 2739 3048 2790 vero,cum
3084 2722 3303 2778 malum
3327 2737 3496 2794 agere
3519 2738 3633 2777 non

1989 2809 2218 2865 timent.
2249 2811 2316 2865 Et
2348 2812 2692 2877 notandum,
2719 2812 2858 2882 quia
2887 2811 3222 2884 sepulcrum
3254 2816 3456 2884 patens
3479 2827 3632 2866 mor-

1990 2902 2224 2953 tuorum
2247 2915 2380 2954 ossa
2403 2901 2472 2955 ad
2488 2901 2930 2972 suscipiendum
2944 2904 3261 2971 exspectat;
3288 2899 3559 2955 similiter
3580 2905 3637 2954 et

1991 2986 2130 3040 mali
2163 3004 2278 3042 non
2310 3006 2478 3044 suam
2511 2994 2764 3058 tantum,
2799 2991 2899 3045 sed
2931 2995 2988 3045 et
3017 2989 3266 3046 aliorum
3297 2992 3635 3061 exspectant

1989 3074 2253 3137 ruinam;
2279 3076 2418 3145 quia
2449 3075 2592 3132 alios
2614 3077 2724 3132 sibi
2748 3078 2873 3132 fieri
2895 3077 3118 3133 similes
3143 3078 3632 3134 desiderant.Lin-

1989 3163 2120 3235 guis
2148 3164 2264 3216 suis
2312 3164 2493 3218 dolose
2539 3166 2791 3233 agebant.
2843 3165 2988 3231 Suis,
3020 3166 3079 3220 id
3129 3171 3238 3233 est,
3272 3165 3464 3221 malis.
3499 3164 3635 3220 Mali

1992 3251 2149 3306 enim
2183 3251 2326 3321 suis,
2360 3252 2419 3306 id
2451 3255 2557 3322 est,
2587 3252 2994 3324 malislinguis
3024 3254 3222 3309 dolose
3253 3258 3470 3325 agunt;
3497 3255 3637 3325 quia

1993 3339 2152 3395 aliud
2176 3341 2346 3396 corde
2369 3341 2800 3412 maehinantur,
2823 3347 2880 3398 et
2901 3342 3059 3398 aliud
3083 3359 3179 3399 ore
3202 3344 3518 3414 proferunt.
3541 3344 3632 3398 Ve-

1987 3445 2192 3484 nenum
2221 3429 2476 3500 aspidum
2495 3430 2595 3486 sub
2629 3432 2793 3487 labiis
2820 3432 3348 3488 eorum.Venenum
3381 3431 3637 3504 appellat

1989 3517 3235 3593 dolum,fraudem,versutiam.Aspisautem
3251 3539 3285 3576 a
3307 3522 3635 3593 spargendo

1987 3623 2275 3662 venenum
2309 3608 2543 3664 dicitur.
2576 3610 2646 3665 Et
2694 3614 2824 3682 apte
2873 3610 3162 3666 malorum
3218 3611 3379 3666 fraus
3411 3625 3632 3666 veneno

1989 3697 2258 3768 aspidum
2305 3701 2696 3769 comparatur,
2733 3699 2890 3769 quia,
2924 3699 3079 3755 sicut
3133 3699 3312 3771 aspis,
3345 3715 3631 3754 venenum

1987 3787 2370 3858 aspergendo,
2396 3803 2606 3858 corpus
2637 3786 2933 3858 interficit,
2959 3789 3040 3844 ita
3072 3793 3128 3844 et
3157 3788 3263 3855 illi,
3289 3787 3443 3843 mala
3462 3789 3637 3843 verba

1988 3874 2353 3944 proferendo,
2387 3879 2445 3928 et
2492 3877 2757 3947 exempla
2805 3877 3133 3948 praebendo,
3166 3878 3392 3933 animas
3439 3877 3636 3932 interi-

1990 3967 2178 4015 munt.
2207 3964 2274 4016 Et
2296 3961 2448 4017 sicut
2473 3964 2651 4034 aspis,
2675 3981 2746 4018 ne
2769 3981 2936 4020 voces
2962 3966 3387 4022 incantantium
3415 3966 3634 4032 audiat,

1990 4066 2167 4102 unam
2200 4066 2399 4104 aurem
2433 4052 2503 4104 ad
2537 4056 2774 4121 terram,
2809 4053 2895 4108 vel
2927 4055 2997 4108 ad
3031 4053 3283 4125 lapidem
3317 4055 3546 4124 premit,
3581 4058 3636 4109 et

1990 4138 2061 4193 ad
2083 4137 2324 4193 alteram
2348 4139 2594 4194 caudam
2622 4140 2908 4212 mittit,ita
2927 4146 2985 4196 et
3007 4141 3145 4196 mali
3165 4144 3442 4197 obturant
3464 4160 3633 4198 aures

1990 4227 2256 4282 eordium
2288 4245 2554 4296 suorum,
2587 4245 2658 4283 ne
2690 4227 2833 4301 legis
2882 4236 3170 4302 prmcepta
3200 4230 3460 4285 audiant.
3496 4233 3632 4299 Quo-

1987 4334 2118 4372 rum
2149 4333 2204 4372 os
2233 4316 2641 4385 maledictione,
2671 4326 2719 4374 et
2748 4319 3124 4375 amaritudine
3146 4320 3373 4391 plenum
3401 4323 3497 4390 est,
3526 4319 3634 4375 hoc

1990 4411 2097 4475 est,
2131 4423 2419 4462 venenum
2453 4407 2723 4479 aspidum
2755 4408 2866 4464 sub
2915 4407 3087 4464 labiis
3135 4425 3357 4464 eorum.
3395 4408 3633 4465 Illorum

1992 4495 2206 4568 quippe
2237 4513 2301 4552 os
2325 4496 2730 4553 maledictione
2751 4503 2809 4553 et
2839 4498 3230 4554 amaritudine
3253 4497 3492 4570 plenum
3523 4503 3632 4569 est,

1995 4584 2092 4656 qui
2125 4584 2322 4640 faciles
2371 4591 2426 4640 et
2474 4585 2710 4658 proclivi
2761 4591 2902 4642 sunt
2947 4587 3256 4642 verborum
3305 4587 3538 4658 injuriis
3583 4592 3640 4643 et

243 4659 293 4709 et
319 4663 542 4728 gentes,
574 4664 632 4716 et
661 4663 977 4735 sapientes,
1010 4669 1067 4722 et
1118 4666 1483 4740 insipientes,
1519 4683 1726 4724 omnes
1774 4671 1883 4725 sub
1913 4681 1959 4745 D
1990 4673 2395 4745 blasphemiis.
2443 4677 2656 4731 Veloces
2701 4676 2860 4747 pedes
2902 4692 3089 4731 eorum
3134 4677 3205 4731 ad
3249 4676 3638 4748 effundendum

246 4753 472 4815 peccato
496 4765 646 4807 esse.
664 4753 733 4806 Et
755 4757 816 4808 ut
832 4753 891 4809 id
914 4755 1206 4828 prophetae
1231 4758 1565 4815 testimonio
1587 4760 1881 4830 probaret,

250 4835 504 4907 adjunxit
536 4858 548 4895 :
581 4842 740 4897 Sicut
782 4846 1060 4916 scriptum
1102 4852 1182 4902 est
1212 4865 1230 4902 :
1263 4848 1400 4916 Quia
1448 4865 1559 4905 non
1602 4853 1682 4904 est
1703 4852 1886 4922 justus

252 4926 568 4999 quisquam;
610 4946 724 4986 non
771 4937 854 4988 est
903 4935 1264 5007 intelligens:
1313 4954 1423 4993 non
1469 4941 1548 4993 est
1600 4938 1887 5010 requirens

253 5012 426 5086 Deum,
453 5023 562 5076 etc.
599 5019 674 5076 Ut
701 5021 939 5092 quidam
982 5024 1218 5096 sapiens
1270 5026 1410 5082 dicit
1441 5043 1454 5082 :
1491 5027 1714 5098 Corpus,
1747 5028 1888 5097 quod

255 5109 516 5178 rumpitur
544 5109 717 5182 (151),
746 5120 1007 5181 aggravet
1023 5116 1292 5183 animam,
1315 5118 1366 5172 et
1389 5116 1646 5188 deprimit
1664 5120 1889 5171 terrena

1993 4765 2336 4832 sanguinem.
2372 4765 2485 4820 Hoc
2529 4765 2652 4820 loco
2687 4767 3026 4834 notandum
3076 4765 3236 4836 quia,
3284 4782 3398 4819 non
3430 4765 3531 4832 ait,
3567 4765 3637 4819 ad

1995 4855 2389 4921 currendum;
2425 4871 2539 4909 non
2571 4855 2726 4910 enim
2779 4855 2953 4926 pedes
2985 4854 3263 4925 corporis,
3296 4853 3398 4908 sed
3446 4853 3640 4907 cordis

1994 4942 2120 5000 vult
2148 4942 2416 5016 intelligi,
2450 4945 2506 4999 id
2539 4947 2650 5012 est,
2681 4943 2885 5016 iniqua
2911 4947 3201 4999 malorum
3233 4941 3540 4996 desideria.
3571 4939 3638 4995 Hi

1997 5035 2173 5106 pedes
2197 5033 2422 5090 veloces
2445 5037 2584 5090 sunt
2605 5034 2673 5088 ad
2700 5033 3120 5090 effundendum
3145 5029 3512 5101 sanguinem,
3537 5029 3638 5100 qui

1997 5126 2118 5176 tam
2141 5123 2455 5190 monendo,
2478 5139 2654 5190 quam
2682 5117 3222 5190 suggerendo,alios
3244 5117 3313 5171 ad
3337 5122 3639 5188 peccatum
