4030 5310
385 451 503 510 {59

1411 454 1747 518 ATTONIS
1792 451 2374 517 VERCELLENSIS
2421 455 2774 517 EPISCOPI

3677 455 3803 517 ’160

386 582 732 656 doctrinam,
766 574 824 642 et
843 586 1110 660 exempla
1136 587 1387 654 vivendi,
1418 590 1477 644 in
1510 591 1726 662 quibus
1758 591 1865 648 viis
1897 592 2022 662 qui-
2053 589 2108 656 Α
2137 594 2252 642 "non
2285 586 2385 654 ait,
2427 586 2819 659 consumptio,
2871 587 2994 657 sed,
3027 585 3303 659 cognitio.
3334 586 3459 643 Non
3507 587 3666 643 enim
3699 586 3802 644 lex

384 689 614 746 cunque
643 675 968 744 ambulant,
995 678 1226 734 contriti
1247 685 1302 735 et
1331 680 1591 737 infelices
1613 683 2029 738 reddunturlit

381 766 534 819 viam
557 767 708 836 pacis
759 783 870 821 non
916 774 1295 838 cognoverunt.
1326 770 1493 825 Viam
1547 772 1818 827 similiter
1863 776 2028 827 vocat

385 854 710 909 doctrinam
738 873 751 922 ;
785 872 983 927 paceni
1017 873 1170 926 vero,
1194 859 1511 929 Christum,
1537 862 1606 916 de
1639 879 1752 934 quo
1784 865 2026 933 Aposto-

378 941 478 997 lus
513 959 524 998 :
562 943 811 999 Christus
852 956 928 1000 est
972 964 1088 1018 pare
1115 956 1302 1004 nostra
1349 951 1562 1021 (Ep/ws.
1596 968 1658 1016 Il,
1692 952 1800 1020 14).
1830 951 1899 1004 Et
1940 954 2029 1006 est

384 1048 595 1088 sensus
630 1049 641 1086 :
676 1035 1151 1092 Praadicationem
1185 1037 1396 1093 Christi
1429 1039 1722 1111 suscipere
1751 1041 2026 1111 despexe-

382 1127 541 1176 runt.
576 1121 692 1177 Non
721 1132 801 1179 est
830 1126 1001 1180 timor
1029 1127 1126 1182 Dei
1155 1135 1286 1182 ante
1315 1131 1495 1183 oculos
1523 1144 1729 1184 eorum.
1753 1130 1898 1199 Apte
1925 1128 2025 1184 tali

383 1209 648 1266 clausula
677 1219 982 1284 sumptum
1014 1215 1297 1270 conclusit
1328 1215 1726 1271 testimonium
1763 1233 1774 1270 :
1810 1217 2025 1272 ideirco

381 1299 537 1354 enim
587 1302 862 1356 omnibus
910 1303 1199 1374 praedictis
1244 1305 1399 1359 vitiis
1447 1305 1650 1360 irretiti
1696 1311 1854 1371 sunt,
1889 1307 2028 1378 quia

381 1388 655 1444 timorem
687 1391 786 1446 Dei
821 1408 935 1449 non
967 1392 1316 1449 habuerunt.
1352 1395 1529 1460 Nam,
1555 1397 1788 1466 quando
1820 1413 2025 1451 servus

381 1482 580 1546 peccat
627 1485 912 1549 praesente
961 1482 1198 1537 domino
1228 1483 1256 1537 ?
1303 1483 1646 1555 Quicunque
1693 1484 1872 1555 igitur
1922 1485 2020 1540 Dei

377 1565 647 1622 timorem
681 1586 794 1640 prae
817 1569 1000 1626 oculis
1023 1571 1217 1638 habet,
1241 1589 1356 1627 non
1382 1579 1583 1644 peccat
1609 1592 1620 1628 :
1646 1574 1764 1628 imo
1787 1590 2024 1644 peccare

374 1671 495 1711 non
528 1663 737 1728 potest,
759 1661 888 1729 ejus
910 1660 1098 1731 gratia
1119 1662 1503 1732 praweniente
1531 1666 1586 1717 et
1607 1663 2022 1734 subsequente,

373 1745 550 1815 cujus
571 1746 748 1802 habet
777 1748 1072 1816 timorem,
1098 1749 1251 1805 sicut
1278 1749 1376 1805 ille
1409 1751 1508 1822 qui
1539 1751 1770 1806 dicebat
1802 1769 1814 1806 :
1852 1753 2028 1820 Quasi

376 1839 646 1891 tumentes
663 1839 881 1906 ﬂuctus,
902 1839 980 1893 sic
997 1855 1208 1910 semper
1230 1841 1400 1894 Deum
1427 1841 1594 1895 timui
1612 1840 2020 1912 (Job.xxx1,23).

448 1925 722 2020 Poterant
752 1927 931 2020 igitur
956 1927 1142 1983 Judai
1172 1928 1411 2020 dicere:
1443 1929 1737 2002 Apostole,
1772 1930 1923 2020 nihil
1949 1931 2018 1986 ad
2054 1956 2101 2020 B

376 2030 484 2069 nos
514 2015 723 2070 attinet
753 2015 1044 2087 prolatum
1091 2017 1495 2073 testimonium
1531 2035 1543 2073 :
1578 2035 1692 2073 non
1727 2018 1880 2074 enim
1914 2019 2026 2075 hoc

369 2104 660 2175 propheta
684 2105 755 2160 de
781 2105 1022 2172 Judaeis,
1043 2106 1144 2162 sed
1175 2107 1246 2162 de
1277 2107 1548 2178 gentibus
1571 2107 2022 2180 dixit,quoniam

377 2207 669 2262 nusquam
702 2193 914 2265 legitur
958 2195 1198 2251 Judaeus
1247 2195 1465 2251 dixisse
1500 2213 1512 2250 :
1551 2196 1677 2251 Non
1725 2202 1815 2252 est
1849 2199 2018 2252 Deus.

377 2281 596 2336 Idcirco
646 2299 778 2336 mox
821 2283 1086 2339 subdidit
1131 2301 1143 2338 :
1203 2285 1414 2340 Scimus
1471 2293 1672 2354 autem,
1725 2289 1859 2357 quia
1907 2303 2024 2358 quae

377 2369 526 2440 (154)
558 2371 647 2425 lex
696 2371 963 2442 loquitur,
998 2373 1087 2427 liis
1117 2375 1218 2442 qui
1248 2375 1308 2427 in
1334 2375 1448 2444 tege
1493 2378 1617 2428 sunt
1647 2375 1908 2445 loquitur.
1945 2382 2022 2430 Ac

377 2457 428 2513 si
461 2457 710 2514 diceret:
735 2460 792 2515 Si
821 2461 1102 2532 propheta
1117 2461 1227 2516 hoc
1259 2463 1332 2517 de
1362 2463 1636 2534 gentibus
1652 2463 1815 2533 dixit,
1838 2464 2022 2519 multo

380 2547 569 2619 magis
599 2549 670 2603 de
694 2549 878 2617 vobis,
903 2550 1004 2620 qui
1027 2550 1085 2603 in
1117 2549 1241 2622 lege
1269 2551 1622 2623 gloriamini.
1645 2553 1760 2608 Vos
1783 2554 2023 2620 etenim,

379 2636 486 2691 etsi
521 2653 635 2691 non
683 2637 914 2693 dixistis
957 2639 1066 2694 hoc
1111 2640 1326 2712 verbis,
1361 2640 1590 2696 dixistis
1642 2642 1826 2698 factis.
1863 2642 2025 2698 Unde

381 2723 519 2778 alibi
547 2725 689 2780 dicit
721 2743 733 2780 :
771 2726 1107 2796 Conﬁtentur
1133 2745 1190 2783 se
1220 2745 1376 2784 nosse
1405 2732 1579 2786 Deum
1600 2748 1621 2792 ,'
1650 2733 1814 2802 factis
1843 2735 2025 2786 autem

377 2821 578 2884 negant
609 2814 734 2882 (Tit.
771 2833 810 2884 I,
845 2818 955 2887 16).
987 2821 1100 2872 Cur
1127 2822 1325 2874 autem
1356 2818 1465 2874 hoc
1496 2819 1723 2888 dixerit,
1748 2821 2021 2888 ostendit,

383 2903 750 2975 subjungens
777 2923 789 2960 :
813 2907 874 2962 Ut
893 2922 1052 2962 omne
1079 2923 1136 2963 0s
1165 2908 1500 2972 obstruetur,
1533 2913 1642 2964 etc.
1676 2911 1844 2965 Omne
1863 2909 2022 2978 dicit,

382 2992 438 3046 id
463 2997 572 3058 est,
595 2997 715 3049 tam
733 2995 1089 3061 Judeorum,
1113 3013 1290 3067 quam
1312 2996 1824 3069 gentilium,etiam
1839 2999 2026 3068 justo-

383 3098 538 3151 rum,
559 3082 920 3152 obstruatur,
953 3084 1010 3138 in
1034 3084 1206 3140 laude
1229 3086 1340 3156 sui,
1359 3091 1416 3142 et
1437 3103 1550 3141 non
1574 3087 1884 3158 aperiatur,
1911 3087 2024 3143 nisi

381 3169 440 3224 in
463 3169 634 3227 laude
656 3171 755 3227 Dei
773 3197 786 3240 ;
803 3174 956 3244 quod
981 3178 1122 3229 tunc
1145 3175 1228 3240 fit,
1253 3191 1386 3230 cum
1411 3174 1610 3231 nullus
1633 3176 1757 3232 suis
1779 3177 2026 3242 meritis,

381 3263 483 3314 aut
511 3260 757 3328 viribus,
789 3263 888 3317 sed
921 3279 1124 3320 omnes
1140 3263 1241 3319 Dei
1272 3264 1461 3335 gratia
1482 3282 1544 3320 se
1566 3265 1824 3321 aalvatos
1846 3283 2025 3338 agno-

2139 680 2374 747 peccata
2396 676 2775 742 consumit,id
2798 676 3187 744 est,dimittit;
3214 677 3313 731 sed
3339 680 3568 732 tantum
3600 681 3801 732 osten-

2139 765 2244 819 dit.
2287 765 2496 820 lubere
2527 766 2764 835 quidem
2799 769 3009 836 potest,
3035 766 3242 836 juvare
3271 782 3386 820 non
3418 765 3593 821 valet.
3628 765 3801 822 Unde

2139 853 2277 908 alibi
2309 853 2449 909 dicit
2482 871 2494 909 :
2528 856 2817 910 Peccatum
2864 871 2976 909 non
3022 856 3264 926 cognovi,
3298 855 3412 909 nisi
3438 871 3536 926 per
3565 855 3744 926 legem
3777 872 3797 909 :

2138 943 2449 998 nesciebam
2459 945 2606 998 enim
2618 945 3068 1014 concupiscentia:
3090 943 3237 1015 (156)
3263 943 3475 999 subesse
3481 950 3796 1015 peccatum,

2136 1033 2252 1087 nisi
2264 1033 2354 1087 tea:
2365 1033 2602 1088 diceret:
2619 1035 2735 1088 Non
2749 1034 3108 1104 concupisces.
3119 1033 3348 1088 Poterat
3360 1038 3552 1089 autem
3572 1033 3646 1088 ali
3657 1051 3692 1105 q
3703 1035 3798 1089 uis

2134 1121 2472 1176 Judreorum
2486 1123 3011 1194 respondere:Bene
3026 1121 3798 1194 dicitApostolus,quoniam

2137 1226 2241 1281 per
2259 1211 2444 1283 legem
2469 1212 2724 1282 cognitio
2746 1215 2975 1267 tantum
3002 1211 3311 1283 peccati,et
3331 1211 3470 1282 quia
3489 1228 3603 1266 non
3619 1211 3802 1282 justi-

2137 1300 2344 1354 ficatur
2363 1300 2536 1354 homo
2553 1316 2621 1354 ex
2642 1301 2916 1370 operibus
2942 1299 3108 1372 legis.
3127 1299 3412 1364 Quoniam
3437 1299 3528 1355 lex
3552 1305 3800 1371 peccata

2133 1388 2518 1456 ostendit,sed
2536 1407 2649 1444 non
2673 1389 3528 1457 dimittit.Verumtamen,dum
3553 1389 3800 1461 prepria

2140 1477 2413 1532 voluntas
2447 1495 2594 1548 opus
2625 1477 3190 1548 legisimplet,homo
3213 1478 3573 1547 justiﬁcatur
3594 1494 3796 1532 coram

2134 1566 2272 1621 Deo.
2307 1567 2437 1620 Ideo
2469 1566 2774 1637 subjunxit
2807 1582 2820 1622 :
2853 1568 3007 1631 Nunc
3055 1571 3235 1621 autem
3259 1567 3489 1637 justitia
3535 1567 3639 1621 Dei
3667 1569 3798 1622 sine

2135 1657 2258 1727 lege
2284 1658 2642 1726 manifestata
2691 1663 2787 1710 est.
2821 1654 3121 1711 Justitiam
3170 1655 3269 1710 Dei
3319 1659 3482 1710 vocat
3513 1657 3791 1726 gratiam,

2135 1761 2251 1800 non
2284 1761 2400 1817 qua
2421 1745 2544 1816 ipse
2567 1745 2949 1815 justificatur,
2978 1745 3078 1799 sed
3111 1761 3228 1816 qua
3248 1743 3547 1800 hominem
3570 1744 3790 1814 induit,

2135 1838 2200 1889 ut
2239 1833 2686 1904 justificaretur.
2735 1839 2840 1890 Lex
2887 1834 3042 1889 enim
3084 1833 3276 1905 jubet,
3309 1833 3402 1888 cui
3453 1835 3796 1890 succumbit

2133 1922 2487 1989 inﬁrmitas;
2530 1923 2717 1996 gratia
2767 1924 3028 1992 adjuvat,
3059 1940 3162 1994 per
3209 1939 3384 1994 quam
3438 1923 3796 1980 diffunditur

2131 2011 2409 2068 charitas.
2451 2013 2619 2067 Fides
2653 2012 2929 2084 impetrat
2958 2013 3112 2084 quod
3151 2012 3242 2067 lex
3268 2011 3539 2084 imperat.
3575 2014 3793 2084 Testiﬁ-

2130 2109 2254 2156 cata
2283 2118 2320 2156 a
2350 2103 2463 2171 lege
2491 2110 2542 2156 et
2570 2101 2865 2176 praphetis.
2899 2101 3012 2156 Lex
3042 2100 3358 2173 siquidem,
3380 2105 3437 2156 et
3467 2101 3791 2174 prophetiae

2132 2190 2332 2262 gratiae
2386 2190 2690 2260 perhibent
2739 2191 3162 2246 testimonium.
3208 2191 3323 2245 Lex
3370 2189 3550 2256 enim,
3598 2191 3790 2262 perci-

2134 2278 2343 2350 piendo
2365 2279 2534 2351 (157),
2565 2279 2864 2348 minando,
2889 2284 2942 2334 et
2969 2296 3084 2333 non
3103 2278 3505 2349 justiﬁcando,
3533 2280 3794 2336 ostendit

2128 2385 2249 2423 non
2281 2385 2452 2439 posse
2485 2368 2799 2436 ghominem
2835 2368 3172 2438 justiﬁcari,
3206 2367 3318 2423 nisi
3352 2369 3502 2423 dono
3552 2369 3654 2423 Dei
3689 2385 3795 2441 per

2134 2456 2492 2528 adjutorium
2521 2457 2774 2528 Spiritus
2802 2456 3012 2512 sancti.
3047 2456 3357 2512 Perhibent
3377 2461 3432 2513 et
3463 2457 3792 2530 prophetae,

2135 2546 2438 2618 quoniam,
2471 2563 2596 2616 quae
2627 2545 2711 2600 illi
2742 2546 3154 2618 praedixerunt,
3190 2547 3317 2615 ejus
3349 2547 3634 2602 adventus
3678 2548 3793 2601 im-

2135 2635 2327 2708 plevit.
2363 2636 2429 2689 Et
2479 2634 2618 2706 quia
2667 2633 2759 2689 lex
2807 2639 2864 2689 et
2910 2635 3204 2707 propheta:
3258 2634 3458 2707 gratias
3489 2635 3794 2707 Evangelii

2135 2723 2443 2795 perhibent
2494 2721 2899 2779 testimonium
2934 2740 2949 2778 :
2979 2723 3109 2780 ideo
3156 2723 3441 2779 Dominus
3487 2723 3546 2778 in
3577 2726 3796 2787 ;monte

2134 2812 2492 2868 clarificatus
2523 2811 2739 2867 dicitur
2783 2813 3006 2869 sedisse
3037 2813 3191 2868 inter
3219 2813 3456 2885 Moysen
3487 2817 3544 2867 et
3574 2812 3789 2869 Eliam.

2134 2902 2237 2956 Sed
2289 2901 2430 2973 quid
2480 2906 2588 2965 est,
2622 2902 2777 2972 quod
2832 2901 2992 2969 dicit,
3050 2900 3346 2972 testificata
3393 2919 3428 2956 a
3478 2903 3618 2969 tege,
3651 2919 3793 2957 cum

2135 2990 2482 3063 prmmiserit
2515 3007 2526 3045 :
2561 2992 2715 3046 Nunc
2735 2994 2919 3046 autem
2945 2993 3067 3046 sine
3091 2990 3206 3060 lege
3225 2991 3451 3061 justitia
3479 2992 3576 3046 Dei
3602 2993 3794 3046 mani-

2134 3083 2330 3152 festata
2360 3084 2483 3136 est?
2511 3080 2636 3135 Non
2671 3096 2807 3152 ergo
2857 3080 2937 3135 ita
2965 3078 3430 3151 ,intelligendum
3481 3084 3590 3147 est,
3633 3081 3796 3135 sicut

2134 3171 2311 3225 verba
2333 3186 2540 3225 sonare
2561 3169 2832 3224 videntur
2848 3185 2860 3224 :
2877 3185 3065 3240 neque
3090 3168 3245 3223 enim
3268 3169 3393 3224 sine
3413 3168 3539 3240 lege
3551 3168 3794 3239 justitia

2135 3259 2236 3314 Dei
2273 3258 2648 3313 manifestata
2675 3262 2784 3327 est,
2813 3274 2948 3312 cum
2979 3274 3013 3312 a
3045 3258 3169 3328 lege
3195 3257 3511 3312 testiﬁcata
3533 3257 3645 3324 sit;
3685 3259 3790 3314 sed

381 3354 573 3404 scunt.
608 3351 676 3405 Et
725 3325 970 3406 subditus
1016 3353 1113 3420 ﬁat
1161 3325 1338 3408 omnis
1383 3354 1621 3408 mundus
1658 3355 1784 3410 Deo.
1821 3325 2025 3410 omnis
2055 3325 2097 3392 (Ἰ
2138 3347 2511 3404 manifestata
2539 3325 2902 3417 estjustitia,
2935 3363 3061 3417 quae
3092 3325 3215 3400 erat
3245 3346 3371 3402 sine
3399 3345 3545 3418 lege,
3579 3345 3638 3402 id
3673 3352 3790 3419 est,

384 3439 664 3506 mundus,
697 3439 756 3494 id
798 3444 906 3509 est,
939 3441 1130 3495 omnis
1162 3441 1336 3496 homo
1387 3442 1661 3498 habitans
1691 3443 1750 3498 in
1783 3444 2024 3498 mundo.

383 3524 589 3581 Omnis
617 3529 810 3582 autem
835 3529 1093 3584 mundus
1110 3529 1226 3584 Deo
1251 3530 1524 3585 subditus
1555 3531 1637 3595 fit,
1668 3548 1800 3586 cum
1824 3548 2028 3588 omnes

383 3629 445 3669 se
462 3618 798 3685 peccatores
815 3618 1182 3684 confitentur,
1207 3622 1264 3673 et
1281 3617 1405 3674 sela
1417 3620 1606 3692 gratia
1628 3620 1727 3676 Dei
1752 3621 2024 3677 salvatos.

385 3703 526 3770 Quia
555 3720 666 3758 non
685 3705 1083 3775 justiﬁcabitur
1123 3722 1192 3762 ea:
1219 3707 1471 3778 operibus
1526 3707 1664 3778 legis
1693 3711 1874 3764 omnis
1904 3726 2028 3764 caro

381 3792 703 3848 committo.
729 3793 934 3848 Omnis
966 3810 1120 3862 caro,
1144 3795 1200 3849 id
1223 3801 1333 3861 est,
1357 3797 1550 3852 omnis
1572 3796 1767 3853 homo.
1791 3800 1835 3852 A
1869 3803 2029 3870 parte

382 3884 593 3949 totum,
622 3881 762 3952 sive,
795 3883 988 3939 omnis
1017 3884 1193 3939 homo
1243 3885 1555 3941 carnaliter
1581 3886 1780 3942 vivens
1812 3892 1866 3942 et
1897 3904 2028 3943 sen-

386 3968 557 4024 tiens.
585 3974 735 4024 Bene
757 3973 951 4026 autem
975 3971 1188 4026 dicitur
1210 3987 1223 4026 :
1248 3987 1354 4028 non
1369 3973 1766 4044 justiﬁcabitur
1793 3991 1861 4029 ea:
1902 3991 2029 4047 ope-

384 4058 544 4112 ribus
574 4059 708 4129 tegis
729 4061 906 4115 omnis
924 4075 1052 4115 caro
1082 4076 1267 4116 coram
1295 4062 1392 4116 illo
1407 4078 1428 4124 ;
1461 4061 1598 4134 quia
1619 4061 1712 4118 lex
1733 4064 2029 4120 neminem

387 4147 456 4202 ad
481 4148 803 4219 perfectum
827 4149 974 4219 (155)
1011 4150 1270 4206 adduxit.
1299 4152 1444 4206 Dum
1469 4151 1649 4218 enim,
1677 4153 1816 4223 quid
1843 4153 2029 4208 vitan-

385 4236 527 4290 dum
551 4235 644 4304 sit,
671 4236 886 4308 aliquis
911 4253 1015 4308 per
1034 4237 1220 4309 legem
1239 4239 1525 4310 agnoscit,
1551 4239 1659 4293 nisi
1683 4239 1880 4295 divina
1908 4257 2034 4312 gra-

387 4324 467 4379 tia
495 4325 823 4396 adjuvetur,
858 4330 923 4381 ut
951 4331 1173 4394 caveat,
1205 4327 1295 4382 lex
1325 4329 1489 4397 iram,
1514 4327 1570 4382 id
1601 4327 2032 4397 est,vindictam

387 4418 662 4484 operatur
695 4430 708 4467 :
743 4414 898 4468 unde
947 4413 1122 4486 paulo
1161 4415 1407 4470 inferius
1454 4415 1668 4471 dicitur
1701 4434 1712 4471 :
1747 4419 1858 4472 Lex
1886 4419 2036 4474 iram

385 4505 662 4572 operatur.
697 4501 796 4557 Ille
827 4502 1020 4573 itaque
1040 4519 1108 4558 ex
1139 4503 1412 4575 operibus
1433 4503 1579 4575 legis
1610 4521 1725 4560 non
1748 4506 2035 4576 justitica-

387 4589 564 4658 bitur,
601 4589 720 4661 qui,
755 4607 902 4661 opus
931 4589 1076 4663 legis
1108 4591 1424 4663 implendo,
1458 4609 1573 4648 non
1624 4593 1822 4666 gratiae
1855 4595 2033 4650 mise-

2137 3453 2315 3508 quam
2347 3436 2502 3490 Deus
2552 3451 2655 3506 per
2702 3451 2820 3490 suae
2869 3433 3067 3506 gratiae
3111 3433 3394 3490 auxilium
3442 3435 3793 3493 hominibus

2144 3524 2415 3591 contulit,
2449 3523 2576 3580 sine
2604 3522 2723 3578 ullo
2755 3523 2901 3595 legis
2953 3523 3263 3595 adiutorio.
3297 3524 3634 3579 Notandum
3689 3529 3785 3580 est

2137 3613 2336 3686 igitur,
2370 3613 2507 3684 quia
2539 3611 2844 3682 Apostolus
2875 3611 3194 3667 multarum
3227 3611 3421 3684 legum
3449 3612 3584 3668 facit
3624 3630 3800 3669 men-

2140 3703 2375 3770 tionem,
2400 3699 2621 3756 scilicet
2650 3699 2796 3772 legis
2826 3704 3071 3769 naturze,
3102 3700 3348 3771 scriptae,
3372 3701 3592 3772 gratiae,
3618 3717 3790 3758 men-

2137 3791 2234 3857 tis,
2269 3790 2694 3857 membrorum,
2713 3792 2889 3860 atque
2919 3789 3157 3860 peccati.
3187 3790 3437 3861 Ideoque
3457 3790 3707 3845 solerter
3733 3791 3796 3847 in

2139 3895 2494 3951 unoquoque
2540 3877 2665 3934 loco
2713 3878 3146 3949 inspiciendum
3195 3877 3439 3933 sollicite
3493 3879 3647 3949 (158)
3677 3887 3798 3949 est,

2139 3969 2211 4023 de
2241 3985 2359 4039 qua
2388 3967 2514 4040 lege
2535 3967 2827 4038 loquatur.
2851 3968 2932 4023 De
2959 3966 3087 4039 lege
3117 3967 3334 4038 quippe
3365 3967 3508 4022 dicit
3529 3972 3757 4026 naturae
3783 3987 3797 4025 :

2138 4059 2222 4111 Ea:
2253 4058 2506 4128 operibus
2538 4057 2670 4126 legis
2699 4073 2809 4112 non
2828 4055 3233 4128 justi/icabztur
3260 4057 3437 4112 omnis
3456 4073 3583 4113 caro
3604 4074 3800 4114 coram

2139 4144 2279 4206 illo;
2309 4149 2366 4199 et
2415 4145 2553 4198 item
2589 4162 2601 4199 :
2634 4148 2740 4198 Per
2779 4146 2950 4215 legem
2994 4145 3232 4214 cognitio
3276 4147 3483 4215 peccati
3508 4165 3529 4213 ;
3559 4149 3616 4200 et
3643 4146 3798 4216 {rur-

2142 4251 2274 4289 sum
2307 4251 2320 4287 :
2352 4237 2513 4289 Nunc
2541 4239 2729 4287 autem
2756 4234 2876 4288 sine
2921 4233 3039 4302 tege
3057 4234 3284 4304 justitia
3312 4235 3410 4289 Dei
3438 4236 3803 4305 manifesta-ta

2143 4327 2238 4378 est.
2265 4322 2544 4377 Praeterea
2575 4323 2919 4391 notandum,
2945 4321 3083 4392 quia
3103 4321 3289 4378 multa
3306 4323 3800 4394 videturAposto-

2144 4410 2236 4466 lus
2258 4411 2366 4466 hoc
2386 4410 2512 4466 loco
2533 4411 2724 4465 dicere
2751 4411 2820 4466 ad
2847 4410 3121 4481 injuriam
3152 4409 3318 4483 legis,
3340 4411 3586 4466 Videtur
3613 4412 3797 4468 etiam

2143 4516 2420 4556 evacuare
2451 4499 2721 4556 liberium
2766 4499 3075 4555 arbitrium
3101 4515 3114 4568 ;
3149 4503 3206 4554 et
3252 4499 3468 4555 idcirco
3497 4499 3596 4555 hic
3626 4499 3798 4558 locus

2142 4591 2313 4644 caute
2342 4587 2628 4659 legendus
2676 4592 2780 4643 est.
2814 4587 2961 4644 Nam
3013 4587 3336 4656 sciendum,
3370 4587 3508 4659 quia
3537 4593 3800 4660 quatuor

387 4677 573 4733 rantis
608 4677 732 4744 Dei,
765 4679 865 4734 sed
900 4679 1012 4734 sibi
1044 4680 1304 4736 ascribit.
1340 4683 1410 4736 Et
1439 4680 1578 4753 quia
1606 4685 1801 4754 potest
1820 4681 2033 4755 aliquis
2062 4697 2110 4762 D
2151 4682 2292 4734 sunt
2320 4678 2560 4749 gradus.
2609 4677 2842 4732 Primus
2891 4680 3027 4732 ante
3079 4677 3276 4732 datam
3325 4674 3536 4748 legem,
3571 4676 3633 4731 in
3663 4676 3797 4751 lege

383 4767 563 4822 videri
589 4767 790 4838 justus
813 4768 967 4840 apud
992 4767 1442 4835 homines,‘cum
1474 4769 1550 4825 sit
1569 4772 1854 4842 reprobus
1874 4772 2030 4844 apud
2141 4766 2364 4822 scilicet
2409 4771 2651 4820 naturae.
2705 4765 3010 4820 Secundus
3058 4768 3190 4836 post
3235 4763 3422 4837 legem
3472 4765 3694 4833 datam,
3731 4767 3794 4822 in

385 4855 590 4923 Deum,
625 4855 754 4912 ideo
785 4855 866 4911 ait
897 4873 911 4910 :
948 4857 1150 4912 Coram
1196 4857 1322 4913 illo.
1359 4858 1503 4913 Hinc
1552 4859 1622 4913 de
1670 4859 1946 4914 Zacharia
1977 4865 2034 4914 et

385 4943 678 5000 Elisabeth
721 4943 936 5000 dicitur
967 4962 979 5000 :
1011 4948 1185 5000 Erant
1221 4945 1366 5016 justi
1393 4946 1548 5002 ambo
1579 4950 1709 5002 ante
1736 4948 2032 5002 Dominum

385 5035 538 5104 (Luc.
570 5051 610 5104 ι,
642 5034 720 5104 ὃ).
754 5035 864 5090 Sed
888 5035 1026 5104 quia
1056 5038 1282 5104 poterat
1310 5035 1382 5090 ad
1413 5035 1536 5090 haec
1552 5034 1767 5104 aliquis
1791 5035 1980 5091 dicere
2013 5051 2026 5090 :

2137 4854 2266 4926 lege
2290 4854 2494 4926 Moysi.
2523 4854 2750 4910 Tertius
2771 4854 2884 4926 sub
2925 4853 3133 4926 gratia,
3156 4852 3424 4909 videlicet
3443 4853 3503 4908 in
3534 4857 3796 4927 Evange-

2138 4944 2235 5001 lio.
2260 4946 2513 5009 Quartus
2543 4944 2652 5000 sub
2679 4960 2838 5015 pace,
2867 4943 3024 5014 quod
3047 4942 3156 4998 erit
3185 4943 3246 4997 in
3269 4943 3488 4998 futuro.
3510 4945 3573 4998 In
3596 4943 3793 5016 primo

2137 5032 2430 5088 trahimur
2459 5031 2679 5089 carnali
2701 5031 3195 5102 concupiscentia,
3217 5035 3275 5087 et
3289 5033 3627 5103 sequimur;
3647 5034 3793 5104 quia
