4030 5310
207 272 303 331 161

764 264 1181 325 EXPOSITIO
1226 266 1302 325 IN
1354 265 1776 325 EPISTOLAS
1825 263 2079 325 PAULI.
2112 296 2188 306 —
2229 266 2305 323 ΙΝ
2352 264 2601 324 EPIST.
2652 268 2751 325 AD
2800 268 2986 329 ROM.

3463 271 3577 331 162

203 406 362 460 vitare
391 414 500 453 non
524 412 840 467 possumus
874 414 888 465 ;
922 398 1222 468 quoniam,
1257 414 1389 452 cum
1424 398 1570 468 (159)
1602 414 1810 452 secun-

1960 396 2091 450 uine
2118 397 2265 465 (161)
2306 398 2445 467 Agni
2500 400 2920 454 incontaminati
2947 404 2999 455 et
3029 400 3375 460 immuculali
3416 406 3578 460 Jesus

204 495 325 549 dum
356 488 536 558 legem
568 485 754 540 vivere
786 485 1077 556 volumus,
1112 486 1450 541 inﬁrmitate
1490 486 1821 541 succumbi~

206 595 321 636 mus
350 575 511 645 (100).
544 575 612 628 Et
646 578 807 629 tanto
839 575 1027 647 magis
1059 574 1350 645 dolemus,
1387 586 1632 645 quanto,
1668 575 1821 646 quod

204 666 483 723 vitandum
515 668 624 733 est,
657 663 1223 735 agnoscimus,quod
1256 665 1437 718 vitare
1469 681 1582 719 non
1616 681 1823 734 possu-

209 774 343 814 mus.
376 755 434 809 In
458 752 630 808 tertio
662 770 821 820 vero,
852 753 907 806 id
939 757 1050 818 est,
1084 754 1141 807 in
1176 754 1364 825 gratia
1393 753 1825 824 Evangelii,nec

210 846 495 909 trahimur,
530 859 634 897 nec
678 842 1026 912 sequimur;
1060 844 1162 899 sed
1226 848 1555 914 pugnantes
1613 860 1824 897 concu-

211 932 493 1009 piscentiis
518 931 711 986 carnis
726 932 1056 987 resistimus
1074 949 1085 986 :
1105 932 1303 1002 et,nisi
1334 937 1539 1003 sponte
1562 947 1829 986 succum-

211 1026 419 1082 bamus,
452 1020 649 1075 divina
678 1019 867 1091 gratia
913 1021 1098 1089 adjuti
1148 1038 1499 1093 superamus
1560 1021 1728 1091 (161).
1766 1020 1827 1074 In

205 1116 387 1185 quarto
416 1126 550 1164 vero
583 1107 815 1163 nullum
846 1126 981 1164 cum
1014 1108 1171 1163 vitiis
1200 1110 1309 1165 erit
1362 1114 1680 1175 certamen,
1728 1108 1829 1163 sed

204 1205 355 1257 erunt
385 1198 657 1254 homines
687 1198 802 1253 Deo
831 1203 888 1253 et
920 1198 1142 1270 angelis
1174 1198 1545 1254 similes.Sub
1583 1198 1674 1253 his
1706 1214 1833 1269 gra-

206 1290 357 1345 dibus
388 1286 641 1359 populus
678 1287 773 1341 Dei
801 1304 902 1358 per
951 1287 1257 1343 intervalla
1309 1292 1639 1359 temporum
1700 1288 1829 1341 fuit.

204 1378 518 1434 Notandum
551 1392 803 1447 quoque,
838 1376 977 1447 quia
1005 1376 1319 1448 Apostolus
1351 1394 1465 1432 non
1497 1375 1830 1431 destruitli-

202 1470 384 1523 herum
416 1464 757 1536 arbitrium,
792 1466 945 1536 quod
980 1465 1171 1537 primo
1216 1465 1439 1520 homini
1489 1481 1832 1520 concessum

202 1562 293 1623 est,
326 1559 408 1621 ut,
440 1554 501 1608 si
545 1553 737 1619 vellet,
797 1570 913 1608 non
946 1558 1227 1624 peccaret.
1264 1554 1397 1619 Sed,
1456 1553 1595 1624 quia
1652 1552 1835 1608 semel

201 1646 553 1699 inﬁrmatam
585 1646 692 1711 est,
721 1642 791 1696 ad
826 1642 933 1696 hoc
974 1659 1160 1714 usque
1218 1641 1497 1714 pervenit,
1545 1647 1611 1697 ut
1658 1643 1833 1697 etiam

1943 487 2151 540 Christi
2179 488 2397 540 Domini
2427 490 2621 542 nostri.

2006 574 2282 645 Sequitur
2314 590 2326 629 :
2363 576 2530 642 Quem
2556 579 2838 648 proposuit
2864 583 3006 632 Deus
3026 580 3469 649 propitiationem
3482 600 3580 653 per

1934 665 2093 733 ﬁdem
2126 666 2179 717 in
2212 666 2480 734 sanguine
2504 666 2692 734 ipsius.
2712 666 2863 721 Deus
2888 672 3051 739 pater
3080 668 3286 722 Filium
3302 671 3582 742 propitia-

1934 753 2151 807 tionem
2184 754 2645 824 proposuit.cum
2679 772 2813 810 eum
2844 761 2977 811 ante
2995 756 3208 812 saacula
3227 775 3329 829 pro
3350 761 3580 814 redem-

1938 842 2134 912 ptione
2166 842 2408 896 humani
2436 842 2739 913 generisin
2775 846 3064 899 mundum
3089 846 3322 901 mittere
3354 849 3580 917 praede-

1939 930 2173 983 stinavit
2205 947 2217 983 :
2254 946 2429 1001 quem
2463 931 2930 1003 propinationem
2985 933 3138 1003 fecit,
3170 951 3305 988 cum
3338 936 3449 989 sibi
3483 953 3585 1007 pro

1941 1018 2338 1089 redemptione
2358 1019 2663 1073 hominum
2698 1020 2752 1073 in
2788 1038 2887 1075 ara
2911 1022 3101 1076 crucis
3124 1022 3431 1079 obtulit.Et
3451 1030 3586 1095 apte

1940 1107 2081 1161 dicit
2113 1125 2123 1160 :
2159 1108 2221 1161 In
2240 1110 2511 1176 sanguine
2542 1110 2850 1178 ipsius.Pro
2884 1110 3189 1181 sanguinis
3221 1112 3436 1185 quippe
3459 1115 3589 1183 ejus

1946 1195 2227 1250 ell‘usione
2247 1196 2395 1249 facta
2416 1204 2503 1250 est
2526 1198 2793 1252 remissio
2817 1204 3186 1269 peccatorum
3212 1217 3224 1254 :
3248 1202 3404 1255 unde
3430 1202 3585 1257 idem

1941 1284 2274 1356 Apostolus,
2306 1287 2424 1339 sine
2468 1289 2767 1357 sanguine,
2802 1288 3011 1359 inquit,
3071 1304 3180 1343 non.
3210 1291 3274 1359 fit
3336 1293 3588 1346 remissio

1944 1374 2135 1443 (Hebr.
2171 1391 2249 1438 x1,
2280 1375 2390 1444 23).
2428 1374 2572 1449 llinc
2601 1380 2707 1443 est,
2740 1378 2894 1447 quod
2929 1377 3191 1432 omnium
3239 1379 3587 1435 animalium

1944 1463 2206 1531 sanguis,
2240 1479 2367 1533 quas
2400 1463 2858 1519 immolabantur
2888 1465 2946 1520 in
2986 1466 3226 1537 templo,
3260 1484 3361 1540 pro
3393 1469 3587 1541 expia-

1944 1552 2100 1606 tione
2132 1551 2338 1607 animae
2399 1553 2589 1607 offerri
2650 1553 3003 1625 praecipitur.
3080 1556 3157 1610 Ad
3226 1561 3590 1615 ostensionem

1945 1642 2175 1707 iustitiae
2204 1656 2341 1697 sua}.
2370 1643 2627 1712 Iustitiae,
2660 1642 2715 1695 id
2749 1646 2835 1697 est
2863 1643 3084 1715 gratiae.
3121 1647 3362 1715 Propter
3394 1650 3589 1703 remis—

201 1734 381 1789 nolens
409 1742 706 1804 peccaret.
740 1732 907 1787 Nunc
939 1736 1135 1787 autem
1167 1732 1269 1786 Dei
1312 1732 1503 1804 gratia
1533 1732 1613 1787 ita
1643 1732 1832 1787 reddi-
1865 1766 1914 1828 Β
1944 1732 2152 1785 sionem
2180 1730 2608 1801 praecedentium
2645 1730 3051 1798 delictorum,id
3085 1738 3192 1805 est,
3212 1735 3589 1807 originalium

199 1830 307 1878 tum
344 1828 399 1878 et
429 1821 762 1876 solidatum
791 1825 899 1886 est,
934 1825 999 1876 ut
1020 1838 1134 1876 non
1165 1822 1335 1876 modo
1368 1838 1481 1875 non
1530 1834 1838 1892 peccemus

203 1914 283 1967 sed
316 1912 499 1966 etiam
534 1912 661 1979 ejus
692 1910 881 1981 gratia
906 1910 1287 1981 prazveniente
1316 1914 1373 1965 ct
1422 1912 1835 1981 subsequente,

200 2003 413 2065 bonum,
448 1999 622 2070 quod
655 1998 945 2068 volumus,
979 1998 1222 2069 implere
1254 1998 1573 2071 possimus.

260 2089 787 2161 Sequiturzlustilia
816 2097 1004 2143 autem
1039 2088 1132 2143 Dei
1157 2104 1257 2159 per
1277 2088 1448 2156 [idem
1468 2090 1601 2143 lusu
1627 2088 1843 2143 Christi

212 2195 342 2249 super
367 2193 564 2233 omnes
595 2177 741 2248 (162)
769 2178 868 2248 qui
897 2176 1142 2231 credunt.
1176 2176 1433 2244 Justitia,
1498 2181 1562 2231 ut
1617 2178 1838 2232 dictum

221 2272 309 2334 est,
334 2268 583 2339 gratiam
615 2270 779 2321 vocat
820 2284 833 2333 ;
864 2265 1023 2337 quia,
1058 2283 1172 2320 non
1206 2266 1349 2337 ipse,
1383 2266 1483 2321 sed
1513 2284 1618 2321 nos
1642 2266 1841 2336 justfi-

212 2354 711 2412 camur.Similiter
727 2359 782 2410 et
816 2355 988 2410 ﬁdem
1022 2354 1255 2423 Christi,
1276 2372 1392 2410 non
1426 2372 1541 2426 qua
1572 2355 1842 2411 Christus

207 2445 395 2512 credit,
450 2445 557 2500 sed
617 2460 735 2515 qua
780 2444 1050 2499 homines
1110 2444 1357 2499 credunt
1406 2444 1463 2498 in
1521 2443 1840 2498 Christum.

203 2532 521 2605 Utrumque
554 2532 735 2605 igitur
764 2537 1030 2588 nostrum
1053 2537 1162 2599 est,
1194 2532 1251 2587 id
1283 2536 1391 2600 est,
1425 2533 1755 2603 etjustitia,
1789 2536 1845 2587 et

197 2621 333 2677 ﬁdes
368 2640 381 2690 ;
418 2622 526 2677 sed
564 2622 660 2675 Dei
693 2638 819 2677 esse
849 2622 1127 2676 dicuntur
1161 2647 1174 2689 ;
1208 2622 1346 2693 quia
1397 2622 1525 2692 ejus
1579 2621 1846 2693 largitate

196 2710 363 2766 nobis
375 2711 895 2782 donantur.Super
908 2726 1256 2765 omnesvero
1276 2710 1439 2776 dicit,
1472 2715 1590 2766 tam
1612 2712 1847 2767 Judaeos

188 2816 364 2869 quam
400 2804 659 2867 Grmcos,
710 2804 830 2854 tam
884 2799 1199 2870 sapientes,
1252 2815 1428 2869 quam
1480 2799 1845 2870 insipientes.

186 2887 347 2944 Unde
383 2905 532 2943 mox
564 2888 837 2943 subditur
870 2906 882 2942 :
915 2889 1032 2942 Non
1060 2891 1209 2942 enim
1229 2892 1303 2942 est
1320 2888 1622 2957 distinctio,
1652 2888 1851 2941 subin-

176 2978 505 3049 telligitur,
537 2976 726 3030 Judaei
754 2980 811 3031 et
840 2976 1042 3029 Οτι-θεοί.
1076 2978 1191 3030 Cur
1222 2992 1336 3030 non
1364 2975 1440 3029 sit
1495 2974 1847 3042 disctinctio,

174 3064 798 3121 demonstraLOmnes
828 3065 976 3117 enim
1002 3067 1381 3133 peccaverunt.
1407 3062 1605 3117 Gratia
1633 3063 1849 3134 quippe

1947 1824 2471 1890 peccatorum,quae
2504 1821 2669 1875 nobis
2685 1822 3099 1891 perjustitiam
3124 1824 3221 1877 Dei
3256 1825 3429 1878 simul
3457 1844 3589 1882 cum

1949 1908 2183 1961 amissis
2214 1910 2361 1979 (165)
2393 1908 2680 1978 laxantur,
2713 1910 2772 1963 in
2796 1913 3194 1966 sustentulione
3222 1914 3324 1967 Dei
3353 1921 3593 1971 ostensa

1949 1997 2293 2066 estjustitia
2323 1998 2471 2066 (166)
2504 1999 2651 2067 ejus;
2674 2000 3057 2069 quia,quanto
3076 2001 3330 2072 amplius
3361 2009 3592 2059 susten-

1949 2090 2034 2139 tat
2063 2086 2351 2153 inﬁrmos,
2386 2092 2449 2139 ut
2476 2092 2908 2153 convertantur,
2942 2093 3100 2143 tanto
3159 2091 3346 2162 magis
3392 2093 3593 2162 justus

1952 2190 2077 2229 esse
2109 2176 2457 2229 ostenditur.
2493 2177 2648 2229 lntcr
2677 2178 3164 2233 sustentationem
3208 2182 3386 2248 enim,
3418 2187 3474 2235 et
3502 2200 3594 2254 pa-

1950 2263 2215 2317 tientiam
2250 2264 2353 2318 hoc
2378 2264 2736 2335 distat,quod
2771 2267 3118 2321 sustentatio
3151 2267 3209 2322 in
3242 2268 3333 2323 bis
3365 2272 3595 2342 proprie

1952 2358 2040 2407 est
2071 2352 2171 2424 qui
2204 2352 2545 2407 inﬁrmitate
2578 2358 2837 2425 peccant,
2872 2354 3153 2426 patientia
3182 2364 3379 2414 autem
3411 2361 3468 2414 in
3503 2361 3596 2416 his

1954 2442 2050 2514 qui
2085 2441 2278 2513 potius
2299 2442 2689 2509 voluntate,Et
2718 2448 2848 2514 apte
2877 2445 3079 2499 subdit
3103 2461 3115 2499 :
3140 2446 3205 2499 In
3236 2446 3335 2503 hoc
3356 2458 3597 2517 tempore

1956 2532 2232 2603 quoniam
2254 2530 2361 2585 hoc
2376 2548 2630 2602 prazsens
2660 2537 2893 2603 tempus
2908 2533 3059 2589 Deus
3093 2536 3441 2606 pmnitudini
3464 2556 3597 2595 con-

1955 2620 2148 2688 cessit,
2183 2621 2445 2675 futurum
2477 2621 2847 2690 verojudicio
2870 2623 3186 2693 deputavit.
3201 2625 3472 2698 Alioquin
3506 2631 3593 2684 in-

1948 2711 2109 2779 juste
2138 2709 2348 2780 impios
2376 2710 2582 2781 punire
2612 2710 2921 2777 videretur,
2956 2712 3003 2766 si
3036 2713 3120 2767 eis
3151 2714 3378 2769 nullum
3414 2718 3594 2787 poeni-

1956 2799 2147 2853 tentiae
2180 2804 2411 2868 tempus
2444 2800 2736 2855 concedet.
2774 2802 2837 2856 Ut
2855 2802 2929 2855 sit
2958 2802 3069 2873 ipse
3107 2804 3315 2873 justus,
3349 2814 3400 2860 et
3421 2807 3592 2877 justi-

1958 2888 2150 2955 ﬁeans.
2181 2888 2391 2941 Justus
2440 2888 2498 2941 in
2529 2904 2590 2942 se
2624 2888 2999 2957 ;justilicans
3030 2890 3173 2947 alios
3206 2910 3310 2964 per
3340 2911 3400 2951 se
3435 2913 3447 2951 :
3483 2898 3597 2953 nisi

1960 2975 2116 3028 enim
2145 2980 2297 3029 esset
2318 2976 2540 3045 justus,
2572 2976 2717 3031 alios
2742 2979 3067 3047 justiﬁcare
3096 2999 3210 3036 non
3254 2990 3468 3053 posset.
3504 2988 3599 3057 Et,

1962 3067 2026 3117 ut
2056 3064 2550 3134 ostenderet,quia
2578 3081 2691 3117 non
2716 3067 3596 3141 omnesjustiﬁcaret,adjunxit:

172 3152 525 3210 Salvatoris
560 3151 876 3207 adveniens
907 3168 1111 3207 omnes
1135 3150 1577 3223 praevaricantes
1604 3152 1843 3207 invenit.
1879 3130 1921 3195 Ο
1959 3154 2117 3218 Eum,
2140 3154 2236 3222 qui
2262 3168 2332 3207 ea:
2358 3152 2463 3221 ﬁde
2494 3161 2573 3207 est
2591 3158 2729 3210 Jesu
2760 3155 2987 3211 Christi.
3034 3158 3094 3211 In
3152 3175 3267 3229 quo
3296 3161 3450 3216 dicto
3481 3164 3600 3217 evi-

178 3243 349 3299 Unde
384 3242 557 3296 idem
589 3240 904 3312 Apostolus
935 3239 1072 3294 alibi
1107 3258 1119 3294 :
1157 3241 1440 3295 Conelusit
1472 3242 1614 3295 Deus
1662 3243 1851 3297 omnia

172 3334 268 3389 sub
297 3332 541 3404 peccato
572 3330 722 3401 (Gal.
759 3347 843 3396 ιιι,
879 3330 987 3400 12).
1020 3330 1087 3382 Et
1118 3333 1274 3399 egent
1300 3330 1478 3399 gloria
1508 3331 1620 3385 Dei.
1654 3330 1851 3386 Gloria

176 3425 229 3479 id
262 3427 358 3479 est
391 3419 618 3494 gratia,
653 3436 756 3491 per
786 3435 959 3491 quam
985 3418 1348 3490 glorificatur
1373 3421 1853 3491 DeusJustiﬁcali

177 3515 353 3584 gratis
386 3527 497 3583 per
526 3512 770 3580 gratiam
798 3510 997 3580 ipsius.
1031 3508 1306 3579 Cratis,id
1330 3509 1624 3578 est,nullis
1647 3528 1852 3583 praece-

187 3601 487 3657 dentibus
542 3597 789 3652 meritis.
843 3598 946 3651 Per
1008 3597 1458 3668 redemptionem,
1517 3615 1634 3670 quae
1682 3603 1850 3656 estin

180 3691 407 3745 Christo
442 3690 581 3745 Jesu
612 3688 840 3741 Domino
868 3690 1051 3740 nostra
1083 3687 1253 3757 (163).
1288 3686 1350 3741 In
1381 3704 1447 3741 eo
1499 3689 1654 3758 quod
1688 3689 1847 3758 dicit,

176 3779 663 3851 redemptionem
676 3774 950 3844 ,ostendit
967 3792 1072 3829 nos
1086 3775 1344 3845 captivos
1359 3776 1568 3831 fuisse:
1589 3780 1852 3832 etrevera

178 3870 284 3923 sub
319 3864 682 3939 captivitate
715 3863 931 3918 diaboli
964 3864 1331 3918 tenebamur.
1368 3864 1528 3919 Unde
1559 3864 1685 3935 ipse
1711 3865 1852 3921 dicit

176 3974 277 4027 per
330 3955 702 4029 prophetam
751 3970 763 4008 :
810 3954 870 4007 In
943 3952 1238 4007 sceteribus
1292 3954 1486 4007 vestris
1546 3953 1853 4009 venundati

176 4048 302 4101 estis
334 4066 354 4101 ,ο
388 4047 445 4101 et
480 4046 549 4098 in
578 4043 813 4114 peccatis
842 4040 1033 4095 dimisi
1050 4044 1284 4096 matrem
1312 4043 1548 4096 vestram
1578 4042 1847 4115 (Isa.L,1);

176 4142 227 4188 et
253 4135 401 4190 item
430 4151 444 4190 :
484 4131 673 4187 Gratis
704 4130 1005 4185 venundati
1033 4132 1179 4195 estis,
1211 4134 1263 4185 et
1302 4132 1424 4185 sine
1454 4140 1674 4200 argento
1704 4132 1849 4187 redi-

176 4225 430 4279 memini.
471 4223 545 4277 In
578 4219 931 4292 quibusdam
961 4218 1395 4290 exemplaribus
1419 4219 1711 4275 invenitur
1729 4223 1851 4277 sine

172 4315 369 4381 pretio,
406 4310 520 4367 ubi
560 4308 1039 4364 subaudiendum
1073 4312 1161 4363 est
1190 4325 1297 4363 non
1328 4317 1500 4364 vestro
1531 4311 1663 4380 quia
1710 4328 1846 4366 meo.

177 4400 249 4456 De
277 4402 392 4458 hoc
426 4398 633 4473 pretio
661 4398 816 4452 idem
840 4396 1155 4469 Apostolus
1187 4397 1325 4451 alibi
1349 4397 1703 4469 dicit:Empti
1723 4402 1850 4455 estis

1959 3242 2163 3296 denter
2192 3242 2443 3296 ostendit
2473 3242 2610 3313 quia
2640 3242 2840 3299 nullus
2872 3249 3079 3315 potest,
3115 3247 3227 3302 nisi
3258 3266 3362 3321 per
3385 3250 3600 3307 Christi

1960 3330 2157 3397 ﬁdem,
2185 3330 2485 3401 jutiﬁcari.

2033 3419 2229 3489 Igitur,
2263 3420 2401 3491 quia
2429 3420 2611 3475 Judaei
2635 3422 2704 3477 de
2727 3421 2871 3494 legis
2896 3425 3172 3495 operibus
3196 3427 3605 3499 gloriabantur

1960 3508 2339 3580 quaastionem
2374 3511 2678 3581 proposuit
2734 3512 2838 3579 eis,
2901 3513 3100 3570 dicens
3133 3532 3145 3571 :
3184 3518 3330 3588 (167)
3366 3520 3464 3575 Ubi
3518 3525 3602 3576 est

1957 3598 2215 3667 gloriatio
2248 3604 2343 3653 tua
2371 3602 2395 3651 Ρ
2424 3600 2503 3654 Ac
2535 3600 2581 3654 si
2633 3600 2853 3656 diceret
2885 3618 2897 3655 :
2932 3603 2989 3658 Si
3022 3605 3211 3675 gratia
3243 3606 3340 3660 Dei
3396 3624 3601 3664 omnes

1959 3691 2291 3757 peccatores
2323 3687 2624 3755 invenit,et
2653 3689 2833 3759 gratis
2855 3691 3344 3761 justiﬁcavit,non
3371 3702 3462 3751 est
3493 3714 3601 3752 un-

1966 3775 2036 3829 de
2090 3774 2441 3845 gloriemini.
2493 3776 2908 3834 Gloriationcm
2964 3786 3160 3837 autem
3213 3801 3329 3839 non
3386 3802 3604 3854 veram,

1958 3867 2017 3917 et
2047 3861 2399 3917 laudabilem
2432 3864 2592 3931 dicit,
2637 3866 2736 3919 sed
2797 3868 3230 3938 detestabilem,
3284 3878 3341 3927 et
3367 3875 3599 3945 falsam,

1960 3968 2088 4022 quae
2114 3952 2413 4007 descendit
2463 3969 2531 4007 ex
2578 3955 2871 4024 superbia.
2904 3960 2970 4010 Et
3025 3958 3163 4029 quia
3221 3963 3602 4031 quaestionem

1957 4039 2176 4095 Judazis
2207 4042 2606 4112 proposuit,ex
2628 4059 2735 4097 sua
2766 4060 3017 4115 persona
3044 4049 3347 4118 respondit
3376 4050 3599 4107 dicens:

1958 4130 2179 4184 exclusa
2207 4139 2302 4198 est,
2337 4131 2391 4184 id
2426 4136 2531 4198 est,
2566 4132 2791 4202 abjccta
2822 4138 2879 4188 et
2934 4134 3139 4205 ejecta.
3204 4137 3272 4191 Et
3301 4154 3373 4192 ne
3433 4142 3600 4211 puta-

1960 4223 2089 4275 rent
2118 4220 2265 4291 (168)
2297 4219 2589 4276 exclusam
2623 4238 2725 4293 per
2754 4222 2938 4294 legem
2986 4224 3183 4297 Moysi,
3216 4225 3345 4281 ideo
3399 4228 3602 4283 subdi-

1960 4309 2089 4363 dit:
2125 4314 2230 4364 Per
2285 4327 2447 4382 quam
2508 4313 2680 4380 legem
2716 4313 2742 4366 ?
2770 4314 3042 4382 factorum
3088 4315 3115 4369 ‘I
3145 4316 3287 4370 Non.
3350 4316 3451 4372 Sed
3504 4334 3605 4389 per

1961 4398 2134 4468 legem
2164 4398 2310 4466 ﬁdei.
2351 4400 2552 4471 Legem
2588 4401 2874 4457 factorum
2904 4403 3047 4457 dicit
3102 4403 3288 4475 legem
3335 4422 3601 4478 operum,

173 4494 348 4559 pretio
402 4503 623 4560 magno
654 4487 703 4551 (l
741 4486 861 4540 Cor.
895 4504 972 4556 v1,
1008 4486 1115 4556 10).
1145 4486 1307 4551 Quod
1340 4486 1417 4540 sit
1447 4486 1554 4541 hoc
1578 4488 1852 4558 pretium,
1886 4498 1931 4561 D
1962 4486 2019 4541 id
2050 4492 2156 4554 est,
2190 4488 2455 4560 Moysi,iu
2476 4508 2591 4561 qua
2611 4490 2794 4555 multa
2817 4492 3075 4547 carnalia
3103 4510 3277 4564 opera
3297 4495 3603 4550 continen-

177 4581 571 4653 coapostolus
624 4577 751 4648 ejus
799 4579 1007 4631 Petrus
1061 4576 1337 4643 ostendit,
1389 4575 1591 4632 dicens
1625 4594 1637 4631 :
1670 4579 1853 4649 Empti

179 4673 299 4725 estis
329 4670 397 4725 de
432 4685 591 4724 vana
624 4675 799 4722 vestra
820 4668 1231 4722 conversatione
1252 4674 1491 4737 paternae
1526 4667 1851 4723 traditionis

178 4775 281 4814 non
311 4756 700 4830 corruptibili
727 4773 882 4826 auro,
915 4757 997 4811 vel
1028 4766 1273 4825 argento,
1318 4757 1408 4811 sed
1452 4759 1698 4829 pretioso
1726 4774 1850 4813 san-

248 5009 395 5082 (159)
432 5013 505 5063 In
543 5005 1305 5082 autog‘._l_egiturparticula
1330 5023 1456 5073 non,
1491 5022 1619 5080 quae
1650 5010 1847 5082 tamen

219 5077 280 5135 er
307 5077 589 5137 errorem
615 5077 1185 5150 excidissevidetur:
1210 5095 1339 5133 cum
1364 5077 1574 5136 sensus
1598 5080 1746 5150 parti
1757 5096 1851 5135 cu-

219 5097 280 5135 er
307 5097 589 5137 errorem
615 5097 897 5134 exemisse
927 5097 1185 5135 Videtur:
1210 5097 1306 5133 cur

180 5097 297 5207 iam
328 5169 462 5207 cum
490 5155 769 5221 expetere
798 5148 1306 5221 potiusivideatur.

436 5225 507 5310 in
544 5220 746 5310 a’u‘tog.
778 5220 1200 5310 succumbimur.

1963 4580 2077 4642 tur,
2111 4576 3296 4647 scilicet,circumcisionis,neomeniarum
3320 4589 3377 4638 et
3401 4584 3605 4639 sabba-

1962 4669 2153 4719 torum
2179 4671 2634 4740 czeterorumque
2654 4669 2975 4724 carnalium
3002 4670 3385 4742 rituum,quae
3407 4671 3606 4725 omnia

1961 4755 2071 4809 sub
2104 4756 2297 4826 figura
2327 4758 2671 4827 agebantur.
2725 4758 2828 4812 Lex
2858 4775 3103 4831 operum
3152 4758 3252 4813 illa
3278 4763 3365 4813 est
3394 4758 3464 4811 de
3491 4774 3607 4828 qua

1960 5006 2309 5077 immaculati
2340 5005 2551 5066 Christi
2574 5016 2624 5065 et
2646 5006 3113 5066 incontaminati:
3140 5003 3200 5057 in
3232 5002 3363 5077 aliis
3391 5002 3608 5057 versio-

1962 5076 2317 5154 nibusJoco
2349 5085 2512 5149 quasi
2540 5080 2756 5154 legitur
2788 5084 3079 5154 tanquam-
3122 5144 3131 5154 .
3222 5080 3241 5153 .’

2032 5144 2180 5224 (165)
2212 5144 2379 5224 Forte
2405 5144 2727 5215 commissis,
2761 5166 2867 5224 seu
2896 5144 3177 5209 admissis,
3219 5144 3275 5197 id
3309 5147 3611 5224 estactua-

1958 5213 2115 5276 libus
2146 5213 2453 5310 culpisnvel
2478 5226 2655 5310 etiam
2686 5213 2993 5310 (inussisse
3021 5231 3342 5310 95:35:13,330
3366 5213 3616 5310 ξ-Ιιεξιῖὶξε
