4030 5310
1419 408 1753 472 ATTONIS
1799 404 2383 471 VERCELLENSIS
2428 404 2783 469 EPISCOPI
3690 416 3810 476 164

395 414 510 474 163

396 545 669 616 superius
701 543 781 599 ait
828 558 840 599 :
872 544 984 599 Per
1013 544 1192 612 legem
1218 543 1511 613 peccati,et
1541 540 1677 596 alibi
1709 559 1728 596 :
1759 542 1872 597 Lex
1893 542 2045 597 enim
2071 541 2126 608 Α
2159 542 2328 596 tium.
2361 545 2442 594 Ac
2473 539 2521 595 si
2554 539 2771 595 diceret
2800 557 2813 595 :
2846 538 3010 597 Unus
3038 545 3129 597 est
3155 541 3329 612 Deus,
3363 543 3463 615 qui
3512 544 3813 615 justiﬁcat

387 634 749 702 subintravit,
796 637 858 687 ut
916 631 1226 687 abundaret
1255 630 1512 686 delictum
1534 631 1706 702 (Rom.
1740 630 2044 702 v,20).Lex
2153 628 2535 690 circnmcisos
2565 628 2797 685 Judaeos
2828 633 2884 685 et
2931 630 3308 703 prmpuliatos
3339 632 3607 705 gentiles.
3639 636 3809 701 Quod

310 764 323 776 .
396 739 640 796 operum
670 721 773 777 illa
828 725 919 777 est
975 738 1104 793 quae
1164 719 1442 793 praecipit:
1508 722 1629 776 Non
1676 722 2040 791 concupisces.

394 813 505 869 Sed
537 810 805 885 nunquid
835 827 952 866 non
983 810 1044 865 in
1075 809 1200 882 lege
1232 808 1368 865 ﬁdei
1401 808 1590 864 multa
1646 825 1823 881 opera
1853 808 2041 865 conti-

397 905 611 957 nentur
639 904 664 955 ?
692 899 1075 957 Continentur
1100 898 1399 971 plane,sed
1432 915 1547 954 non
1581 898 1854 966 carnalia,
1889 899 2045 954 sicut

402 990 461 1045 in
493 989 620 1062 lege
649 989 851 1062 Moysi.
886 993 973 1043 An
1006 1004 1121 1043 non
1154 987 1246 1043 lex
1276 987 1407 1042 ﬁdei
1484 987 1666 1043 dicit:
1700 987 1817 1041 Non
1872 1003 2043 1043 conca

396 1081 573 1152 pisces
604 1082 632 1133 ?
662 1077 1023 1150 Dicitutique
1046 1077 1200 1132 sicut
1223 1075 1410 1132 multa
1434 1074 1724 1148 Evangelii
1753 1080 2044 1148 praecepta

399 1167 710 1224 contestari
737 1174 792 1223 et
820 1166 1075 1222 clamare
1105 1182 1221 1223 non
1255 1164 1649 1228 cessant.Quaa
1671 1181 1808 1237 ergo
1840 1168 1929 1220 est
1952 1165 2041 1219 di-

397 1257 614 1314 stantia
643 1257 671 1312 ?
700 1273 915 1328 magna
945 1256 1167 1326 utique,
1201 1254 1645 1326 quoniam,quae
1674 1253 1768 1309 lex
1798 1269 2040 1325 operum

399 1347 679 1403 minando
707 1344 996 1419 praecipit,
1030 1344 1123 1400 lex
1152 1343 1286 1400 ﬁdei
1317 1344 1606 1399 credendo
1649 1342 1940 1415 impetrat.
1977 1344 2040 1398 In

397 1435 523 1510 lege
553 1435 711 1492 enim
744 1451 986 1508 operum
1013 1439 1163 1490 Deus
1194 1433 1338 1489 dicit
1367 1449 1381 1490 :
1417 1434 1527 1489 Fac
1563 1432 1718 1504 quod
1743 1432 1940 1504 jubeo.
1976 1433 2039 1488 In

397 1525 522 1598 lege
548 1526 682 1581 ﬁdei
713 1524 827 1581 Deo
857 1524 1072 1579 dicitur
1100 1542 1113 1592 ;
1146 1524 1309 1579 Dona
1348 1523 1503 1594 quod
1524 1522 1701 1593 jubes
1735 1539 1748 1578 :
1782 1538 1920 1577 nam
1950 1521 2040 1577 lex

397 1615 534 1670 ﬁdei
557 1617 727 1682 est,et
747 1630 986 1669 oramus
1016 1612 1183 1668 nobis
1213 1630 1241 1668 θ
1276 1611 1392 1668 1)θο
1425 1610 1651 1680 donari,
1670 1614 1735 1665 ut
1753 1610 2038 1666 faciamus

397 1721 526 1776 quas
550 1720 654 1776 per
683 1720 789 1759 nos
819 1702 1061 1774 implere
1090 1717 1205 1756 non
1238 1716 1577 1773 possumus.
1612 1700 1675 1754 In
1717 1698 1843 1771 lege
1871 1715 2038 1754 nam-

397 1810 510 1866 que
543 1808 811 1865 operum,
838 1790 1076 1863 justitia
1104 1794 1193 1846 est
1240 1789 1614 1862 precipientis
1647 1788 1745 1844 Dei
1779 1806 1793 1857 ;
1825 1788 1883 1843 in
1912 1787 2036 1861 lege

396 1882 552 1949 ﬁdei,
587 1879 985 1937 subvenientis
1029 1878 1449 1976 misericordia.
1601 1877 1741 1949 quia
1770 1880 2037 1976 poterant
2066 1911 2115 1976 Β

393 1970 581 2026 Judaei
615 1969 824 2039 dicere,
856 1968 1133 2041 quoniam
1151 1967 1517 2039 justiﬁcatur
1536 1966 1712 2022 homo
1742 1966 1870 2022 sine
1900 1983 2034 2038 ope-

394 2060 558 2116 ribus
588 2057 835 2131 legis,ad
865 2057 987 2113 haec
1014 2057 1141 2130 ipse
1169 2057 1502 2129 respondet:
1537 2056 2037 2128 Arbitramur(169)

381 2149 688 2222 justiﬁcari
716 2147 991 2203 hominem
1036 2161 1136 2218 per
1164 2145 1329 2216 ﬁdem
1383 2147 1507 2201 sine
1563 2145 1818 2217 oyeribus
1877 2143 2032 2216 legis.

394 2237 764 2293 Arbitramur
792 2236 902 2292 hoc
934 2234 1059 2291 loco
1089 2251 1204 2291 non
1225 2234 1546 2290 dubitativa
1579 2234 1800 2289 dictum
1829 2233 2038 2289 intelli-

392 2326 651 2399 gendum
681 2325 899 2396 est,sed
932 2323 1296 2379 adﬁrmative.
1319 2326 1398 2377 Ac
1429 2322 1477 2377 si
1509 2321 1725 2378 diceret
1753 2337 1767 2379 :
1807 2321 2036 2377 Firmis-

397 2415 545 2471 sime
575 2412 871 2469 credimus
902 2412 1039 2484 quia
1068 2427 1137 2467 ex
1165 2412 1278 2467 ﬁde
1316 2411 1674 2482 iustiﬁcetur
1703 2411 1877 2467 homo
1909 2410 2035 2467 sine

395 2503 671 2576 operibus
701 2502 865 2574 legis.
901 2502 1175 2573 Magnum
1216 2500 1395 2573 igitur
1422 2504 1512 2557 est
1569 2500 1841 2556 meritum
1876 2501 2031 2569 ﬁdei,

392 2610 528 2649 nam
560 2591 851 2665 praeterita
881 2595 1118 2662 peccata
1147 2589 1384 2660 relaxat,
1415 2594 1474 2645 et
1501 2590 1808 2662 praesentia
1839 2590 2032 2645 absol-

388 2682 472 2738 vit
500 2685 557 2737 et
588 2682 786 2737 futura
807 2694 1128 2752 praecavere
1159 2680 1829 2752 facitpossessoremque
1856 2695 2029 2734 suum

392 2773 464 2828 ad
497 2771 696 2826 futura
726 2769 879 2825 bona
928 2769 1259 2841 peragenda
1313 2768 1609 2825 fortiorem
1669 2768 1882 2824 reddit.
1918 2769 2031 2829 Sed

392 2860 531 2933 quid
564 2863 652 2915 est
682 2859 836 2931 quod
865 2858 968 2925 ait,
1010 2857 1326 2928 justiﬁcari
1385 2857 1681 2913 hominem
1741 2856 1864 2913 sola
1894 2858 2028 2926 ﬁde,

390 2966 523 3006 cum
556 2948 696 3004 alibi
727 2947 882 3003 dicat
915 2964 928 3003 :
961 2947 1113 3003 Fides
1140 2951 1220 3003 est
1248 2960 1373 3018 quae
1400 2962 1498 3018 per
1520 2946 1871 3002 dilectionem
1898 2964 2030 3019 ope-

394 3043 556 3094 ratur
586 3037 599 3092 l
632 3037 833 3110 (Gal.v,
849 3036 928 3107 6.)
957 3037 1027 3092 Et
1056 3035 1424 3109 coapostolus
1455 3036 1582 3107 ejus
1610 3036 1864 3091 Jacobus
1897 3039 2030 3093 :Fi-

391 3127 483 3183 des
510 3129 631 3183 sine
659 3125 911 3198 operibus
935 3134 1155 3181 mortua
1183 3130 1264 3180 est
1293 3127 1433 3192 (Jac.
1467 3142 1529 3195 ιι,
1558 3125 1670 3197 20).
1695 3124 1819 3180 Νοιι
1852 3125 2031 3198 igitur

388 3216 499 3272 sibi
531 3215 617 3271 ha:
649 3214 981 3288 apostolica:
1014 3213 1317 3270 sententia:
1352 3214 1658 3270 contrariae
1690 3218 1847 3271 sunt.
1884 3215 2030 3279 Quia

2154 722 2350 775 autem
2373 717 2517 774 dicit
2550 734 2563 774 :
2592 720 3066 775 circumeisionem
3114 737 3184 777 ea:
3210 723 3317 792 ﬁde
3354 726 3411 779 et
3458 728 3809 796 praeputium

2150 824 2248 880 per
2275 807 2459 879 ﬁdem,
2492 825 2607 863 non
2645 811 2884 880 propter
2907 808 3166 882 aliquam
3220 811 3609 869 differentiam
3641 814 3808 885 dicit,

2153 897 2293 968 quia
2321 896 2460 952 alibi
2491 898 2560 953 de
2597 895 2872 970 gentibus
2929 897 3075 954 dicit
3107 919 3120 953 :
3153 899 3451 957 Providens
3510 902 3809 975 Scriptura

2151 988 2281 1057 quia
2311 1002 2384 1040 etc
2410 985 2516 1056 ﬁde
2538 985 2821 1057 justiﬁcat
2850 995 3040 1056 gentes
3072 988 3209 1043 Deus
3268 988 3416 1060 (Gal.
3478 1009 3561 1059 ιιι,
3610 992 3667 1064 8)
3703 1009 3718 1047 :
3751 999 3812 1049 et

2152 1074 2398 1144 loquens
2430 1076 2501 1129 de
2540 1074 2780 1146 Judaeis,
2809 1076 2965 1131 unde
2994 1076 3119 1148 ipse
3150 1078 3382 1147 erat,ait
3418 1097 3431 1136 :
3464 1081 3572 1136 Nos
3598 1085 3813 1138 natura

2149 1163 2332 1221 Judaei
2388 1166 2573 1220 etnon
2603 1182 2673 1220 ea:
2716 1166 2968 1236 gentibus
3019 1171 3327 1239 peccatores
3383 1170 3583 1227 scimus
3615 1180 3811 1228 autem

2150 1255 2415 1325 quoniam
2441 1270 2549 1309 non
2572 1253 2979 1324 justiﬁcaretur
2994 1254 3154 1310 homo
3178 1272 3248 1311 ea:
3266 1257 3519 1329 operibus
3552 1258 3811 1329 legis,sed

2146 1357 2246 1414 per
2273 1341 2435 1413 ﬁdem
2461 1343 2587 1398 Iesu
2619 1341 2842 1410 Christi,
2870 1346 2922 1398 et
2948 1359 3046 1399 nos
3077 1345 3138 1399 in
3170 1344 3449 1402 Christum
3479 1349 3659 1404 Iesum
3687 1365 3808 1405 cre-

2149 1431 2336 1487 dimus
2363 1439 2424 1487 ut
2440 1432 2812 1502 justiﬁcemur
2840 1434 2986 1501 (Gal.
3021 1450 3081 1501 ιι,
3118 1434 3202 1502 15,
3240 1434 3350 1507 16).
3372 1436 3481 1491 Sed
3514 1454 3587 1492 ea:
3616 1437 3727 1509 ﬁde
3754 1443 3808 1494 et

2146 1536 2245 1593 per
2271 1521 2433 1591 ﬁdem
2463 1520 2566 1591 ait,
2597 1523 2835 1592 propter
2860 1520 3202 1578 varietatem
3233 1522 3567 1582 locutionis.

2218 1613 2514 1665 Hactenus
2544 1608 2731 1665 multa
2759 1610 2989 1666 videtur
3040 1612 3354 1684 Apostolus
3388 1615 3460 1671 ad
3514 1615 3802 1687 injuriam

2149 1697 2298 1771 legis
2329 1697 2562 1754 locutus
2591 1715 2604 1754 :
2637 1699 2707 1754 Et
2747 1698 2884 1771 quia
2915 1705 3140 1771 poterat
3189 1699 3403 1774 aliquis
3456 1703 3802 1762 Judaeorum

2148 1786 2336 1843 dicere
2366 1804 2380 1843 :
2414 1787 2457 1843 Ο
2489 1785 2684 1856 Paule,
2700 1788 2954 1844 destruis
2973 1789 3246 1863 legem,et
3264 1808 3510 1849 evacuas
3541 1794 3803 1850 circum-

2148 1876 2429 1932 cisionem
2459 1876 2626 1933 :ideo
2683 1877 2991 1949 subjunxit
3023 1897 3036 1935 :
3069 1880 3266 1951 Legem
3320 1883 3471 1938 enim
3528 1883 3680 1955 (170)
3710 1883 3804 1939 de-

2146 1967 2414 2021 slruimus
2440 1981 2539 2036 per
2564 1966 2725 2037 ﬁdem
2757 1971 2877 2022 1Αο
2914 1967 2962 2023 si
2995 1968 3215 2025 diceret
3245 1986 3259 2024 :
3295 1971 3443 2034 Quia
3498 1970 3806 2029 hominem

2149 2055 2739 2126 dicimusjustiﬁcari
2771 2073 2944 2128 posse
2990 2073 3060 2112 ex
3114 2058 3226 2114 ﬁde
3282 2060 3558 2132 operibus
3617 2060 3796 2135 legis,

2149 2143 2364 2212 dicitis,
2397 2145 2555 2215 quod
2583 2144 2769 2217 legem
2802 2144 3340 2203 destruamus.Non
3370 2148 3454 2204 ita
3483 2153 3593 2205 est.
3625 2154 3801 2208 Juste

2149 2232 2386 2303 quidem
2418 2232 2916 2289 calumniaremur
2943 2233 3263 2306 (171)1egis
3315 2253 3444 2293 esse
3494 2238 3799 2296 destructo

2147 2338 2261 2386 res,
2294 2321 2342 2376 si
2376 2320 2490 2376 alia
2518 2321 2968 2393 praedicaremus
2995 2339 3171 2395 quam
3197 2341 3323 2397 qua:
3352 2325 3445 2382 lex
3464 2326 3800 2401 docet.lpsa

2144 2411 2360 2483 quippe
2389 2410 2480 2466 lex
2509 2411 2775 2467 eamdem
2807 2411 3174 2483 spiritualem
3207 2414 3378 2470 docet
3397 2414 3798 2473 circumcisio-

2144 2515 2482 2572 nem,quam
2517 2516 2622 2555 nos
2653 2500 3041 2572 praedicamus
3073 2501 3195 2557 ﬁeri
3230 2519 3334 2574 per
3358 2504 3532 2560 ﬁdem
3567 2509 3624 2561 et
3654 2522 3793 2578 gra-

2142 2589 2285 2644 tiam
2314 2588 2648 2644 Christi.Sic
2688 2589 2844 2644 enim
2869 2589 3010 2645 dicit
3039 2606 3054 2647 :
3086 2592 3482 2649 Civcumcidite
3510 2594 3797 2652 duritiam

2140 2677 2316 2735 cordis
2355 2680 2524 2734 vestri
2551 2696 2570 2734 :
2602 2679 2673 2733 Et
2727 2678 3009 2750 propheta
3032 2698 3051 2735 :
3081 2681 3468 2738 Circumcidite
3510 2687 3799 2757 praeputia

2138 2768 2387 2825 cordium
2414 2770 2737 2823 vestrorum.
2766 2767 2911 2833 Quia
2941 2784 3076 2842 ergo
3108 2786 3223 2825 non
3248 2770 3363 2826 alia
3388 2772 3792 2844 pradicamus

2141 2874 2316 2930 quam
2349 2874 2416 2913 ea
2446 2874 2573 2929 quae
2604 2856 2695 2912 lex
2714 2857 2881 2913 docet
2910 2874 3026 2913 non
3056 2857 3201 2931 legis
3224 2875 3433 2915 sumus
3453 2861 3798 2919 destructo-

2139 2964 2254 3015 res,
2278 2946 2379 3003 sed
2411 2945 2604 3018 potius
2635 2946 3120 3004 afﬁrmalores.Et
3149 2947 3260 3004 hoc
3290 2954 3376 3005 est
3399 2950 3554 3022 quod
3586 2952 3798 3023 sequi-

2138 3040 2235 3091 tur
2267 3051 2280 3090 :
2316 3034 2512 3090 Absit!
2540 3034 2644 3090 Sed
2685 3034 2857 3105 legem
2911 3037 3227 3092 statuimus.
3288 3037 3414 3093 Non
3470 3038 3628 3094 enim
3688 3055 3800 3112 per

2138 3125 2314 3180 ﬁdem
2345 3124 2437 3180 lex
2466 3123 2793 3180 destruitur
2821 3124 2921 3180 sed
2944 3124 3388 3198 statuitur,quia
3417 3127 3563 3184 ﬁdes
3595 3127 3795 3201 impe-

2139 3216 2257 3269 trat
2313 3212 2583 3285 gratiam,
2616 3229 2719 3284 per
2748 3229 2924 3284 quam
2954 3212 3044 3269 lex
3064 3214 3502 3288 possitimpleri
3540 3233 3552 3273 :
3587 3218 3790 3291 gratia

386 3282 715 3377 Apostolus,
752 3320 867 3359 non
898 3302 1026 3359 ideo
1058 3303 1140 3359 ait
1167 3302 1466 3358 hominem
1518 3301 1645 3358 sola
1675 3304 1787 3359 ﬁde
1809 3304 2027 3374 justiﬁ-
2061 3282 2103 3349 Ο
2142 3320 2275 3358 vero
2306 3282 2477 3358 sanat
2504 3282 2884 3372 voluntatem,
2918 3305 2982 3356 ut
3011 3282 3445 3373 liberajustitia
3470 3282 3791 3378 dirigatur.

388 3394 529 3460 cari,
562 3393 703 3460 ut,si
737 3397 871 3464 post
901 3396 1199 3463 acceptam
1220 3392 1392 3447 ﬁdem
1428 3390 1576 3446 male
1602 3390 2031 3462 vixeritjustus

390 3481 486 3549 sit,
519 3482 643 3547 sed,
672 3480 827 3552 quia,
864 3480 911 3535 si
953 3478 1262 3551 contigerit
1308 3483 1373 3534 ut
1421 3483 1655 3550 accepta
1686 3480 1798 3535 ﬁde
1829 3481 2029 3537 statim

394 3570 696 3640 moriatur,
725 3567 850 3624 sola
882 3569 993 3623 ﬁde
1014 3566 1455 3638 justiﬁcabitur,
1484 3568 1714 3624 etiamsi
1750 3585 1863 3624 non
1888 3569 2030 3625 sitei

391 3657 670 3727 operandi
705 3662 939 3729 tempus
967 3672 1333 3712 concessum.
1367 3656 1493 3711 Non
1521 3655 1676 3712 enim
1731 3658 2029 3729 apostolus

391 3747 604 3803 Paulus
634 3747 704 3802 de
735 3744 1125 3817 illisloquitur
1145 3745 1743 3817 operibusquaeﬁdem
1771 3763 2026 3819 sequun-

387 3836 713 3907 tur,sed,ut
738 3835 1151 3906 Jacobus,quae
1181 3835 1357 3890 ﬁdem
1384 3835 1738 3906 praecedunt,
1758 3852 1860 3908 per
1902 3854 2028 3909 quae

388 3942 561 3981 nemo
587 3924 901 3996 justiﬁcari
933 3928 1147 3997 pbtest,
1201 3922 1342 3996 quia
1368 3924 1488 3980 sine
1541 3924 1648 3996 ﬁde
1693 3926 2028 3997 impossibile

379 4016 490 4071 Deo
517 4015 739 4088 placere
766 4014 947 4084 (Hebr.
985 4031 1042 4080 x,
1072 4013 1149 4085 6).
1211 4017 1295 4069 An.
1358 4013 1682 4071 Iudaeorum
1738 4016 1878 4070 Deus
1906 4023 2027 4071 tan-

383 4111 502 4159 tum
531 4108 550 4158 !
580 4107 662 4158 Ac
692 4102 1062 4159 sidiceret:Si
1085 4102 1239 4158 Deus
1259 4101 1593 4158 Judaeorum
1623 4105 1850 4159 tantum
1875 4109 2029 4161 esset

388 4195 615 4249 creator
641 4196 795 4249 recte
823 4190 1093 4248 diceretis
1122 4208 1256 4247 eum
1290 4207 1392 4263 pro
1421 4196 1614 4246 vestra
1667 4196 1896 4248 tantum
1927 4211 2019 4249 sa-

384 4280 505 4336 lute
537 4281 747 4336 Filium
792 4296 968 4335 suum
991 4278 1351 4349 misisse,sed
1382 4279 1483 4350 qui
1505 4279 1768 4335 omnium
1800 4287 2026 4337 creator

384 4373 476 4425 est
505 4385 608 4441 pro
639 4368 905 4424 omnium
937 4368 1126 4423 salute
1156 4367 1336 4423 misit.
1368 4368 1437 4421 Et
1464 4367 1571 4423 hoc
1626 4373 1717 4423 est
1746 4370 1902 4440 quod
1934 4387 2024 4427 se-

385 4457 588 4529 quitur
621 4475 634 4524 ;
669 4457 853 4513 Nonne
883 4459 937 4512 et
962 4457 1212 4525 gentium
1239 4459 1265 4509 ?
1294 4456 1403 4511 Imo
1460 4459 1512 4511 et.
1562 4458 1834 4526 gentium.
1889 4462 2021 4528 Imo,

383 4562 517 4602 cum
550 4544 732 4601 soleat
765 4562 867 4617 pro
896 4546 1067 4600 etiam
1096 4543 1279 4616 accipi
1310 4544 1419 4600 hoc
1448 4543 1573 4601 loco
1598 4548 1776 4615 magis
1806 4546 2024 4620 signiﬁ-

2144 3392 2257 3446 Lex
2287 3389 2444 3446 enim
2474 3388 2613 3443 dicit
2645 3405 2657 3443 :
2692 3389 2809 3445 Neu
2838 3392 3186 3462 concupisces
3216 3410 3236 3448 :
3266 3392 3411 3449 ﬁdes
3445 3399 3642 3450 autem
3676 3395 3801 3452 cla-

2143 3482 2265 3533 mat
2297 3495 2310 3533 :
2343 3477 2493 3533 Sana
2517 3478 2768 3532 animam
2795 3494 2994 3545 meam,
3028 3479 3274 3548 Domine,
3303 3485 3570 3552 quoniam
3594 3501 3797 3556 pecca-

2140 3569 2196 3624 vi
2223 3568 2325 3622 tibi
2354 3564 2529 3638 (Psal.
2561 3584 2651 3639 XL,
2681 3565 2758 3637 5).
2814 3567 3014 3623 Gratia
3059 3584 3191 3625 vero
3241 3570 3383 3626 dicit
3415 3590 3428 3628 :
3456 3573 3588 3629 Ecce
3616 3591 3797 3631 sanus

2138 3659 2320 3729 factus
2347 3672 2404 3711 es
2436 3672 2455 3710 :
2474 3656 2598 3728 jam
2630 3656 2748 3711 noli
2770 3672 3014 3726 peccare,
3046 3673 3117 3713 ne
3143 3659 3357 3731 aliquid
3411 3661 3512 3717 tibi
3539 3663 3794 3721 deterius

2137 3747 2417 3816 contingat
2448 3747 2630 3814 (Joan.
2661 3760 2716 3814 v,
2750 3745 2859 3816 14).

2210 3832 2739 3905 (CAP.IV.)(172).Et
2766 3837 3045 3906 tanquam
3081 3836 3298 3893 diceret
3326 3837 3566 3896 Judazus
3596 3842 3789 3916 :Ergo

2138 3922 2285 3979 nihil
2314 3922 2608 3979 Abraham
2642 3939 2745 3994 per
2773 3923 3066 3981 carnalem
3099 3925 3611 3985 circumcisionem
3643 3946 3788 3987 con-

2138 4016 2375 4068 secutus
2405 4012 2801 4079 est,continuo
2834 4012 3060 4068 addidit
3092 4032 3105 4071 :
3139 4015 3281 4083 Quid
3308 4017 3453 4071 enim
3478 4017 3789 4091 (l72)dice-

2135 4117 2257 4156 mus
2283 4102 2560 4156 invenisse
2586 4101 2864 4155 Abraham
2910 4105 3128 4172 patrem
3177 4106 3430 4159 nostrum
3483 4110 3792 4164 secundum

2135 4204 2356 4244 carnem
2377 4189 2404 4243 ‘t
2417 4187 2573 4243 Nihil
2597 4188 2812 4261 quippe
2829 4188 3088 4246 invenire
3109 4192 3303 4264 potuit
3321 4194 3474 4266 quod
3487 4196 3790 4253 Abraham

2137 4278 2461 4334 secundum
2493 4293 2750 4345 carnem,
2782 4278 2838 4333 id
2872 4282 2980 4347 est,
3006 4280 3330 4337 secundum
3357 4282 3656 4341 carnalem
3674 4287 3787 4342 cir-

2135 4364 2554 4421 cumcisionem
2593 4365 2808 4422 diceret
2857 4372 3262 4437 consecutum,
3292 4371 3430 4443 quia
3488 4390 3594 4429 nec
3641 4378 3789 4433 tunc

2132 4458 2297 4511 terra:
2328 4454 2623 4510 Chanaam
2655 4455 3237 4526 promissionem,nec
3269 4460 3515 4518 seminis
3544 4463 3641 4518 sui
3675 4481 3784 4520 au-

2132 4543 2610 4616 gmentationem,
2644 4547 2746 4600 aut
2771 4544 3236 4604 benedictionem
3267 4549 3511 4623 accepit,
3543 4554 3787 4624 quando

382 4638 493 4690 cat.
526 4635 634 4689 Sed
667 4649 849 4705 quare
892 4633 1080 4705 magis
1135 4632 1397 4705 gentium
1456 4650 1634 4706 quam
1691 4636 2021 4693 Judteorum
2055 4652 2100 4717 ι)
2135 4632 2520 4689 circumcisus
2567 4636 2677 4689 est.
2737 4634 3017 4706 Sequitur
3048 4653 3062 4692 :
3093 4636 3154 4692 Si
3180 4640 3329 4693 enim
3393 4639 3685 4696 Abraham
3715 4659 3787 4699 ea:

382 4725 565 4780 Deum
599 4739 726 4779 esse
756 4722 895 4777 dicit
923 4723 952 4776 ‘l
980 4721 1229 4790 Scilicet,
1264 4722 1402 4794 quia
1423 4721 1621 4795 plures
1650 4741 1719 4780 ex
1750 4726 2024 4797 gentibus
2136 4723 2385 4794 operibus
2400 4723 2752 4792 justiﬁcatus
2779 4724 3043 4790 est,habet
3072 4724 3315 4795 gloriam
3340 4728 3441 4784 sed
3482 4745 3592 4784 non
3624 4733 3782 4802 apud

383 4813 710 4868 credituros
739 4811 1003 4883 praevidit
1034 4811 1151 4867 sive
1180 4811 1316 4883 quia
1345 4817 1495 4868 Deus
1554 4817 1717 4885 pater
1746 4814 1856 4870 fuit
1885 4832 2023 4888 gen-
2132 4814 2320 4867 Deum.
2353 4812 2681 4883 Tamquam
2713 4811 2949 4869 diceret:
2982 4813 3037 4868 Si
3069 4815 3362 4872 Abraham
3392 4833 3462 4872 ex
3490 4819 3772 4890 operibus

380 4900 542 4956 tibus
574 4917 677 4972 per
706 4900 1129 4956 ﬁdem.Judmis
1158 4906 1352 4957 autem
1374 4919 1477 4975 per
1491 4903 2018 4960 circumcisionem:
2125 4901 2489 4973 justiﬁcatus
2519 4904 2629 4964 est,
2659 4899 2837 4956 habet
2858 4902 3092 4973 quidem
3123 4903 3369 4976 gloriam
3400 4907 3554 4979 apud
3587 4907 3785 4963 homi-

382 4988 573 5063 liquet
600 4994 797 5044 autem
830 4989 1005 5044 ﬁdem
1038 4991 1321 5061 majorem
1370 5007 1499 5047 esse
1555 4991 2020 5049 circumcisione.
2133 5005 2254 5056 nes,
2286 4989 2387 5044 sed
2419 5005 2533 5043 non
2566 4989 2719 5059 apud
2754 4992 2959 5059 Deum,
2984 4990 3123 5060 quia
3148 5008 3265 5047 non
3305 4991 3481 5048 habet
3504 5009 3631 5049 eam
3652 4994 3780 5067 glo-

379 5078 447 5114 ΙΝ
475 5096 547 5114 nn
579 5078 723 5114 alio”
753 5082 1063 5114 runtur-olnt-
1093 5079 1244 5114 nunc
1274 5080 1503 5114 ἶῗοιονιῖα
1559 5081 1911 5114 manumanu
1969 5084 2022 5114 ηιμ

2146 5078 2278 5114 niam
2314 5094 2423 5114 nnn
2462 5078 2986 5114 nlnm'nnninhnono
3016 5079 3145 5114 nnin
3181 5096 3293 5114 nnn
3333 5081 3424 5114 nn:
3460 5082 3644 5114 nman
3676 5083 3775 5114 am!

3595 5082 3606 5093 ο

753 5082 1063 5114 runtur-olnt-
1093 5079 1244 5114 nunc
1274 5080 1503 5114 ἶῗοιονιῖα
1559 5081 1911 5114 manumanu
1969 5084 2022 5114 ηιμ

2146 5078 2278 5114 niam
2314 5094 2423 5114 nnn
2462 5075 2986 5114 nlnrinnninhnono
3016 5079 3145 5114 nnin
3181 5096 3293 5114 nnn
3333 5081 3424 5114 nn:
3460 5082 3644 5114 nman
