4030 5310
221 422 323 484 165
779 414 1192 478 EXPOSITIO
1239 415 1315 477 IN
1364 412 1789 478 EPISTOLAS
1834 412 2097 477 PAULI.
2128 450 2205 459 —
2247 415 2323 475 IN
2370 412 2619 477 EPIST.
2665 417 2768 477 AD
2815 418 3004 480 ROM.
3478 411 3593 481 166

224 555 376 611 ribus
403 549 552 623 apud
584 548 852 605 homines
887 548 1071 604 videri
1120 549 1330 617 bonus,
1366 549 1462 605 sed
1523 566 1635 605 non
1684 550 1838 621 apud
1868 550 1925 616 Α
1954 549 2150 603 omnia
2171 548 2296 603 fieri
2325 548 2384 603 in
2408 549 2777 622 baptismate.
2800 549 2916 604 Nec
2946 547 3067 604 ulla
3087 550 3385 608 beatitudo
3410 553 3597 623 major

224 645 411 700 Deum.
443 638 605 706 Quia,
639 638 793 694 sicut
823 639 976 694 bona
1004 654 1180 710 opera
1223 638 1351 694 sine
1398 638 1531 705 ﬁde,
1566 638 1648 694 ita
1697 638 1843 694 fides
1951 653 2079 694 esse
2107 642 2319 709 potest,
2341 655 2516 710 quam
2548 638 2675 694 sine
2706 636 2824 693 ullo
2855 638 3236 710 paenitudinis
3267 638 3481 709 labore,
3506 659 3596 697 re-

227 733 278 788 in
306 743 569 803 processu
599 727 882 799 temporis
913 726 1056 782 nihil
1107 725 1277 798 valet,
1310 727 1423 782 nisi
1468 728 1624 782 bona
1669 743 1846 799 opera
1954 726 2295 782 missionem
2317 726 2581 782 omnium
2602 727 2880 799 consequi
2915 731 3308 799 peccatorum.
3333 730 3442 785 Sed
3465 746 3598 786 ecce

225 820 543 891 sequantur.
566 817 656 885 Et,
688 821 756 872 ut
785 833 953 873 suam
986 815 1380 873 narrationem
1409 816 1650 873 Genesis
1681 816 1842 872 testi-
1952 815 2154 871 Judaao
2177 816 2555 888 quaestionem
2583 816 2875 888 proponit,
2900 816 3296 888 subjungens:
3330 817 3599 874 beatitudo

225 908 403 965 monio
430 905 853 978 comprobaret,
886 905 1097 976 adjecit
1128 923 1141 962 :
1194 905 1343 977 Quid
1379 907 1528 961 enim
1559 906 1848 977 Scriptura
1954 921 2082 977 ergo
2112 906 2227 962 haec
2258 907 2319 960 in
2347 907 2766 961 circumcisione
2794 905 2941 977 (174)
2989 915 3194 973 manet,
3225 923 3297 961 an
3341 908 3509 963 etiam
3539 909 3601 963 in

225 999 387 1055 dicit?
410 999 529 1051 Hoc
575 998 664 1050 est
696 1010 710 1049 :
761 995 915 1051 unde
943 994 1243 1067 Scriptura
1272 994 1415 1050 dicit
1453 995 1845 1066 justificatum
1951 996 2273 1066 praeputio?
2299 995 2421 1058 Quo
2453 998 2723 1049 manente
2754 1009 3062 1066 suspenso,
3086 993 3326 1050 intulit:
3359 996 3603 1051 Dicimus

226 1084 497 1141 Abraham
519 1083 549 1139 ‘i'
580 1076 886 1155 Operibus,
920 1100 991 1138 an
1026 1084 1184 1140 ﬁde?
1221 1082 1357 1139 Fide
1389 1082 1589 1155 utique
1623 1099 1636 1137 :
1687 1098 1845 1150 nam,
1957 1086 2124 1151 enim,
2158 1085 2291 1154 quia
2338 1086 2586 1155 reputate
2624 1092 2703 1138 est
2732 1082 2965 1140 Abrahae
3011 1082 3145 1152 ﬁdes
3184 1083 3259 1139 ad
3295 1084 3598 1155 justitiam.

223 1173 437 1231 credidit
465 1171 743 1227 Abraham
774 1172 898 1242 Deo,
928 1175 979 1226 et
1006 1177 1317 1243 reputatum
1347 1174 1421 1226 est
1458 1171 1515 1226 ei
1556 1170 1630 1226 ad
1668 1170 1849 1241 justi-
1958 1172 2135 1235 Quasi
2164 1172 2418 1227 diceret:
2456 1170 2594 1227 certi
2616 1172 2763 1242 (175)
2786 1187 2992 1227 sumus
3023 1172 3094 1227 de
3141 1170 3597 1243 justificationo:

223 1266 344 1319 tiam
370 1260 511 1332 (Gal.
548 1277 631 1331 ιιι,
662 1260 740 1331 6).
772 1258 881 1315 Ubi
914 1259 1260 1331 notandum,
1293 1259 1433 1331 quia
1462 1276 1575 1316 non
1609 1254 1707 1329 ait,
1740 1258 1851 1313 cir-
1960 1262 2060 1317 sed
2092 1262 2162 1315 de
2192 1264 2453 1333 tempore
2481 1261 2817 1333 quaerimus.
2853 1263 2921 1314 Et
2950 1260 3059 1315 hoc
3088 1265 3196 1331 est,
3219 1262 3374 1332 quod
3408 1262 3603 1333 sequi-

227 1351 506 1408 cumcisus
531 1353 654 1417 est;
679 1348 1066 1417 sed,credidit,
1084 1349 1221 1421 quia
1237 1348 1725 1420 tidejustilicatus
1741 1351 1845 1403 est.
1962 1355 2060 1405 tur
2089 1366 2103 1404 :
2159 1349 2428 1418 Quomodo
2456 1366 2581 1420 ergo
2611 1357 2866 1420 reputate
2907 1357 2983 1405 est
3007 1352 3033 1402 .9
3080 1350 3138 1405 in
3167 1351 3605 1423 circumcisione,

223 1444 280 1497 Ei
307 1442 502 1509 autem,
535 1440 634 1511 qui
661 1447 937 1511 operatur,
962 1454 1164 1494 merces
1192 1454 1301 1493 non
1333 1440 1641 1510 imputatur
1667 1453 1853 1493 secun-
1962 1439 2109 1510 (176)
2138 1454 2261 1494 cum
2290 1442 2442 1506 esset,
2475 1456 2545 1493 an
2578 1440 2640 1494 in
2666 1440 2936 1510 praeputio
2955 1442 2981 1492 .9
3008 1439 3075 1493 Et
3101 1439 3302 1494 Judzeo
3335 1445 3608 1496 manente

225 1531 343 1586 dum
366 1531 630 1601 gratiam,
660 1528 753 1584 sed
780 1527 1079 1583 secundum
1108 1528 1367 1583 debitum.
1391 1528 1459 1583 Et
1487 1530 1576 1583 est
1606 1542 1850 1582 sensus:
1896 1576 1909 1587 .
1964 1544 2251 1601 suspenso
2292 1545 2397 1583 nec
2442 1528 2692 1583 audente
2723 1528 3090 1599 respondere,
3125 1544 3196 1583 ne
3245 1528 3369 1584 suis
3418 1529 3610 1585 verbis

223 1618 280 1674 Ei
306 1618 398 1691 qui
430 1620 730 1690 operatur,
760 1616 818 1672 id
850 1620 958 1684 est,
992 1616 1091 1689 qui
1124 1618 1195 1672 de
1224 1616 1497 1689 operibus
1529 1614 1855 1687 praesumit,
1966 1622 2287 1690 caperetur,
2320 1617 2446 1689 ipse
2477 1616 2588 1673 sibi
2621 1617 2943 1688 respondit,
2974 1616 3175 1672 dicens
3209 1633 3222 1671 :
3255 1618 3375 1672 Non
3405 1619 3463 1673 in
3493 1620 3610 1675 cir-

226 1723 425 1763 merces
458 1724 579 1763 non
610 1707 941 1777 imputatur
971 1706 1294 1762 secundum
1326 1704 1597 1778 gratiam,
1630 1704 1731 1761 sed
1764 1720 1855 1760 se-
1964 1708 2321 1773 cumcisione,
2361 1706 2452 1761 sed
2499 1708 2560 1761 in
2604 1707 2898 1778 praeputio.
2932 1709 2997 1760 In
3048 1706 3265 1778 quibus
3311 1706 3523 1777 verbis,
3559 1707 3611 1763 si

226 1797 466 1852 cundum
522 1795 810 1861 debitum,
843 1795 983 1867 quia
1029 1794 1154 1851 suis
1201 1794 1424 1851 meritis
1469 1794 1854 1865 justiﬁcatur.
1967 1794 3611 1868 diligenteranimadvertamus,videturApostolusdicere

224 1885 353 1941 Nam
383 1901 550 1941 more
571 1884 832 1940 humano
856 1882 1170 1957 Apostolus
1198 1883 1493 1955 loquitur;
1527 1883 1668 1938 dum
1699 1883 1856 1938 enim
1892 1927 1938 1992 Β
1967 1902 2034 1941 eo
2065 1890 2327 1957 tempore
2360 1884 2725 1940 nominatum
2758 1884 3076 1950 Abraham,
3109 1901 3245 1956 quo,
3278 1902 3393 1940 non
3438 1886 3612 1941 Abra-

226 1973 418 2046 aliquis
448 1973 625 2030 alteri
655 1973 880 2044 tribuit,
905 1973 1060 2029 unde
1087 1972 1556 2029 vicissitudinem
1589 1971 1857 2043 accipiat,
1892 1971 1938 1992 "
1968 1973 2129 2035 ham,
2162 1974 2262 2029 sed
2294 1973 2509 2028 Abram
2540 1973 2858 2028 vocabatur
2890 1990 2902 2027 :
2956 1974 3109 2044 quod
3140 1972 3270 2029 ideo
3305 1975 3441 2045 egit,
3476 1976 3614 2047 quia

228 2079 425 2120 merces
455 2063 509 2119 ei
560 2080 676 2119 non
706 2062 1034 2135 imputatur
1064 2062 1390 2119 secundum
1422 2061 1693 2134 gratiam,
1724 2061 1861 2132 quia
1953 2067 2207 2119 .noverat
2226 2063 2423 2118 omnia
2443 2079 2476 2117 a
2500 2066 2610 2117 Deo
2632 2062 3060 2134 praedestinata,
3080 2062 3193 2117 ﬁxa
3214 2062 3617 2120 etimmobilia

225 2152 349 2207 nihil
376 2152 570 2225 gratis
600 2152 829 2208 tribuit.
864 2156 927 2206 In
957 2152 1074 2207 Deo
1114 2167 1248 2207 vero
1288 2167 1404 2205 non
1453 2150 1535 2205 ita
1582 2153 1689 2222 est,
1722 2150 1861 2222 quia
1970 2167 2332 2225 permanere.
2366 2151 2455 2219 Et,
2488 2156 2771 2223 tanquam
2804 2150 3021 2206 diceret
3065 2150 3278 2224 aliquis
3323 2153 3563 2209 Judaaus
3596 2169 3611 2209 :

231 2238 351 2294 nihil
379 2240 451 2294 ab
481 2239 729 2295 homine
762 2239 1008 2311 accepit,
1032 2255 1135 2310 pro
1166 2255 1282 2310 quo
1312 2239 1364 2295 ei
1394 2237 1857 2294 vicissitudinem
1969 2258 2074 2296 cur
2119 2241 2410 2296 Abraham
2460 2238 2965 2295 circumcisionem
3015 2240 3253 2311 accepit,
3289 2241 3337 2295 si
3389 2240 3611 2298 nullam

237 2328 422 2383 reddat.
453 2328 624 2384 Unde
654 2328 727 2383 ad
757 2328 866 2384 Job
897 2327 1182 2400 loquitur,
1205 2328 1440 2383 dicens:
1476 2329 1582 2396 Qui
1609 2332 1738 2383 ante
1767 2327 1857 2383 de-
1968 2331 2386 2386 beatitudinem
2421 2333 2767 2385 consecutus
2798 2327 2932 2384 est?
2985 2328 3141 2384 Illico
3193 2329 3456 2385 subdidit
3487 2346 3501 2387 :
3552 2331 3616 2387 Et

233 2415 303 2471 dit
322 2418 475 2489 mihi,
510 2419 575 2473 ut
602 2433 698 2487 ego
728 2417 954 2474 reddam
983 2416 1083 2473 ei?
1112 2417 1247 2488 (Job.
1281 2434 1393 2485 xu,
1427 2417 1506 2489 2.)
1538 2417 1684 2472 Hinc
1720 2415 1860 2472 alibi
1967 2421 2187 2491 signum
2234 2419 2444 2488 accepit
2490 2419 2950 2485 circumcisionis,
2992 2417 3337 2488 signaculum
3377 2420 3613 2490 justitiae

228 2502 708 2580 idemApostolus:
726 2508 919 2563 Gratia
933 2506 1078 2563 salvi
1090 2508 1225 2578 facti
1239 2508 1370 2562 setis
1381 2522 1486 2579 per
1499 2505 1861 2578 ﬁdem,etnon
1967 2509 2114 2580 ﬁdei,
2146 2523 2270 2579 qum
2299 2515 2377 2563 est
2406 2509 2463 2563 in
2490 2509 2779 2580 praeputio.
2814 2507 2889 2561 Ac
2928 2506 2974 2562 si
3019 2507 3237 2562 diceret
3269 2523 3282 2563 :
3333 2507 3460 2563 Non
3510 2525 3612 2581 pro

222 2607 284 2648 ea:
306 2595 491 2659 vobis;
512 2596 614 2652 Dei
630 2595 834 2653 donum
861 2599 959 2662 est,
980 2612 1051 2653 ne
1074 2597 1194 2668 quis
1213 2597 1483 2668 glorietur
1503 2595 1660 2668 (Eph.
1688 2614 1750 2662 ιι,
1781 2596 1858 2669 8).
1970 2597 2353 2663 beatitudine,
2369 2600 2471 2670 aut
2484 2595 2907 2668 justificatione
2934 2594 3440 2651 circumcisionem
3463 2613 3622 2652 acce-

224 2679 374 2740 Unde
396 2688 457 2741 et
476 2685 754 2742 continuo
775 2685 1081 2741 subditur:
1106 2686 1172 2741 Ei
1189 2701 1313 2742 vero
1334 2687 1433 2757 qui
1456 2701 1565 2742 non
1583 2690 1859 2758 operatur,
1971 2686 2076 2759 pit,
2110 2687 2210 2743 sed
2242 2703 2345 2758 pro
2376 2686 2564 2757 signo.
2599 2684 2706 2739 Ubi
2739 2684 3087 2751 notandum,
3119 2683 3257 2755 quia
3287 2685 3403 2740 duo
3433 2684 3574 2741 dicit
3601 2703 3615 2741 :

213 2771 455 2828 credenti
469 2776 656 2830 autem
676 2776 733 2830 in
751 2791 877 2830 eum
897 2776 995 2847 qui
1008 2775 1277 2846 justiﬁcat
1297 2775 1556 2846 impium,
1571 2783 1865 2846 reputatur
1974 2776 2208 2847 signum
2232 2778 2290 2830 et
2309 2772 2774 2847 signaculum,et
2796 2772 3066 2828 fortassis
3091 2789 3271 2828 unum
3297 2777 3470 2841 sunt;
3494 2775 3619 2841 sed,

208 2860 341 2930 ﬁdes
360 2863 488 2933 ejus
508 2862 580 2918 ad
589 2862 964 2934 justitiam.Ei
988 2863 1089 2935 qui
1110 2880 1226 2919 non
1249 2865 1617 2935 operatur,id
1640 2864 1865 2935 est,qui
1974 2864 2025 2920 si
2078 2863 2386 2936 diligenter
2431 2863 2753 2931 attendam,
2800 2878 3015 2935 magna
3060 2866 3151 2917 est
3192 2861 3490 2917 distantia.
3525 2863 3615 2918 Si-

206 2949 276 3006 de
297 2950 589 3022 operibus
609 2969 726 3007 non
757 2952 1081 3023 prmsumit,
1104 2968 1209 3008 nec
1241 2952 1366 3007 suis
1388 2952 1613 3007 meritis
1643 2969 1705 3007 se
1733 2968 1864 3024 gra-
1975 2970 2156 3025 gnum
2190 2953 2345 3007 enim
2378 2957 2467 3007 est
2498 2952 2654 3023 quod
2698 2950 2881 3019 aliud,
2912 2968 3091 3023 quam
3140 2955 3249 3021 est,
3281 2951 3573 3024 signiﬁcat
3605 2970 3618 3008 :

205 3038 358 3095 tiam
392 3045 781 3095 consecutum
804 3040 1006 3106 credit,
1028 3044 1334 3112 reputatur
1354 3040 1498 3095 fides
1530 3040 1657 3110 ejus
1678 3040 1750 3094 ad
1774 3040 1869 3110 ju-
1980 3040 2476 3111 quemadmodum
2505 3039 2785 3095 Dominus
2815 3040 3033 3095 Judaais
3072 3040 3243 3112 signa
3288 3041 3621 3112 petentibus

199 3126 472 3193 stitiam,
497 3126 655 3182 sicut
676 3131 733 3182 et
750 3127 1014 3182 Abrahas.
1030 3128 1162 3195 Sed,
1178 3144 1251 3183 ne
1271 3128 1380 3183 hoc
1403 3128 1696 3184 videretur
1715 3132 1868 3201 Apo-
1979 3128 2123 3183 dicit
2151 3145 2164 3184 :
2199 3129 2480 3184 Generatio
2510 3128 2624 3183 haec
2651 3128 2902 3183 adultera
2931 3135 3049 3195 est;
3077 3128 3298 3197 signum
3327 3132 3549 3200 quaerit,
3572 3134 3624 3186 et

200 3214 403 3271 stolus
426 3214 714 3282 sensisse,
736 3216 891 3288 quod
918 3216 1192 3272 omnibus
1214 3216 1356 3272 fides
1378 3217 1449 3272 ad
1464 3216 1756 3289 justitiam
1781 3235 1871 3274 re-
1979 3220 2202 3288 signum
2232 3232 2345 3272 non
2370 3216 2595 3271 dabitur
2630 3218 2703 3288 ei,
2732 3218 2846 3271 nisi
2883 3217 3101 3287 signum
3144 3218 3300 3274 Iona/3
3349 3218 3624 3291 praphettz

199 3305 551 3376 putaretur,
585 3302 868 3375 praemisit
899 3322 912 3359 :
945 3304 1187 3360 credenti
1215 3306 1275 3359 in
1303 3321 1447 3372 eum,
1480 3308 1578 3378 qui
1605 3307 1871 3378 justi/icat
1901 3294 1943 3360 C
1981 3306 2185 3375 (Matth.
2234 3323 2335 3374 x11,
2385 3306 2498 3375 39).
2554 3304 2659 3361 Ubi
2709 3305 2969 3361 ostendit
3021 3318 3167 3377 pene
3222 3306 3439 3375 omnia,
3495 3324 3622 3379 quae

200 3394 471 3465 impium.
508 3392 620 3447 Ubi
649 3392 998 3464 notandum,
1023 3393 1158 3466 quia
1189 3410 1303 3449 non
1335 3394 1413 3450 ait
1440 3411 1453 3449 :
1488 3396 1744 3452 credenti
1774 3396 1825 3452 ei
1851 3413 1865 3451 :
1979 3397 2132 3452 circa
2159 3399 2369 3451 Jonam
2409 3399 2575 3467 gesta
2621 3399 2782 3465 sunt,
2816 3395 2887 3450 ad
2938 3411 3001 3451 se
3049 3394 3357 3466 pertinere.
3389 3396 3536 3452 Hinc
3567 3401 3626 3453 et

204 3486 322 3540 Deo
355 3498 625 3555 namque
655 3482 889 3538 credere
915 3488 1005 3538 est
1036 3483 1344 3554 promissis
1376 3483 1536 3540 illius
1566 3485 1741 3541 ﬁdem
1773 3502 1870 3542 ac-
1979 3486 2215 3541 Simeon
2246 3486 2317 3541 de
2347 3484 2593 3540 Domino
2632 3483 2773 3539 dicit
2803 3500 2817 3540 :
2870 3488 3008 3541 Ecce
3049 3487 3261 3557 positus
3305 3494 3384 3542 est
3430 3486 3519 3541 hic
3562 3489 3625 3542 in

204 3571 642 3630 commodare:
698 3571 758 3626 in
806 3571 991 3627 Deum
1038 3588 1171 3628 vero
1218 3573 1452 3629 credere
1498 3578 1587 3631 est
1634 3592 1868 3631 omnem
1977 3577 2203 3631 ruinam
2249 3583 2299 3631 et
2351 3576 2411 3628 in
2457 3575 2676 3645 signum
2722 3575 2872 3646 (Luc.
2906 3592 2969 3641 ιι,
3001 3574 3112 3647 34).
3145 3574 3325 3629 Filius
3366 3592 3623 3649 namque

208 3676 378 3736 apem
429 3660 498 3715 in
529 3660 657 3732 ipso
686 3659 986 3717 collocare.
1028 3661 1117 3727 Et,
1150 3665 1216 3717 ut
1255 3679 1423 3718 suam
1475 3664 1869 3720 narrationem
1980 3663 2082 3719 Dei
2112 3667 2265 3718 recte
2295 3661 2530 3735 signum
2563 3662 2756 3717 dictus
2786 3665 2874 3717 est
2901 3680 2914 3730 ;
2950 3661 3088 3734 quia
3118 3662 3276 3717 aliud
3296 3661 3622 3731 videbatur,

207 3750 548 3808 Psalmistce
578 3749 914 3805 testimonio
945 3751 1337 3818 conﬁrmaret,
1370 3752 1640 3821 adjunxit
1672 3771 1685 3809 :
1721 3746 1872 3809 Sicut
1980 3753 2039 3807 id
2071 3756 2178 3815 est,
2206 3752 2403 3822 homo,
2426 3756 2483 3806 et
2511 3750 2668 3806 aliud
2702 3750 3064 3822 credebatur,
3088 3751 3144 3805 id
3176 3755 3266 3807 est
3296 3755 3464 3808 Deus.
3488 3755 3623 3808 Car-

209 3844 265 3896 et
293 3838 477 3896 David
509 3838 645 3894 dicit
666 3838 1060 3893 beatitudinem
1088 3839 1349 3908 hominis,
1372 3842 1465 3895 cui
1487 3845 1631 3895 Deus
1659 3851 1873 3914 accepto
1984 3840 2135 3897 nalis
2182 3841 2379 3911 itaque
2425 3839 2789 3895 circumcisio
2832 3844 2987 3895 recte
3037 3839 3273 3913 signum
3324 3841 3479 3897 dicta
3515 3845 3629 3910 est,

215 3930 320 3996 fert
338 3930 632 4002 justitiam
659 3929 782 3983 sine
809 3928 1082 4000 Operibus,
1114 3927 1173 3982 id
1221 3932 1328 3996 est,
1361 3930 1452 3983 cui
1497 3930 1650 3985 Deus
1693 3931 1874 4003 gratis
1984 3929 2124 4001 quia
2148 3927 2471 4000 spiritalem
2497 3927 2862 3997 significabat
2882 3928 3389 3985 circumcisionem
3415 3948 3541 4002 quae
3567 3931 3633 3987 fit

215 4021 272 4074 et
303 4021 526 4090 sponte
556 4015 763 4072 tribuit
788 4015 1268 4086 iustiﬁcationem
1294 4032 1307 4072 :
1339 4018 1513 4089 Beati,
1536 4033 1768 4090 quorum
1798 4035 1877 4075 re-
1986 4033 2089 4090 per
2109 4015 2356 4089 gratiam
2390 4020 2447 4069 et
2477 4015 2649 4069 ﬁdem
2675 4014 2911 4069 Christi.
2939 4016 3137 4086 Ipsum
3162 4017 3375 4088 quippe
3398 4034 3633 4089 regene-

212 4109 397 4163 missse
427 4114 567 4162 sunt
593 4106 930 4178 iniquitates,
961 4108 1013 4160 et
1051 4121 1285 4176 quorum
1316 4108 1454 4162 tecta
1479 4111 1606 4162 sunt
1628 4113 1873 4179 peccata.
1986 4105 2229 4162 rationis
2260 4107 2575 4171 auctorem,
2601 4102 2913 4157 Dominum
2948 4103 3215 4159 videlicet
3241 4105 3443 4160 Jesum
3465 4106 3632 4161 Chri-

219 4198 419 4253 Beatus
474 4198 587 4263 vir,
637 4196 728 4250 cui
780 4211 893 4251 non
938 4195 1230 4267 imputavit
1272 4196 1537 4252 Dominus
1592 4206 1877 4269 peccatum
1986 4200 2143 4251 stum
2177 4192 2564 4265 signiﬁcabat,
2599 4207 2703 4264 per
2730 4191 2898 4261 cujus
2938 4192 3189 4264 gratiam
3229 4194 3406 4249 corda
3454 4210 3634 4249 mun-

215 4286 397 4356 (Psal.
433 4300 596 4352 xxxx,
632 4284 683 4351 1,
714 4283 793 4355 2).
827 4281 935 4338 Ubi
967 4282 1316 4351 notandum,
1340 4284 1480 4355 quia
1508 4284 1619 4339 tria
1648 4286 1878 4341 videtur
1985 4282 2539 4355 dantur,expiantur
2559 4280 3341 4353 conscientiae.Signaculum
3364 4299 3496 4338 vero
3520 4286 3634 4353 est,

217 4373 546 4430 Psalmista
573 4371 801 4428 dicere:
834 4371 1113 4428 remissas
1140 4371 1504 4444 iniquitates,
1527 4379 1764 4446 peccata
1791 4379 1875 4430 te-
1988 4373 2142 4446 quod
2173 4372 2344 4427 alicui
2377 4370 2671 4427 servanda:
2718 4370 2798 4425 rei
2848 4386 2951 4442 pro
2982 4374 3242 4443 tempore
3275 4371 3530 4444 ponitur,
3564 4376 3633 4428 ut

221 4468 333 4529 cta,
355 4467 417 4520 et
445 4478 573 4519 non
603 4461 962 4534 imputatum
995 4465 1320 4533 peccatum.
1342 4460 1504 4518 Unde
1526 4462 1764 4533 quidam
1797 4463 1880 4518 di-
1987 4480 2104 4519 non
2136 4463 2209 4517 ab
2240 4460 2354 4517 alio
2385 4460 2643 4516 solvatur
2680 4476 2855 4532 quam
2896 4461 2969 4515 ab
3014 4477 3080 4516 eo
3131 4460 3232 4533 qui
3280 4461 3497 4533 posuit.
3532 4461 3636 4518 Illa

221 4557 363 4608 cunt
388 4551 743 4624 iniquitates
775 4550 994 4606 remitti
1026 4566 1128 4621 per
1156 4549 1583 4623 pmnitentiam,
1617 4568 1734 4607 non
1765 4552 1879 4608 im-
1988 4568 2124 4624 ergo
2158 4550 2526 4606 circumcisio
2558 4554 2713 4605 recte
2746 4548 3115 4622 signaculum
3151 4550 3306 4606 dicta
3357 4555 3466 4619 est,
3501 4551 3639 4623 quia

223 4642 417 4714 putari
440 4640 505 4696 in
531 4639 835 4713 martyrio.
862 4639 974 4695 Sed
998 4640 1342 4706 notandum,
1367 4640 1505 4711 quia
1526 4657 1637 4696 non
1673 4642 1789 4697 ait:
1820 4643 1880 4698 in
1912 4662 1959 4726 D
1992 4657 2094 4714 pro
2128 4638 2430 4711 signaculo
2482 4640 2620 4694 data
2667 4642 2756 4693 est
2783 4638 3024 4704 Judaais,
3057 4642 3121 4693 ut
3167 4656 3283 4695 non
3331 4640 3405 4694 ab
3457 4638 3637 4695 altero

224 4730 442 4803 quibus
474 4746 598 4785 non
629 4728 1012 4785 inveniuntur
1040 4733 1294 4801 peccata,
1329 4730 1454 4799 sed,
1480 4747 1714 4803 quorum
1744 4735 1885 4787 tecta
1992 4731 2313 4787 solveretur
2340 4727 2427 4783 vel
2459 4729 2785 4784 auferretur
2814 4744 2990 4798 quam
3036 4729 3107 4782 ab
3154 4744 3219 4783 eo
3269 4728 3369 4799 qui
3420 4728 3635 4798 posuit.

223 4830 366 4877 sunt.
392 4820 568 4877 Unde
592 4819 799 4874 beatus
821 4817 1171 4891 Gregorius:
1205 4819 1322 4874 Nos
1352 4820 1455 4889 rei,
1478 4837 1657 4892 quam
1690 4825 1882 4895 tegere
1989 4817 2154 4874 Unde
2183 4816 2338 4871 idem
2368 4815 2681 4887 Apostolus
2714 4815 2857 4869 dicit
2889 4833 2903 4871 :
2953 4817 3022 4871 At
3051 4816 3149 4870 ubi
3176 4818 3323 4870 venit
3350 4814 3640 4885 plenitudo

225 4910 529 4976 volumus,
554 4907 775 4980 aliquid
800 4907 1055 4981 superim
1065 4911 1361 4982 ponimus,
1380 4926 1452 4965 ne
1472 4910 1766 4983 videatur;
1797 4910 1882 4973 sic
1990 4908 2270 4978 temporis,
2293 4907 2447 4961 misit
2472 4911 2614 4962 Deus
2640 4905 2841 4959 Filium
2859 4922 3025 4961 suum
3052 4907 3257 4972 factum
3286 4919 3355 4959 ca:
3385 4902 3639 4973 muliere,

225 5002 279 5053 et
317 4998 580 5071 peccatis
610 4996 851 5063 nostris,
884 5014 1001 5052 non
1052 4998 1244 5054 solum
1296 4999 1744 5068 confessionem,
1778 5000 1879 5055 sed
1988 5002 2201 5071 factum
2246 4994 2345 5050 sub
2393 4995 2526 5067 lege,
2558 4997 2618 5049 ut
2655 5009 2746 5049 eos
2774 4996 2871 5064 qui
2898 4994 2996 5049 sub
3030 4996 3140 5063 lege
3167 5000 3323 5047 erant
3352 4989 3649 5046 redimeret

226 5085 398 5142 etiam
430 5088 592 5142 bona
622 5099 798 5157 opera
828 5088 1310 5156 superponentes,
1334 5087 1609 5160 tegimus,
1636 5090 1701 5140 ut
1725 5086 1881 5141 Deus
1990 5087 2134 5162 (Gal.
2161 5103 2238 5153 ιν,
2263 5084 2315 5156 4)
2341 5101 2353 5138 :
2389 5085 2529 5157 quia
2558 5101 2673 5140 non
2704 5082 2868 5154 prius
2899 5084 2997 5139 ﬁet
3021 5097 3197 5152 quam
3228 5078 3374 5133 illud
3400 5078 3647 5151 implea-

227 5191 334 5206 νυν...
371 5174 802 5206 ηκεωηλτηηύηΰ
860 5173 911 5206 ἕᾹ
947 5178 1030 5206 ωτι
1087 5175 1287 5206 muniat
1342 5175 1499 5206 ῐῐνυῑη
1533 5176 1684 5206 ἕλην-η
1720 5176 1818 5206 Dan

2060 5196 2087 5204 ...
2119 5174 2268 5204 "nhil
2307 5172 2443 5204 nl:k:
2494 5176 2569 5204 ..ξι
2605 5190 2618 5203 ο
2681 5178 2853 5204 "Anna
2881 5167 3163 5204 ιηΙιηηἹηΑη
3193 5168 3436 5204 nantium
3470 5169 3633 5204 {unum
