4030 5310
385 290 499 350 167

1401 286 1738 348 ATTONlS
1784 285 2369 347 VERCELLENSIS
2416 284 2770 346 EPILCOPI

3679 287 3796 346 168

388 420 857 478 circumcisionis
891 419 1181 491 acceperit
1219 419 1498 492 aperitur,
1533 436 1666 474 cum
1716 417 1989 474 subditur
2023 435 2036 472 :
2069 418 2122 484 Α
2152 419 2340 488 quavit
2369 419 2515 473 enim
2536 433 2775 496 regnum
2803 417 3058 473 cartorum
3107 417 3312 488 (Matth.
3345 434 3428 486 m,
3461 417 3517 488 2)
3545 435 3557 472 :
3593 419 3694 473 sed
3747 418 3798 473 si

389 514 452 568 Ut
481 511 552 566 sit
579 515 739 582 pater
767 510 1013 564 omnium
1034 510 1378 564 credentium
1408 516 1626 580 propter
1646 508 1792 579 (177)
1819 524 2038 579 praepu-

383 602 544 668 tium,
578 603 641 654 ut
686 602 970 670 reputetur
1012 600 1061 652 et
1101 598 1216 652 illis
1246 597 1317 652 ad
1355 599 1672 668 justitiam;
1701 600 1750 652 et
1779 598 1851 651 sit
1875 600 2038 668 pater

383 689 845 746 circumcisionis.
879 690 1019 759 Apte
1049 687 1287 758 quidem
1335 687 1477 741 dicit
1522 689 1768 742 omnium
1815 685 2034 742 creden-

386 780 550 848 tium,
584 776 724 849 quia
755 776 1138 848 praiputiatus
1166 776 1481 842 Abraham,
1515 777 1801 831 credendo
1847 776 2035 831 factus

385 872 475 922 est
499 871 662 939 pater
685 864 1586 936 prmputiatorum,circumcisus
1621 869 1813 920 autem
1845 865 2035 919 factus

385 961 476 1012 est
505 960 670 1026 pater
696 955 1054 1010 Judaaorum.
1089 954 1304 1009 Omnes
1335 955 1488 1009 enim
1521 954 1621 1024 qui
1661 954 1719 1007 in
1754 953 2036 1024 praeputio

384 1045 632 1100 credunt
661 1047 970 1099 transeunt
1009 1043 1081 1098 ad
1114 1043 1459 1115 dignitatem
1493 1042 1735 1098 seminis
1766 1041 2032 1109 Abrahae,

383 1138 441 1190 et
469 1137 779 1206 reputatur
798 1133 882 1188 eis
908 1133 1054 1187 fides
1074 1132 1144 1187 ad
1173 1132 1489 1203 justitiam,
1516 1132 1668 1187 sicut
1697 1136 1753 1186 et
1775 1130 2032 1186 Abrahae.

383 1224 455 1278 Et
487 1222 598 1277 hoe
621 1226 709 1277 est
738 1221 890 1293 quod
917 1221 1149 1286 dicitur,
1179 1225 1244 1274 ut
1273 1223 1576 1291 reputatur
1595 1224 1652 1275 et
1680 1219 1764 1275 eis
1794 1220 1938 1274 ﬁdes
1961 1219 2033 1274 ad

375 1311 696 1383 justitiam.
727 1311 859 1381 Sed,
894 1310 943 1364 si
995 1309 1336 1381 diligentius
1380 1309 1772 1375 attendamus,
1806 1308 2036 1362 videtur

384 1399 700 1473 Apostolus
731 1399 824 1454 his
852 1398 1047 1454 verbis
1079 1399 1384 1454 ostendere
1416 1415 1599 1453 unum
1633 1413 1760 1454 esse
1806 1414 2031 1468 pra-epu-
2075 1460 2092 1475 _

389 1489 540 1545 tium
574 1493 630 1544 et
659 1487 1161 1558 circumisionem,
1191 1487 1471 1559 quoniam
1501 1487 1835 1558 quicunque
1863 1485 2037 1541 vcsti-

381 1579 479 1651 gia
510 1577 643 1633 ﬁdei
676 1576 920 1632 Abrahae
952 1575 1264 1631 imitantur
1292 1576 1420 1645 ejus
1452 1575 1556 1630 filii
1587 1575 1946 1642 efficiuntur,
1980 1579 2037 1630 et

384 1668 580 1736 corde,
614 1683 729 1722 non
779 1681 1038 1738 corpore,
1072 1664 1598 1734 circumciduntur,
1631 1668 1687 1720 et
1732 1667 2036 1736 reputatur

380 1757 732 1829 praeputium
766 1771 968 1810 eorum
999 1754 1058 1808 in
1091 1753 1618 1810 circumcisionem.
1653 1758 1735 1808 Ac
1785 1770 1885 1824 per
1922 1752 2031 1808 hcc

378 1843 668 1899 Abraham
700 1848 864 1914 pater
892 1846 982 1898 est
1013 1841 1503 1912 circumcisionis,
1536 1842 1590 1896 id
1625 1846 1732 1908 est,
1767 1841 2031 1896 omnium

379 1933 763 1988 credentium.
798 1931 960 1987 Unde
991 1931 1266 1986 continuo
1298 1931 1572 1986 subditur
1600 1948 1612 1986 :
1650 1932 1765 1986 Non
1797 1930 1904 1995 his,
1938 1932 2036 2002 qui

382 2038 453 2077 ex
482 2023 899 2076 circumcisione
926 2028 1053 2075 sunt
1081 2023 1317 2089 tantum,
1349 2019 1440 2074 sed
1486 2019 1572 2074 his
1615 2020 1712 2091 qui
1756 2022 2036 2073 sectantur

380 2113 614 2181 uestigia
641 2110 792 2180 ﬁdei,
816 2109 954 2180 quod
986 2110 1130 2179 (178)
1160 2112 1239 2164 est
1268 2110 1327 2162 in
1355 2110 1626 2180 pra’putio
1656 2108 1833 2179 patris
1862 2109 2035 2162 nostri

381 2199 636 2255 Abrahae.
672 2198 1053 2263 Qumrendum
1106 2203 1302 2252 tamen
1351 2201 1458 2263 est,
1493 2213 1673 2268 quare
1719 2195 2032 2268 Apostolus

384 2287 735 2359 praeputium
788 2284 1041 2357 praetulit
1088 2285 1541 2340 circumcisioni.
1593 2285 1842 2351 Scilicet,
1896 2286 2034 2360 quia

384 2375 738 2448 praevidebat
768 2373 933 2446 prius
963 2378 1020 2428 et
1051 2373 1248 2445 plures
1279 2374 1601 2432 credituros
1644 2391 1712 2428 ex
1758 2374 2032 2444 gentibus

384 2481 562 2536 quam
596 2480 664 2519 ex
687 2462 926 2518 Judaais.
951 2461 1114 2517 Unde
1137 2462 1618 2535 Psalmigraphus
1643 2481 1655 2518 :
1691 2463 1886 2518 Notum
1905 2465 2034 2534 fecit

384 2553 651 2611 Dominus
697 2551 963 2608 Sat-utare
1017 2567 1181 2606 suum
1232 2559 1357 2607 ante
1403 2561 1744 2623 conspectum
1789 2553 2034 2623 gentium

386 2644 552 2710 (Psal.
584 2658 755 2708 xcvn,
785 2641 861 2713 2).
898 2641 966 2695 Et
996 2640 1168 2712 paulo
1199 2645 1332 2712 post
1362 2657 1376 2695 :
1427 2642 1627 2696 Memor
1670 2643 1778 2712 fuit
1813 2642 2032 2696 miseri-

385 2732 582 2787 cordia:
611 2747 722 2785 suae
749 2729 915 2785 Jacob
947 2729 1127 2799 (Ibid,
1159 2729 1235 2800 3).
1273 2729 1416 2784 Hine
1455 2733 1511 2784 et
1556 2729 1791 2784 Simeon
1841 2729 1984 2784 dicit
2015 2745 2028 2784 :

387 2826 594 2876 Lumen
641 2819 711 2874 ad
757 2818 1146 2874 reuelationem
1193 2819 1464 2889 gentium,
1496 2823 1549 2872 et
1593 2819 1829 2889 gloriam
1857 2819 2032 2890 plebis

387 2913 502 2966 tuae
530 2909 702 2965 Israel
750 2911 902 2976 (Luc.
936 2925 999 2974 ιι,
1032 2907 1144 2978 32).
1673 2964 1687 2976 ,

457 2998 604 3054 Nam
627 2998 854 3053 dudum
878 2996 1188 3068 Apostolus
1213 2996 1372 3068 loqui
1396 2997 1569 3068 cmpit
1594 2997 1664 3051 de
1686 2996 1810 3069 lege
1831 2997 2032 3052 adver-

386 3105 487 3144 sus
509 3104 608 3143 eos
629 3086 727 3158 qui
750 3085 1197 3158 promissionem
1219 3085 1463 3140 Abrahae
1487 3087 1696 3141 tactam
1724 3102 1824 3158 per
1844 3085 2028 3158 legem

387 3178 671 3249 putabant
700 3175 1024 3247 impletam.
1062 3177 1148 3241 Et,
1197 3179 1383 3246 empta
1413 3175 1733 3230 intentione
1765 3191 2028 3246 perseve-
2058 3159 2100 3226 C

383 3283 538 3334 rans,
575 3266 702 3320 ait:
755 3265 872 3320 Non
921 3266 1073 3319 enim
1116 3280 1214 3334 per
1263 3266 1434 3334 legem
1483 3266 1771 3334 promissio
1802 3264 2029 3319 Abrahae

384 3359 480 3408 aut
508 3355 710 3410 semini
737 3355 875 3424 ejus,
905 3355 963 3407 ul
993 3352 1168 3408 haeres
1198 3357 1334 3407 esset
1363 3353 1576 3420 mundi,
1607 3353 1699 3407 sed
1725 3369 1826 3424 per
1866 3353 2026 3421 iusti-

381 3446 517 3499 tiam
549 3443 694 3512 ﬁdei,
728 3458 794 3498 ac
821 3441 870 3496 si
903 3441 1154 3496 diceret:
1190 3458 1304 3496 non
1336 3445 1424 3496 est
1452 3441 1551 3504 ita.
1586 3446 1649 3497 ut
1681 3458 1781 3495 vos
1813 3441 2027 3506 dicitis,

382 3531 519 3604 quia
547 3530 658 3599 lex,
693 3547 819 3603 qum
852 3535 981 3602 post
1014 3529 1199 3585 multa
1230 3547 1519 3585 annorum
1552 3530 1844 3585 curricula
1892 3531 2029 3585 data

382 3625 490 3688 est,
525 3637 642 3675 non
676 3619 866 3692 potuit
894 3616 1139 3690 implere
1169 3617 1618 3689 promissionem
1651 3620 1760 3673 sub
1798 3619 2026 3689 jureju-

383 3710 566 3764 rando
598 3707 845 3763 Abrabce
880 3707 1112 3775 factam,
1139 3707 1276 3780 quia
1306 3708 1615 3780 promissio
1646 3707 1767 3777 illa,
1793 3724 1896 3762 nec
1929 3723 2031 3779 per

381 3796 565 3868 legem
600 3797 752 3851 facta
781 3801 868 3851 est
899 3813 1002 3852 nec
1033 3813 1135 3867 per
1175 3796 1362 3868 legem
1393 3795 1651 3868 impleta.
1687 3796 1849 3851 Unde
1879 3797 2026 3868 ipse,

379 3885 628 3956 loquens
661 3886 733 3940 ad
766 3884 1020 3952 Galatas,
1054 3885 1136 3940 ait
1165 3885 1316 3940 inter
1345 3889 1550 3940 caetera
1577 3902 1589 3940 :
1627 3886 2024 3956 Quadragintos

380 3979 432 4031 et
463 3975 695 4044 triginta
724 3990 896 4030 annos
922 3976 1069 4045 facta
1099 3979 1175 4030 est
1206 3976 1314 4039 lex,
1336 3990 1444 4029 non
1492 3975 1625 4044 facit
1677 3975 1904 4028 irritum
1941 3973 2022 4029 ad

378 4065 758 4121 evacuandam
787 4063 936 4136 (179)
967 4065 1390 4135 promissionem
1421 4061 1563 4133 (Gal.
1597 4079 1681 4128 ιιι,
1716 4062 1824 4132 17).

453 4153 524 4209 Ut
555 4158 749 4209 autem
774 4153 1108 4208 ostenderet
1139 4168 1241 4222 per
1271 4166 1447 4222 quem
1478 4148 1720 4220 impleta
1750 4149 1845 4218 sit,
1871 4149 2028 4218 adje-

382 4242 459 4297 cit
488 4259 500 4295 :
535 4241 641 4298 Sed
668 4258 764 4312 per
782 4241 1062 4312 justitiam
1091 4240 1240 4309 ﬁdei,
1273 4238 1330 4293 id
1364 4242 1472 4305 est,
1509 4237 1646 4308 quia
1676 4237 1790 4292 fide
1815 4237 2031 4307 justifi-

380 4333 547 4386 eatus
576 4335 666 4385 est
694 4329 1011 4394 Abraham,
1054 4328 1208 4383 sicut
1251 4331 1310 4382 et
1337 4331 1557 4398 gentes.
1591 4324 1868 4396 Sequitur
1901 4342 1913 4380 :
1969 4326 2032 4380 Si

381 4421 530 4474 enim
574 4420 672 4490 qui
717 4435 788 4473 ex
833 4419 964 4488 lege,
999 4416 1240 4473 haeredes
1269 4423 1419 4481 sunt,
1449 4415 1745 4470 exinanita,
1772 4419 1846 4468 est
1875 4413 2026 4484 ﬁdes,

382 4508 585 4564 abolita
614 4511 692 4563 est
721 4507 1026 4577 promissio.
1052 4507 1120 4559 Et
1149 4509 1238 4559 est
1267 4521 1478 4559 sensus
1502 4521 1515 4558 :
1549 4503 1598 4557 si
1629 4519 1729 4558 vos
1751 4502 1858 4558 soli
1889 4503 2029 4558 estis
2058 4527 2105 4592 D

381 4598 662 4663 hazredes,
697 4595 796 4667 qui
847 4611 914 4649 ex
960 4594 1086 4665 lege
1131 4592 1636 4649 circumcisionem
1679 4592 2025 4663 accepistis;

382 4703 518 4757 ergo
552 4686 696 4741 ﬁdes
728 4683 944 4739 Christi
977 4683 1285 4738 annullata
1323 4687 1430 4738 est.
1465 4682 1574 4737 Sed
1621 4698 1736 4736 non
1791 4682 1872 4736 ita
1919 4686 2026 4736 est.

383 4775 543 4830 Unde
573 4791 708 4830 mox
738 4789 978 4829 causam
1011 4772 1220 4838 reddit,
1257 4772 1625 4843 subjungens
1661 4787 1673 4824 :
1723 4772 1835 4826 Lee:
1881 4772 2030 4825 enim

380 4867 528 4918 iram
566 4870 850 4935 operatur.
883 4866 1061 4928 Iram,
1094 4864 1159 4915 ut
1205 4877 1356 4932 saepe
1404 4859 1679 4917 diximus.
1710 4858 2029 4913 vindictam

378 4957 565 5008 vocat.
603 4955 709 5009 Lex
739 4969 871 5023 ergo
902 4951 1048 5006 iram
1082 4954 1374 5020 operatur,
1409 4948 1548 5019 quia
1589 4965 1703 5002 non
1756 4947 2031 5018 praedicat

380 5041 811 5114 paenitentiam,
837 5040 1036 5098 dicens
1066 5056 1079 5094 :
1113 5039 1500 5094 Pwmtentiam
1524 5037 1708 5106 agite;
1741 5036 2033 5107 appropin-

452 5250 607 5310 (177)
635 5251 806 5310 Vulg.
847 5269 962 5310 per.

2147 507 2280 578 quis
2304 507 2432 572 hoc,
2463 505 2546 561 vel
2583 505 2722 560 illud
2750 506 2971 575 fecerit,
2998 509 3182 561 morte
3209 507 3514 562 moriatur.
3545 507 3632 574 Et,
3658 507 3802 578 quia

2147 599 2414 667 poterant
2441 594 2625 649 Judaei
2657 595 2847 651 dicere
2880 611 2893 649 :
2939 595 3206 668 nunquid
3239 595 3407 651 nobis
3437 599 3673 652 tantum
3708 594 3803 650 lex

2144 683 2290 739 iram
2325 683 2645 755 operatur?
2677 684 2811 739 Ideo
2843 682 3107 739 subdidit
3139 700 3154 738 :
3198 684 3300 740 Ubi
3325 699 3436 739 non
3466 687 3547 738 est
3576 685 3687 749 lex,
3720 685 3806 738 ibi

2145 789 2242 828 nec
2269 774 2678 845 prmvaricatio.
2710 773 2818 828 Sed
2851 772 3114 844 nunquid
3146 773 3302 845 apud
3340 772 3587 845 gentiles
3637 771 3804 829 nulla

2145 865 2234 916 est
2263 861 2681 933 praevaricatio,
2709 861 2806 932 qui
2838 860 3022 931 legem
3047 861 3229 933 Moysi
3261 877 3374 920 non
3403 861 3804 933 acceperunt?

2145 950 2287 1016 Quis
2317 951 2426 1005 hoc
2457 951 2648 1006 dicere
2678 951 2908 1021 audeat,
2940 967 3074 1005 cum
3107 950 3261 1006 idem
3291 950 3608 1023 Apostolus
3654 950 3803 1006 alibi

2146 1039 2346 1095 dicat:
2407 1041 2724 1112 Quicunque
2770 1041 2892 1096 sine
2939 1041 3052 1111 lege
3092 1045 3466 1110 peccaverunt,
3511 1042 3637 1095 sine
3685 1041 3804 1110 lege

2138 1129 2452 1198 peribunt?
2500 1128 2800 1192 Quomodo
2853 1145 2988 1200 ergo
3037 1127 3483 1200 intelligendum
3525 1133 3662 1184 est?
3715 1129 3804 1185 Ita

2147 1234 2214 1272 ae
2245 1217 2323 1272 sit
2351 1217 2570 1273 diceret
2599 1216 2732 1273 aliis
2761 1217 2918 1273 verbi
2953 1216 3117 1273 :subi
3153 1233 3270 1272 non
3298 1221 3386 1272 est
3415 1222 3801 1290 praceptum,

2145 1305 2337 1361 minor
2359 1310 2446 1362 est
2466 1306 2875 1377 transgressio.
2892 1306 3054 1362 Unde
3075 1310 3207 1378 apte
3231 1305 3582 1361 subauditur
3605 1310 3800 1374 tanta;

2147 1399 2212 1450 ut
2241 1395 2318 1450 sit
2356 1395 2496 1450 ordo
2525 1395 2832 1450 verborum
2867 1411 2881 1451 :
2916 1395 3022 1450 Ubi
3051 1412 3165 1451 non
3195 1399 3284 1450 est
3327 1394 3439 1462 lex,
3471 1411 3579 1452 nee
3626 1398 3804 1452 tanta

2142 1483 2559 1555 pravaricatio.
2628 1487 2696 1538 Et
2758 1487 2945 1555 apte:
3009 1483 3285 1555 quoniam
3355 1499 3470 1554 quo
3539 1484 3804 1555 quisque

2145 1588 2363 1643 gnarus
2414 1575 2630 1644 peccat,
2683 1589 2748 1627 eo
2795 1571 3052 1643 amplius
3081 1572 3229 1643 (180)
3277 1571 3575 1644 punietur.
3607 1573 3802 1640 Unde,

2146 1663 2351 1717 beatus
2384 1664 2750 1733 Augustinus
2782 1662 2961 1716 dicit:
2997 1661 3200 1719 Omnis
3230 1660 3415 1734 legem
3449 1662 3805 1734 praeteriens

2145 1749 2385 1821 iniquus
2416 1755 2540 1805 est:
2575 1766 2690 1805 non
2717 1754 2914 1806 tamen
2937 1750 3130 1806 omnis
3161 1751 3400 1821 iniquus
3432 1749 3621 1822 legem
3645 1768 3802 1822 prae-

2143 1839 2296 1894 terit.
2330 1839 2418 1894 Illi
2468 1856 2624 1910 ergo,
2668 1838 2767 1910 qui
2818 1856 2930 1894 non
2965 1843 3204 1912 accepta
3234 1839 3356 1912 lege
3387 1845 3652 1912 peccant,
3683 1841 3802 1896 ini-

2143 1928 2245 2000 qui
2279 1928 2390 1983 diei
2425 1932 2708 2000 possunt;
2745 1933 3210 2001 transgressores
3241 1945 3356 1985 non
3389 1935 3659 2000 possunt.
3685 1932 3800 1986 Sed

2145 2018 2562 2072 attendendum
2598 2021 2686 2072 est
2717 2017 2788 2072 de
2819 2034 2933 2088 qua
2966 2016 3089 2087 lege
3121 2017 3216 2072 hic
3247 2017 3524 2088 loquatur
3550 2020 3802 2088 Aposto-

2143 2110 2258 2160 lus.
2292 2106 2568 2177 Nunquid
2600 2109 2671 2161 de
2704 2105 2828 2176 lege
2858 2107 3078 2177 scripta
3101 2105 3127 2159 ‘l
3174 2110 3373 2162 Potest
3425 2106 3662 2178 quidem
3715 2107 3800 2161 ita

2142 2195 2417 2267 intelligi;
2442 2196 2540 2250 sed
2565 2194 3005 2250 convenientius
3023 2196 3092 2249 de
3112 2194 3236 2267 lege
3255 2200 3496 2251 naturae.
3513 2196 3800 2251 Homines

2141 2285 2320 2349 enim,
2351 2301 2482 2339 cum
2527 2284 2718 2339 adhuc
2767 2285 2826 2339 in
2867 2301 3045 2357 parva
3073 2288 3236 2339 aetate
3265 2284 3616 2352 consistunt,
3651 2285 3799 2356 quid

2141 2374 2433 2446 agendum
2463 2373 2673 2444 quidve
2703 2391 2819 2429 non
2853 2373 2948 2442 sit,
2974 2373 3215 2429 minime
3241 2379 3606 2445 agnoscunt:
3640 2373 3804 2429 ideo-

2143 2479 2277 2534 que,
2312 2462 2583 2533 quamvis
2633 2462 2710 2518 sit
2758 2462 2956 2534 aliqua
3007 2479 3186 2534 parva
3237 2463 3408 2534 (181),
3457 2467 3656 2524 tamen
3707 2468 3803 2519 est

2140 2551 2333 2623 culpa.
2359 2552 2504 2607 Cum
2528 2556 2724 2607 autem
2753 2551 3096 2623 perveniunt
3115 2552 3187 2606 ad
3215 2550 3585 2608 rationabilis
3606 2551 3800 2608 atatis

2139 2657 2346 2707 annos,
2379 2645 2597 2711 quanto
2625 2639 2877 2710 amplius
2929 2640 3072 2711 quid
3124 2656 3292 2712 agere
3336 2640 3587 2697 debeant
3615 2641 3800 2697 intel-

2139 2729 2354 2801 ligunt,
2413 2735 2574 2784 tanto
2631 2729 2906 2798 atrocius,
2958 2729 3008 2784 si
3055 2729 3203 2801 (182)
3250 2729 3625 2802 deliquerint,
3682 2748 3795 2802 pu-

2141 2818 2394 2874 nientur.
2429 2819 2592 2874 Unde
2623 2817 2939 2874 Psalmista
2972 2835 2984 2873 :
3034 2819 3498 2876 Prwvaricatores
3528 2823 3801 2892 reputavi

2139 2924 2326 2965 omnes
2369 2917 2674 2980 peccatores
2720 2911 2880 2963 terrae
2929 2908 3322 2979 (Psal.cxv1u,
3357 2909 3482 2980 119)
3521 2927 3532 2964 :
3586 2926 3799 2967 omnes

2143 3014 2395 3070 namque
2407 3002 2736 3069 peccatores
2757 2997 3224 3069 prmvarieatores
3240 2997 3663 3069 legisMosaicaa
3675 3017 3796 3055 non

2143 3087 2397 3154 fuerunt,
2455 3086 2594 3158 quia
2653 3104 2763 3141 non
2820 3103 3026 3141 omnes
3079 3102 3207 3142 eam
3265 3091 3639 3157 acceperunt,
3689 3091 3796 3144 sed

2140 3174 2286 3247 legis
2333 3179 2572 3230 naturae.

2207 3264 2326 3319 Ideo
2355 3280 2426 3318 ea:
2457 3263 2581 3333 ﬁde,
2616 3263 2986 3328 subauditur,
3022 3261 3262 3334 impleta
3313 3267 3401 3319 est
3447 3263 3795 3334 promissio,

2135 3357 2194 3408 ut
2222 3353 2518 3408 secundum
2539 3354 2778 3420 gratiam
2795 3353 2956 3422 ﬁrma
2977 3354 3051 3406 sit
3075 3354 3367 3423 promissio
3393 3356 3545 3408 omni
3564 3355 3795 3424 semini,

2137 3442 2194 3496 id
2227 3449 2332 3509 est,
2368 3445 2484 3496 tam
2515 3442 2716 3496 Judreo
2749 3457 2927 3512 quam
2958 3445 3016 3495 et
3058 3441 3283 3513 gentili.
3320 3442 3387 3499 Et
3438 3443 3797 3510 notandum,

2138 3532 2277 3600 quia
2303 3547 2419 3584 non
2451 3530 2533 3585 ait
2564 3531 2889 3584 secundum
2925 3530 3221 3597 meritum,
3253 3535 3357 3586 aut
3394 3530 3542 3602 legis
3589 3532 3799 3588 obsero

2137 3619 2416 3685 vantiam,
2452 3619 2554 3674 sed
2587 3617 2911 3674 secundum
2943 3619 3214 3689 gratiam.
3250 3619 3397 3683 Quia
3430 3618 3556 3675 sola
3602 3621 3801 3693 gratia

2142 3707 2237 3764 Dci
2279 3708 2615 3777 justilicatae
2671 3712 2810 3762 sunt
2855 3712 3077 3780 gentes.
3121 3712 3242 3765 Non
3292 3711 3368 3779 ei,
3419 3711 3517 3779 qui
3560 3726 3633 3765 eo:
3661 3711 3804 3781 lege

2136 3805 2212 3853 est
2241 3798 2439 3864 solum,
2471 3796 2529 3851 id
2578 3800 2686 3863 est,
2719 3797 2819 3868 qui
2851 3814 2919 3852 ex
2949 3797 3139 3854 Veteri
3172 3799 3548 3854 Testamento
3579 3800 3802 3860 transit

2139 3886 2208 3941 ad
2240 3886 2488 3958 gratiam
2520 3885 2661 3941 Novi
2697 3902 2710 3941 :
2762 3885 2862 3940 Sed
2889 3891 2940 3941 et
2972 3889 3043 3957 ei,
3075 3889 3172 3958 qui
3197 3903 3267 3943 ex
3295 3886 3401 3958 ﬁde
3427 3891 3506 3943 est
3535 3888 3798 3957 Abrahae,

2136 3974 2194 4028 id
2227 3978 2333 4041 est,
2369 3974 2469 4044 qui
2501 3973 2760 4030 imitator
2788 3979 2878 4029 est
2905 3974 3038 4030 ﬁdei
3069 3975 3334 4043 Abrahae,
3365 3978 3462 4047 qui
3510 3981 3588 4032 est
3638 3985 3802 4048 pater

2137 4065 2388 4118 omni-um
2436 4067 2706 4127 nostrum,
2757 4062 2814 4118 id
2862 4067 2970 4131 est,
3019 4067 3142 4118 tam
3199 4064 3558 4130 Judo'sorum,
3611 4082 3793 4137 quam

2138 4150 2466 4224 gentilium.
2501 4152 2591 4216 Et,
2626 4155 2689 4206 ut
2737 4150 2847 4206 hoe
2877 4151 3117 4208 Genesis
3151 4152 3483 4210 testimonio
3513 4169 3796 4226 compro-

2139 4240 2320 4310 baret,
2346 4239 2557 4310 adjecit
2582 4257 2594 4296 :
2630 4240 2779 4296 Sicut
2806 4242 3073 4312 scriptum
3101 4245 3217 4296 est:
3252 4245 3384 4313 quia
3407 4247 3625 4312 patrem
3642 4245 3792 4300 mut-

2138 4336 2322 4384 tarum
2349 4329 2592 4400 gentium
2621 4331 2785 4401 posui
2809 4333 2860 4384 te
2887 4335 3014 4386 ante
3044 4331 3231 4387 Deum.
3267 4331 3428 4394 Quod
3460 4331 3605 4386 dicit
3637 4332 3794 4388 mul-

2138 4422 2353 4486 tarum,
2380 4435 2493 4474 non
2528 4419 2943 4489 quarumdam,
2973 4421 3075 4476 sed
3099 4419 3365 4475 omnium
3391 4420 3680 4476 debemus
3711 4421 3796 4476 in-

2140 4506 2418 4579 telligere.
2448 4511 2624 4563 Juxta
2656 4508 2812 4580 quod
2838 4507 2899 4563 in
2930 4509 3132 4564 eodem
3165 4508 3313 4565 libro
3343 4509 3629 4581 scriptum
3661 4515 3792 4566 est:

2139 4597 2204 4650 In
2231 4598 2438 4651 semine
2468 4605 2558 4651 tuo
2590 4596 2973 4652 benedicentur
3001 4613 3184 4652 omnes
3214 4607 3394 4668 gentes
3424 4607 3589 4655 terrae
3633 4598 3792 4670 (Gen.

2138 4702 2275 4755 xxu,
2312 4685 2416 4755 18).
2453 4686 2615 4750 Quod
2669 4690 2862 4741 autem
2912 4686 3188 4742 subditur
3223 4703 3236 4740 :
3291 4691 3418 4742 ante
3469 4688 3664 4759 Deum,
3697 4691 3798 4744 cui

2138 4774 2439 4844 credidisti,
2474 4775 2621 4846 (183)
2673 4775 2730 4829 in
2763 4775 2912 4830 libro
2943 4775 3184 4831 Genesis
3215 4793 3330 4831 non
3365 4776 3651 4845 habetur;
3687 4778 3788 4835 sed

2139 4863 2474 4935 Apostolus,
2499 4865 2861 4935 exponendo,
2885 4865 2954 4918 de
2983 4881 3087 4918 suo
3111 4865 3343 4935 adjecit,
3365 4863 3564 4921 volens
3591 4871 3790 4922 osten-

2139 4953 2275 5008 dere
2296 4952 2590 5008 Abraham
2615 4951 3156 5022 fidejustiﬁeatum.
3178 4955 3246 5010 Et
3265 4958 3354 5010 est
3374 4971 3583 5010 sensus
3608 4973 3622 5012 :
3655 4960 3792 5012 ante

2141 5048 2344 5108 Deum,
2395 5042 2487 5098 cui
2539 5039 2859 5107 credidisti,
2911 5040 3169 5112 positum
3225 5048 3313 5099 est
3368 5047 3434 5098 ut
3485 5043 3568 5100 sis
3625 5049 3793 5116 pater

2210 5249 2358 5310 (180)
2389 5250 2454 5303 In
2489 5252 2686 5310 autog.
2718 5252 3036 5310 puniretur.
