4030 5310
159 329 262 388 169

750 323 1164 384 EXPOSITIO
1210 323 1286 382 ΙΝ
1337 323 1762 383 EPISTOLAS
1810 323 2066 383 PAULI.
2102 356 2175 367 —
2210 326 2284 384 IN
2334 326 2580 386 EPIST.
2628 328 2732 385 AD
2780 327 2967 388 ltOM.

3443 329 3557 388 170

159 457 470 512 multarum
511 456 797 528 gentium.
828 457 934 524 Qui
962 452 1213 525 viviﬁcut
1242 458 1502 510 mortuos.
1541 455 1798 509 Mortuos
1829 456 1881 520 Α
1909 455 2048 508 sicut
2073 457 2266 511 stellas
2310 458 2432 510 cmli
2478 462 2529 512 et
2575 459 2717 512 sicut
2757 472 2990 512 arenam
3020 473 3142 528 qum
3171 467 3249 513 est
3277 462 3332 514 in
3377 462 3560 518 littore

157 548 254 603 hoc
306 546 455 612 loco,
504 563 615 600 non
667 561 926 616 corpore,
981 546 1080 599 sed
1132 545 1328 598 anima
1375 545 1658 599 debemus
1709 544 1796 597 in-

155 635 427 707 telligere,
455 635 626 704 juxta
655 633 798 688 illud
837 652 850 690 :
883 635 1084 688 Anima
1133 648 1258 704 qua:
1300 635 1601 704 peccaverit
1626 636 1801 688 morte

155 727 434 780 morietur.
487 723 651 778 Sicut
697 722 854 778 enim
901 739 1114 794 corpus
1163 727 1459 776 mortuum
1503 727 1610 789 est,
1644 722 1800 792 quod

155 815 323 870 habet
352 814 576 877 oculos,
607 818 664 867 et
689 818 923 867 caeteros
963 828 1175 866 sensus
1223 810 1347 865 sine
1397 809 1520 866 suis
1570 810 1800 876 officiis,

156 904 279 959 ideo
309 907 544 957 mortua
577 906 664 956 est
694 901 914 964 anima,
959 917 1086 971 quae
1141 899 1233 953 his
1284 900 1558 954 omnibus
1613 899 1800 954 sensi-

158 993 261 1047 bus
292 1008 423 1046 cum
457 991 582 1046 suis
614 990 823 1045 officiis
854 995 1031 1058 caret,
1080 990 1134 1043 id
1191 994 1280 1043 est
1323 1007 1449 1061 qua:
1481 1005 1594 1043 non
1628 988 1804 1043 habet

157 1079 364 1145 oculos,
399 1079 614 1150 quibus
648 1078 831 1150 possit
859 1079 1055 1132 videre
1091 1082 1470 1146 Deum,aures
1503 1076 1799 1144 audiendi,

159 1170 366 1242 quibus
397 1169 582 1241 possit
611 1169 812 1223 audire
844 1171 1132 1239 praecepta
1181 1167 1300 1234 Dei,
1352 1183 1544 1235 nares,
1576 1171 1640 1221 ut
1671 1183 1802 1238 pro-

159 1259 297 1314 feraf
322 1258 487 1313 bonae
518 1256 812 1329 opinionis
842 1257 1104 1321 odorem,
1129 1257 1300 1325 juxta
1330 1255 1473 1310 illud
1493 1255 1751 1327 Apostoli
1785 1272 1798 1309 :

159 1349 358 1404 Christi
391 1347 561 1403 bonus
589 1346 724 1401 odor
750 1362 941 1401 sumus
995 1346 1101 1400 Deo
1155 1345 1231 1415 (ll
1275 1345 1396 1400 Cor.
1449 1345 1666 1414 11,15);
1715 1360 1802 1411 os,

160 1440 215 1490 ut
240 1435 431 1490 valeat
464 1434 830 1507 degustando
881 1450 1056 1505 quam
1107 1432 1302 1487 suavis
1352 1433 1429 1487 sit
1478 1433 1800 1499 Dominus;

158 1542 382 1590 manus,
420 1525 673 1594 utjuxta
702 1539 898 1578 vocem
933 1522 1176 1577 Joannis
1209 1522 1392 1594 possit
1434 1526 1680 1576 tractare
1733 1521 1803 1576 de

156 1614 322 1669 verbo
358 1612 516 1680 vitae;
568 1613 763 1684 pedes,
814 1611 1030 1683 quibus
1083 1611 1161 1665 sit
1210 1611 1450 1666 verbum
1484 1610 1584 1665 Dei
1616 1610 1801 1666 lucer-

159 1720 254 1769 nae,
286 1701 508 1773 quibus
543 1700 803 1756 ambulet
831 1701 890 1754 in
920 1699 1046 1771 lege
1078 1699 1331 1754 Domini.
1367 1700 1481 1755 llos
1512 1699 1658 1755 tales
1691 1699 1802 1754 Do-

159 1793 344 1847 minus
376 1791 627 1846 viviﬁcat
655 1789 1016 1860 inspiraudo,
1051 1793 1116 1842 ut
1149 1789 1365 1844 mortui
1394 1788 1552 1843 vitiis
1607 1789 1804 1844 vivant

158 1880 484 1946 virtutibus,
517 1884 574 1934 et
620 1878 909 1934 credendo
959 1879 1016 1932 in
1062 1893 1198 1932 eum
1244 1881 1548 1932 transeant
1595 1877 1665 1932 ad
1714 1877 1803 1931 di-

163 1969 431 2040 gnitatem
463 1967 709 2023 seminis
736 1966 1003 2033 Abrahaa,
1036 1971 1093 2021 et
1138 1970 1440 2036 reputetur
1489 1965 1606 2020 illis
1651 1960 1804 2021 "ﬁdes

165 2059 223 2112 ad
246 2056 568 2128 justitiam.

226 2165 500 2237 Sequitur
546 2181 558 2218 :
595 2165 659 2218 Et
705 2167 855 2218 vocat
901 2179 966 2217 ea
1011 2177 1138 2233 qua
1184 2179 1294 2217 non
1337 2170 1486 2227 sunt,
1542 2170 1806 2234 tanquam

178 2271 235 2309 ea
257 2272 366 2326 qua
392 2261 540 2309 sunt.
575 2251 694 2309 Soli
728 2252 845 2308 Deo
877 2252 1179 2324 proprium
1231 2257 1319 2306 est
1368 2267 1516 2319 esse,
1549 2251 1640 2306 cui
1685 2267 1802 2306 non

174 2348 252 2398 est
294 2343 479 2406 aliter,
531 2346 633 2396 aut
679 2340 1050 2396 dissimiliter
1096 2357 1245 2396 esse.
1299 2341 1410 2395 Sed
1465 2341 1573 2395 hoc
1621 2345 1710 2395 est
1751 2341 1802 2395 ei

168 2449 278 2487 esse
304 2433 466 2504 quod
517 2435 651 2486 est:
686 2435 960 2485 creaturas
1013 2446 1145 2485 vero
1199 2446 1313 2485 non
1366 2435 1451 2484 est
1502 2429 1801 2500 proprium

161 2537 290 2586 esse,
359 2521 503 2592 quia
551 2524 742 2591 potest
793 2524 849 2575 et
898 2518 1082 2584 aliter,
1133 2524 1190 2574 et
1233 2517 1604 2574 dissimiliter
1653 2535 1800 2573 esse.

158 2611 302 2675 Quod
330 2611 491 2665 idem
515 2607 827 2679 Apostolus
850 2608 1344 2674 manifestat,cum
1370 2607 1636 2677 Ephesiis
1655 2608 1802 2678 (184)

152 2698 416 2771 loquens,
450 2698 532 2753 ait
562 2698 712 2753 inter
741 2701 949 2752 caetera
981 2714 994 2752 :
1029 2698 1201 2751 Filius
1233 2699 1328 2752 Dei
1357 2698 1616 2752 Dominus
1651 2698 1804 2751 Jesus

154 2789 414 2856 Christus,
447 2791 546 2859 qui
570 2804 672 2858 per
697 2803 796 2841 nos
830 2788 890 2840 in
919 2788 1070 2842 vobis
1096 2786 1433 2856 praedicatus
1479 2795 1556 2840 est
1597 2802 1692 2855 per
1719 2801 1806 2840 me

148 2878 516 2932 ctSilvanum
560 2884 613 2930 et
661 2875 1015 2942 Timotheum,
1070 2890 1181 2929 non
1233 2876 1342 2944 fuit
1393 2878 1510 2939 Est,
1559 2877 1609 2926 et
1656 2873 1802 2940 Non,

148 2967 372 3022 sed.Est
405 2967 466 3020 in
492 2965 592 3018 illo
617 2966 749 3034 fuit.
779 2964 920 3017 Hinc
953 2963 1237 3017 Dominus
1268 2963 1339 3016 ad
1369 2962 1602 3032 Moysen
1635 2959 1801 3014 dicit:

146 3057 257 3123 Ego
309 3067 440 3106 sum
487 3052 585 3120 qui
630 3066 772 3113 sum,
813 3052 865 3102 et
912 3049 1059 3103 dices
1105 3049 1243 3118 ﬁliis
1289 3048 1457 3102 Israel
1504 3065 1522 3101 :
1569 3047 1680 3116 Qui
1725 3051 1806 3100 est

145 3143 298 3196 misit
350 3153 441 3193 me
489 3137 558 3192 ad
601 3153 692 3193 vos
739 3137 936 3208 (Exod.
971 3154 1054 3206 ιιι,
1100 3137 1206 3207 14).
1241 3137 1581 3207 Quicunque
1627 3135 1807 3207 igitur

147 3230 260 3286 Deo
294 3243 409 3300 per
440 3227 614 3281 fidem
647 3226 920 3297 conjungi
957 3229 1272 3292 merentur,
1305 3228 1360 3280 et
1404 3224 1513 3294 ipsi
1565 3225 1801 3296 quidem

144 3323 280 3374 sunt
314 3315 822 3388 quemadmodum
855 3312 938 3367 illi
973 3314 1042 3368 de
1074 3313 1288 3383 quibus
1320 3313 1602 3370 Dominus
1641 3313 1804 3370 testi-

147 3407 418 3463 monium
451 3402 734 3472 perhibet,
759 3402 960 3457 dicens
994 3419 1006 3457 :
1041 3403 1150 3470 Ego
1179 3419 1301 3456 sum
1332 3403 1471 3458 Deus
1497 3403 1802 3468 Abraham,

144 3505 191 3552 et
218 3501 373 3552 Deus
406 3495 588 3560 Isaac,
643 3495 693 3547 et
742 3493 880 3548 Deus
927 3492 1118 3547 Jacob.
1173 3491 1352 3546 Vocat
1393 3509 1528 3564 ergo
1572 3508 1640 3546 ea
1679 3508 1806 3561 qua:

148 3602 258 3641 non
307 3587 456 3640 sunt
506 3587 572 3636 ut
615 3581 753 3650 sint,
806 3585 1087 3652 tanquam
1138 3597 1206 3635 ea
1250 3597 1378 3652 quae
1425 3586 1564 3636 sunt
1608 3597 1620 3634 :
1670 3580 1811 3651 quia

145 3691 258 3742 eos,
294 3671 405 3744 qui
454 3670 566 3725 sibi
621 3687 724 3742 per
773 3671 946 3725 fidem
999 3669 1296 3739 conjuncti
1326 3686 1438 3724 non
1470 3674 1628 3737 sunt,
1662 3687 1808 3740 pras-

151 3760 508 3816 destinando
539 3766 594 3814 el
625 3758 968 3830 inspirando
994 3763 1184 3824 vocat,
1207 3764 1273 3813 ut
1294 3758 1348 3812 in
1381 3774 1516 3813 eum
1547 3759 1808 3822 credant,

148 3854 200 3906 et
229 3851 356 3905 sint
387 3854 674 3920 tanquam
731 3847 812 3902 illi
845 3847 945 3919 qui
967 3848 1096 3918 jam
1131 3847 1242 3902 sibi
1291 3863 1394 3918 per
1424 3847 1594 3901 ﬁdem
1619 3845 1813 3914 juncti

158 3945 312 3994 sunt.

225 4047 335 4113 Qui
381 4052 573 4101 contra
629 4060 776 4114 spem
832 4043 1080 4114 (scilicet
1139 4043 1408 4097 humanm
1460 4043 1702 4113 naturas)
1758 4044 1815 4096 in

160 4151 244 4206 spe
274 4135 429 4207 (185;
463 4133 713 4203 credidit,
739 4133 948 4188 divinae
979 4132 1178 4205 gratias
1203 4151 1216 4200 ;
1251 4135 1452 4188 contra
1472 4149 1636 4204 spem
1659 4132 1816 4187 enim

162 4223 217 4277 in
245 4240 350 4295 spe
391 4221 664 4292 credidit,
714 4221 852 4293 quia
904 4221 1245 4276 firmissime
1289 4221 1477 4276 tenuit
1525 4225 1606 4290 ut,
1661 4219 1817 4292 quod

166 4329 325 4368 sacra
374 4311 721 4368 adolescens
760 4315 817 4367 et
853 4309 1173 4381 juvencula
1201 4309 1429 4382 explere
1461 4327 1574 4364 non
1611 4309 1819 4380 potuit,

163 4401 274 4470 jam
310 4418 470 4457 anus
503 4401 705 4471 adjuta
733 4400 931 4454 divina
963 4399 1154 4470 gratia
1198 4403 1393 4469 posset
1434 4397 1683 4470 explere,
1716 4397 1824 4452 hoc

169 4495 246 4544 est
276 4495 343 4545 ut
379 4490 573 4545 ﬁlium
605 4493 832 4558 pareret
862 4489 919 4542 in
957 4505 1070 4559 quo
1104 4488 1586 4543 benedicerentur
1623 4503 1826 4542 omnes

1909 547 2101 598 maris.
2137 545 2296 607 Quod
2331 545 2695 616 hyperbolice
2726 547 2946 600 dictum
2979 551 3097 613 est;
3139 563 3274 601 nam
3307 565 3335 601 a
3370 551 3557 620 primo

1910 632 2146 687 homine
2181 650 2367 704 usque
2393 635 2462 688 ad
2499 633 2774 689 ultimum
2807 651 2920 688 non
2953 638 3121 689 erunt
3152 639 3237 689 tot
3268 635 3555 705 homines,

1911 726 1974 774 ut
2004 719 2189 776 stellis
2221 721 2348 776 coeli
2379 727 2480 776 aut
2510 739 2698 778 arenas
2742 723 2923 778 maris
2953 723 3180 795 possint
3210 725 3557 796 comparari,

1911 811 2229 880 praesertim
2278 827 2410 864 cum
2467 827 2570 865 nec
2621 816 2707 867 tot
2759 811 2974 867 fuerint
3013 817 3077 867 ut
3122 815 3346 869 cateris
3375 814 3557 884 genti-

1911 899 2021 954 bus
2052 915 2295 954 numero
2322 905 2560 970 possent
2589 901 2825 972 aequari.
2862 901 2994 969 Sed,
3028 902 3168 971 quia
3216 902 3560 958 innumera-

1910 986 2057 1043 biles
2089 989 2324 1043 fuerunt
2352 989 2620 1044 homines
2653 996 2715 1043 ut
2745 988 2926 1044 stella:
2956 989 3079 1044 coeli
3125 994 3182 1045 et
3227 1006 3402 1046 arena
3434 1008 3560 1048 ma-

1911 1077 2014 1142 ris,
2047 1076 2262 1132 idcirco
2293 1077 2377 1132 eis
2408 1078 2725 1148 comparati
2775 1084 2933 1133 sunt.
2986 1079 3101 1134 Deo
3137 1084 3349 1147 tamen,
3383 1097 3558 1152 quem

1912 1181 2015 1219 nec
2045 1165 2344 1221 herbarem
2381 1180 2486 1221 nec
2515 1182 2702 1221 arenae
2737 1183 3015 1222 numerus
3045 1167 3204 1234 latet,
3228 1169 3430 1240 utique
3451 1186 3557 1224 nu-

1913 1253 2224 1309 merabiles
2256 1255 2511 1310 fuerunt.

1983 1380 2046 1434 Et
2075 1396 2183 1434 non
2228 1379 2536 1449 inﬁrmatus
2583 1389 2660 1436 est
2714 1381 2772 1434 in
2829 1381 2954 1450 ﬁde,
3007 1381 3294 1449 videlicet,
3351 1387 3415 1438 ut
3454 1388 3560 1438 Za-

1912 1467 2166 1534 charias,
2222 1470 2321 1540 qui
2373 1469 2679 1539 promissis
2729 1469 3007 1541 angelicis
3059 1471 3290 1526 credere
3332 1471 3563 1526 dubita-

1912 1557 2037 1611 vit:
2075 1562 2186 1614 Nec
2213 1558 2574 1613 consideravit
2620 1574 2813 1630 corp-us
2857 1577 3020 1614 suum
3061 1569 3386 1631 emortuum,
3436 1577 3564 1618 cum

1909 1647 2025 1715 fere
2078 1651 2302 1701 centum
2349 1652 2487 1703 esset
2529 1664 2831 1718 annorum,
2885 1657 2939 1703 et
2985 1653 3291 1704 emortuam
3343 1651 3565 1706 vulvam

1912 1734 2094 1795 Saraz;
2127 1735 2184 1790 id
2217 1740 2324 1800 est,
2367 1741 2434 1790 ut
2481 1735 2666 1790 filium
2718 1753 3020 1807 procreare
3069 1755 3183 1792 non
3234 1743 3450 1810 posset.
3502 1740 3566 1794 In

1832 1825 1881 1890 B
1913 1826 2337 1896 repromissione
2383 1827 2554 1880 etiam
2603 1826 2746 1898 (186)
2778 1843 2887 1881 non
2928 1827 3200 1883 haesitavit
3229 1827 3561 1899 difﬁdentia.

1919 1915 2031 1968 Hoc
2063 1913 2186 1968 loco
2220 1914 2543 1968 notandum
2595 1913 2732 1985 quia
2781 1931 2895 1969 non
2940 1917 3023 1970 ait
3068 1915 3125 1969 in
3180 1917 3566 1986 promissione

1913 2002 2084 2073 (187),
2120 2002 2220 2056 sed
2269 2003 2328 2056 in
2383 2003 2854 2074 repromissione.
2911 2004 3100 2059 Primo
3144 2006 3300 2060 enim
3332 2006 3561 2062 haesita-

1911 2090 2014 2154 vit,
2057 2107 2189 2145 cum
2249 2090 2397 2145 dixit
2444 2107 2456 2144 :
2518 2093 2774 2157 Domine,
2823 2092 2956 2162 quid
3011 2093 3166 2150 dabis
3214 2095 3396 2150 mihi?
3444 2112 3566 2153 ecce

1913 2179 2060 2233 enim
2089 2180 2240 2249 ﬁlius
2265 2181 2644 2250 procuratoris
2673 2180 2862 2235 domus
2911 2197 3050 2238 meae
3088 2183 3397 2239 Damascus
3444 2185 3561 2251 iste,

1913 2267 2001 2322 hic
2047 2270 2153 2322 erit
2202 2268 2380 2324 haeres
2419 2283 2570 2322 meus
2619 2270 2772 2338 (Gen.
2823 2286 2914 2335 xv,
2963 2271 3038 2340 3).
3091 2275 3404 2342 Postquam
3432 2289 3564 2328 vero

1912 2357 1963 2410 ei
1998 2357 2277 2411 Dominus
2327 2356 2467 2411 dixit
2523 2374 2534 2412 :
2583 2359 2701 2412 Non
2753 2360 2862 2413 erit
2908 2361 3014 2414 iste
3061 2360 3236 2416 haeres
3283 2365 3429 2427 tuus,
3476 2359 3568 2416 sed

1911 2446 2061 2515 ﬁlius
2090 2452 2220 2500 tuus
2246 2448 2339 2516 qui
2369 2446 2680 2514 egredietur
2708 2446 2773 2500 de
2802 2451 2956 2501 utero
2999 2456 3108 2510 tuo.
3143 2449 3232 2503 hic
3259 2451 3364 2504 erit
3391 2449 3570 2506 haeres

1911 2538 2060 2601 tuus,
2097 2553 2209 2589 non
2245 2534 2549 2601 haesitavit,
2584 2536 2684 2590 sed
2721 2536 3056 2592 ﬁrmissime
3086 2538 3277 2593 tenuit
3307 2543 3390 2609 ut,
3411 2539 3566 2610 quod

1913 2625 1964 2680 ei
1995 2629 2205 2680 natura
2235 2625 2620 2694 subtraxerat,
2658 2625 2851 2680 divino
2900 2626 3179 2682 beneﬁcio
3231 2633 3428 2699 posset
3468 2646 3564 2684 ex-

1912 2713 2078 2785 pleri.
2127 2713 2193 2767 Et
2241 2712 2351 2767 hoc
2400 2717 2490 2767 est
2538 2713 2693 2784 quod
2742 2714 3051 2784 sequitur:
3094 2714 3196 2770 Sed
3227 2719 3567 2788 confortatus

1912 2813 1990 2857 est
2030 2803 2133 2872 ﬁde
2182 2801 2318 2856 dans
2363 2803 2601 2873 gloriam
2660 2805 2785 2872 Deo,
2849 2803 3164 2873 plenissime
3209 2808 3382 2861 sciens
3438 2810 3568 2877 quia

1913 2906 2246 2960 quaecunque
2289 2892 2550 2960 promisit
2597 2900 2784 2961 potens
2833 2897 2912 2947 est
2963 2898 3015 2947 et
3057 2895 3254 2964 lacere.
3309 2894 3416 2949 Ubi
3467 2913 3567 2951 no-

1914 2979 2159 3032 tandum
2193 2978 2331 3048 quia
2362 2995 2474 3033 non
2508 2978 2588 3032 ait
2621 2995 2632 3031 :
2667 2996 3031 3051 quaecunque
3061 2983 3566 3056 prescivit,potens

1915 3065 2271 3137 promittere,
2318 3071 2419 3120 aut
2467 3083 2832 3138 quaecunque
2882 3069 3170 3140 promisit,
3223 3077 3427 3142 potens
3478 3078 3567 3128 est

1917 3155 2204 3226 praescire,
2257 3155 2378 3225 sed,
2428 3171 2554 3225 quae
2605 3157 2896 3226 promisit,
2957 3161 3163 3228 potens
3214 3169 3303 3214 est
3355 3161 3561 3232 facere,

1916 3249 1979 3300 ut
2008 3244 2339 3300 ostenderet
2371 3243 2509 3315 quia
2552 3245 2672 3315 ipse
2722 3245 2858 3300 facit
2887 3262 3257 3316 perseverare
3304 3247 3362 3302 in
3414 3250 3564 3306 bono

1913 3335 2014 3405 qui
2063 3333 2200 3388 facit
2247 3349 2375 3388 esse
2424 3333 2627 3388 bonos.
2681 3334 2768 3398 Et,
2819 3335 2958 3405 quia
3006 3336 3344 3393 firmissime
3382 3339 3566 3394 credit

1915 3423 1973 3476 in
2002 3439 2088 3489 eo,
2121 3425 2435 3493 reputatum
2488 3427 2570 3477 est
2618 3423 2711 3478 illi
2759 3423 2829 3478 ad
2868 3426 3189 3495 justitiam;
3221 3426 3277 3480 id
3311 3433 3422 3494 est,
3456 3429 3570 3484 fide

1907 3511 2270 3582 justiﬁcatus
2316 3517 2425 3566 est.
2483 3513 2599 3567 Non
2653 3521 2732 3567 est
2789 3521 2971 3568 autem
3033 3517 3301 3587 scriptum
3347 3527 3573 3588 propter

1920 3603 2098 3672 ipsum
2145 3608 2375 3666 tantum,
2432 3603 2562 3671 quia
2606 3605 2916 3674 reputatum
2943 3611 3021 3658 est
3047 3605 3153 3658 illi.
3189 3605 3433 3661 Pulchre
3465 3606 3575 3662 hoc

1919 3689 2084 3756 dicit,
2116 3689 2254 3760 quia
2287 3688 2475 3744 multa
2507 3690 2744 3745 fuerunt
2776 3708 3064 3748 annorum
3089 3694 3381 3749 curricula
3412 3696 3484 3751 ab
3509 3711 3575 3752 eo

1919 3783 2202 3848 tempore,
2262 3795 2378 3848 quo
2429 3778 2675 3833 Abrahae
2724 3779 2844 3834 haec
2894 3782 3209 3852 promissio
3269 3783 3420 3839 facta
3469 3789 3578 3854 est,

1925 3881 2112 3936 usque
2163 3867 2232 3919 ad
2281 3865 2339 3919 id
2375 3881 2491 3936 quo
2541 3866 2758 3938 scripta
2805 3874 2894 3924 est
2947 3869 3066 3938 lex;
3109 3871 3358 3942 ideoque
3406 3873 3581 3929 Abra-

1925 3954 2062 4009 ham
2122 3953 2230 4007 hoc
2287 3953 2476 4025 legere
2535 3970 2650 4008 non
2713 3956 2916 4024 potuit.
2979 3957 3066 4023 Et,
3131 3963 3196 4012 ut
3253 3961 3585 4016 ostenderet

1928 4046 2162 4114 propter
2212 4057 2362 4112 quos
2419 4041 2636 4112 scripta
2686 4043 2780 4109 sit,
2833 4044 3046 4115 adjecit
3079 4063 3090 4100 :
3126 4046 3228 4101 Sed
3258 4047 3406 4118 (188)
3455 4065 3583 4119 pro-

1929 4139 2051 4202 pter
2100 4146 2218 4198 nos,
2267 4131 2466 4202 quibus
2523 4130 2872 4200 reputabitur
2925 4133 3264 4190 credentibus
3323 4137 3380 4190 in
3439 4153 3586 4204 eum,

1933 4237 2047 4290 quo
2081 4220 2236 4275 dicto
2267 4235 2471 4274 omnes
2501 4221 2804 4276 credentes
2856 4223 3321 4297 comprehendit,
3355 4231 3591 4299 propter

1933 4326 2082 4380 quos
2131 4309 2416 4380 scriptum
2467 4313 2575 4379 est,
2626 4314 2692 4364 ut
2738 4309 2982 4382 legendo
3032 4313 3293 4382 credant,
3331 4321 3386 4370 et
3417 4331 3589 4388 repu-

1935 4403 2092 4454 tetur
2120 4397 2203 4452 eis
2234 4398 2379 4453 fides
2409 4398 2480 4453 ad
2505 4397 2820 4467 justitiam.
2854 4400 2919 4454 In
2968 4415 3034 4455 eo
3079 4418 3212 4457 vero
3244 4403 3398 4473 quod
3447 4405 3588 4459 sub-

1938 4486 2119 4552 ditur,
2153 4486 2249 4558 qui
2275 4487 2556 4542 suscitavit
2602 4488 2897 4543 Dominum
2938 4493 3185 4545 nostrum
3211 4492 3394 4546 Jcsum
3429 4492 3595 4548 Chri-

173 4583 388 4647 gentes.
430 4577 501 4630 Et
550 4575 658 4632 hoc
708 4581 800 4632 est
849 4576 1005 4648 quod
1041 4574 1310 4646 sequitur
1343 4591 1355 4629 :
1392 4575 1455 4629 Ut
1483 4575 1634 4644 ﬁeret
1670 4581 1836 4644 pater
1863 4561 1910 4626 D
1941 4581 2085 4630 stum
2117 4593 2149 4629 a
2177 4577 2432 4642 mortuis,
2462 4591 2774 4647 personam
2810 4577 2994 4634 Patris
3024 4578 3149 4634 vult
3180 4579 3445 4652 intelligi.
3483 4579 3597 4636 Nec

175 4667 478 4722 multarum
520 4668 766 4737 gentium
796 4665 1098 4721 secundum
1142 4665 1282 4734 quod
1332 4664 1542 4718 dictum
1589 4666 1670 4718 est
1711 4664 1762 4717 ei
1812 4679 1832 4718 :

179 4754 259 4809 Sic
293 4759 405 4812 erit
455 4771 636 4810 semen
665 4760 820 4810 tuum
879 4754 1030 4824 (Gen.
1081 4770 1174 4823 xv,
1221 4755 1298 4822 5).
1351 4751 1457 4808 Ubi
1510 4751 1832 4808 notandum

182 4847 310 4915 quia
340 4845 760 4916 compendiose
792 4844 1112 4916 Apostolus
1144 4842 1340 4913 posuit
1371 4845 1524 4914 quod
1576 4842 1636 4896 in
1685 4840 1834 4896 libro

184 4935 420 4990 Genesis
474 4933 758 4989 latissime
805 4932 1088 5003 scriptum
1121 4936 1226 4987 est.
1264 4930 1386 4986 Illic
1417 4933 1574 4986 enim
1623 4930 1836 5000 legitur

190 5023 317 5089 quia
347 5021 549 5077 eduxit
579 5021 862 5077 Dominus
896 5022 1188 5076 Abraham
1224 5021 1396 5087 foras,
1423 5021 1623 5077 dicens
1673 5035 1685 5072 :
1735 5019 1834 5072 Su-

189 5111 326 5179 spice
374 5111 588 5178 caelum,
619 5114 668 5166 et
706 5125 938 5164 numera
986 5110 1190 5175 stellas,
1240 5111 1289 5163 si
1330 5119 1484 5180 potes
1533 5130 1548 5164 :
1605 5110 1684 5164 sic
1730 5110 1836 5162 erit

191 5213 366 5253 semen
398 5209 567 5255 tuam.
599 5197 973 5270 Multiplicans
1016 5198 1398 5271 multiplicabo
1443 5216 1633 5258 semen
1683 5205 1836 5252 tuum

1943 4669 2139 4720 tamen
2173 4663 2335 4720 solus
2380 4665 2548 4720 Pater
2597 4681 2732 4720 eum
2781 4667 3107 4732 suscitavit,
3159 4667 3260 4722 sed
3312 4673 3369 4724 et
3417 4667 3597 4723 Filius

1944 4758 2002 4808 et
2049 4753 2302 4825 Spiritus
2351 4759 2614 4825 sanctus,
2669 4755 2808 4825 quia
2849 4754 2908 4808 in
2961 4773 3079 4811 una
3124 4773 3375 4828 persona
3423 4755 3601 4810 totius

1945 4842 2250 4898 Trinitatis
2300 4842 2364 4896 ﬁt
2410 4844 2648 4899 mentio.
2701 4841 2985 4898 Similiter
3015 4845 3072 4898 in
3106 4861 3170 4899 eo
3205 4846 3362 4914 quod
3401 4842 3597 4912 sequi-

1946 4936 2041 4986 tur
2073 4951 2084 4988 :
2122 4933 2228 5000 Qui
2256 4931 2492 4986 traditus
2541 4938 2618 4988 est
2664 4939 2889 5004 propter
2937 4932 3136 4988 delicta
3181 4937 3392 5000 nostra,
3428 4935 3476 4984 et
3504 4945 3597 4984 re-

1946 5024 2191 5076 surrexit
2211 5025 2434 5092 propter
2456 5022 2903 5094 justi/irationem
2929 5031 3189 5085 nostram,
3214 5036 3246 5071 a
3279 5023 3448 5076 Patre
3464 5033 3602 5074 eum

1949 5112 2232 5165 traditum
2267 5110 2846 5168 dicit.Verumtamen
2880 5114 2937 5163 et
2969 5110 3148 5164 Filius
3181 5123 3242 5161 se
3273 5108 3469 5178 ipsum
3492 5111 3608 5161 tra-

1950 5199 2116 5256 didit.
2173 5199 2334 5256 Unde
2380 5199 2536 5257 idem
2586 5198 2948 5275 Apostolus:
2985 5197 3228 5255 Tradidit
3256 5199 3610 5270 semetipsum
