3998 5278
388 447 494 506 171

1401 445 1740 507 ATTONIS
1787 443 2374 509 VERCELLENSIS
2419 445 2773 508 EPISCOPI

3685 440 3798 504 172

374 594 476 657 pro
506 578 661 632 nobis
687 576 1037 647 oblationem,
1070 576 1451 632 nihilominus
1501 580 1559 631 et
1606 577 1866 647 Spiritus
1897 593 2028 631 san-
2058 579 2113 644 Α
2146 575 2520 647 delicet,quia
2540 594 2642 649 per
2670 576 2823 632 leves
2842 580 2900 631 et
2925 579 3367 632 momentaneas
3390 574 3801 631 tribulationes

377 670 530 733 ctus,
565 665 703 737 quia
734 665 1143 737 inseparabilis
1190 670 1277 720 est
1324 666 1504 721 totius
1551 665 1856 721 Trinitatis
1886 681 2020 736 ope-

380 754 549 811 ratio.
597 756 661 811 In
710 771 776 811 eo
825 755 1004 827 igitur
1049 755 1206 825 quod
1253 771 1314 810 se
1361 760 1568 827 sponte
1621 754 1883 823 tradidit,
1915 755 2022 808 mi-

385 844 664 911 sericors;
694 843 755 899 in
784 860 852 900 eo
897 860 1029 899 vero
1078 844 1234 915 quod
1286 844 1521 915 propria
1569 843 1782 899 virtute
1834 860 2024 898 surre-

386 932 490 1000 xit,
524 931 895 1004 omnipotens
925 932 1380 987 demonstratur.
1414 934 1477 986 In
1511 948 1625 1004 quo
1666 934 1816 988 facto
1860 931 2031 987 nobis

389 1020 626 1092 reliquit
682 1019 1014 1093 exemplum
1072 1021 1358 1076 moriendi
1406 1021 1583 1087 vitiis,
1618 1026 1675 1076 et
1727 1037 2034 1091 resurgen-

390 1110 451 1166 di
504 1109 840 1177 virtutibus,
898 1109 1018 1165 sive
1076 1114 1143 1164 ut
1205 1110 1265 1163 in
1344 1110 1636 1181 baptismo
1693 1107 2038 1165 commoria.

395 1216 531 1257 mur
584 1203 642 1254 et
697 1198 1164 1270 consepeliamur
1217 1197 1290 1266 ei,
1352 1203 1408 1253 et
1466 1198 1526 1253 in
1586 1199 1843 1252 novitate
1907 1198 2035 1251 vita:

393 1304 794 1361 resurgamus.
819 1286 982 1343 Unde
1000 1286 1153 1342 idem
1185 1287 1497 1358 Apostolus
1521 1303 1533 1341 :
1559 1286 1879 1359 Gonsepulti
1893 1288 2041 1341 enim

311 1447 315 1457 ι
394 1393 587 1434 sumus
611 1393 737 1432 cum
766 1376 868 1431 illo
885 1392 988 1447 per
1018 1374 1343 1446 baptismum
1378 1378 1440 1430 in
1468 1385 1718 1441 mortem,
1769 1380 1850 1443 ut,
1900 1378 2041 1429 sicut

394 1465 643 1522 Christus
668 1466 975 1521 resurrexit
1001 1481 1035 1519 a
1064 1465 1292 1519 mortuis
1319 1479 1417 1535 per
1446 1466 1684 1534 gloriam
1725 1464 1931 1529 Patris,
1961 1464 2042 1518 ita

391 1563 442 1611 et
470 1571 567 1609 nos
594 1555 653 1610 in
682 1555 920 1609 novitate
944 1554 1077 1609 vitae
1099 1553 1443 1609 ambulemus
1470 1555 1643 1625 (Rom.
1693 1571 1764 1618 v1,
1819 1553 1894 1623 4).
1942 1552 2039 1606 Se-

395 1643 644 1716 quitur:
680 1642 826 1714 (189)
865 1641 1016 1713 (190)
1064 1642 1218 1711 (CAP.
1271 1643 1361 1714 V.)
1413 1642 1708 1712 Iusti/irati
1760 1643 1932 1712 igitur
1976 1656 2045 1694 ea:

394 1731 503 1803 ﬁde
526 1747 717 1803 pacem
746 1731 1063 1785 habeamus.
1097 1730 1242 1795 Quia
1287 1732 1471 1786 Judaei
1522 1730 1926 1802 gloriabantur
1974 1728 2046 1784 de

395 1820 495 1876 Dei
528 1819 646 1875 sive
677 1818 821 1889 legis
851 1818 1084 1888 notitia;
1119 1819 1367 1891 gentiles
1399 1825 1592 1874 autem
1612 1820 1681 1875 de
1711 1836 1859 1873 nova
1881 1822 1937 1873 et
1958 1833 2045 1871 re-

2135 664 2553 737 intelliguntse
2572 664 2871 737 pervenire
2887 668 2957 720 ad
2981 666 3195 738 gaudia
3213 665 3340 721 sine
3365 666 3478 720 ﬁne
3496 681 3799 720 mansura.

2142 753 2305 810 Unde
2332 754 2591 810 Jacobus
2623 755 2764 810 dicit
2789 772 2802 810 :
2828 755 2997 811 Omne
3024 755 3293 825 gaudium
3322 755 3661 826 existimate,
3685 757 3801 814 fra-

2135 847 2263 908 tres,
2296 859 2422 898 cum
2455 846 2515 898 in
2546 846 2881 899 tentationes
2918 847 3104 899 varias
3146 842 3453 899 incideritis
3482 842 3599 915 (Jac
3632 859 3693 910 .1,
3723 843 3802 911 2),

2141 932 2209 987 Et
2238 933 2378 988 item
2415 950 2428 988 :
2464 935 2665 988 Beatus
2712 935 2801 987 vir
2845 935 2947 1005 qui
2991 933 3184 1004 suﬁert
3231 934 3588 988 tentationem
3619 931 3805 1005 (lbiil.,

2146 1021 2259 1088 12),
2291 1026 2348 1074 et
2379 1020 2626 1092 reliqua.
2660 1021 3000 1077 Glorientur
3028 1026 3087 1077 et
3114 1021 3303 1076 sancti
3335 1021 3394 1076 in
3425 1019 3805 1076 interioribus

2144 1109 2794 1181 tribulationibus,quia
2823 1110 3116 1165 luxuriam
3149 1110 3462 1177 refrenant,
3497 1109 3808 1165 moderan-

2144 1202 2242 1252 tur
2262 1198 2461 1268 gulam
2487 1204 2543 1253 et
2563 1198 2892 1270 reprimunt
2912 1199 3103 1255 carnis
3136 1198 3584 1254 illecebras.Cur
3606 1204 3809 1254 autem

2149 1287 2339 1341 sancti
2370 1287 2693 1359 glorientur
2722 1288 2781 1343 in
2816 1287 3319 1355 tribulationibus,
3355 1288 3634 1359 aperitur,
3668 1304 3808 1343 cum

2150 1375 2425 1430 subditur
2445 1392 2458 1431 :
2479 1375 2714 1431 Seientes
2731 1376 2871 1448 quod
2892 1377 3180 1433 tribulatio
3205 1378 3529 1448 patientiam
3542 1386 3814 1449 operatur

2150 1464 2338 1535 (Ibid.,
2388 1464 2464 1535 3).
2515 1464 2799 1520 Patientia
2828 1483 2862 1520 a
2890 1466 3144 1537 patiendo
3194 1464 3352 1521 dicta
3404 1470 3513 1533 est,
3573 1464 3689 1532 vel,
3747 1469 3814 1519 ut

2154 1552 2393 1624 quidam
2426 1552 2649 1619 volunt,
2682 1571 2716 1609 a
2746 1553 2988 1625 pavendo
3004 1571 3025 1615 ,·
3056 1558 3310 1626 utraque
3340 1559 3535 1610 autem
3570 1553 3686 1610 sibi
3717 1571 3813 1609 ar-

2154 1641 2303 1695 ridet
2334 1641 2704 1714 etymologia.
2740 1642 2937 1697 Sancti
2968 1644 3148 1707 enim,
3182 1658 3314 1699 cum
3349 1644 3675 1714 patiuntur,
3708 1654 3810 1713 pa-

2152 1734 2289 1786 vent
2315 1731 2581 1800 quidem;
2617 1732 2716 1786 sed
2740 1731 3028 1802 patienter
3045 1733 3609 1787 tolerant.Palienlia
3629 1740 3814 1787 autem

2153 1819 2549 1890 probationem.
2568 1819 2840 1876 Probatio
2870 1822 2960 1876 est
2986 1820 3276 1892 perfectus
3306 1826 3362 1877 et
3390 1819 3629 1877 nobiliis
3651 1836 3813 1876 men-

399 1910 553 1965 centi
582 1908 909 1976 vocatione;
943 1914 1180 1979 propter
1201 1909 1353 1979 quod
1381 1912 1436 1963 et
1457 1907 1778 1979 plurimum
1812 1908 1966 1962 inter
1986 1922 2048 1961 se
2079 1948 2125 2015 Β
2157 1909 2234 1963 tis
2265 1912 2472 1965 status.
2510 1909 2669 1966 Unde
2718 1909 2937 1981 probus
2966 1913 3122 1965 recte
3151 1910 3370 1965 dicitur
3399 1908 3498 1982 qui
3554 1913 3810 1983 emptam

400 1997 752 2054 dissidentes
782 2000 964 2053 erant.
990 1996 1326 2068 Apostolus,
1351 1999 1416 2051 ut
1446 1997 1780 2052 ostenderet
1802 2013 1903 2051 eos
1923 2010 2047 2049 om-

401 2103 505 2143 nes
536 2102 664 2142 esse
693 2089 1044 2158 peccatores,
1077 2085 1351 2155 superius
1376 2086 1456 2140 ait
1484 2103 1496 2140 :
1525 2085 1720 2141 Omnes
1749 2086 1901 2141 enim
1924 2099 2048 2155 pec-

401 2170 661 2232 caverunt
687 2180 739 2229 et
763 2179 920 2243 egent
944 2175 1124 2244 gloria
1154 2175 1278 2229 Dei.
1312 2174 1577 2230 Ostendit
1604 2173 1760 2229 enim
1784 2189 1883 2228 eos
1926 2189 2049 2227 om-

399 2281 505 2321 nes
537 2262 863 2319 declinassc
893 2267 951 2318 et
980 2262 1219 2318 inutiles
1252 2264 1455 2327 factos,
1514 2280 1620 2317 nec
1665 2279 1793 2317 esse
1836 2261 1935 2332 qui
1969 2261 2050 2315 la-

404 2357 558 2410 eeret
588 2354 1022 2422 bonum,usque
1054 2352 1126 2406 ad
1158 2351 1498 2407 unum.Hac
1525 2351 1704 2422 igitur
1731 2350 2053 2405 intentione

404 2440 753 2510 ﬁnita,nunc
782 2440 1058 2496 admonet
1088 2456 1187 2495 eos
1217 2440 1357 2511 quid
1378 2456 1549 2511 agere
1578 2438 2052 2506 debeant,‘norta-

406 2536 618 2603 turque
665 2546 865 2585 secum
914 2544 1119 2601 pacem
1166 2528 1403 2596 habere,
1452 2529 1653 2584 dicens
1701 2553 1715 2584 :
1760 2527 2057 2597 iustiﬁcati

407 2622 583 2693 igitur
627 2635 698 2675 ex
741 2617 850 2690 ﬁde
892 2634 1082 2689 pacem
1125 2616 1438 2682 habeamus,
1475 2634 1541 2672 ac
1568 2618 1615 2672 si
1649 2618 1885 2681 diceret,
1916 2615 2056 2688 quia

408 2707 611 2765 nullus
643 2705 885 2777 meritis,
919 2709 1021 2761 aut
1048 2705 1194 2777 legis
1224 2706 1593 2762 observantia
1641 2705 1918 2771 salvetur,
1952 2704 2055 2760 sed

408 2812 614 2853 omnes
644 2794 744 2851 Dei
777 2795 967 2868 gratia
996 2793 1200 2850 salvati
1231 2811 1441 2849 sumus
1471 2799 1528 2849 et
1569 2794 1681 2849 ﬁde
1723 2792 2053 2865 justificati,

409 2888 526 2941 non
559 2886 685 2957 jam
713 2883 1066 2940 dissidentes
1097 2899 1225 2939 esse
1256 2883 1558 2954 debemus,
1592 2883 1691 2938 sed
1724 2897 1923 2953 pacem
1951 2881 2054 2935 ha-

408 2959 923 3045 beamus.Et,quia
951 2975 1040 3028 est
1069 2989 1178 3042 pax
1208 2970 1522 3042 malorum,
1553 2971 1683 3027 ideo
1715 2970 1964 3040 adjecit:
1988 2969 2059 3025 ad

413 3068 610 3129 Deum,
660 3061 767 3118 hoc
815 3067 925 3132 est,
977 3062 1301 3117 secundum
1357 3063 1558 3116 Deum.
1622 3060 1783 3116 Unde
1823 3060 1949 3131 ipse
1996 3059 2057 3113 in

409 3151 715 3225 Evangelio
747 3150 890 3206 dicit
921 3166 934 3206 :
966 3155 1108 3218 Non,
1140 3150 1361 3222 qualem
1406 3150 1643 3205 mundus
1692 3149 1812 3217 dat,
1851 3164 1946 3219 ego
1992 3147 2058 3203 do

405 3230 555 3297 vobis
585 3241 759 3314 (Joan.
794 3257 906 3307 xw,
938 3239 1050 3310 27).
1084 3239 1189 3295 Per
1238 3239 1529 3295 Dominum
1571 3244 1826 3293 nostrum
1873 3239 2060 3293 Jesum

2157 1998 2327 2053 bonis
2359 1997 2550 2069 operis
2598 1997 2887 2053 actionem
2936 1999 3115 2070 probe
3163 1999 3428 2072 perducit
3459 1999 3531 2055 ad
3563 1998 3808 2054 calcem.

2156 2086 2416 2143 Probatio
2462 2101 2586 2142 vero
2626 2103 2795 2158 spem.
2840 2091 2982 2158 Spes
3030 2091 3119 2143 est
3165 2086 3522 2143 desiderium
3580 2087 3812 2143 futuro-

2160 2192 2292 2230 rum
2323 2176 2632 2231 bonorum.
2672 2176 2832 2231 Unde
2861 2180 2918 2231 et
2946 2192 3082 2247 spes
3112 2175 3347 2241 dicitur,
3372 2174 3545 2247 quasi
3575 2182 3659 2231 est
3675 2192 3770 2247 pes
3790 2192 3812 2237 :
3852 2163 3857 2167 ’

2160 2264 2315 2319 sicut
2341 2264 2495 2318 enim
2527 2264 2741 2335 aliquis
2762 2265 2832 2319 ad
2857 2271 3078 2319 certum
3101 2263 3296 2320 locum
3322 2265 3573 2336 pedibus
3598 2264 3811 2330 tendit,

2159 2352 2242 2408 ita
2270 2356 2328 2407 et
2357 2353 2541 2407 sancti
2565 2353 2689 2424 spei
2711 2352 2922 2408 virtute
2942 2353 3014 2407 ad
3036 2353 3252 2425 gaudia
3280 2355 3637 2424 sempiterna
3656 2353 3817 2408 festi-

2161 2445 2323 2496 nant.
2356 2441 2519 2497 Unde
2551 2442 2842 2496 contrario
2874 2442 2934 2495 in
2967 2439 3141 2496 malis
3173 2441 3388 2497 dicitur
3432 2442 3766 2515 desperatio
3798 2460 3813 2509 ;

2162 2530 2262 2600 qui
2293 2529 2450 2584 enim
2483 2530 2774 2601 desperet,
2807 2530 2982 2585 eundi
3013 2530 3371 2585 voluntatem
3404 2546 3519 2586 non
3570 2531 3752 2586 habet
3797 2547 3812 2586 :

2163 2618 2293 2690 Spes
2341 2627 2524 2673 autem
2574 2634 2687 2674 non
2729 2619 3040 2691 confundit,
3090 2619 3230 2690 quia
3277 2635 3392 2674 non
3444 2619 3640 2688 timet;
3699 2634 3816 2674 non

2164 2707 2321 2762 enim
2353 2708 2623 2762 timorem
2676 2707 2904 2776 incutit,
2955 2707 3055 2763 sed
3106 2707 3302 2779 potius
3349 2706 3596 2779 repellit.
3656 2707 3822 2762 Unde

2163 2800 2420 2852 Joannes
2471 2814 2484 2852 :
2543 2798 2790 2867 Perfecta
2833 2796 3079 2852 charitas
3132 2803 3285 2868 [oras
3337 2798 3510 2852 mittit
3564 2797 3823 2852 timorem

2167 2885 2343 2955 (Joan.
2367 2900 2442 2952 ιν,
2470 2884 2577 2954 18).
2611 2884 2725 2938 Cur
2756 2889 2951 2939 autem
3000 2900 3115 2940 non
3160 2885 3499 2948 confundat,
3533 2886 3819 2957 aperitur,

2167 2988 2299 3027 cum
2327 2972 2632 3039 subditur;
2665 2974 2799 3044 quia
2825 2973 3070 3028 charitas
3100 2975 3203 3029 Dei
3229 2973 3435 3046 iii/fusa
3462 2983 3541 3029 est
3582 2976 3644 3029 in
3693 2990 3818 3029 eor-

2165 3061 2324 3115 dibus
2352 3060 2866 3117 nostris.Dili‘usam
2895 3060 3236 3117 charitatem
3269 3063 3397 3117 ideo
3428 3054 3663 3129 dicit,ut
3686 3064 3819 3134 ejus

2167 3148 2535 3205 latitudinem
2561 3148 3075 3206 insinuaret.Unde
3096 3150 3429 3207 Psalmista:
3452 3152 3644 3207 Latum
3661 3168 3822 3206 man—

2166 3238 2359 3293 datum
2388 3242 2544 3293 tuum
2575 3240 2749 3294 nimis
2779 3238 3278 3310 (Psal.cxvm,96).
3311 3239 3533 3296 Dill'usa
3565 3256 3830 3311 namque

410 3313 706 3401 Christum,
734 3346 835 3401 per
865 3345 1024 3400 quem
1052 3331 1102 3383 et
1129 3344 1404 3384 accessum
1434 3327 1691 3382 habemus
1722 3328 1869 3398 (191)
1910 3325 2056 3395 ﬁdei.
2092 3313 2135 3379 C
2172 3330 2262 3381 est
2290 3326 2569 3393 obaritas,
2595 3328 2733 3398 quia
2762 3344 2879 3383 non
2911 3327 3103 3382 solum
3134 3328 3341 3397 Deum,
3365 3330 3464 3385 sed
3498 3330 3674 3385 etiam
3701 3339 3832 3400 pro-

409 3418 660 3475 Pulchre
689 3417 830 3472 dicit
859 3432 1181 3484 accessum,
1216 3414 1519 3487 quoniam,
1541 3415 1693 3470 sicut
1722 3412 1936 3485 aliquis
1970 3428 2068 3482 per

421 3505 638 3562 ostium
670 3504 850 3559 intrat
879 3504 938 3558 in
971 3504 1213 3558 domum
1244 3503 1331 3558 vel
1357 3503 1417 3557 in
1444 3501 1860 3571 ecclesiam,ita
1883 3507 1940 3557 et
1968 3516 2071 3572 per

427 3594 745 3661 Christum,
778 3591 1143 3665 unigenitum
1168 3592 1267 3647 Dei
1301 3590 1763 3657 Filium,aditum
1784 3590 2072 3646 habemus

425 3683 692 3741 veniendi
725 3682 796 3738 ad
830 3685 1078 3736 Patrem.
1115 3680 1275 3736 Unde
1302 3680 1424 3749 ipse
1454 3679 1513 3735 in
1545 3678 1851 3750 Evangelio
1883 3680 2023 3734 dicit
2055 3695 2069 3735 :

426 3775 596 3832 Nemo
640 3773 790 3828 venit
820 3772 891 3826 ad
919 3771 1159 3840 Patrem,
1211 3769 1321 3825 nisi
1362 3785 1461 3840 per
1506 3785 1593 3825 me
1638 3770 1820 3839 (Joan.
1851 3785 1964 3838 xw,
1995 3768 2073 3839 6).

430 3863 501 3920 Et
546 3862 685 3917 item
720 3878 735 3917 :
768 3862 878 3930 Ego
924 3876 1046 3915 sum
1088 3860 1291 3914 ostium
1336 3859 1512 3931 (Joan.
1544 3876 1600 3928 x,
1631 3859 1708 3929 9),
1735 3863 1792 3913 et
1830 3857 2074 3929 reliqua.

429 3954 555 4018 Quo
587 3953 784 4007 autem
811 3948 1135 4004 habeamus
1165 3964 1466 4004 accessum
1496 3948 1912 4019 aperitur,cum
1936 3949 2075 4004 sub-

433 4039 593 4098 ditur
624 4057 637 4096 :
671 4041 733 4096 In
762 4041 1007 4109 gratiam
1036 4037 1483 4093 istam.Gratiam
1513 4042 1680 4093 vocat
1702 4037 2076 4109 adeptionem

430 4130 708 4198 ﬁliorum,
743 4145 860 4201 qua
890 4126 1110 4197 ﬁdeles,
1142 4126 1351 4183 laxatis
1382 4127 1652 4197 peccatis,
1685 4127 1939 4198 adoptivi
1968 4125 2076 4181 {illi

427 4218 529 4277 Dei
557 4218 910 4274 efﬁciuntur.
942 4219 1005 4273 In
1034 4235 1141 4290 qua
1168 4220 1376 4272 stamus
1423 4215 1584 4283 dicit,
1639 4221 1703 4270 ut
1747 4216 2078 4271 ostenderet

424 4308 564 4381 quia
608 4308 769 4379 prius
818 4307 875 4361 in
927 4322 1084 4360 caeno
1134 4309 1505 4377 peccatorum
1539 4305 1938 4374 jacueramus.
1974 4302 2075 4357 llle

423 4396 579 4452 enim
610 4395 668 4450 in
700 4411 833 4451 arce
880 4394 1013 4449 ﬁdei
1062 4399 1118 4449 et
1169 4398 1454 4449 Virtutum
1504 4393 1717 4460 stabat,
1768 4392 1868 4464 qui
1918 4391 2071 4446 dice-

423 4484 524 4540 bat
555 4500 569 4539 :
609 4485 754 4541 Vivit
785 4484 1078 4550 Dominus,
1110 4484 1170 4537 in
1199 4482 1355 4543 cuius
1382 4484 1665 4552 conspectu
1692 4490 1770 4537 sto
1810 4480 1902 4553 (IV
1944 4482 2070 4552 Reg.

377 4620 383 4629 .
423 4591 479 4642 v,
516 4573 625 4640 16).

2174 3414 2401 3470 ximum
2431 3414 2672 3487 diligere
2692 3416 3004 3487 jubemur;
3039 3432 3144 3472 nec
3165 3417 3338 3473 modo
3358 3418 3577 3475 amicos
3598 3417 3660 3473 in
3688 3425 3829 3487 Deo,

2178 3505 2280 3561 sed
2310 3504 2487 3559 etiam
2520 3505 2790 3560 inimicos
2820 3511 3055 3577 propter
3085 3511 3288 3564 Deum.
3318 3508 3529 3573 Sed,ne
3560 3508 3697 3579 quis
3721 3525 3829 3579 pu-

2177 3596 2329 3648 taret
2359 3592 2486 3648 suis
2515 3593 2741 3648 meritis
2773 3598 2875 3648 aut
2905 3592 3051 3665 legis
3078 3595 3447 3652 observantia
3465 3596 3746 3652 diffusam
3768 3596 3831 3651 in

2183 3698 2245 3737 se
2281 3682 2373 3736 Uei
2404 3680 2771 3748 charitatem,
2804 3683 3018 3754 adjecit
3050 3701 3062 3740 :
3095 3700 3194 3755 per
3232 3685 3510 3755 Spiritum
3551 3690 3832 3741 sanetum.

2184 3771 2542 3840 Rursum,ne
2563 3772 2838 3827 eumdem
2861 3772 3142 3844 Spiritum
3163 3779 3434 3829 sanctum
3465 3790 3500 3829 a
3529 3790 3592 3830 se
3612 3775 3834 3831 habere

2184 3864 2509 3932 putaretur,
2540 3861 2848 3932 subjunxit
2881 3879 2894 3917 :
2926 3864 3023 3934 qui
3041 3862 3203 3918 datus
3229 3871 3308 3919 est
3333 3862 3507 3919 nobis.
3533 3863 3634 3919 Ille
3661 3880 3829 3920 nam-

2185 3965 2298 4021 que
2320 3942 2603 4021 Spiritum
2632 3956 2899 4006 sanctum
2925 3950 3267 4007 hominibus
3287 3952 3573 4025 dedit,qui
3595 3952 3837 4027 captivi-

2183 4041 2364 4092 tatem
2397 4044 2656 4094 nostram
2690 4056 2799 4094 sua
2825 4040 3037 4095 virtute
3067 4040 3460 4113 captivavit,et
3488 4041 3655 4097 dedit
3679 4044 3835 4098 dona

2183 4126 2544 4182 hominibus.
2578 4127 2782 4199 Igitur,
2801 4132 2867 4183 ut
2896 4128 3143 4185 nimiam
3171 4129 3287 4185 vim
3317 4129 3651 4186 dilectionis
3676 4136 3836 4187 eten-

2184 4216 2367 4284 deret,
2414 4216 2671 4286 adjecit:
2706 4217 2856 4287 (192)
2900 4218 2962 4274 Ut
3010 4218 3143 4289 quid
3185 4220 3339 4275 enim
3384 4218 3660 4286 Christus,
3709 4236 3836 4275 eam

2184 4304 2361 4359 adhuc
2391 4303 2607 4373 inﬁrmi
2633 4320 2891 4373 essemus,
2922 4307 3225 4363 secundum
3254 4316 3483 4379 tempus,
3507 4323 3608 4380 pro
3637 4310 3838 4381 impiis

2182 4395 2429 4448 mortuus
2485 4396 2598 4448 est?
2646 4392 3150 4467 (subintelligitur,
3211 4396 3326 4453 nisi
3383 4400 3447 4452 ut
3499 4398 3836 4454 ostenderet

2182 4488 2468 4554 quantum
2492 4482 2760 4556 diligeret
2776 4499 2962 4556 genus
2980 4485 3305 4541 humanum
3322 4486 3370 4556 ?)
3393 4485 3650 4541 Nimiam
3674 4501 3837 4541 nam-

2182 4587 2295 4644 que
2316 4571 2746 4640 charitatem,et
2774 4574 3347 4631 abundantissimam
3379 4574 3659 4646 pietatem
3683 4579 3834 4630 Dens

494 4663 558 4717 Et
586 4660 896 4732 gloriamur
916 4662 971 4714 in
990 4675 1080 4730 spe
1099 4659 1288 4728 gloriae
1317 4657 1568 4730 ﬁliorum
1593 4659 2070 4715 Dei.Notandum.
2102 4683 2149 4749 D
2181 4660 2349 4716 Pater
2376 4677 2515 4733 erga
2543 4678 2729 4733 genus
2761 4662 3089 4718 humanum
3121 4662 3397 4733 ostendit,
3431 4678 3567 4719 cum
3616 4679 3725 4735 pro
3767 4677 3832 4718 eo

422 4749 561 4822 quia
589 4767 703 4805 non
737 4748 836 4820 ait,
873 4748 931 4802 in
962 4746 1165 4820 gloria,
1191 4748 1314 4814 sed,
1348 4746 1406 4801 in
1440 4763 1543 4818 spe
1573 4747 1790 4818 gloriae.
1812 4747 2071 4803 Gloriam
2102 4746 2137 4749 ”
2182 4748 2389 4803 Filium
2425 4766 2600 4804 suum
2630 4750 2955 4816 tradidit,et
2985 4749 3109 4821 ipse
3141 4749 3481 4817 Filius,cum
3504 4767 3609 4822 pro
3632 4749 3834 4822 impiis

421 4838 637 4912 quippe
664 4836 920 4893 ﬁlioruln
952 4837 1050 4892 Dei
1085 4853 1241 4890 nunc
1273 4835 1515 4909 quidem
1548 4836 1855 4899 habemus,
1877 4837 1979 4892 sed
2014 4836 2071 4893 in

417 4945 724 5001 spe,quam
757 4931 951 4982 tamen
984 4927 1334 4996 quandoque
1366 4924 1714 4980 habebimus
1738 4926 1795 4979 in
1823 4925 2071 4981 re.Unde

416 5018 571 5074 idem
601 5017 912 5089 Apostolus
947 5014 1084 5070 alibi
1118 5031 1132 5070 :
1167 5016 1273 5070 Per
1301 5014 1463 5085 ﬁdem
1488 5015 1862 5081 ambulamus,
1887 5018 1939 5068 et
1960 5030 2071 5069 non

415 5123 518 5148 mur
571 5109 793 5148 cnnm’pm
829 5107 900 5148 Ill
927 5108 1045 5148 (Yan
1082 5121 1117 5148 ν
1166 5104 1222 5148 71
1279 5103 1348 5148 Et.
1377 5102 1631 5148 Joannes
1672 5121 1683 5148 ξ
1721 5103 2048 5148 Charissimi

2182 4838 2329 4891 mori
2361 4836 2563 4892 voluit.
2594 4842 2738 4893 Cum
2770 4839 2926 4895 enim
2959 4839 3159 4893 subdit
3190 4837 3498 4911 Apostolus
3532 4857 3547 4895 :
3587 4841 3692 4895 Via:
3735 4852 3833 4911 pro

2170 4928 2322 4997 justo
2353 4928 2474 4997 quis
2503 4929 2768 4989 moritur;
2816 4944 2948 4982 nam
2975 4943 3077 4995 pro
3109 4927 3243 4983 bono
3269 4929 3505 4997 forsitan
3555 4929 3679 4998 quis
3726 4944 3834 4982 au-

2178 5016 2303 5070 deat
2351 5018 2528 5078 mori;
2578 5022 2635 5071 et
2682 5016 2951 5071 Christus
3004 5033 3108 5087 pro
3159 5016 3356 5088 impiis
3408 5021 3682 5072 mortuus
3721 5021 3836 5087 est,

2112 5128 2117 5137 ί
2178 5104 2580 5148 innrnrlihilnm
2612 5109 2669 5148 at.
2698 5105 3021 5148 innnditnm
3056 5105 3397 5148 (xl-inritatam
3431 5106 3693 5148 natanti”,
3718 5105 3826 5148 Qad
