3998 5278
236 274 358 340 177

836 286 1257 359 EXPOSITIO
1298 296 1379 359 ΙΝ
1422 298 1842 366 EPISTOLAS
1888 304 2147 370 PAULI.
2179 340 2257 353 —
2288 307 2364 371 1N
2409 309 2660 372 EPIST.
2706 310 2811 373 AD
2858 310 3052 375 ROM.

3533 309 3649 375 178

230 430 266 471 a
296 418 486 473 morte
513 416 826 478 liberatum
857 424 1025 498 (t96),
1056 428 1363 501 subjunxit
1389 448 1402 487 :
1436 435 1615 491 Etiam
1645 437 1790 510 (197)
1821 439 1881 494 in
1912 446 1965 509 Α
1992 442 2323 513 Apostolus,
2358 462 2473 517 non
2506 444 2742 513 diceret,
2775 448 2963 516 gratia
3009 462 3079 501 ex
3108 443 3296 502 multis
3324 443 3539 504 delictis
3581 450 3642 505 in

226 506 307 561 eis
336 510 437 577 qui
462 523 575 564 non
601 522 960 581 peccaverunt
1002 518 1063 571 in
1090 519 1510 578 similitudinem
1537 506 1876 595 prmoarica-

225 596 397 650 tionis
416 595 568 665 Adae,
592 598 649 654 id
675 604 786 666 est,
810 602 910 674 qui
944 620 1058 660 non
1091 608 1327 680 prepria
1355 613 1653 670 voluntate
1685 633 1879 687 pecca-

223 688 456 751 verunt,
487 689 552 740 ut
583 688 791 756 Adam,
826 691 925 746 sed
958 694 1151 751 carnis
1182 696 1542 774 inﬁrmitate,
1574 704 1729 761 sicut
1774 724 1873 778 pa-

1979 533 2433 603 justiﬁcationem
2455 551 2477 595 ,ο
2526 535 2626 590 sed
2672 550 2741 589 ea:
2777 551 2906 590 uno.
2941 534 3255 592 Sciendum
3287 536 3464 592 etiam
3496 538 3639 610 quia

1986 620 2175 676 solent
2227 622 2521 694 Pelagiani
2572 623 2763 678 dicere
2811 621 3129 679 ﬁdelibus:
3181 623 3346 679 Unde
3396 626 3639 684 trahunt

1984 708 2251 766 homines
2275 711 2557 783 originale
2579 716 2901 784 peccatum,
2927 730 2960 767 a
2992 712 3234 784 nuptiis,
3259 729 3333 768 an
3363 730 3396 769 a
3427 731 3634 787 paren-

221 771 513 844 triarcbee,
538 778 596 831 et
620 777 918 850 propheta
945 787 1000 838 et
1020 783 1260 855 quidam
1283 771 1547 863 gentiles,
1572 792 1631 848 in
1657 771 1874 865 quibus
1982 797 2160 867 tibus,
2196 804 2295 854 aut
2325 771 2680 856 auvolunt‘ate
2700 801 2727 855 ‘t
2755 805 2821 855 In
2852 771 3245 872 quibus.nihil
3274 801 3357 857 eis
3388 818 3630 875 respon-

221 860 368 917 adeo
384 861 570 934 viguit
591 864 892 938 ingenium
920 872 1239 945 sapientia,
1260 882 1324 932 ut
1345 860 1613 951 originali
1636 860 1871 953 peccato

218 948 383 1005 nulla
412 954 875 1024 superadderent
899 961 1244 1019 criminalia.
1271 967 1378 1035 Qui
1403 948 1483 1023 est
1510 948 1697 1040 forma
1722 975 1871 1043 futu-

211 1039 293 1094 ris
322 1038 493 1113 (198).
526 1043 802 1107 Quaedam
836 1049 1190 1122 exemplaria
1216 1056 1400 1124 futuri
1427 1038 1663 1132 habent,
1697 1038 1762 1117 ut
1794 1065 1864 1119 ad

208 1126 509 1186 Christum
540 1133 842 1190 referatur.
873 1138 1061 1195 Adam
1093 1142 1248 1197 enim
1281 1144 1469 1201 forma
1510 1148 1616 1203 fuit
1649 1126 1863 1219 'futuri,

210 1218 517 1288 quoniam,
549 1221 702 1277 sicut
732 1239 835 1295 per
862 1225 1032 1283 illum
1064 1245 1224 1287 mors
1254 1231 1512 1304 intravit,
1546 1237 1628 1293 ita
1666 1245 1722 1294 et
1762 1258 1865 1312 per

206 1302 506 1362 Christum
528 1309 646 1365 vita
666 1311 867 1381 rediit;
902 1316 1057 1372 unde
1084 1318 1259 1390 paulo
1280 1302 1523 1381 inferius
1548 1302 1860 1398 Apostolus

204 1392 346 1451 dicit
381 1412 395 1449 :
431 1396 584 1453 Sicut
606 1415 711 1470 per
740 1402 1169 1462 inobedientiam
1198 1412 1367 1466 unius
1395 1392 1631 1470 hominis
1657 1434 1859 1489 pecca-

202 1488 342 1539 tores
371 1488 657 1543 constituti
683 1498 814 1547 sunt
834 1493 1099 1568 plurimi,
1132 1497 1211 1553 ita
1257 1507 1308 1555 et
1352 1518 1453 1572 per
1481 1488 1854 1563 uniusobedi-

202 1572 405 1629 tionem
443 1575 591 1646 justi
637 1581 1041 1638 constituentur
1088 1587 1267 1643 multi.
1311 1588 1369 1643 Si
1402 1596 1594 1648 autem
1627 1592 1858 1667 legatur

197 1659 439 1735 futuris,
460 1663 906 1738 intelligendum
925 1675 1015 1727 est
1035 1676 1496 1744 posteris.Adam
1514 1698 1649 1755 ergo
1668 1659 1855 1742 forma

198 1747 305 1805 fuit
334 1750 581 1820 futuris,
607 1757 747 1827 quia
776 1760 1108 1834 exemplum
1139 1764 1249 1821 fuit
1278 1770 1499 1839 peccati
1529 1747 1855 1830 etvdamna-

196 1837 375 1896 tionis
405 1840 577 1914 (199).
610 1843 723 1901 Sed
763 1864 875 1903 non
916 1852 1055 1907 sicut
1099 1837 1376 1924 delictum,
1412 1859 1501 1914 ita
1535 1864 1587 1916 et
1624 1861 1846 1920 donum.

198 1926 318 1984 Haec
366 1931 547 1987 verba
593 1930 794 1992 clausa
837 1937 1150 2003 videntur:
1183 1949 1374 2015 potest
1402 1950 1599 2005 tamen
1631 1953 1846 2008 subau-

202 2016 300 2073 diri
322 2036 336 2074 :
378 2035 494 2075 non
526 2019 681 2078 sicut
700 2024 980 2083 delictum
1003 2046 1110 2086 nos
1136 2034 1417 2107 corrupit,
1444 2036 1525 2093 ita
1550 2044 1606 2094 et
1626 2040 1845 2097 donum

204 2105 295 2162 Dei
313 2124 422 2164 nos
451 2112 758 2181 reparavit.
784 2113 1003 2172 Horum
1036 2122 1230 2176 autem
1261 2105 1571 2182 verborum
1604 2145 1843 2187 sensum

207 2196 499 2267 sequentia
520 2200 922 2272 manifestant,
946 2222 1080 2262 cum
1104 2210 1412 2269 subditur:
1445 2214 1508 2270 Si
1525 2219 1673 2273 enim
1694 2220 1843 2291 (200)

199 2284 254 2337 in
281 2288 451 2342 unius
474 2286 668 2347 delicto
692 2294 857 2349 multi
879 2300 1087 2353 mortui
1104 2305 1253 2368 sunt,
1275 2304 1448 2360 multo
1468 2310 1644 2379 magis
1660 2284 1842 2380 gratia

190 2371 298 2442 Dei,
320 2379 381 2430 et
408 2375 615 2434 donum
645 2382 706 2434 in
734 2386 924 2451 gratia
950 2389 1120 2442 unius
1149 2389 1387 2449 hominis
1406 2396 1534 2451 Iesu
1554 2371 1760 2456 Christi
1779 2402 1838 2456 in

185 2462 374 2531 plures
405 2464 723 2524 abundavit.
745 2473 824 2527 Ac
855 2473 904 2529 si
935 2474 1191 2534 diceret:
1227 2479 1368 2537 illud
1402 2483 1683 2557 originale
1712 2507 1837 2561 pec-

182 2555 384 2609 catum
416 2554 561 2612 adeo
591 2574 870 2632 magnum
904 2563 1034 2630 fuit,
1065 2569 1130 2621 ut
1166 2584 1370 2626 omnes
1399 2554 1639 2644 perdere
1668 2554 1832 2634 suffi-

175 2645 367 2709 ceret;
395 2643 617 2701 donum
642 2664 777 2703 vero
797 2649 895 2706 Dei
928 2669 1045 2708 non
1070 2655 1261 2713 solum
1284 2660 1354 2715 ab
1385 2643 1504 2730 illo,
1530 2664 1631 2719 sed
1657 2667 1831 2723 etiam

165 2744 198 2783 a
243 2731 806 2826 cunctis_absolvit,
847 2743 904 2794 et
951 2741 1151 2799 donat.
1186 2745 1292 2802 Sed
1349 2749 1490 2821 quid
1539 2758 1629 2808 est
1676 2758 1831 2826 quod

160 2815 309 2874 dicit
336 2834 353 2873 :
391 2818 580 2876 multo
612 2824 801 2896 magis
829 2828 1016 2897 gratia
1039 2830 1139 2887 Dei
1170 2832 1228 2887 in
1262 2815 1459 2906 plures
1487 2815 1829 2911 abundavit,

157 2920 299 2961 cum
337 2906 542 2978 plures
572 2911 895 2980 perdantur
941 2933 1119 2987 quam
1174 2921 1517 2981 salvantur?
1564 2928 1646 2985 Ne
1692 2906 1828 3004 ergo

155 2994 533 3051 contrarium
564 2997 848 3070 videatur,
883 3006 1037 3076 quod
1082 3007 1243 3078 dicit,
1276 3014 1449 3070 multo
1478 3020 1671 3090 magis,
1710 2994 1825 3077 non

153 3082 227 3139 ad
264 3099 559 3155 personas
588 3087 959 3147 referendum
991 3099 1099 3164 est,
1131 3097 1186 3153 id
1220 3104 1327 3170 est,
1363 3082 1591 3175 plures:
1614 3082 1715 3164 sed
1747 3112 1819 3166 ad

1981 885 2261 943 dendum.
2295 890 2445 944 Audi
2476 889 2817 962 Apostolum
2850 890 3141 945 dicentem
3175 908 3187 945 :
3238 891 3517 947 Iudicium
3558 909 3629 950 em

1978 992 2089 1031 uno
2140 979 2201 1031 in
2246 980 2774 1035 condemnationem.
2808 980 2919 1035 Sed
2969 979 3110 1050 quid
3151 984 3241 1035 est
3279 982 3432 1052 quod
3466 982 3626 1055 dicit,

1968 1064 2264 1134 judicium
2287 1083 2355 1122 ex
2378 1084 2491 1123 uno
2526 1067 2584 1122 in
2608 1068 3153 1123 condemnationem
3175 1068 3203 1123 ?
3232 1069 3509 1140 Nunquid
3534 1072 3629 1142 ju-

1972 1152 2191 1208 dicium
2226 1172 2295 1210 ex
2324 1173 2440 1212 uno
2473 1156 2580 1211 soli
2614 1156 2668 1211 in
2701 1155 2970 1229 originali
3000 1162 3255 1228 peccato,
3288 1161 3344 1212 et
3388 1175 3502 1214 nou
3556 1177 3625 1218 ex

1973 1242 2214 1314 reliquis
2243 1244 2405 1299 ducit
2436 1244 2493 1299 in
2525 1246 3075 1301 condemnationem
3096 1247 3124 1300 Ἰ
3156 1246 3215 1301 Si
3247 1246 3402 1302 enim
3431 1250 3623 1320 gratia

1969 1333 2069 1388 Dei
2103 1350 2216 1389 non
2252 1334 2442 1389 solum
2476 1334 2758 1407 originale
2790 1340 3117 1407 peccatum,
3147 1337 3247 1393 sed
3279 1337 3455 1394 etiam
3484 1356 3618 1410 pro-

1968 1421 2105 1493 prias
2131 1422 2442 1478 voluntatis
2474 1429 2708 1496 peccata
2730 1424 2970 1493 relaxat,
2990 1426 3074 1480 sic
3094 1430 3152 1481 et
3168 1425 3484 1496 judicium,
3498 1445 3616 1486 non

1967 1526 2035 1565 ex
2065 1511 2330 1584 originali
2362 1516 2613 1582 tantum,
2645 1513 2748 1569 sed
2778 1512 2952 1569 etiam
2984 1531 3052 1568 ex
3097 1514 3319 1569 caeteris
3348 1532 3475 1585 quas
3507 1533 3613 1572 su-

1964 1600 2387 1670 peradduntur,
2421 1602 2583 1657 ducit
2610 1602 2668 1656 in
2699 1601 3267 1658 condemnationem.
3293 1602 3441 1667 Quid
3474 1621 3610 1678 ergo

1963 1687 2086 1742 vult
2118 1691 2421 1746 ostendere
2469 1691 2561 1746 his
2610 1691 2800 1746 verbis
2823 1690 2850 1745 ‘l
2880 1690 3125 1759 Scilicet,
3158 1695 3279 1747 tam
3326 1709 3609 1767 magnum

1882 1808 1929 1873 B
1964 1776 2145 1833 fuisse
2165 1778 2309 1833 illud
2334 1779 2613 1851 originale
2642 1783 2943 1851 peccatum
2976 1785 3050 1873 ut
3069 1780 3365 1837 sufﬁceret
3393 1782 3453 1837 in
3478 1799 3610 1839 con-

1960 1866 2416 1934 demnationem,
2440 1869 2548 1924 etsi
2579 1868 2742 1924 nulla
2763 1869 3318 1941 superadderentur,
3340 1873 3609 1943 quamvis

1956 1956 2188 2028 gravior
2218 1956 2293 2013 sit
2322 1973 2522 2012 eorum
2556 1975 2749 2029 poena,
2780 1957 2881 2029 qui
2914 1957 3148 2030 propria
3176 1960 3601 2030 superaddunt,

1956 2049 2013 2100 et
2042 2048 2203 2101 tanto
2234 2046 2483 2118 gravior,
2519 2051 2736 2118 quanto
2766 2046 3001 2119 gravius
3034 2046 3285 2118 quisque
3328 2049 3603 2120 peccavit.

1951 2134 2036 2189 Ab
2087 2151 2203 2190 uno
2258 2151 2417 2207 ergo,
2452 2135 2509 2189 id
2562 2139 2650 2191 est
2694 2138 2765 2190 ab
2804 2136 2991 2190 Adam
3026 2151 3141 2191 non
3175 2135 3373 2190 omnia
3404 2142 3607 2194 nostra

1951 2226 2207 2295 peccata,
2223 2225 2324 2279 sed
2352 2222 2543 2279 solum
2567 2222 2848 2296 originale
2872 2223 3201 2292 trahimus;
3231 2224 3302 2279 ab
3329 2241 3447 2280 uno
3467 2241 3601 2283 vero

1949 2311 2178 2368 Christo
2210 2330 2323 2384 non
2355 2317 2587 2368 tantum
2620 2312 2943 2384 originalis,
2976 2313 3077 2368 sed
3121 2317 3177 2368 et
3207 2313 3475 2370 omnium
3505 2331 3600 2371 re-

1948 2382 2289 2457 missionem
2312 2402 2730 2473 consequimur
2750 2406 3142 2474 peccatorum.
3167 2401 3431 2474 Cmperat
3448 2404 3601 2477 Apo-

1946 2489 2133 2546 stolus
2163 2491 2351 2569 facere
2380 2489 2767 2546 differentiam
2798 2488 3099 2569 originalis
3131 2490 3349 2562 peccati
3380 2496 3438 2546 et
3467 2508 3599 2565 gra-

1944 2579 2038 2633 tiae
2081 2578 2200 2649 Dei,
2234 2565 2292 2635 et
2340 2585 2528 2651 coepta
2567 2565 3315 2651 intentione'perseverans,
3349 2578 3430 2634 ait
3464 2597 3475 2636 :
3532 2583 3597 2638 Si

1941 2670 2089 2724 enim
2119 2669 2266 2738 (202)
2311 2671 2372 2724 in
2400 2670 2567 2725 unius
2595 2668 2789 2724 delicto
2818 2684 2965 2723 mors
2996 2669 3245 2739 regnavit
3270 2683 3369 2739 per
3396 2685 3591 2738 unum,

1940 2760 2116 2813 multo
2165 2760 2341 2829 magis
2389 2758 2785 2815 abundantiam
2835 2758 3056 2827 gratia,
3087 2760 3138 2812 et
3183 2757 3513 2829 donationis,
3544 2767 3599 2816 et

1931 2846 2164 2917 justitia:
2184 2848 2511 2919 accipientes
2532 2850 2591 2902 in
2610 2849 2744 2914 vita,
2764 2847 3072 2918 regnabant
3086 2862 3190 2918 per
3209 2863 3382 2902 unum
3402 2848 3591 2903 Iesum

1943 2934 2240 2990 Christum.
2259 2936 2442 2993 Unius
2468 2935 2771 3002 delictum,
2791 2939 3094 3007 peccatum
3117 2935 3258 2990 dicit
3287 2935 3589 3007 originale,

1939 3024 2093 3095 quod
2121 3024 2305 3080 Adam
2336 3026 2396 3080 in
2428 3025 2699 3098 paradiso
2723 3023 3041 3079 commisit.
3067 3024 3177 3079 Sed
3208 3022 3501 3095 quomodo
3530 3024 3592 3080 in

1941 3113 2116 3169 unius
2165 3113 2376 3170 delicto
2428 3131 2586 3170 mors
2617 3112 2879 3186 regnavit
2919 3128 3023 3185 per
3074 3111 3307 3167 unum?
3335 3111 3588 3181 Scilicet,

151 3172 409 3227 verbum
465 3174 786 3233 abundavit.
823 3179 1007 3238 Multo
1055 3188 1246 3260 magis
1298 3172 1455 3248 enim
1504 3172 1828 3256 abundavit
1857 3172 1899 3240 α
1938 3201 2079 3274 quia
2099 3219 2304 3257 omnes
2335 3202 2566 3258 vinculo
2598 3172 2805 3258 moitis
2835 3204 3002 3257 erant
3029 3200 3192 3273 ligati
3222 3199 3283 3255 in
3310 3198 3411 3255 illo
3441 3199 3588 3272 solo,

156 3259 357 3332 gratia
405 3259 531 3328 Dei,
567 3264 706 3335 quia
758 3283 873 3323 non
921 3271 1112 3327 solum
1165 3259 1467 3350 eriginale,
1503 3286 1604 3341 sed
1647 3289 1823 3345 etiam

156 3346 414 3420 propriae
460 3351 780 3411 voluntatis
831 3358 1095 3418 admissa
1144 3346 1381 3424 relaxat.
1428 3346 1603 3433 Sive:
1652 3379 1823 3435 multo

149 3438 331 3509 magis
365 3438 427 3493 in
451 3440 640 3510 plures
670 3443 829 3512 dicit,
869 3448 1010 3519 quia
1041 3452 1201 3518 mali,
1236 3457 1343 3511 etsi
1379 3460 1551 3517 multi
1582 3464 1817 3522 videan-

150 3526 269 3593 tur,
303 3527 484 3599 pauci
533 3536 691 3599 sunt,
726 3535 866 3605 quia
914 3536 1061 3594 nihil
1112 3548 1268 3600 sunt.
1321 3547 1463 3603 Boni
1513 3569 1668 3623 vero,
1713 3557 1820 3611 etsi

156 3614 332 3684 pauci
356 3614 688 3687 videantur,
717 3622 888 3677 multi
919 3629 1116 3682 tamen
1147 3637 1306 3700 sunt,
1330 3637 1469 3705 quia
1499 3656 1713 3712 magna
1732 3650 1823 3698 est

156 3698 215 3756 in
247 3702 336 3757 eis
370 3705 561 3775 gratia
590 3706 713 3763 Dei.
745 3710 811 3765 Et
840 3727 951 3768 non
979 3717 1122 3771 sicut
1150 3735 1253 3789 per
1290 3698 1466 3779 unum
1494 3698 1642 3799 (2Οἷ)
1691 3745 1821 3799 pec-

150 3798 396 3863 cantem,
424 3795 505 3848 ita
543 3799 597 3850 et
638 3797 864 3855 donum.
895 3801 965 3857 Et
996 3801 1117 3860 haec
1146 3808 1383 3878 quidem
1415 3815 1593 3870 verba
1622 3795 1822 3875 clausa

152 3878 468 3950 videntur;
498 3889 691 3954 potest
719 3890 918 3945 tamen
949 3892 1255 3951 subaudiri
1288 3914 1303 3953 :
1359 3917 1470 3957 non
1521 3904 1673 3960 sicut
1715 3924 1819 3979 per

155 3981 345 4024 unum
378 3977 716 4056 peccantem
747 3977 957 4048 perditi
988 3982 1222 4056 sumus,
1256 3986 1337 4043 ita
1375 3994 1432 4045 et
1462 3991 1684 4051 donum
1715 3977 1815 4053 Dei

156 4070 259 4112 nos
322 4058 584 4118 redimit.
618 4053 879 4128 Quorum
927 4084 1169 4128 sensum
1206 4053 1529 4147 Apostolus
1558 4086 1811 4156 exponit,

154 4144 524 4220 subjungens
559 4168 572 4206 :
621 4169 754 4209 nam
786 4157 1069 4228 judicium
1100 4164 1321 4234 quidem
1349 4184 1419 4223 ea:
1461 4187 1570 4227 uno
1597 4175 1657 4228 in
1684 4190 1811 4230 con-

152 4231 578 4294 demnationem.
604 4241 766 4304 Quod
795 4244 938 4301 dicit
964 4264 1035 4304 ea:
1064 4231 1195 4319 uno,
1220 4254 1695 4317 subaudiendum
1721 4270 1815 4320 est

157 4320 363 4380 delicto
388 4350 404 4393 ;
437 4330 592 4398 quod
624 4329 749 4402 ipse
778 4336 1035 4405 exponit,
1060 4340 1465 4415 subjungens:
1500 4349 1686 4406 Gratia
1714 4369 1787 4407 au

160 4417 262 4466 tem
306 4428 380 4469 ea:
430 4418 618 4473 multis
675 4420 891 4479 delictis
949 4427 1009 4481 in
1059 4428 1532 4499 justiﬁcationem.
1585 4441 1808 4504 Quibus

1936 3290 2165 3346 etiamsi
2216 3290 2398 3358 nulla,
2457 3291 2690 3364 propria
2732 3290 3054 3356 voluntate,
3105 3289 3587 3361 superadderent.

1936 3379 2159 3435 Fideles
2182 3379 2361 3451 igitur
2382 3380 2804 3436 abundantiam
2827 3378 3025 3451 gratiae
3046 3382 3103 3433 et
3130 3376 3462 3433 donationis
3484 3395 3586 3434 ac-

1934 3465 2180 3536 cipiunt,
2204 3468 2343 3539 quia
2374 3485 2487 3523 non
2522 3467 2667 3523 illud
2700 3465 2983 3538 originale
3016 3465 3229 3531 solum,
3256 3465 3356 3520 sed
3385 3469 3443 3520 et
3470 3481 3578 3521 cas-

1932 3557 2058 3610 tera
2079 3572 2205 3627 quae
2230 3557 2781 3627 superaddiderunt,
2804 3556 2888 3609 eis
2914 3558 3149 3625 peccata
3172 3553 3581 3654 remittuntur.

1932 3643 2240 3715 Accipiunt
2268 3649 2325 3700 et
2356 3645 2775 3700 abundantiam
2803 3643 3068 3713 justitiaa,
3104 3643 3244 3716 quia
3273 3646 3435 3699 tanta
3464 3642 3585 3699 illis

1922 3731 2161 3800 justitia
2191 3749 2224 3787 a
2245 3733 2360 3787 Deo
2384 3732 3313 3802 retribuitur,quajustiticentur,
3339 3736 3583 3831 ut,‘cum

1928 3818 2114 3873 Adam
2143 3819 2203 3873 in
2230 3820 2499 3891 paradiso
2527 3818 2759 3875 diabolo
2784 3819 2855 3873 ad
2879 3824 3179 3889 peccatum
3204 3820 3583 3891 persuadenti

1928 3908 2311 3975 consenserit,
2344 3906 2450 3974 illi,
2487 3925 2602 3963 non
2633 3907 2827 3963 solum
2860 3908 3150 3978 suadenti,
3185 3908 3285 3963 sed
3332 3924 3439 3963 nec
3487 3924 3582 3963 co-

1926 3995 2086 4068 genti
2117 3997 2349 4066 cedant,
2380 4000 2483 4051 aut
2523 3995 2910 4052 consentiant.
2942 3996 3048 4050 Sed
3101 3994 3243 4095 quid
3290 4000 3379 4051 est
3423 3997 3578 4095 quod

1926 4083 2086 4156 dicit,
2117 4087 2288 4142 multo
2335 4088 2522 4155 magis
2572 4084 2902 4155 regnabant,
2934 4099 3068 4139 cum
3123 4081 3320 4155 plures
3373 4083 3578 4141 mortis

1923 4190 2171 4246 regnum
2202 4175 2405 4233 trahat.
2427 4176 2497 4231 ad
2530 4192 2787 4248 poenam,
2821 4190 2998 4249 quam
3040 4172 3229 4247 gratia
3274 4173 3346 4229 ad
3395 4173 3575 4230 vitam

1921 4264 2248 4319 aeternam?
2292 4264 2415 4320 Non
2466 4280 2602 4337 ergo
2654 4264 2727 4319 ad
2777 4279 3055 4335 personas
3103 4261 3194 4317 vel
3234 4261 3574 4334 pluritatem

1921 4352 2292 4407 referendum
2338 4359 2451 4419 est,
2495 4355 2595 4409 sed
2644 4353 2717 4407 ad
2768 4355 3152 4423 augmentum
3201 4350 3401 4424 gratiae
3448 4350 3573 4408 Dei.

1919 4438 2102 4494 Multo
2136 4446 2326 4513 magis
2356 4443 2514 4497 enim
2546 4441 2897 4513 regnabunt,
2930 4439 3070 4511 quia
3118 4439 3452 4511 quicunque
3500 4441 3575 4495 ab

162 4501 351 4557 verbis
410 4503 661 4562 destruit
717 4525 973 4569 errorem
1035 4515 1501 4591 Pelagianorum.
1547 4501 1812 4585 ostendit
1838 4542 1886 4605 D
1919 4529 2108 4584 Adam
2142 4531 2209 4584 ad
2235 4501 2555 4597 Christum,
2582 4501 2645 4583 id
2674 4533 2783 4593 est,
2806 4546 2841 4583 a
2865 4532 3052 4583 morte
3073 4528 3144 4583 ad
3172 4528 3352 4583 vitam
3382 4532 3576 4585 trans-

166 4587 314 4646 enim
341 4593 479 4663 quia
503 4611 619 4650 non
651 4596 961 4671 imitando,
987 4606 1088 4660 sed
1116 4587 1406 4668 nascendo
1432 4615 1672 4672 trahunt
1703 4618 1807 4674 ho-

167 4676 346 4779 mines
368 4681 650 4755 originale
676 4694 1001 4757 peccatum.
1026 4694 1136 4750 Sed
1159 4696 1300 4752 dicit
1319 4700 1623 4776 Pelagius:
1650 4709 1805 4779 quod

168 4763 303 4822 dicit
344 4785 415 4826 ex
460 4789 587 4843 uno,
620 4775 695 4830 ad
745 4779 931 4836 Adam
972 4783 1339 4843 referendum
1372 4796 1461 4846 cst
1489 4811 1502 4860 ;
1535 4794 1805 4852 homines

168 4852 314 4911 enim
338 4874 403 4914 ex
426 4863 610 4919 Adam
637 4874 885 4924 sumunt
908 4874 1237 4945 exemplum
1263 4882 1561 4951 peccandi,
1583 4888 1641 4937 et
1670 4901 1803 4940 eum

168 4937 436 5005 imitando
467 4952 537 5007 ad
570 4951 765 5009 multa
792 4937 1156 5027 perveniunt.
1187 4937 1280 5033 At;
1311 4968 1359 5024 si
1408 4969 1517 5027 hoc
1546 4937 1805 5029 sentiret

230 5170 364 5278 ςξξζθ)
383 5179 805 5278 ξἰξνΐὶῦοΔ
830 5204 956 5278 qua}
975 5210 1318 5278 perperam,
1352 5219 1442 5260 me
1480 5202 1707 5278 judice,
1740 5201 1796 5259 in

166 5244 329 5278 nnfnn
348 5244 357 5248 ⁷
383 5258 501 5278 ..-ι-
555 5254 727 5278 __-_L-

1918 4623 2079 4687 eunt,
2106 4635 2240 4674 cum
2275 4617 2404 4690 ipso
2437 4620 2563 4674 sine
2595 4619 2709 4672 line
2741 4618 3071 4683 regnabunt
3098 4614 3156 4667 in
3188 4616 3368 4670 vitam
3400 4619 3568 4670 aeter-

1917 4724 2079 4764 nam.
2103 4708 2249 4775 Sive,
2274 4710 2447 4763 multo
2474 4708 2651 4775 magis
2685 4704 2825 4760 dicit
2852 4724 2864 4773 ;
2899 4705 3039 4777 quia
3059 4718 3208 4775 quos
3229 4719 3400 4803 ‘mors
3424 4706 3572 4803 tem-

1916 4796 2196 4869 poraliter
2234 4798 2506 4869 perdidit,
2530 4796 2639 4851 hos
2662 4793 2757 4850 Dci
2791 4795 2985 4867 gratia
3012 4791 3361 4890 aiternaliter
3390 4791 3571 4849 vivifi-

1915 4887 2087 4943 cavit.
2118 4888 2266 4960 (203)
2294 4888 2478 4959 Igitur
2505 4887 2644 4942 sicut
2673 4901 2769 4955 per
2796 4889 2964 4942 unius
2999 4882 3269 4938 delictum
3292 4882 3357 4982 .in

1914 4976 2163 5034 homines
2195 4979 2254 5032 in
2281 4976 2812 5043 condemnationem,
2845 4980 2925 5033 sic
2972 4980 3025 5028 et
3066 4986 3166 5042 per
3205 4976 3373 5025 unius
3402 4976 3572 5041 justi-

1986 5211 2134 5278 (201)
2168 5211 2251 5266 Ita
2282 5210 2581 5271 nonnullae
2612 5206 2942 5266 editiones:
2973 5201 3152 5274 Vulg.
3186 5204 3442 5259 attamen
3473 5202 3554 5262 ha
