3998 5278
358 455 473 521 I79

1383 456 1716 520 ATTONlS
1759 451 2340 518 VERCELLENSIS
2384 451 2739 517 EPISCOPI

3652 447 3879 547 180‘

359 591 501 646 tiam
521 588 578 646 in
599 605 784 646 omnes
806 590 1054 647 homines
1083 592 1139 646 in
1162 592 1614 663 justiﬁcationem
1636 593 1788 647 vita}.
1812 590 1875 644 In
1908 588 2000 644 his
2030 590 2082 654 Α
2112 604 2210 658 per
2232 588 2680 651 inobedientiam,
2698 594 2755 642 et
2774 584 3020 658 reliqua.
3036 584 3259 650 Quibus
3280 582 3481 641 verbis
3505 581 3763 656 gratiam

355 679 574 746 verbis,
623 679 672 734 si
724 679 1108 736 imitationem
1160 681 1554 746 attendamus,
1597 685 1662 735 ut
1707 676 2001 749 Pelagiani

2112 693 2227 746 qua
2248 676 2451 731 salvati
2479 692 2705 743 sumus,
2731 692 2861 731 cum
2888 691 3102 746 magna
3121 673 3425 730 devotione
3445 672 3759 728 ostendere

359 771 652 837 asserunt,
673 767 849 825 unius
868 767 1145 825 delictum
1171 768 1390 824 nullius
1413 768 1655 824 alterius
1675 768 1802 837 erit,
1824 781 2002 838 quam
2109 764 2311 821 voluit.

359 856 598 914 diaboli.
615 857 743 925 Sed,
771 857 910 928 quia
931 861 1062 928 apte
1084 856 1398 929 Apostolus
1420 858 1491 912 de
1513 858 1697 911 Adam
1720 854 2003 926 loquitur,

361 944 528 1002 nulla
556 944 650 1000 hic
681 944 934 1001 imitatio
963 946 1342 1018 intelligenda
1370 952 1458 1001 est
1483 964 1496 1014 ;
1532 946 1632 1000 sed
1666 943 2003 1017 propagatio

360 1034 606 1108 peccati.
636 1034 730 1089 Ait
773 1050 909 1107 ergo
943 1052 955 1090 :
1008 1036 1143 1090 sicut
1170 1052 1270 1107 per
1300 1037 1465 1090 unius
1495 1035 1750 1090 delictum
1781 1033 2004 1103 (subin-

363 1122 670 1196 telligitur,
707 1141 865 1179 mors
895 1124 1177 1197 regnavit)
1211 1126 1268 1180 in
1299 1125 1827 1193 condemnationem,
1851 1121 1931 1177 ita
1960 1124 2009 1175 et

358 1228 463 1286 per
478 1212 1438 1285 uniusjustitiam(subintelligitur,
1454 1212 1639 1285 gratia
1659 1210 1936 1283 regnavit)
1952 1212 2012 1263 in

358 1302 817 1375 justiﬁcationem
842 1305 987 1357 vitae.
1017 1302 1319 1356 Justitiam
1351 1302 1525 1356 unius
1549 1301 1825 1366 hominis,
1843 1299 2014 1370 justi-

220 1464 229 1475 .
331 1443 347 1463 ,
366 1390 511 1447 tiam
543 1391 683 1447 dicit
701 1391 841 1447 Jesu
866 1391 1099 1462 Christi,
1124 1408 1240 1463 qua
1261 1391 1547 1461 justiﬁcat
1577 1391 1810 1461 impios,
1836 1406 2012 1460 quam

370 1479 517 1536 nulli
546 1480 895 1535 imitandam
922 1479 1246 1552 proposuit,
1270 1481 1369 1535 sed
1404 1480 1529 1551 ipse
1557 1478 1718 1534 solus
1744 1478 1891 1532 hanc
1913 1495 2014 1548 po-

368 1572 505 1641 test,
538 1569 639 1642 qui
688 1573 776 1625 est
822 1571 968 1624 inter
1014 1576 1253 1623 mortuos
1284 1569 1427 1624 liber
1457 1569 1627 1640 (Psat.
1662 1584 1902 1634 Lxxxvn,
1935 1568 2014 1637 6).

369 1657 529 1731 Hanc
546 1657 1237 1725 nonPetrus,nonPaulus
1256 1658 1491 1725 habuit;
1513 1657 1651 1729 quia
1668 1656 2018 1727 impiumju-

369 1746 620 1803 stiﬁeare
643 1762 759 1801 non
782 1744 1064 1818 potuit.Si
1086 1761 1222 1817 ergo
1247 1746 1372 1800 sola
1393 1744 1642 1800 imitatio
1667 1744 1803 1799 facit
1824 1758 2020 1814 pecca-

366 1837 523 1892 tores
573 1851 675 1906 per
702 1834 911 1902 Adam,
946 1851 1049 1889 cur
1078 1851 1193 1889 non
1227 1834 1350 1888 sola
1383 1832 1628 1888 imitatio
1662 1832 1797 1886 facit
1819 1832 2017 1903 justos

367 1939 472 1997 per
493 1922 787 1979 Christum
806 1922 833 1978 ?
860 1922 995 1993 Sed,
1020 1923 1192 1978 absit.
1217 1922 1482 1979 Christus
1504 1922 1661 1976 enim
1687 1920 1901 2020 ideirco
1931 1936 2016 1975 re-
2052 1957 2101 2022 B

369 2016 461 2070 cte
489 2028 643 2068 unus
665 2011 914 2079 dicitur;
951 2011 1090 2083 quia
1113 2029 1226 2067 non
1252 2012 1377 2067 sola
1401 2011 1530 2082 ejus
1561 2009 2021 2080 imitatiojustos

368 2100 542 2168 facit;
574 2100 676 2156 sed
709 2098 897 2173 gratia
920 2116 1269 2172 regenerans
1296 2115 1400 2172 per
1416 2099 1698 2171 Spiritum
1724 2103 2016 2154 sanctum.

371 2187 653 2245 Similiter
681 2193 738 2244 et
756 2189 939 2244 Adam
966 2206 1118 2244 unus
1141 2188 1356 2244 dicitur
1382 2207 1394 2256 ;
1428 2189 1568 2260 quia
1598 2205 1713 2242 non
1737 2187 1861 2242 sola
1890 2186 2020 2257 ejus

371 2272 621 2334 imitatio
646 2284 974 2350 peccatores
999 2278 1158 2342 facit,
1182 2279 1281 2332 sed
1316 2283 1371 2332 et
1400 2294 1570 2349 poena
1592 2275 1811 2349 peccati
1843 2291 2017 2347 gene-

370 2383 508 2424 rans
540 2383 642 2440 per
672 2372 941 2422 mortem.
978 2367 1227 2437 Ideoque
1261 2372 1411 2421 recte
1444 2366 1561 2421 illic
1591 2367 1710 2421 ait:
1742 2368 1805 2420 In
1834 2381 2019 2419 omnes

369 2454 617 2510 homines
648 2456 710 2510 in
732 2455 1238 2510 condemnationem
1256 2472 1276 2515 ,’
1307 2455 1398 2508 hic
1426 2460 1620 2509 autem
1655 2456 1713 2508 in
1743 2470 1925 2508 omnes
1958 2454 2018 2507 in

368 2543 831 2615 iustiﬁcationem,
867 2560 1055 2614 neque
1085 2544 1240 2598 enim
1273 2560 1497 2611 omnes,
1535 2542 1629 2613 qui
1665 2548 2017 2614 generantur

366 2647 467 2703 per
480 2633 689 2703 Adam,
706 2631 881 2686 iidem
902 2631 1013 2702 ipsi
1034 2638 1449 2703 regenerantur
1467 2632 1655 2702 perCh
1667 2631 2014 2686 ristum.Sed

364 2719 603 2790 idcirco,
629 2724 685 2775 et
715 2719 833 2775 illic
863 2736 1046 2776 omnes
1078 2720 1239 2785 dicit,
1262 2720 1421 2791 quia,
1455 2720 1606 2775 sicut
1635 2719 1856 2774 nullius
1889 2737 2013 2774 car-

364 2807 518 2864 nalis
537 2809 834 2881 generatio
856 2813 965 2877 est,
992 2810 1106 2863 nisi
1139 2826 1240 2880 per
1263 2810 1465 2875 Adam,
1493 2809 1574 2863 ita
1601 2808 1824 2864 nullius
1846 2808 2014 2880 spiri-

362 2896 519 2965 talis,
537 2897 651 2954 nisi
678 2897 1110 2971 perChristum.
1128 2898 1344 2952 Omnes
1367 2896 1562 2968 itaque
1584 2897 1642 2952 in
1666 2898 2015 2953 condemna-

365 2984 583 3041 tionem
612 2986 755 3041 dicit
775 3002 894 3052 eos,
919 2986 1019 3058 qui
1044 2991 1366 3041 nascuntur
1393 3002 1494 3057 per
1512 2987 1695 3041 Adam
1720 2986 2014 3058 pertinen-

368 3078 457 3131 tes
478 3074 548 3129 ad
571 3072 863 3130 carnalem
890 3073 1323 3147 generationem
1348 3093 1359 3138 ;
1389 3092 1590 3129 omnes
1617 3081 1811 3130 autem
1844 3075 1901 3129 in
1921 3076 2013 3145 ju-

365 3162 797 3226 stiticationem,
823 3179 945 3228 eos,
969 3164 1067 3235 qui
1092 3169 1415 3219 nascuntur
1435 3180 1537 3235 per
1560 3162 1857 3219 Christum
1881 3180 2011 3235 per-

364 3251 621 3307 tinentes
652 3252 720 3307 ad
764 3251 1089 3323 spiritalem
1120 3252 1574 3324 generationem.
1608 3253 1677 3306 Et
1708 3260 1846 3307 nota
1875 3252 2013 3323 quia

2186 855 2293 910 Sed
2329 854 2470 927 quid
2502 859 2590 910 est
2620 855 2773 927 quod
2801 855 2872 910 de
2903 852 3306 925 peccatoribus
3339 852 3612 924 loquens,
3634 852 3719 907 ait
3749 868 3763 906 :

2112 946 2391 1001 constituti
2435 948 2563 999 sunt
2594 963 2612 999 :
2659 944 2730 1000 de
2768 943 2949 1015 justis
2992 960 3124 999 vero
3160 958 3173 996 :
3221 944 3668 999 constituentur?
3699 941 3766 997 Si

2116 1032 2272 1088 enim
2301 1034 2558 1087 nondum
2576 1032 2723 1103 justi
2748 1032 3048 1088 constituti
3071 1037 3228 1097 sunt,
3245 1032 3384 1103 quid
3406 1032 3476 1087 de
3491 1029 3766 1086 Patribus

2114 1120 2699 1177 Veteris'l‘estamenti
2712 1121 2915 1176 dicend
2927 1137 3022 1175 um
3037 1120 3162 1176 est?
3176 1120 3233 1175 Si
3247 1119 3401 1176 enim
3414 1125 3522 1176 Deo
3538 1118 3781 1190 placue—

2120 1217 2281 1277 runt,
2306 1212 2454 1282 justi
2502 1211 2701 1282 utique
2742 1210 2995 1277 t'uerunt,
3029 1211 3230 1265 eadem
3263 1209 3479 1281 quippe
3512 1208 3623 1280 ipsi
3659 1208 3777 1264 fide

2124 1300 2327 1355 salvati
2350 1304 2489 1355 sunt
2511 1317 2626 1372 qua
2655 1305 2713 1354 et
2740 1317 2867 1354 nos.
2891 1299 3060 1368 Nam,
3083 1298 3240 1370 quod
3270 1316 3375 1354 nos
3397 1298 3525 1370 jam
3551 1297 3779 1354 factum

2124 1387 2437 1457 credimus,
2470 1388 2551 1443 illi
2600 1389 2913 1443 credebant
2944 1388 3227 1443 futurum.
3265 1388 3425 1443 Unde
3456 1386 3779 1459 Apostolus

2126 1478 2261 1532 alibi
2288 1495 2300 1532 :
2327 1479 2589 1533 Habentes
2617 1478 2866 1533 eumdem
2885 1479 3145 1549 spiritum
3162 1478 3297 1549 ﬁdei
3314 1479 3385 1545 (II
3405 1475 3530 1533 Cor.
3561 1493 3638 1542 IV,
3666 1476 3777 1547 13).

2126 1568 2287 1632 Quod
2319 1566 2680 1622 enucleatius
2711 1566 2967 1622 ostendit
2998 1566 3203 1623 beatus
3235 1567 3438 1622 Petrus
3468 1566 3782 1638 apostolus

2128 1654 2328 1710 dicens
2355 1671 2367 1709 :
2404 1655 2512 1710 Sed
2539 1673 2640 1725 per
2666 1657 2907 1726 gratiam
2927 1656 3024 1710 Dei
3049 1654 3323 1710 credimus
3340 1655 3569 1721 salvari,
3593 1670 3784 1726 quem-

2129 1744 2434 1799 admodum
2454 1747 2505 1798 et
2534 1746 2643 1815 ipsi
2670 1745 2808 1815 (Act.
2843 1761 2933 1808 xv,
2960 1744 3066 1815 12).
3095 1742 3156 1798 Si
3184 1759 3320 1815 ergo
3342 1742 3493 1815 justi
3513 1743 3780 1810 fuerunt,

2131 1849 2311 1905 quare
2331 1831 2642 1904 Apostolus
2672 1833 2846 1888 verbo
2869 1832 3047 1887 futuri
3076 1832 3356 1904 temporis
3385 1849 3532 1888 usus
3558 1836 3669 1899 est,
3696 1831 3785 1888 di-

2130 1936 2289 1985 cens,
2319 1922 2759 1976 constituentur?
2788 1920 3037 1993 Scilicet,
3080 1921 3219 1993 quia
3266 1920 3531 1993 praevidit
3577 1920 3785 1993 plures

2133 2010 2455 2066 credituros
2477 2010 2537 2064 in
2560 2010 2714 2065 Novo
2735 2011 3107 2065 Testamento
3129 2027 3305 2082 quam
3328 2009 3613 2080 inVeteri,
3633 2010 3781 2077 sive.

2130 2097 2288 2170 quia,
2310 2097 2447 2154 licet
2479 2098 2554 2154 sit
2575 2099 2634 2153 in
2668 2099 2936 2170 praesenti
2958 2098 3076 2155 vita
3095 2098 3432 2155 constitutio
3449 2100 3782 2171 justorum,

2129 2186 2438 2259 perfectior
2466 2191 2662 2243 tamen
2695 2187 2804 2242 erit
2832 2187 2892 2242 in
2939 2188 3154 2243 futura.
3189 2187 3428 2259 Propter
3457 2188 3782 2261 perfectam

2129 2293 2264 2349 ergo
2284 2278 2580 2347 justorum
2606 2275 3079 2331 constitutionem
3101 2276 3283 2332 futuri
3303 2275 3602 2350 temporis,
3630 2294 3783 2334 usus

2128 2370 2218 2420 est
2247 2365 2419 2419 verbo
2450 2364 2658 2436 [futuri
2690 2363 2994 2437 temporis]
3027 2365 3195 2437 (205).

2201 2454 2285 2524 Et,
2320 2470 2390 2508 ne
2419 2452 2607 2508 Judazi
2636 2470 2738 2523 pro
2771 2452 2895 2524 lege
2926 2452 3339 2525 gloriarentur,
3372 2453 3582 2523 adiecit
3614 2471 3628 2509 :
3660 2455 3781 2510 Lee:

2124 2548 2310 2597 autem
2335 2543 2687 2607 subintravit,
2710 2550 2769 2595 ut
2796 2542 3103 2598 abundaret
3127 2543 3402 2597 delictum.
3429 2542 3777 2599 Subintrare

2124 2635 2211 2686 est
2225 2631 2467 2686 alterius
2486 2631 2609 2686 loco
2627 2630 3084 2697 succedere,sive
3096 2630 3337 2686 alterius
3353 2631 3543 2687 locum
3564 2649 3777 2704 praeoc-

2124 2736 2357 2792 cupare.
2382 2720 2742 2775 Subintravit
2763 2736 2899 2791 ergo
2927 2719 3018 2775 lex
3047 2721 3282 2792 scripta,
3308 2719 3447 2792 quia
3476 2718 3600 2776 loco
3623 2721 3771 2794 legis

2125 2815 2262 2863 natu
2272 2826 2344 2862 rae
2358 2809 2637 2865 successit
2653 2827 2665 2877 ;
2681 2806 3418 2882 ostenditenimApostolus
3438 2810 3564 2866 suis
3577 2811 3771 2870 verbis

2123 2897 2488 2953 annullatam
2532 2898 2656 2969 jam
2688 2914 2815 2953 esse
2846 2896 3034 2969 legem
3067 2904 3308 2971 naturae,
3343 2900 3443 2955 sed
3476 2899 3614 2955 data
3644 2899 3772 2973 lege

2124 2987 2343 3059 scripta
2365 2986 2609 3058 coepisse
2631 2987 2842 3058 vigere.
2859 2984 3144 3041 Delictum
3168 3003 3320 3054 vero,
3345 3004 3460 3043 non
3486 2988 3775 3061 originale

2122 3076 2283 3146 dicit,
2310 3077 2411 3131 sed
2434 3076 2588 3147 quod
2612 3075 2879 3143 homines
2900 3078 3033 3147 post
3053 3074 3332 3149 originale
3354 3078 3776 3149 superaddide-

2123 3170 2280 3218 runt.
2298 3165 2597 3230 Quomodo
2613 3181 2770 3237 ergo,
2786 3164 3157 3220 subintrante
3180 3164 3326 3237 lege,
3340 3165 3663 3222 abundavit
3680 3167 3778 3224 de-

2122 3250 2323 3307 lictum
2343 3252 2370 3307 ?
2401 3252 2566 3322 Quia,
2590 3252 2725 3307 data
2758 3253 2881 3324 lege
2914 3253 3152 3323 scripta,
3174 3251 3326 3308 facta
3355 3258 3444 3308 est
3464 3252 3777 3326 originalis

366 3356 515 3412 quos
541 3340 635 3396 hic
662 3358 847 3396 omnes
871 3341 1031 3409 dicit,
1056 3342 1289 3396 eosdem
1318 3339 1490 3412 paulo
1518 3340 1762 3395 inferius
1792 3341 2008 3396 multos.
2041 3324 2084 3390 C
2123 3340 2341 3412 peccati
2391 3341 2668 3412 cognitio,
2703 3347 2759 3395 et
2804 3344 3180 3411 augmentata
3210 3358 3380 3412 paena
3409 3324 3624 3399 delicti.
3663 3347 3779 3399 Lex

367 3427 484 3486 Nec
518 3430 732 3484 mirum
768 3447 780 3483 :
818 3446 951 3483 nam
986 3428 1153 3484 multi
1185 3429 1299 3483 dici
1332 3433 1580 3500 possunt
1612 3430 1671 3483 in
1702 3429 1898 3499 aliqua
1931 3447 2010 3501 re,

364 3515 538 3574 etiam
566 3534 701 3572 cum
724 3516 894 3589 pauci
916 3516 1236 3572 sint.Vcrbi
1261 3517 1466 3590 gratia,
1491 3517 1539 3572 si
1562 3518 1863 3573 dicamus:
1894 3536 2012 3575 una

364 3610 453 3662 est
473 3605 754 3662 obstetrix
775 3606 834 3660 in
862 3605 1114 3674 civitate,
1140 3624 1263 3678 qua:
1293 3624 1494 3662 omnes
1516 3607 1745 3679 excipit,
1775 3612 1831 3662 et
1859 3625 2011 3664 unus

362 3694 693 3751 litterarum
717 3694 1018 3767 magister,
1042 3693 1141 3766 qui
1163 3711 1365 3750 omnes
1389 3696 1576 3750 docet.
1602 3699 1727 3751 Non
1750 3696 1906 3751 enim
1932 3696 2012 3751 in-

362 3772 623 3854 telligere
640 3800 958 3854 possumus
974 3784 1127 3854 quod
1148 3800 1352 3839 omnes
1369 3783 1726 3840 habitatores
1737 3786 2007 3855 civitatis,

361 3869 452 3927 vel
474 3870 576 3926 illa
596 3871 867 3945 excipiat,
889 3872 975 3927 vel
1005 3874 1113 3927 iste
1134 3872 1351 3928 doceat.
1380 3874 1489 3928 Sed
1520 3874 1647 3929 ideo
1679 3874 1779 3929 illa
1808 3892 2010 3931 omnes

364 3959 582 4015 dicitur
601 3959 884 4032 excipere,
909 3960 1047 4032 quia
1070 3960 1268 4017 nullus
1292 3966 1498 4033 praeter
1517 3964 1644 4034 ejus
1672 3979 1881 4019 manus
1904 3981 2006 4019 na—

363 4048 586 4117 scitur;
620 4052 676 4103 et
705 4048 814 4104 iste
836 4064 1042 4104 omnes
1071 4050 1297 4116 docere,
1323 4050 1461 4122 quia
1492 4055 1697 4122 praeter
1724 4052 1851 4121 ejus
1887 4070 2007 4106 ma-

364 4137 671 4209 gisterium
696 4154 867 4193 nemo
890 4138 1082 4193 discit.
1108 4139 1289 4193 llahct
1310 4140 1506 4208 itaque
1529 4140 1746 4195 multos
1771 4140 1867 4194 illa
1889 4159 2008 4196 car-

362 4224 512 4281 nalis
534 4227 854 4299 generatio,
876 4226 1053 4281 habet
1073 4232 1130 4281 et
1150 4227 1430 4298 spiritalis
1454 4252 1465 4292 ;
1491 4228 1591 4281 sed
1614 4227 1814 4299 plures
1838 4228 2011 4284 habet

362 4312 613 4378 carnalis
662 4331 836 4386 quam
884 4314 1184 4386 spiritalis.
1223 4318 1457 4381 Verum,
1492 4315 1644 4369 sicut
1691 4314 1790 4369 illa
1837 4315 2009 4371 habet

361 4418 567 4458 omnes
592 4402 880 4471 homines,
908 4402 992 4456 ita
1023 4407 1078 4456 et
1111 4403 1229 4457 hiec
1262 4418 1466 4456 omnes
1489 4403 1687 4471 justos
1717 4403 2005 4474 homines,

361 4495 419 4545 et
449 4490 603 4546 sicut
634 4496 839 4561 praeter
867 4490 1029 4543 illam
1062 4489 1259 4545 nullus
1290 4491 1463 4546 homo
1485 4493 1656 4562 (204).
1682 4492 1845 4548 Unde
1876 4512 2008 4550 mox

363 4578 639 4634 subditur
663 4594 674 4633 :
712 4579 860 4633 Sicut
889 4580 1039 4632 enim
1063 4595 1162 4649 per
1189 4579 1619 4633 inobcdimzlmm
1644 4585 1808 4636 unius
1838 4584 2009 4638 homi-

2122 3446 2257 3501 ergo
2287 3428 2659 3495 subintravit,
2685 3433 2747 3483 ut
2778 3428 3105 3484 abundaret
3136 3428 3437 3495 delictum,
3464 3429 3523 3484 id
3554 3435 3645 3486 est
3673 3448 3773 3488 co-

2119 3518 2301 3589 gnitio
2332 3524 2388 3572 et
2418 3534 2583 3590 paena
2615 3517 2833 3586 delicti,
2863 3522 3097 3589 propter
3126 3517 3236 3573 hoc
3263 3519 3420 3573 enim
3452 3519 3645 3576 solum
3679 3520 3777 3577 lex

2120 3606 2339 3677 scripta
2360 3606 2497 3660 data
2519 3610 2625 3673 est,
2654 3610 2713 3660 ut
2741 3605 3041 3676 originalis
3063 3607 3282 3678 peccati
3304 3608 3555 3680 cognitio
3582 3608 3773 3666 tieret.

2194 3697 2293 3752 Ubi
2320 3703 2502 3750 autem
2532 3694 2830 3749 abundavit
2854 3699 3136 3766 peccatum
3167 3696 3313 3767 (206)
3345 3695 3426 3767 (id
3456 3702 3546 3751 est
3572 3699 3777 3769 cogni-

2120 3783 2198 3838 tio
2248 3790 2305 3839 et
2354 3800 2523 3855 pmna
2574 3782 2814 3855 peccati)
2862 3783 3323 3854 superabundavit
3366 3785 3565 3855 gratia.
3600 3785 3770 3852 Quia,

2120 3889 2269 3943 quos
2297 3872 2387 3928 lex
2420 3877 2884 3944 transgressores
2913 3876 3145 3927 tantum
3175 3872 3515 3930 ostendebat
3544 3878 3601 3930 et
3630 3891 3773 3932 con-

2119 3961 2454 4029 demnabat,
2468 3961 2576 4016 hos
2595 3960 2787 4015 divina
2808 3960 3351 4033 gratiajustiticavit
3365 3967 3422 4018 et
3438 3962 3772 4031 viviﬁcavit,

2121 4051 2367 4122 ideoque
2393 4048 2609 4105 dicitur
2632 4067 2698 4103 su
2711 4051 3164 4121 perabundasse.
3181 4050 3293 4105 Lex
3316 4050 3469 4107 enim
3500 4051 3768 4109 minaba-

2119 4144 2233 4208 tur,
2267 4140 2365 4193 sed
2401 4157 2513 4193 non
2547 4138 2945 4209 epitulabatur
2967 4157 2981 4207 ;
3007 4140 3271 4209 jubebat,
3307 4142 3406 4196 scd
3440 4159 3555 4197 non
3590 4159 3770 4198 sana-

2121 4229 2253 4294 bat;
2287 4228 2634 4282 ostendebat
2654 4226 3017 4298 languorem,
3042 4229 3142 4283 sed
3172 4247 3284 4284 non
3309 4230 3630 4285 auferebat.
3664 4237 3772 4288 Lex

2117 4333 2253 4388 ergo
2280 4317 2415 4369 data
2437 4320 2543 4381 est,
2568 4318 2633 4369 ut
2652 4316 2839 4387 gratia
2863 4322 3220 4386 quaereretur
3243 4336 3255 4386 ;
3288 4318 3477 4390 gratia
3497 4319 3637 4375 data
3657 4325 3766 4388 est,

2118 4410 2182 4459 ut
2212 4404 2301 4458 lex
2335 4403 2695 4474 impleretur.

2192 4494 2270 4561 Ut,
2294 4494 2437 4547 sicut
2460 4494 2715 4560 regnavit
2740 4502 3025 4563 peccatum
3046 4496 3103 4548 in
3130 4496 3373 4549 mortem.
3399 4493 3546 4549 Illud
3570 4496 3765 4552 scien-
3795 4535 3799 4539 ν

2118 4585 2255 4636 dum
2283 4583 2419 4654 quia
2445 4587 2583 4637 sunt
2605 4582 2871 4653 quaedam
2898 4586 3130 4653 peccata
3153 4587 3357 4653 praeter
3374 4584 3579 4638 Adam.
3603 4584 3766 4640 Unde

362 4668 453 4721 nis
479 4670 786 4738 peccatores
817 4667 1105 4720 constituti
1131 4670 1257 4721 sunt
1289 4668 1471 4731 mulli,
1508 4669 1586 4722 ita
1615 4672 1668 4722 ct
1707 4686 1810 4737 per
1839 4672 2007 4725 unius
2044 4694 2089 4754 1)
2120 4671 2441 4749 Apostolus
2465 4672 2574 4725 hoc
2608 4671 2731 4725 loco
2764 4689 2875 4725 non
2908 4669 3149 4736 addidit,
3184 4688 3288 4742 per
3316 4688 3498 4727 unum
3530 4678 3637 4729 aut
3664 4690 3768 4744 per

364 4755 733 4811 obcditionem
753 4756 900 4826 justi
927 4755 1327 4809 constituentur
1354 4757 1541 4809 multi.
1572 4756 1785 4813 Multos
1817 4764 2012 4814 autem

365 4860 482 4899 non
502 4843 756 4915 exceptis
775 4842 1128 4915 quibusdam
1149 4842 1310 4908 dicit,
1326 4845 1425 4898 sed
1445 4845 2016 4903 omnes.0bedientia

366 4938 475 5001 est,
502 4937 623 4988 tam
649 4931 707 4986 in
728 4931 1071 4987 hominibus
1094 4948 1270 5003 quam
1294 4932 1352 4987 in
1380 4936 1535 4987 omni
1564 4934 1829 4990 rationali
1851 4952 2013 4991 crea-

364 5024 518 5088 tura,
541 5020 979 5090 totiusjustitiae
1003 5020 1161 5093 origo
1185 5027 1358 5092 atque
1380 5022 2014 5095 perfectio.UndeApo-

2125 4760 2418 4815 hominem
2445 4760 2601 4831 quia,
2618 4767 2682 4813 ut
2704 4761 2922 4813 dictum
2946 4763 3036 4814 est
3056 4760 3229 4831 paulo
3252 4762 3543 4831 superius,
3558 4778 3674 4816 non
3696 4764 3765 4816 de

2123 4848 2390 4919 originali
2420 4846 2708 4917 loquitur;
2732 4849 2993 4919 regnavit
3021 4847 3178 4902 enim
3201 4856 3499 4919 peccatum
3525 4849 3585 4904 in
3609 4866 3762 4906 mor-

2122 4942 2260 5003 tem,
2294 4936 2434 5007 quia
2464 4936 2605 4990 illud
2641 4943 2964 5008 peccatum,
3000 4936 3154 5007 quod
3195 4936 3461 4993 homines
3491 4938 3763 5011 originali

2122 5025 2672 5096 superaddiderunt,
2708 5026 2869 5079 auxit
2918 5030 3183 5080 mortem.
3235 5026 3368 5094 Sed,
3410 5025 3548 5098 quia
3601 5026 3765 5083 nulla
