3998 5278
190 437 299 501 185
778 442 1193 506 EXPOSITIO
1239 443 1317 506 IN
1363 444 1787 507 EPlSTOLAS
1831 443 2091 507 PAULI.
2126 478 2203 489 —
2233 445 2310 506 IN
2357 444 2608 507 EPIST.
2653 443 2757 505 AD
2801 439 2993 504 ROM.
3473 433 3590 496 186

191 574 462 631 admonet
489 575 803 648 Apostolus
831 580 914 643 ut,
950 593 1083 632 cum
1117 577 1364 649 alicujus
1396 578 1477 633 rei
1510 578 1751 650 species,
1771 577 1827 632 id
1862 591 1905 649 Α
1944 594 2057 632 non
2089 582 2179 632 est
2209 577 2296 632 lex
2345 595 2471 649 qua
2504 594 2609 633 nos
2657 579 2872 631 terreat
2902 577 2959 629 et
3004 574 3310 644 peccatum
3355 569 3593 642 puniat'

192 668 294 732 est,
331 663 617 731 mulieris,
650 666 797 736 auri,
830 666 918 720 vel
970 667 1192 737 argenti
1243 672 1299 721 et
1346 673 1705 732 czcterarum,
1738 671 1841 722 aut
1946 666 2123 721 libere
2140 672 2196 721 et
2219 683 2417 722 secure
2446 682 2680 739 peccare
2704 664 3061 737 poterimus:
3089 662 3332 731 ideoque
3354 663 3595 730 Aposto-

193 752 409 807 inimici
463 754 763 824 persuasio
821 754 989 809 nobis
1040 756 1337 827 irrepserit
1389 758 1839 828 pestiferamque

193 841 596 913 cogitationem
617 842 901 913 genuerit,
926 844 1127 899 statim
1152 845 1554 901 existimemus
1577 862 1683 900 nos
1709 861 1840 917 pec-

195 932 334 988 catis
368 936 668 998 mortuos;
703 932 786 985 sic
836 932 1015 1000 enim,
1050 935 1271 988 favente
1324 936 1457 999 Deo,
1490 951 1839 989 venenosam

196 1020 601 1092 cogitationem
634 1038 909 1092 superare
939 1023 1294 1093 poterimus:
1323 1023 1443 1078 ﬁeri
1479 1024 1693 1095 quippe
1717 1022 1842 1077 nul-

193 1109 418 1165 latenus
452 1113 640 1181 potest
670 1115 733 1163 ut
769 1115 877 1164 Deo
909 1116 966 1164 et
1017 1116 1250 1183 peccato
1283 1115 1567 1167 vivamus.
1601 1112 1674 1167 Ut
1704 1128 1840 1183 ergo

190 1199 302 1254 Deo
327 1198 519 1253 vivere
540 1198 858 1270 possimus,
892 1204 1119 1271 Oportet
1148 1202 1397 1271 peccatis
1424 1202 1842 1255 moriamur.Et

191 1287 294 1342 hoc
326 1292 415 1341 est
468 1288 622 1358 quod
675 1288 837 1355 dicit,
873 1290 1111 1343 viventes
1155 1298 1336 1345 autem
1367 1292 1471 1345 Deo
1520 1292 1578 1343 in
1627 1290 1841 1345 Christo

189 1378 329 1432 Jesu.
364 1378 427 1431 In
460 1375 671 1431 Christo
718 1378 859 1443 Jesu,
896 1377 951 1431 id
1006 1382 1094 1431 est
1127 1394 1229 1449 per
1278 1379 1579 1434 Christum
1612 1379 1836 1445 Jesum,

193 1465 350 1536 quia,
384 1466 537 1519 sicut
569 1465 691 1536 ipse
723 1465 866 1520 dicit
891 1483 903 1521 :
932 1467 1097 1522 Nemo
1127 1470 1278 1521 novit
1306 1468 1453 1539 (217)
1478 1470 1700 1523 Patrem
1728 1469 1844 1521 nisi

189 1570 282 1625 per
310 1570 414 1608 me.
469 1556 616 1622 (218)
661 1558 785 1609 Νοη
832 1571 962 1625 ergo
1010 1567 1198 1624 regnet
1238 1566 1517 1627 peccatum
1566 1560 1627 1611 in
1668 1565 1843 1611 vestro

192 1644 416 1699 mortali
443 1658 684 1714 corpore.
718 1642 1052 1698 Notandum
1106 1645 1243 1716 quia
1278 1663 1391 1700 non
1443 1646 1545 1711 ait,
1598 1662 1712 1699 non
1746 1646 1841 1715 sit,

194 1732 290 1788 sed
326 1749 442 1787 non
475 1738 693 1804 regnet.
727 1733 999 1796 Quandiu
1050 1733 1205 1787 enim
1236 1734 1295 1788 in
1328 1734 1435 1789 hac
1465 1735 1843 1809 vita-sumus,

194 1821 318 1878 sine
349 1826 584 1892 peccato
615 1836 743 1876 esse
777 1838 892 1877 non
925 1838 1261 1893 possumus.
1287 1825 1359 1877 At
1381 1824 1438 1877 in
1471 1823 1587 1878 illis
1618 1823 1841 1878 solum-

195 1911 367 1965 modo
399 1914 623 1981 regnat,
656 1909 781 1982 qui,
800 1910 941 1965 dum
968 1912 1409 1983 concupiscunt,
1432 1912 1845 1985 concupiscen-

194 2000 281 2055 tiis
348 1999 610 2070 prmbent
654 2014 1003 2067 assensum;
1040 2001 1195 2055 unde
1248 2017 1381 2055 mox
1430 2001 1745 2056 subditur:
1781 2011 1841 2057 ut

194 2087 454 2145 obedialis
500 2091 963 2159 concupiscentiis
1009 2091 1146 2161 ejus.
1210 2090 1451 2145 Mortale
1496 2107 1730 2163 corpus,
1782 2100 1847 2146 ut

200 2178 549 2251 quibusdam
601 2177 809 2248 placet,
859 2177 1196 2248 Apostolus,
1248 2196 1361 2233 non
1413 2184 1647 2251 propter
1694 2180 1844 2235 hanc

207 2281 567 2321 communem
610 2272 858 2321 mortem
915 2266 1251 2338 appellavit,
1285 2268 1385 2322 sed
1419 2272 1651 2339 propter
1680 2274 1843 2323 icter-

215 2371 343 2409 nam
368 2354 804 2410 damnationem
832 2371 845 2421 ;
878 2355 979 2409 sed
1013 2355 1083 2409 de
1112 2355 1221 2410 hac
1252 2358 1307 2410 et
1337 2357 1407 2411 de
1436 2355 1534 2411 illa
1565 2355 1711 2411 nihil
1744 2357 1845 2411 ob-

208 2448 319 2498 stat
347 2442 613 2515 intelligi.

264 2531 475 2604 Igitur,
508 2539 571 2587 ut
618 2532 948 2587 ostenderet
989 2532 1131 2603 quid
1163 2536 1317 2587 esset
1366 2548 1608 2605 regnare
1640 2550 1844 2606 pecca-

198 2625 343 2688 tum,
381 2620 608 2676 addidit
636 2638 649 2676 :
678 2621 783 2677 Sed
812 2637 986 2692 neque
1035 2622 1345 2677 exhibeatis
1402 2622 1645 2677 membra
1670 2632 1848 2678 vestra

192 2726 349 2764 arma
414 2712 727 2780 iniquitatis
772 2719 1009 2781 peccato.
1059 2710 1374 2766 Sciendum
1427 2712 1569 2783 quia
1612 2711 1845 2783 singula

188 2814 296 2853 sua
348 2798 570 2853 habent
618 2798 848 2863 officia;
886 2799 1221 2869 quicunque
1269 2816 1404 2869 ergo
1452 2799 1545 2853 his
1578 2816 1844 2870 perverse

186 2889 401 2950 utitur,
436 2887 700 2941 membra
730 2903 838 2941 sua
881 2887 1115 2941 exhibet
1161 2904 1324 2941 arma
1354 2887 1681 2957 iniquitatis
1713 2904 1843 2958 pec-

184 2981 342 3041 cato,
378 2974 519 3045 quia
554 2975 698 3029 vires
730 2976 946 3045 praibet
995 2974 1249 3040 diabolo,
1282 2992 1396 3044 quo
1438 2974 1667 3029 facilius
1696 2975 1846 3029 occi-

179 3063 391 3119 datur.

255 3150 366 3206 Sed
392 3149 639 3205 exhibete
667 3166 759 3206 vos
790 3152 897 3206 Deo
946 3151 1339 3222 (subauditur,
1375 3151 1552 3221 vivos)
1584 3160 1847 3223 tanquam

172 3257 249 3297 ex
280 3240 520 3294 mortuis
550 3241 813 3305 viventes,
862 3240 919 3293 id
951 3245 1059 3306 est,
1093 3245 1376 3311 tanquam
1409 3258 1442 3295 a
1476 3242 1721 3297 mortuis
1754 3258 1842 3297 re-

174 3332 521 3400 surgentes.
583 3328 651 3382 Et
726 3332 813 3382 est
869 3344 1079 3383 sensus
1138 3345 1150 3383 :

178 3416 407 3472 mortui
441 3415 607 3481 estis,
639 3415 793 3471 ultra
822 3415 882 3470 in
922 3416 1007 3471 eis
1038 3416 1181 3471 velle
1224 3418 1411 3473 vivere
1444 3436 1557 3473 non
1590 3420 1835 3492 debetis,

177 3506 379 3560 instar
435 3520 659 3571 eorum,
694 3504 794 3575 qui
843 3505 1225 3560 resurrecturi
1272 3511 1429 3577 sunt,
1464 3508 1680 3580 quibus
1732 3526 1837 3565 nec

177 3608 359 3666 posse
390 3593 499 3647 erit
528 3609 784 3665 peccare.

175 3684 242 3738 Et
272 3682 525 3737 membra
572 3691 743 3737 vestra
774 3699 938 3737 arma
980 3685 1214 3754 justitiaa
1246 3686 1369 3740 Deo.
1404 3686 1508 3750 Qui
1544 3687 1834 3742 membro-

178 3788 314 3826 rum
349 3787 595 3825 suorum
626 3771 833 3826 ofﬁciis
874 3772 1138 3826 ordinate
1194 3774 1401 3841 utitur,
1436 3776 1701 3829 membra
1732 3794 1839 3831 sua

178 3877 345 3916 arma
369 3859 616 3929 justitia
648 3859 763 3915 Deo
813 3859 1069 3915 exhibet.
1102 3860 1270 3915 Verbi
1302 3861 1511 3932 gratia,
1545 3862 1593 3917 si
1626 3865 1695 3917 ad
1728 3863 1838 3919 hoc

174 3954 493 4004 versantur
540 3947 690 4003 oculi
743 3949 929 4003 nostri
977 3948 1036 4002 in
1070 3949 1261 4021 capite
1312 3956 1375 4003 ut
1422 3952 1839 4021 concupiscant

175 4037 532 4108 rapiantque
563 4036 775 4103 aliena,
798 4054 963 4092 arma
987 4042 1127 4092 sunt
1156 4038 1387 4093 diabolo
1412 4055 1426 4104 ;
1459 4055 1489 4093 e
1520 4041 1833 4110 contrario,

178 4126 225 4181 si
257 4126 332 4180 ad
370 4125 480 4181 hoc
509 4130 821 4181 versantur
852 4130 915 4180 ut
948 4143 1062 4181 non
1114 4132 1561 4198 concupescant,
1597 4146 1700 4183 nec
1747 4147 1835 4184 ra-

179 4214 347 4284 piant
407 4213 618 4280 aliena,
664 4214 765 4269 sed
811 4231 919 4270 sua
976 4214 1114 4270 aliis
1163 4214 1539 4285 distribuant,
1573 4218 1838 4273 membra

178 4306 387 4356 nostra
414 4300 677 4372 gladium
725 4302 1068 4357 exhibemus
1110 4304 1246 4369 Deo,
1280 4321 1395 4376 quo
1446 4312 1502 4359 et
1533 4311 1834 4377 peccatum

180 4391 509 4456 occidatur,
526 4396 584 4446 et
606 4408 711 4447 nos
726 4391 1144 4461 justiﬁcemur.
1171 4393 1331 4457 Quod
1355 4399 1592 4465 agentes
1614 4396 1835 4466 peccati

181 4478 515 4534 dominium
544 4479 817 4537 vitamus.
840 4480 1005 4535 Unde
1036 4497 1169 4535 mox
1200 4481 1474 4536 subditur
1502 4500 1514 4537 :
1547 4485 1837 4539 Peccatum

182 4570 333 4622 enim
362 4570 515 4623 vobis
543 4584 651 4623 non
674 4568 1091 4637 dominabitur,-
1122 4584 1230 4623 non
1248 4572 1399 4624 enim
1427 4572 1525 4625 sub
1557 4573 1669 4642 lege
1689 4574 1833 4640 estis,

1949 755 2062 825 lus,
2096 757 2479 827 quaestionem
2535 755 2645 810 sibi
2695 769 3046 826 proponens,
3081 750 3162 805 ait
3195 766 3206 805 :
3242 748 3383 817 Quid
3430 749 3594 816 ergo?

1947 845 2319 917 (subauditur
2358 844 2643 914 dicemus)
2689 843 3053 913 peccabimus,
3085 842 3229 911 quia
3273 853 3383 893 non
3410 852 3599 892 sumus

1949 936 2050 990 sub
2079 934 2216 1002 lege,
2246 934 2337 988 sed
2378 935 2474 989 sub
2518 934 2745 1002 gratia?
2772 934 2848 986 Ac
2897 932 2945 985 si
3001 930 3215 985 diceret
3247 944 3259 981 :
3294 926 3419 981 Non
3468 926 3597 979 ideo

1951 1024 2150 1095 gratiae
2185 1024 2431 1093 subjecti
2485 1022 2649 1089 estis,
2703 1026 2767 1075 ut
2812 1020 2993 1074 libere
3042 1016 3295 1090 peccetis
3348 1032 3360 1068 :
3412 1013 3599 1086 gratia

1950 1112 2128 1179 enim,
2154 1129 2279 1182 quae
2310 1129 2411 1166 vos
2440 1110 2724 1177 liberavit,
2750 1126 2865 1181 qua
2895 1108 3116 1162 ratione
3138 1122 3239 1161 vos
3271 1104 3421 1160 sinet
3452 1102 3596 1156 libe-

1952 1218 2012 1255 re
2044 1201 2327 1272 peccare?
2357 1201 2421 1254 Et
2459 1200 2567 1254 hoc
2613 1202 2702 1253 est
2748 1198 2899 1269 quod
2951 1196 3221 1267 sequitur
3254 1210 3268 1248 :
3302 1193 3470 1248 Absit.
3506 1192 3593 1255 Et,

1952 1290 2230 1361 quoniam
2265 1290 2459 1343 minus
2509 1288 2700 1343 adhuc
2732 1286 3193 1357 intelligenlibus
3224 1282 3614 1355 loquebatur,

1955 1377 2165 1448 adjecit
2197 1394 2208 1431 :
2244 1378 2473 1433 Nescitis
2504 1378 2761 1447 quoniam
2793 1376 2883 1430 cui
2905 1374 3174 1429 exhibetis
3202 1388 3295 1427 vos
3323 1386 3504 1425 servos
3529 1368 3601 1423 ad

1951 1466 2327 1535 obediendum,
2386 1467 2532 1520 servi
2582 1466 2713 1520 estis
2761 1467 2815 1519 ei
2857 1463 2946 1518 cui
2986 1461 3238 1519 obedistis
3289 1457 3485 1530 (219)?
3536 1458 3603 1511 Et

1952 1560 2041 1611 est
2071 1572 2280 1611 sensus
2305 1573 2316 1610 :
2341 1554 2485 1610 Vere
2516 1554 2677 1610 scitis
2700 1554 2839 1625 quia
2871 1569 2984 1607 non
3017 1550 3281 1616 alterius,
3316 1548 3415 1604 sed
3450 1548 3599 1618 ejus,

1954 1645 2045 1701 cui
2078 1644 2331 1711 servitis,
2364 1643 2511 1699 servi
2542 1643 2723 1698 eritis.
2754 1642 2918 1696 Unde
2941 1640 3223 1695 Dominus
3249 1637 3309 1692 in
3338 1638 3597 1706 Evange-

1954 1734 2029 1789 lio
2064 1751 2076 1788 :
2109 1734 2277 1789 Nemo
2308 1741 2476 1804 potest
2503 1733 2708 1787 duobus
2753 1731 2996 1786 dominis
3042 1729 3247 1783 servire
3276 1725 3485 1797 (Matth.
3518 1740 3598 1790 vr,

1953 1824 2063 1893 24).
2096 1823 2439 1894 Quicunque
2470 1838 2605 1893 ergo
2637 1824 2870 1892 peccato
2904 1818 3164 1874 serviunt
3194 1813 3417 1888 peccati
3448 1811 3596 1867 servi

1954 1911 2326 1978 efficiuntur;
2358 1916 2414 1966 et
2442 1910 2541 1982 qui
2576 1909 2811 1979 iustitiae
2842 1906 3184 1977 obediendo,
3218 1902 3365 1959 servi
3396 1901 3598 1957 obedi-

1955 2000 2131 2056 tionis
2160 2000 2511 2056 efficiuntur.
2541 1999 2702 2055 Unde
2736 2015 2870 2053 mox
2899 1996 3165 2069 sequitur
3197 2012 3209 2051 :
3250 1994 3368 2049 Sive
3392 1992 3602 2064 peccati

1955 2091 2018 2145 in
2067 2092 2296 2144 mortem
2346 2090 2517 2160 (220),
2557 2090 2667 2144 sive
2716 2087 3042 2143 obeditionis
3094 2084 3165 2139 ad
3202 2083 3501 2156 justitiam.
3533 2080 3604 2134 Et

1956 2183 2087 2250 apte
2119 2178 2261 2233 dicit
2293 2194 2304 2231 :
2338 2180 2451 2232 sive
2474 2177 2688 2249 peccati
2717 2178 2777 2231 in
2808 2184 3058 2241 mortem,
3084 2172 3363 2245 quoniam
3398 2185 3600 2241 pecca-

1956 2271 2083 2322 tum
2133 2270 2607 2322 consummatum
2660 2264 2870 2336 mergit
2916 2264 2973 2317 in
3028 2266 3295 2317 mortem.
3357 2257 3603 2313 Pulchre

1956 2357 2133 2411 etiam
2179 2356 2425 2411 subdit:
2473 2356 2597 2411 Sive
2643 2354 2967 2410 obeditionis
3016 2352 3085 2406 ad
3124 2350 3428 2422 justitiam,
3463 2346 3602 2418 quia

1957 2444 2289 2516 quicunque
2322 2443 2537 2498 divinis
2560 2442 2861 2515 praeceptis
2890 2440 3171 2497 obediunt
3184 2436 3479 2509 justitiam
3512 2449 3601 2489 ac-

1954 2533 2219 2605 quirunt,
2253 2532 2531 2605 quoniam
2556 2530 2871 2602 justificari
2905 2532 3221 2584 merentur.

2027 2622 2348 2694 Sequitur:
2384 2621 2600 2677 Gratias
2646 2628 2829 2675 autem
2882 2620 3005 2687 Deo,
3037 2617 3177 2689 quod
3222 2615 3410 2686 fuistis
3459 2613 3603 2668 servi

1951 2714 2184 2785 peccati,
2216 2712 2469 2767 obedistis
2498 2720 2683 2765 autem
2730 2726 2800 2765 ex
2828 2708 3009 2771 corde,
3042 2712 3150 2763 etc.
3181 2705 3327 2760 Nota
3356 2706 3601 2775 Aposto-

1958 2800 2081 2855 lum
2110 2817 2225 2855 non
2255 2799 2382 2855 ideo
2414 2798 2631 2871 gratias
2663 2812 2832 2869 agere
2864 2796 3019 2867 quod
3050 2794 3199 2849 servi
3232 2791 3450 2865 peccati
3479 2791 3599 2845 fue-

1955 2890 2091 2956 rint,
2126 2889 2225 2944 sed
2276 2888 2415 2959 quia
2446 2893 2645 2959 postea
2690 2885 3036 2941 obedierint.
3068 2884 3148 2938 Ex
3196 2883 3366 2937 corde
3404 2884 3598 2935 autem

1955 2978 2116 3047 dicit,
2144 2982 2379 3049 propter
2409 2977 2661 3031 filiorum
2685 2976 3031 3047 dignitatem
3057 2991 3070 3041 ;
3105 2971 3271 3028 aliter
3298 2970 3452 3025 enim
3486 2986 3604 3024 ser-

1954 3081 2089 3128 vus;
2116 3064 2280 3119 aliter
2301 3064 2728 3132 mercenarius;
2753 3062 3118 3130 alitertilius;
3143 3076 3345 3116 servus
3366 3060 3597 3125 timore,

1956 3153 2350 3208 mercenarius
2372 3153 2565 3207 studio
2590 3149 3056 3220 mercedis,filius
3077 3166 3208 3205 vero
3233 3148 3357 3203 solo
3378 3164 3595 3203 amore.

1959 3242 2028 3295 Hi
2052 3258 2189 3314 ergo
2222 3257 2290 3296 ex
2320 3241 2490 3296 corde
2508 3238 3167 3310 obedierunt,quoniam
3199 3236 3304 3290 ﬁlii
3338 3236 3435 3291 Dei
3462 3235 3598 3290 facti

1214 3330 1313 3399 qui
1372 3330 1551 3385 semel
1607 3337 1839 3403 peccato
1871 3317 1913 3385 C
1952 3336 2108 3387 sunt.
2142 3331 2303 3402 Saepe
2335 3330 2550 3385 etenim
2574 3329 2998 3400 Deus,propter
3026 3324 3318 3381 interioris
3345 3324 3602 3380 hominis

1949 3420 2245 3487 affectum;
2279 3419 2527 3490 suscipit
2571 3434 2789 3473 munus
2836 3415 3139 3472 exterioris
3169 3433 3181 3482 ;
3218 3414 3374 3487 quod
3413 3413 3601 3469 mani-

1946 3509 2196 3564 festatur
2226 3508 2285 3563 in
2307 3507 2453 3563 libro
2476 3506 2739 3577 Genesis,
2764 3506 2864 3561 ubi
2896 3504 3108 3577 legitur
3138 3520 3151 3559 :
3189 3504 3444 3575 Respexit
3466 3504 3603 3559 Deus

1945 3598 2096 3668 Abel,
2128 3602 2180 3653 et
2209 3598 2279 3651 ad
2305 3612 2544 3652 munera
2587 3600 2709 3667 ejus
2740 3595 2893 3667 (Gen.
2931 3611 3005 3661 IV,
3038 3595 3113 3662 4).
3146 3595 3231 3649 Ad
3266 3592 3404 3649 Abel
3437 3592 3598 3663 dicit,

1946 3686 2005 3741 id
2035 3692 2141 3753 est,
2174 3687 2246 3741 ad
2276 3686 2659 3742 intentionem
2690 3683 2855 3740 Abel.

2018 3776 2104 3829 Ad
2139 3774 2279 3844 quid
2311 3780 2506 3830 autem
2547 3772 2872 3829 obedierint
2898 3771 3177 3843 aperitur,
3209 3786 3343 3826 cum
3393 3768 3595 3825 subdi-

1945 3867 2044 3918 tur
2076 3880 2088 3917 :
2124 3866 2185 3918 In
2214 3880 2336 3917 eam
2379 3865 2618 3933 formam
2665 3862 2949 3927 doctrinae,
2978 3862 3038 3915 in
3085 3877 3193 3931 qua
3225 3860 3372 3930 (221)
3403 3858 3598 3914 traditi

1945 3954 2074 4006 estis
2108 3950 2617 4021 [subintelligitur,
2649 3949 2810 4019 Deo].
2846 3950 3114 4003 Formam
3149 3947 3424 4003 doctrinm
3454 3946 3595 4002 dicit

1946 4039 2279 4110 exemplum
2313 4037 2603 4109 Evangelii
2637 4055 2649 4092 :
2686 4054 2801 4107 quo
2832 4038 2986 4091 dicto
3017 4036 3274 4092 ostendit
3305 4037 3599 4092 Romanos

1936 4127 2109 4198 juxta
2139 4128 2267 4198 ejus
2292 4125 2623 4197 exemplum
2670 4125 2912 4180 Domino
2942 4125 3211 4179 obedisse
3241 4124 3301 4178 in
3336 4140 3453 4196 qua
3480 4124 3600 4178 for-

1947 4232 2042 4271 ma
2078 4218 2188 4272 Doo
2220 4214 2416 4270 traditi
2450 4221 2606 4277 sunt,
2651 4214 2789 4285 quia
2818 4213 2946 4282 ejus
2978 4212 3081 4266 filii
3113 4213 3319 4267 effecti.

2016 4304 2257 4360 Liberati
2285 4311 2467 4359 autem
2496 4320 2531 4356 a
2575 4306 2811 4374 peccato.
2844 4300 3213 4374 Singularem
3245 4316 3348 4372 pro
3382 4299 3596 4373 plurali

1949 4395 2182 4466 posuit;
2217 4394 2371 4449 unde
2419 4391 2895 4448 subaudiendum
2925 4395 3035 4458 est,
3065 4390 3243 4446 omni.
3278 4390 3436 4445 Servi
3460 4392 3596 4461 facti

1946 4486 2076 4539 estis
2110 4484 2371 4553 justitiw.
2423 4482 2668 4536 iustitia:
2719 4481 2880 4547 dicit,
2929 4481 2985 4535 id
3036 4483 3145 4545 est,
3178 4478 3406 4535 Domini
3450 4483 3591 4534 Jesu

1947 4572 2159 4627 Christi
2192 4570 2291 4642 qui
2323 4577 2411 4625 est
2453 4571 2687 4640 justitia
2731 4569 2939 4638 Patris,
2976 4569 3359 4640 omniumque
3405 4569 3591 4624 virtu-

183 4657 273 4711 sed
302 4657 407 4712 sub
436 4659 647 4727 gratia,
679 4656 736 4711 id
783 4661 892 4724 est,
928 4674 1042 4711 non
1091 4657 1231 4712 estis
1282 4658 1527 4730 parvuli,
1562 4662 1663 4715 sed
1705 4680 1835 4734 per-
1869 4683 1915 4747 D
1951 4664 2075 4715 tum
2107 4676 2232 4731 quas
2262 4660 2319 4714 in
2352 4660 2479 4730 ipso
2509 4659 2986 4729 interpretantur.

184 4744 339 4800 fecti.
375 4746 493 4799 Sub
514 4745 639 4818 lege
670 4747 927 4817 suntqui
959 4745 1146 4819 legem
1173 4747 1484 4804 carnaliter
1503 4754 1560 4804 et
1592 4750 1840 4822 implent

189 4838 244 4888 et
271 4833 615 4907 intelligunt
642 4853 655 4903 ;
690 4836 799 4891 sub
831 4835 1019 4907 gratia
1045 4851 1200 4903 vero,
1236 4837 1334 4907 qui
1367 4839 1569 4894 eadem
1600 4841 1834 4911 spirita-

2024 4751 2335 4804 Humanum
2360 4747 2478 4803 dico
2506 4754 2726 4818 propter
2754 4746 3136 4814 inﬁrmitatem
3163 4747 3347 4800 carnis
3374 4754 3593 4801 vestrae.

1952 4838 2102 4911 (222)
2136 4837 2253 4893 Hoc
2287 4836 2411 4891 loco
2443 4849 2725 4907 magnum
2779 4834 2902 4889 suis
2934 4832 3301 4888 auditoribus
3350 4832 3598 4889 incussit

188 4920 319 4977 liter
348 4926 409 4977 et
456 4922 792 4996 intelligunt
840 4928 897 4977 et
943 4923 1206 4996 implent.
1240 4925 1319 4979 Ac
1363 4942 1465 4997 per
1510 4927 1619 4982 hoc
1665 4930 1841 4986 datur
1950 4925 2427 5001 pudorem.Quid
2449 4941 2582 4980 vero
2615 4922 2690 4978 sit
2710 4922 2819 4979 hoc
2841 4921 3590 4992 manifesta,subjungens:

193 5010 438 5083 intelligi
473 5013 613 5084 quia
663 5012 834 5068 multi
892 5017 1031 5067 sunt
1080 5013 1137 5067 in
1189 5012 1315 5085 lege
1344 5016 1443 5086 qui
1493 5018 1603 5072 sub
1651 5020 1842 5090 gratia
1950 5017 2104 5074 Sicut
2133 5016 2457 5072 exhibuistis
2485 5014 2731 5070 membra
2759 5023 2961 5081 vestra,
2997 5017 3102 5067 etc.
3137 5015 3219 5066 Ac
3248 5010 3297 5066 si
3328 5010 3547 5066 diceret
3580 5026 3593 5067 :

190 5099 417 5167 vivunt,
447 5105 501 5156 et
541 5101 597 5155 in
618 5101 826 5173 gratia,
850 5101 948 5172 qui
979 5102 1086 5156 sub
1127 5101 1251 5173 lege
1290 5102 1510 5160 vivunt.
1534 5106 1643 5160 Sed
1678 5113 1838 5178 pote-
1951 5108 2100 5171 Quid
2130 5106 2472 5178 humanius,
2508 5103 2648 5177 quid
2681 5102 2885 5172 levius,
2909 5118 3085 5174 quam
3118 5104 3203 5168 ut,
3227 5100 3380 5156 sicut
3401 5098 3595 5155 fuistis
