3998 5278
383 399 498 465 187

1392 409 1730 472 ATTONIS
1777 407 2366 476 VERCELLENSIS
2411 406 2765 470 EPISCOPI

3672 405 3786 472 488

377 551 470 592 res
501 535 572 594 ad
604 537 822 596 bonum
854 555 982 598 esse
1003 540 1310 610 deberetis,
1334 559 1510 614 quam
1541 543 1613 598 ad
1648 543 1867 598 malum
1898 543 2024 596 fue-
2055 544 2108 607 Α
2140 539 2261 594 rius
2293 540 2373 594 ait
2406 557 2418 594 :
2454 541 2622 596 libere
2649 542 2837 611 fuistis
2864 541 3112 608 iustitia,
3145 556 3302 597 nunc
3330 554 3465 598 vero
3494 539 3728 598 liberati
3753 558 3787 600 ιι

379 623 548 694 ritis;
583 629 683 684 sed
717 630 1369 700 propterinﬁrmitatem
1400 639 1602 687 vestrae
1634 633 1828 688 carnis
1859 648 2022 702 inqua

377 715 611 786 requiro
662 735 674 773 :
723 719 778 772 id
825 723 933 784 est,
984 721 1134 776 Sicut
1178 723 1503 778 exhibuistis
1554 722 1798 775 membra
1844 724 2023 774 vestra

374 806 581 860 servire
627 808 999 867 immunditiae
1026 809 1173 880 (223)
1211 810 1281 866 ad
1328 812 1714 882 iniquitatem;
1765 813 1842 864 ita
1873 824 2023 864 nunc

377 894 624 950 exhibete
651 898 897 952 membra
927 908 1104 954 vestra
1133 901 1338 956 servire
1357 900 1593 971 justitize
1623 902 1682 953 in
1709 900 2018 969 sanctiﬁca-

375 983 599 1038 tionem.
634 985 804 1040 Verbi
855 988 1061 1057 gratia,
1096 988 1249 1042 sicut
1281 989 1532 1059 prompti
1583 990 1817 1042 luerunt
1866 987 2017 1042 oculi

375 1072 550 1127 vestri
603 1075 672 1128 ad
727 1077 1283 1147 concupiscendum,
1321 1078 1397 1131 ita
1441 1078 1559 1132 sint
1605 1079 1675 1132 ad
1728 1077 2016 1131 miseran-

372 1160 533 1216 dum.
568 1162 660 1218 Sic
685 1168 740 1218 et
773 1181 872 1235 per
901 1169 1106 1221 catera
1139 1167 1418 1222 membra.

444 1249 579 1303 Cum
611 1252 758 1305 enim
784 1254 927 1307 servi
955 1256 1135 1308 essetis
1170 1256 1395 1324 peccati,
1431 1255 1593 1310 liberi
1641 1257 1825 1325 fuistis
1847 1256 2015 1324 justi-

371 1339 485 1394 tiae.
523 1339 757 1395 Liberos
794 1342 1039 1410 justitiae
1070 1343 1210 1396 dicit
1257 1342 1476 1398 alienos
1509 1344 1816 1414 ajustitia.
1857 1345 2018 1399 Unde

371 1427 556 1482 datur.
576 1427 819 1499 intelligi
845 1431 982 1501 quia
1000 1432 1152 1486 sicut
1169 1431 1267 1487 illa
1289 1438 1378 1487 est
1404 1433 1718 1487 laudabilis
1741 1434 2012 1499 servitus,

372 1515 456 1570 sic
484 1522 540 1572 et
561 1517 903 1574 detestanda
926 1519 1164 1576 libertas
1189 1539 1202 1587 ;
1237 1522 1483 1576 liberum
1503 1522 2014 1592 namquejustitiae

372 1619 518 1670 esse,
552 1606 894 1664 detestanda
925 1607 1163 1666 libertas
1193 1615 1300 1677 est,
1325 1627 1556 1666 servum
1589 1627 1720 1665 vero
1745 1611 2011 1680 justilire,

370 1693 686 1750 laudabilis
716 1702 805 1752 est
837 1697 1085 1754 servitus
1135 1715 1261 1769 quae
1296 1699 1570 1770 prmcellit
1599 1701 1746 1770 (224)
1779 1717 2013 1754 omnem

369 1781 718 1840 libertatem.
753 1786 821 1840 Et
849 1787 1195 1854 notandum,
1229 1788 1367 1859 quia
1396 1787 1643 1843 liberum
1677 1789 2010 1856 arbitrium,

368 1871 544 1978 etiam
567 1872 624 1969 in
651 1873 828 1978 malis.
842 1872 994 1945 viget
1016 1891 1028 1930 :
1056 1877 1210 1930 unde
1230 1893 1363 1931 mox
1386 1883 1448 1932 ut
1468 1877 1591 1932 suis
1614 1876 2013 1947 voluptatibus
2043 1913 2092 1978 B

369 1959 760 2029 satisfaciunt,
794 1961 956 2017 liberi
981 1963 1232 2033 justitiae
1267 1965 1431 2019 ﬁunt.
1465 1964 1736 2036 Alioquin
1769 1983 1882 2019 non
1915 1982 2014 2020 eos

368 2046 585 2103 diceret
615 2049 929 2121 Apostolus
978 2051 1190 2107 liberos
1212 2053 1477 2123 justitiae.
1512 2054 1657 2108 Nam
1709 2055 2013 2108 sciendum

367 2135 505 2209 quia
539 2137 616 2192 ita
637 2137 791 2194 Deus
815 2140 1070 2210 primum
1094 2140 1391 2197 hominem
1416 2147 1636 2197 rectum
1662 2142 2016 2206 condidit,ut

366 2224 426 2281 in
456 2225 585 2296 ejus
615 2227 910 2284 voluntate
941 2236 997 2283 et
1027 2247 1146 2285 sum
1167 2231 1531 2286 rectitudinis
1553 2237 1706 2287 statu
1741 2231 1865 2286 sine
1887 2232 2015 2302 ejus

367 2315 657 2384 adjutorio
687 2333 1026 2388 permanere
1052 2336 1166 2374 non
1190 2325 1386 2390 posset
1409 2338 1422 2385 ;
1455 2337 1561 2375 suo
1586 2327 1778 2375 tamen
1811 2321 2017 2376 cadere

370 2407 566 2474 posset
595 2409 821 2460 conatu.
855 2405 1016 2462 Unde
1041 2424 1193 2472 mox,
1221 2413 1283 2462 ut
1313 2409 1440 2463 suis
1472 2409 1776 2469 desideriis
1794 2409 2015 2464 satisfe-

369 2491 466 2560 cit,
498 2493 735 2548 corruit.
767 2493 1055 2550 Voluntas
1085 2513 1221 2569 ergo
1251 2497 1370 2563 Dei,
1403 2498 1513 2552 etsi
1546 2515 1659 2552 non
1697 2499 1757 2552 [it
1788 2498 1860 2552 ab
1893 2497 2010 2564 illo,

368 2581 628 2652 quotidie
656 2586 856 2638 tamen
888 2585 951 2638 ﬁt
979 2585 1049 2639 de
1072 2585 1190 2641 illo.
1219 2586 1318 2640 Ille
1339 2585 1492 2641 enim
1526 2587 1624 2656 qui
1657 2604 1790 2641 eum
1814 2588 2012 2642 condi-

366 2668 471 2737 dit,
505 2671 577 2726 de
608 2670 799 2737 illo,id
831 2675 1028 2742 est,de
1059 2675 1606 2746 massainiquitatis
1636 2675 1793 2730 illius
1817 2676 2012 2746 quoti-

369 2758 462 2813 die
493 2759 706 2815 format
735 2759 849 2817 alia
879 2779 1017 2818 vasa
1047 2763 1104 2818 in
1137 2763 1438 2829 honorem,
1474 2763 1588 2818 alia
1618 2781 1751 2818 vero
1785 2765 1841 2818 in
1876 2781 2011 2819 con-

366 2845 711 2914 tumeliam;
746 2867 885 2906 vasa
922 2857 1116 2907 autem
1170 2853 1228 2908 in
1261 2853 1543 2909 honorem
1594 2854 1730 2909 facit
1757 2853 2014 2925 gratuita

367 2952 475 2991 sua
506 2936 801 3002 bonitate;
828 2956 968 2996 vasa
1012 2939 1071 2995 in
1104 2941 1541 3007 contumeliam,
1567 2945 1728 3009 justo
1778 2959 1884 2997 suo
1907 2945 2012 3012 ju-

365 3023 514 3080 dicio
547 3028 604 3082 et
632 3027 799 3084 nobis
829 3029 1074 3085 occulto.

435 3118 612 3187 Quem
637 3132 764 3188 ergo
790 3119 1034 3187 fructum
1055 3119 1316 3175 habuistis
1333 3128 1463 3175 tunc
1482 3122 1543 3175 in
1573 3121 1708 3191 illis,
1731 3122 1791 3174 in
1813 3121 2010 3190 quibus

364 3219 513 3258 nunc
539 3205 896 3262 erubescitis?
923 3206 1051 3262 Haec
1082 3207 1198 3264 illis
1229 3208 1458 3264 dicebat
1479 3208 1915 3279 Apostolus,qui
1948 3209 2008 3264 in

2129 639 2362 701 peccato.
2399 630 2647 696 Scilicet,
2674 638 2738 686 ut
2755 630 3041 686 cautelam
3064 637 3318 686 servaret
3339 631 3397 686 in
3423 631 3616 686 verbis
3639 630 3784 686 suis.

2133 719 2255 774 Illic
2286 721 2441 775 enim
2478 719 2689 777 liberos
2711 721 2932 776 alienos
2967 737 2978 773 :
3015 720 3109 776 hic
3143 725 3334 776 autem
3368 720 3647 776 liberatos
3669 737 3786 776 ere-

2133 816 2262 881 ptos
2285 809 2443 864 dicit.
2470 809 2536 864 Et
2557 816 2689 881 apte
2711 809 2874 876 dicit,
2898 812 3042 864 servi
3059 812 3193 880 facti
3212 811 3341 876 Deo,
3366 808 3503 880 quia
3527 810 3626 881 qui
3655 826 3783 880 pec-

2130 899 2274 953 catis
2308 897 2658 963 moriuntur,
2683 900 2828 953 servi
2856 899 3053 970 utique
3076 899 3172 954 Dei
3200 899 3785 955 efficiunturJlabetis

2128 991 2370 1057 fructum
2401 992 2640 1041 vestrum
2672 990 2730 1042 in
2757 988 3246 1057 stmcti/icationem
3265 1006 3288 1051 ;
3317 988 3372 1042 id
3394 992 3501 1056 est,
3522 987 3582 1043 in
3605 987 3780 1042 casti—

2133 1076 2388 1131 moniam
2449 1094 2626 1148 quam
2679 1076 2992 1148 Apostolus
3051 1075 3365 1148 aliquando
3423 1076 3782 1148 specialiter,

2129 1164 2441 1234 aliquando
2474 1183 2606 1220 cum
2639 1166 2861 1220 cazteris
2905 1165 3219 1220 virtutibus
3251 1165 3597 1236 generaliter
3621 1182 3784 1220 com-

2131 1255 2388 1309 mendat.
2415 1255 2632 1309 Habetis
2651 1256 2897 1323 fructum
2924 1257 3164 1310 vestrum
3188 1257 3244 1309 in
3269 1256 3784 1326 sanctiﬁcationem.

2129 1344 2195 1397 Et
2226 1349 2357 1414 apte
2388 1343 2526 1398 dicit
2559 1344 2706 1414 (226)
2744 1368 2757 1399 :
2790 1343 3008 1398 habetis
3036 1347 3278 1414 fructum
3308 1353 3542 1398 vestrum
3574 1347 3633 1398 in
3652 1361 3786 1398 san-

2126 1433 2541 1501 ctificationem,
2592 1431 2892 1502 quoniam,
2927 1431 3026 1502 qui
3080 1431 3181 1486 Dei
3215 1433 3366 1486 servi
3416 1431 3783 1492 efﬁciuntur.

2127 1520 2479 1576 sanctilicari
2531 1525 2850 1575 merentur.
2884 1522 3072 1576 Finem
3126 1537 3248 1576 vero
3295 1521 3464 1575 vitam
3494 1525 3784 1576 trternam.

2126 1609 2303 1664 Paulo
2329 1609 2598 1679 superius
2623 1609 2701 1662 ait
2723 1609 2986 1673 finem,id
3019 1611 3461 1675 est,mercedem
3488 1609 3783 1666 malorum

2126 1716 2366 1770 operum
2400 1715 2527 1752 esse
2547 1702 2793 1752 mortem
2820 1716 2832 1765 ;
2868 1698 2960 1752 hic
2985 1714 3119 1753 vero
3140 1698 3579 1753 retributionem
3606 1699 3788 1754 bono-

2124 1804 2253 1843 rum
2278 1787 2421 1842 dicit
2434 1802 2561 1842 esse
2575 1789 2927 1855 vitam:et,ne
2941 1786 3074 1857 quis
3093 1787 3353 1843 crederet
3371 1786 3783 1858 temporalem,

2124 1876 2338 1944 adjecit
2368 1879 2658 1932 aeternam.
2693 1878 2826 1941 Quae
2859 1874 2935 1930 sit
2985 1875 3106 1930 vita
3132 1881 3370 1941 aeterna,
3403 1876 3689 1930 Dominus
3724 1877 3783 1930 in

2129 1963 2436 2036 Evangelio
2480 1964 2834 2030 manifestat,
2877 1963 3080 2018 dicens
3111 1979 3125 2020 :
3158 1965 3285 2020 Ilaec
3315 1969 3394 2020 est
3422 1966 3532 2019 vita
3577 1974 3788 2020 aeterna

2125 2063 2185 2110 ut
2214 2062 2537 2123 cognoscant
2563 2060 2612 2108 te
2640 2070 2829 2108 verum
2857 2053 3047 2122 Deum,
3081 2056 3190 2108 etc.
3223 2054 3409 2124 (Joan.
3441 2070 3577 2120 xvn,
3610 2053 3688 2120 3).

2198 2143 2538 2214 Stipendium
2570 2143 2718 2212 (227)
2749 2143 2895 2196 enim
2917 2143 3134 2212 peccati
3147 2158 3315 2197 mors.
3350 2141 3721 2214 Stipendium
3752 2159 3789 2199 a

2128 2231 2324 2302 stipite
2365 2231 2600 2285 dicitur.
2638 2231 2808 2301 Apud
2860 2229 3131 2301 antiquos
3181 2229 3336 2285 enim
3384 2230 3632 2302 pecunia
3666 2248 3785 2285 non

2125 2321 2602 2387 enumerabatur,
2637 2319 2736 2374 sed
2771 2321 2826 2374 in
2881 2318 3079 2389 stipite
3110 2318 3590 2390 appendebatur;
3628 2319 3790 2374 mili-

2127 2414 2214 2464 tes
2245 2426 2381 2480 ergo
2403 2414 2588 2475 erant,
2617 2409 2718 2479 qui
2741 2408 3103 2480 stipendium
3129 2407 3492 2478 accipiebant
3517 2433 3529 2475 ;
3563 2407 3791 2480 quibus

2128 2515 2244 2552 non
2276 2505 2395 2552 tam
2446 2499 2696 2553 dabatur
2728 2497 2993 2568 pecunia,
3030 2514 3208 2568 quam
3241 2512 3463 2553 merces
3495 2498 3788 2552 reddeba-

2130 2592 2244 2642 tur.
2279 2587 2623 2656 Quicunque
2656 2585 2834 2657 igitur
2885 2590 3122 2656 peecato
3155 2584 3432 2653 militant,
3466 2587 3637 2656 quasi
3671 2587 3790 2641 sti-

2126 2674 2404 2748 pendium
2432 2673 2546 2730 illis
2579 2691 2735 2729 mors
2769 2674 2957 2729 datur.

2201 2764 2389 2819 Gratia
2420 2768 2602 2820 autem
2623 2765 2721 2819 Dei
2749 2765 2863 2819 vita
2887 2772 3114 2820 aeterna.
3137 2763 3283 2830 Quia
3303 2763 3546 2832 dixerat,
3571 2766 3786 2834 stipen-

2121 2854 2276 2908 dium
2320 2855 2556 2924 peccati,
2606 2869 2800 2917 mors;
2848 2868 3212 2923 consequens
3261 2857 3384 2908 erat
3434 2858 3498 2908 ut
3535 2852 3782 2922 diceret,

2125 2941 2487 3013 stipendium
2515 2942 2788 3011 justitisa,
2819 2940 2940 2994 vita
2968 2946 3203 2997 interna.
3236 2941 3431 2996 Noluit
3458 2947 3679 3008 tamen,
3705 2957 3783 2997 ne

2122 3031 2487 3086 occasionem
2540 3031 2706 3085 daret
2774 3029 3254 3100 reprehendendi.
3307 3030 3423 3085 Cur
3481 3047 3619 3102 ergo
3669 3031 3778 3093 ait.

2120 3121 2305 3191 gratia
2336 3121 2451 3187 Dei,
2486 3121 2599 3174 vita
2623 3121 2836 3176 aeterna
2863 3121 2888 3172 .9
2913 3117 3133 3174 scilicet
3180 3123 3245 3173 ut
3275 3119 3606 3174 ostenderet
3635 3118 3781 3190 quia

2123 3209 2276 3263 bona
2304 3213 2664 3277 sanctorum,
2699 3224 2812 3262 non
2845 3207 3108 3278 ipsorum
3143 3212 3302 3274 sunt,
3327 3206 3428 3262 sed
3461 3205 3563 3262 Dei
3590 3224 3626 3262 a
3657 3223 3778 3278 quo

359 3278 1596 3366 prmteritorum'suorummalorumactuum
1611 3278 2010 3352 recordatione
2039 3278 2082 3342 Ο
2124 3294 3396 3366 dantur.QuotiescunqueenimDeuselectos
3412 3302 3778 3364 remunerat,

363 3383 888 3440 confundebantur.
922 3387 1001 3439 Ac
1032 3385 1081 3440 si
1114 3385 1364 3440 diceret:
1401 3385 1459 3439 Si
1491 3385 1719 3440 nullum
1755 3387 2008 3440 fructum

364 3470 657 3527 habuistis
688 3476 826 3526 tunc
855 3471 915 3528 in
950 3471 1090 3535 illis,
1116 3471 1175 3525 in
1205 3472 1422 3542 quibus
1453 3490 1611 3527 nunc
1642 3473 2009 3541 erubescitis,

363 3559 846 3630 quarejactantiaa
868 3560 994 3614 vitae
1017 3564 1215 3614 vestra)
1238 3561 1448 3616 ﬂuctus
1472 3561 1528 3614 in
1552 3560 1736 3616 altum
1759 3561 2008 3633 erigitis,

365 3664 501 3703 cum
524 3648 583 3702 in
613 3648 1048 3720 vobismetipsis
1075 3649 1460 3721 frangamur?
1486 3653 1712 3714 Quanto
1731 3651 1887 3705 enim
1911 3668 2012 3706 vos

363 3737 565 3793 eadem
598 3737 884 3810 superbos
914 3743 971 3792 et
999 3737 1181 3814 elatos
1213 3737 1402 3809 erigit,
1426 3744 1588 3794 tanto
1623 3738 1877 3794 humiles
1910 3741 2008 3794 de-

351 3827 662 3898 jectosque
692 3826 900 3882 reddit.
934 3827 1003 3882 Et
1034 3827 1358 3882 notandum
1391 3828 1529 3899 quia
1559 3829 1785 3882 fructus
1813 3828 1871 3880 in
1904 3827 2008 3882 b0-

359 3931 434 3971 no
458 3920 515 3970 et
546 3915 698 3971 malo
741 3915 996 3988 ponitur.
1031 3914 1193 3971 Unde
1223 3914 1508 3972 Dominus
1557 3917 1616 3971 in
1650 3914 1957 3988 Evangelio
1992 3933 2007 3971 :

358 4008 480 4060 Non
532 4009 707 4075 potest
753 4005 920 4060 arbor
975 4005 1114 4060 bona
1156 4007 1367 4076 fructus
1416 4007 1591 4060 malos
1644 4007 1847 4076 facere,
1896 4009 2006 4059 etc.

358 4091 568 4164 (Matth.
600 4111 698 4159 v11,
733 4094 839 4166 18).

431 4183 570 4239 Nam
590 4185 720 4254 ﬁnis
740 4185 971 4240 illorum
993 4200 1140 4240 mors
1160 4189 1255 4239 est.
1287 4185 1487 4239 Finem
1517 4184 1658 4238 dicit
1682 4183 2008 4238 mercedem

356 4280 414 4330 et
424 4273 643 4330 retribu
655 4276 866 4330 tionem
887 4291 899 4341 ;
917 4273 1052 4330 ﬁnis
1072 4273 1270 4344 itaque
1283 4273 1569 4327 malorum
1584 4288 1826 4342 operum
1850 4287 2010 4325 mors

357 4368 462 4428 est,
491 4361 630 4434 quia
679 4367 915 4434 peccata
963 4365 1371 4416 consummata
1420 4365 1703 4432 generant
1736 4365 2004 4414 mortem.

351 4450 578 4506 Aliter:
612 4452 747 4506 ﬁnis
799 4450 1089 4505 malorum
1145 4465 1410 4519 operum,
1444 4447 1499 4502 id
1551 4453 1661 4512 est,
1714 4449 2005 4504 terminus

354 4556 514 4594 mors
543 4543 632 4593 est
669 4539 791 4607 sed,
827 4539 885 4592 in
934 4537 1286 4607 baptismate
1321 4561 1334 4592 :
1369 4536 1704 4606 quicunque
1754 4537 1911 4592 enim
1946 4539 2004 4593 in

2121 3401 2231 3441 sua
2260 3385 2319 3439 in
2342 3386 2426 3440 eis
2448 3386 2600 3439 dona
2621 3387 2977 3453 remunerat,
3001 3384 3138 3455 quia
3163 3383 3288 3455 ipse
3309 3385 3392 3440 eis
3414 3384 3574 3438 dedit
3594 3385 3779 3452 bona,

2123 3490 2228 3544 pro
2261 3472 2477 3543 quibus
2511 3477 2978 3528 remunerentur.
3012 3476 3078 3527 In
3126 3472 3346 3528 Christo
3391 3474 3517 3530 Jesu
3545 3473 3782 3528 Domine

2122 3565 2323 3616 nostro.
2357 3559 2690 3615 Notandum
2723 3561 2861 3631 quia
2912 3561 3250 3631 frequenter
3275 3561 3590 3630 Apostolus
3623 3561 3784 3618 hanc

2123 3649 2448 3705 clausulam
2473 3667 2592 3704 suae
2617 3649 3023 3719 narrationi,et
3040 3649 3289 3704 maxime
3309 3649 3367 3703 in
3392 3649 3499 3704 hac
3519 3649 3786 3722 Epistola

2121 3738 2450 3811 subjungit,
2484 3737 2681 3792 volens
2729 3737 3056 3804 ostendere,
3089 3737 3227 3808 quia
3257 3753 3360 3809 per
3389 3737 3688 3793 Christum
3724 3745 3784 3794 et

2121 3829 2309 3884 Patris
2341 3827 2592 3900 cognitio
2623 3829 2815 3898 datur,
2849 3831 2906 3882 et
2957 3827 3216 3882 humano
3246 3827 3443 3898 generi
3476 3827 3640 3884 salus
3673 3828 3776 3882 ad-

2121 3916 2510 3972 ministratur.

2193 4006 2344 4075 (CAP.
2378 4004 2524 4074 VII.)
2556 4004 2704 4075 (228)
2738 4003 2940 4076 Igitur,
2976 4004 3114 4074 quia
3165 4003 3389 4060 dixerat
3417 4020 3481 4060 se
3512 4021 3775 4077 suosque

2121 4094 2413 4164 adjutores
2429 4109 2537 4147 non
2553 4107 2681 4146 esse
2695 4091 2804 4146 sub
2818 4092 2944 4163 lege
2957 4097 3194 4163 propter
3205 4093 3358 4165 quod
3375 4091 3772 4164 etplurimum

2120 4182 2459 4252 disputavit,
2495 4184 2558 4234 ut
2589 4180 2696 4234 hoc
2742 4179 2998 4251 apertius
3029 4181 3380 4250 ostenderet,
3415 4182 3725 4253 subjunxit
3757 4200 3770 4238 :

2121 4271 2200 4325 An
2235 4271 2519 4338 ignoratis,
2542 4269 2796 4338 fratres?
2824 4268 3128 4338 Tanquam
3162 4268 3376 4326 diceret
3406 4287 3419 4326 :
3455 4287 3571 4326 non
3603 4271 3770 4343 igno-

2119 4358 2282 4413 ratis.
2318 4358 2467 4425 (229)
2490 4357 2604 4411 Cur
2628 4362 2820 4412 autem
2847 4374 2963 4413 non
2990 4356 3325 4430 ignorarent
3353 4360 3770 4426 ostendit,cum

2119 4446 2317 4502 subdit
2340 4464 2352 4502 :
2371 4447 2668 4501 scientibus
2686 4447 2836 4500 enim
2855 4447 3026 4516 legem
3051 4447 3376 4519 loquor.Ubi
3391 4449 3770 4520 quaerendum

2118 4540 2226 4603 est,
2258 4536 2550 4606 quomodo
2573 4552 2634 4590 se
2657 4535 2980 4590 scientibus
3002 4533 3189 4607 legem
3215 4535 3373 4606 loqui
3397 4537 3768 4604 dixerit,cum

356 4627 709 4700 baptismate
740 4626 910 4699 aquis
958 4625 1223 4682 immersi
1276 4625 1608 4679 moriuntur
1655 4631 1712 4680 et
1741 4642 1807 4680 ex
1837 4627 2008 4699 aquis
2041 4641 2088 4706 Ι)
2121 4623 2401 4678 Romanis
2422 4623 2758 4694 loqueretur
2783 4641 2794 4689 ;
2819 4638 2932 4676 non
2956 4621 3111 4679 enim
3136 4624 3509 4692 Romani,sed
3527 4625 3716 4681 Judaei
3740 4643 3774 4681 a

363 4721 772 4785 renascuntur,
794 4719 1160 4788 peccatorum
1185 4729 1429 4769 suorum
1452 4711 1856 4769 remissionem
1880 4732 2014 4770 con-

367 4810 715 4878 sequuntur.
751 4811 837 4870 Et,
871 4804 1138 4876 quamvis
1186 4803 1280 4858 hic
1329 4819 1541 4858 sensus
1589 4819 1883 4874 congruus
1915 4804 2012 4872 sit,

370 4895 702 4966 praecedens
735 4900 929 4949 tamen
953 4893 1370 4964 congruentior
1398 4896 1523 4958 est;
1555 4908 1691 4945 nam
1710 4908 1844 4947 mox
1875 4894 2014 4947 sub-

367 4984 570 5039 ditur:
606 4985 760 5039 Nunc
806 4991 987 5038 autem
1035 4980 1178 5051 (2'25)
1229 4981 1454 5037 liberati
1499 4997 1535 5035 a
1578 4990 1820 5052 peccato,
1869 4982 2016 5037 servi

362 5080 551 5128 autem
579 5074 713 5128 facti
741 5077 874 5130 Deo.
917 5070 1125 5126 habetis
1155 5073 1395 5132 fructum
1443 5075 1682 5125 vestrum
1723 5071 1779 5123 in
1811 5071 2012 5124 sancti-

2127 4713 2243 4768 Deo
2277 4711 2462 4783 legem
2492 4715 2857 4782 acceperunt.
2881 4711 3006 4766 Non
3039 4717 3235 4768 tamen
3265 4713 3624 4770 contrarium
3657 4720 3767 4782 est,

2125 4800 2267 4871 quia
2297 4798 2542 4854 Romani
2570 4800 2694 4870 jam
2722 4800 2902 4856 Graeci
2925 4805 3093 4856 erant
3121 4805 3178 4857 et
3209 4802 3281 4858 ab
3309 4803 3768 4860 Atheniensibus

2125 4889 2313 4960 legem
2334 4889 2846 4958 acceperant.Quid
2869 4894 3065 4944 autem
3099 4891 3184 4946 eis
3214 4890 3552 4963 loqueretur
3571 4896 3766 4947 osten-

2123 4977 2772 5049 dit,subjungens:Quia
2791 4978 2880 5032 lex
2899 4981 2957 5032 in
2981 4978 3203 5036 homine
3220 4979 3767 5053 dominatur,quanto

2123 5075 2364 5136 tempore
2399 5067 2553 5121 vivit.
2589 5069 2652 5120 ln
2701 5082 2816 5135 quo
2869 5067 3196 5122 notandum
3244 5068 3400 5136 quia,
3434 5085 3564 5124 cum
3599 5068 3764 5136 dixit,
