3998 5278
161 207 258 267 193

719 200 1140 262 EXPOSITIO
1186 201 1263 260 IN
1317 201 1742 262 EPISTULAS
1787 198 2044 261 PAULI.
2079 231 2157 243 ——
2188 198 2264 260 IN
2313 197 2564 259 EPIST.
2610 199 2713 258 AD
2759 198 2950 259 ROM.

3416 197 3530 261 194

160 356 243 413 per
270 339 458 390 bonum
489 333 633 388 mihi
670 338 960 404 operatum
991 338 1068 389 est
1092 342 1339 389 mortem.
1368 334 1472 389 Hic
1502 334 1777 389 animad-
1805 364 1859 429 Α
1892 334 2101 388 Beatus
2121 349 2254 388 vero
2276 331 2738 405 Augustinusita
2754 331 3024 403 exponit:
3055 332 3159 399 Fgo
3175 336 3357 387 autem
3373 333 3530 405 (245)

160 424 501 489 vertendum,
536 422 673 493 quia
704 440 817 477 non
851 422 951 489 ait,
988 427 1051 478 ut
1100 424 1197 489 sit,
1231 425 1329 479 sed
1385 428 1447 477 ut
1505 427 1781 495 appareat
1805 420 1859 429 ”
1887 424 2133 478 carnalis
2158 440 2281 478 sum
2307 424 2655 478 venundatus
2681 422 2779 476 sub
2808 420 3105 492 peccat0,id
3138 426 3245 486 est,
3282 438 3528 491 peccans

161 521 441 587 tanquam.
476 511 713 567 diceret.
746 513 881 567 Erat
910 516 1237 584 peccatum,
1265 513 1364 568 sed
1398 530 1514 568 non
1537 530 1779 585 appare-

160 608 264 669 bat,
296 608 357 657 ut
383 606 579 656 autem
610 607 887 673 appareat
917 608 1240 673 peccatum,
1270 620 1371 673 per
1388 602 1606 657 bonum
1638 601 1782 671 legis

1890 512 2072 583 pretio
2103 512 2426 568 carnalium
2458 511 2844 582 voluptatum.

1968 602 2122 669 Quod
2148 604 2297 657 enim
2327 617 2517 673 operor
2542 616 2651 655 non
2684 598 3265 670 intelligo.Quomodo
3301 615 3412 654 non
3436 600 3535 654 in-

163 693 484 751 mandatum
513 696 815 762 operatum
849 696 939 747 est
970 690 1113 747 mihi
1145 694 1393 746 mortem
1422 708 1434 746 :
1469 692 1783 746 dumenim
1891 690 2120 762 telligit,
2142 691 2189 746 si
2222 695 2496 762 operatur
2524 690 2550 743 '2
2574 694 2704 754 Aut,
2741 689 2872 761 quis
2898 689 3122 761 Operari
3140 692 3349 759 potest,
3376 688 3531 761 quod

167 782 493 839 mandatum
529 780 926 852 transgredior
956 786 1202 835 mortem
1233 781 1553 848 incurro,et
1582 796 1783 851 pecca-

163 880 277 928 tum
306 869 490 942 magis
521 869 948 925 manifestatur.
988 871 1049 926 Ut
1080 870 1177 939 ﬁat
1206 885 1379 941 supra
1409 871 1637 925 modum
1662 884 1786 940 pec-

162 970 324 1019 catum
354 960 503 1029 (241)
535 975 761 1028 peccans
801 975 903 1029 per
952 959 1299 1015 mandatum.
1367 959 1666 1022 Quomodo
1724 956 1790 1011 ﬁt

165 1052 450 1124 peccatum
484 1065 664 1119 supra
695 1049 935 1103 modum
976 1064 1221 1119 peccans
1280 1065 1381 1120 per
1444 1048 1789 1103 mandatum

164 1140 312 1207 Quia,
342 1154 461 1209 quo
492 1136 714 1210 aliquid
746 1137 804 1192 in
836 1136 961 1208 lege
992 1137 1427 1208 prohibetur,eo
1488 1136 1792 1193 ardentius

165 1231 451 1285 amaturet
483 1227 828 1281 mandatum
862 1226 1641 1282 minuscustoditur.Beatus
1661 1242 1793 1280 vero

166 1316 519 1390 Augustinus
538 1315 1011 1387 dicit,peccatum
1044 1315 1167 1371 ﬁeri
1200 1333 1380 1388 supra
1409 1316 1647 1370 modum
1672 1330 1797 1386 pec-

166 1424 289 1463 cans
319 1422 426 1478 per
456 1405 969 1477 mandatum,quia
998 1421 1111 1459 non
1137 1404 1326 1460 solum
1360 1407 1659 1476 peccatum
1684 1407 1796 1472 est,

166 1496 253 1551 sed
284 1494 675 1567 pravaricatio
712 1495 859 1566 (242)
893 1512 906 1561 ;
943 1494 1138 1549 minus
1170 1493 1323 1549 enim
1357 1497 1445 1548 est
1490 1496 1795 1563 peccatum

166 1587 290 1640 dum
315 1584 446 1639 sine
461 1583 735 1639 mandato
748 1583 881 1654 quis
904 1588 1104 1653 peccat
1127 1599 1140 1649 ;
1167 1599 1300 1636 cum
1316 1599 1449 1637 vero
1472 1582 1797 1637 secundum

169 1674 300 1744 (343)
331 1673 704 1741 mandatum,
737 1672 911 1727 modo
944 1672 1187 1727 excedit.
1230 1672 1377 1741 (244)
1409 1670 1623 1726 Scimus
1652 1672 1799 1725 enim

1896 796 2009 835 non
2044 779 2378 852 intelligat?
2412 780 2494 833 Ita
2515 794 2650 848 ergo
2668 778 3072 848 accipiendum
3100 781 3207 831 est:
3233 776 3371 849 quod
3392 779 3539 831 enim

1894 870 2041 938 (246)
2073 884 2282 939 operor,
2314 884 2423 923 non
2455 868 2725 935 intelligo,
2756 866 2814 921 id
2846 871 2936 921 est
2966 883 3081 920 non
3113 867 3393 937 approbo,
3422 882 3539 921 non

1898 958 2163 1012 desidero
2193 975 2305 1012 non
2338 957 2533 1025 laudo,
2589 974 2703 1009 non
2767 954 2910 1009 mihi
2970 955 3198 1026 placet;
3232 956 3317 1010 sic
3377 955 3538 1009 enim

1901 1047 2120 1102 dictum
2152 1047 2418 1112 est,sicut
2440 1045 2721 1100 Dominus
2746 1044 2802 1099 in
2828 1043 3134 1116 Evangelio
3165 1044 3324 1098 dicit:
3350 1045 3537 1100 Nescio

1900 1151 1989 1190 vos
2018 1136 2224 1205 (Matth.
2258 1152 2385 1200 xxv,
2421 1136 2530 1203 12),
2564 1134 2621 1188 id
2681 1139 2789 1202 est,
2824 1150 2938 1188 non
2997 1133 3276 1205 approbo.
3336 1132 3541 1188 Aliter.

1903 1226 2065 1295 Quod
2093 1240 2301 1295 operor,
2334 1240 2444 1279 non
2475 1223 2723 1291 intelligo
2758 1240 2769 1277 :
2804 1222 2860 1276 id
2893 1226 2999 1284 est,
3054 1220 3197 1292 legis
3255 1224 3542 1293 praseepto

1904 1330 2105 1384 parere
2136 1312 2307 1384 cupio
2332 1313 2432 1367 sed
2466 1312 2611 1367 meis
2632 1311 2853 1365 viribus
2874 1310 3116 1382 implere
3149 1328 3256 1365 noc
3278 1327 3546 1382 possum.

1978 1405 2101 1457 Non.
2131 1403 2278 1471 (247)
2308 1403 2457 1456 enim
2488 1401 2627 1472 quod
2658 1401 2794 1467 volo,
2853 1399 2957 1454 hoc
3012 1416 3135 1470 ago.
3171 1400 3229 1453 Id
3264 1403 3372 1468 est,
3407 1400 3541 1455 nolo

1906 1491 2444 1562 concupiscere,sed
2462 1490 2830 1561 concupisco.
2848 1490 2913 1543 Et
2941 1489 3050 1544 hoc
3066 1494 3155 1544 est
3175 1490 3325 1559 qaod
3350 1489 3548 1560 sequi-

1910 1585 2003 1634 tur
2036 1598 2047 1634 :
2083 1580 2225 1649 (248)
2259 1580 2369 1633 Sed
2399 1579 2539 1649 quod
2570 1579 2679 1642 odi,
2713 1577 2853 1632 illud
2881 1580 3043 1649 facio.
3082 1578 3143 1631 Id
3176 1584 3285 1645 est,
3347 1577 3550 1634 nolens

1910 1668 2277 1740 concupisco.
2308 1668 2507 1723 Aliter.
2541 1670 2657 1723 Non
2686 1668 2825 1738 quod
2858 1668 2992 1738 volo,
3024 1667 3125 1723 hoc
3151 1668 3372 1739 ago,sed
3403 1670 3556 1737 quod

170 1737 407 1834 auia'lex
433 1737 707 1829 spiritalis
736 1768 835 1817 est.
870 1759 983 1815 Lex
1005 1737 1284 1831 spiritalis
1316 1737 1405 1816 est
1434 1758 1802 1831 spiritalibus
1832 1737 1879 1799 B
1909 1757 2018 1823 odi,
2051 1737 2193 1811 illud
2220 1758 2366 1827 [αεἱο
2396 1773 2415 1817 ;
2445 1756 2502 1809 id
2535 1737 2709 1817 est.in
2742 1756 3087 1827 malo,quod
3121 1737 3325 1811 abesse
3352 1755 3547 1828 cupio,

176 1850 495 1907 carnalibus
517 1867 650 1905 vero
674 1849 947 1905 carnalis.
974 1848 1093 1904 Illis
1116 1848 1271 1903 enim
1297 1848 1578 1919 spiritalis
1600 1846 1803 1917 estqui

177 1958 307 2008 eam,
337 1938 685 2012 spiritaliter
741 1943 994 1994 tractant
1049 1942 1105 1993 et
1136 1938 1472 1992 custodiunt
1506 1954 1520 2003 ;
1554 1935 1805 1992 carnalis

180 2045 292 2085 vero
321 2028 441 2084 illis
474 2028 573 2100 qui
597 2045 722 2083 eam
754 2026 1064 2083 carnaliter
1094 2026 1430 2098 intelligunt
1462 2032 1517 2080 et
1538 2026 1803 2097 implent.

188 2120 324 2184 Quod
352 2122 552 2175 autem
584 2118 668 2173 eis
698 2117 948 2173 carnalis
978 2120 1084 2184 est,
1119 2134 1234 2171 non
1266 2118 1413 2186 ejus,
1440 2118 1538 2172 sed
1573 2116 1805 2172 illorum

188 2214 263 2263 est
290 2208 455 2279 culpa
485 2207 584 2279 qui
616 2223 683 2263 ea
712 2206 1022 2262 carnaliter
1043 2210 1308 2261 utuntur.

237 2297 335 2365 Ego
366 2305 553 2353 autem
580 2296 827 2351 carnalis
857 2312 998 2351 sum.
1033 2295 1177 2358 Quid
1212 2297 1479 2368 est,quod
1511 2313 1573 2351 se
1602 2312 1806 2351 carna-

175 2384 272 2440 lem
285 2385 593 2454 dicit,cum
608 2385 878 2458 superius
892 2402 952 2441 se
968 2402 1224 2457 suosque
1237 2387 1537 2456 adjutores
1551 2403 1666 2441 non
1681 2401 1810 2441 esse

172 2473 222 2526 in
250 2490 448 2538 carne,
480 2474 578 2529 sed
615 2473 672 2528 in
699 2471 909 2545 spiritu
942 2473 1153 2528 dixerit
1187 2476 1209 2527 Ρ
1238 2472 1599 2544 Quapropter
1628 2472 1813 2527 scien-

170 2562 301 2617 dum
337 2562 483 2636 quia
512 2563 571 2617 in
605 2579 775 2618 carne
796 2580 911 2618 non
935 2562 1360 2634 erat,quoniam
1394 2562 1451 2617 in
1484 2579 1586 2633 spe
1609 2579 1811 2617 carna-

168 2650 310 2707 lium
349 2668 548 2707 rerum
581 2669 695 2707 non
720 2650 1455 2718 conﬁdebat,sed,carnalis
1477 2667 1631 2719 sum,
1651 2650 1811 2721 dicit,

167 2740 221 2794 id
252 2746 370 2809 est,
407 2740 691 2796 mortalis.
726 2741 887 2806 Quod
921 2740 1122 2811 utique
1157 2740 1206 2794 si
1238 2740 1472 2805 diceret,
1506 2744 1659 2793 recte
1689 2756 1814 2794 om-

165 2828 305 2884 nino
342 2830 583 2885 diceret.
618 2830 771 2897 Sive,
810 2829 1100 2883 carnalem
1152 2845 1213 2882 se
1265 2827 1424 2895 dicit,
1458 2828 1597 2898 quia
1626 2828 1682 2881 in
1715 2843 1819 2898 spe

160 2917 386 2972 futurae
418 2916 862 2970 resurrectionis
893 2915 1145 2970 carnalis
1181 2917 1402 2986 absque
1442 2915 1823 2986 ambiguitate

163 3004 534 3061 confidebat.
572 3003 919 3059 Venundatus
946 3005 1049 3059 sub
1073 3007 1310 3076 peccato.
1342 3004 1491 3068 Quid
1522 3010 1628 3071 est,
1663 3005 1818 3075 quod

1914 1850 2151 1900 vocatus
2176 1846 2320 1915 (249)
2344 1845 2903 1900 invenior.Poterant
2932 1846 3127 1916 itaque
3158 1845 3339 1916 aliqui
3361 1845 3551 1916 suspi-

1914 1935 2029 1989 cari
2062 1937 2118 1988 et
2134 1934 2324 1989 dicere
2344 1932 2687 2005 Apostolum
2704 1950 2889 2005 usque
2912 1934 2981 1988 ad
3002 1939 3300 2005 peccatum
3324 1934 3556 1989 venisse

1914 2028 1972 2078 et
2004 2024 2549 2094 peccasse.ldeoque
2581 2022 2920 2094 subjungit:
2954 2024 3015 2078 Si
3044 2027 3233 2078 autem
3252 2023 3391 2094 quod
3411 2024 3556 2090 nolo,

1916 2111 2056 2166 illud
2083 2114 2251 2182 facio,
2282 2114 2559 2166 consentio
2593 2111 2723 2181 legi,
2750 2114 3012 2183 quoniam
3055 2112 3213 2167 bona.
3250 2112 3383 2176 Sed,
3408 2128 3560 2183 quo-

1918 2202 2089 2255 modo
2119 2200 2230 2272 legi
2263 2200 2738 2268 consentiebat,si
2759 2201 2912 2272 quod
2946 2200 3179 2255 nolebat
3209 2196 3458 2271 agebat?
3478 2200 3564 2255 Vi-

1918 2289 2147 2359 delicet,
2181 2290 2320 2361 quia
2349 2290 2440 2345 lex
2471 2289 2642 2357 bona,
2675 2294 2731 2344 et
2760 2289 3029 2344 voluntas
3058 2289 3186 2359 ejus
3217 2289 3562 2345 bona.Etest

1919 2396 2164 2435 sensus:
2199 2396 2335 2433 cum
2366 2379 2455 2434 lex
2487 2379 2782 2451 praecipit:
2813 2379 2938 2433 Non
2970 2378 3433 2449 concupisces.et
3453 2394 3559 2449 ego

1921 2467 2053 2523 nolo
2067 2468 2476 2539 concupiscere
2502 2486 2515 2535 ;
2534 2469 2676 2522 dum
2695 2468 2802 2523 hoc
2824 2467 2950 2522 volo
2969 2468 3120 2539 quod
3143 2466 3234 2523 lex
3253 2466 3556 2536 vult,mea,

1922 2562 1978 2612 et
2008 2556 2154 2628 legis
2185 2574 2302 2612 una
2331 2562 2690 2613 monstratur
2718 2573 2846 2612 esse
2874 2555 3162 2612 voluntas.
3193 2556 3376 2611 Aliter
3410 2573 3423 2611 :
3456 2557 3565 2611 Lex

1925 2646 2197 2718 praecepit
2224 2663 2338 2700 non
2374 2646 2802 2717 concupiscere,
2831 2663 2932 2715 ego
2963 2650 3158 2701 autem
3191 2644 3560 2716 concupisco;

1927 2735 2025 2788 sed
2061 2736 2200 2805 quia
2225 2752 2458 2789 rursum
2502 2733 2594 2789 lex
2650 2734 2792 2789 dicit
2822 2751 2835 2788 :
2871 2738 3003 2805 post
3061 2733 3566 2804 concupiscentias

1929 2828 2059 2876 tuas
2090 2840 2204 2878 non
2227 2840 2345 2892 eas,
2376 2827 2434 2877 et
2464 2840 2497 2878 a
2524 2823 2919 2894 voluptatibus
2946 2822 3065 2877 tuis
3098 2827 3352 2877 avertere
3387 2822 3567 2888 ;dum

1930 2911 2416 2981 concupiscentiis
2476 2912 2706 2980 resisto,
2762 2916 2818 2966 et
2872 2912 3197 2981 voluptates
3250 2927 3411 2966 meas
3454 2927 3568 2966 non

1928 3016 2163 3070 sequor,
2198 3015 2325 3054 mea
2355 3004 2411 3053 et
2442 2998 2586 3071 legis
2617 3016 2733 3054 una
2764 3000 3042 3070 probatur
3100 3015 3230 3053 esse
3275 2998 3565 3055 voluntas.

161 3093 315 3149 dicit
339 3108 404 3147 se
436 3092 839 3147 venundatum
872 3093 983 3147 sub
1011 3098 1247 3164 peccato
1279 3110 1411 3148 cum
1434 3094 1558 3163 jam
1594 3094 1817 3148 redem-
1851 3096 1893 3162 ρ
1996 3089 2154 3143 Nunc
2181 3092 2363 3143 autem
2382 3089 2505 3159 jam
2534 3104 2640 3143 non
2672 3104 2770 3156 ego
2794 3103 2985 3158 operor
3040 3087 3202 3142 illud.
3234 3088 3567 3143 Notandum

162 3187 306 3254 ptus
342 3180 554 3237 esset?
580 3181 986 3237 Venundatum
1040 3182 1152 3237 sub
1208 3185 1440 3252 peccato
1500 3182 1641 3237 dicit
1679 3182 1819 3253 quia

160 3271 221 3326 in
254 3270 460 3326 carnis
491 3269 805 3342 fragilitate
837 3271 1129 3337 manebat,
1160 3287 1337 3342 quam
1369 3271 1596 3341 primus
1644 3272 1818 3326 homo

165 3358 426 3415 incurrit
456 3358 552 3414 Dei
595 3359 1079 3431 transgrediendo
1139 3364 1513 3431 praeceptum.
1572 3362 1819 3431 Accepto

161 3449 325 3503 enim
363 3447 550 3519 pretio
581 3447 903 3503 carnalium
934 3447 1390 3520 voluptatum,se
1420 3448 1649 3505 diabolo
1681 3450 1820 3504 sub-

162 3537 319 3593 didit
357 3562 373 3605 ;
408 3541 466 3593 et
496 3538 865 3592 venundatus
895 3539 1004 3593 sub
1037 3542 1500 3609 peccato,omnes
1521 3539 1820 3594 venunda-

165 3630 259 3682 tos
307 3625 564 3697 genuit:
600 3625 658 3679 in
704 3642 820 3697 qua
848 3627 1279 3681 venundatione
1328 3644 1531 3683 omnes
1586 3630 1824 3682 manent

163 3715 351 3770 etiam
388 3718 522 3785 post
548 3714 759 3769 Christi
792 3716 1105 3786 baptisma.
1155 3719 1214 3770 In
1247 3717 1599 3787 baptismate
1640 3716 1821 3782 enim,

167 3803 305 3858 licet
336 3806 581 3874 peccata
610 3802 879 3858 laxentur
891 3803 1084 3858 carnis
1101 3808 1295 3858 tamen
1320 3804 1606 3876 fragilitas
1630 3808 1826 3858 manet

170 3910 365 3965 usque
402 3893 475 3946 ad
507 3892 659 3947 diem
690 3892 1154 3947 resurrectionis.
1190 3892 1458 3949 Christus
1514 3893 1693 3964 igitur
1750 3892 1823 3947 ab

168 3986 431 4055 utraque
460 3981 889 4036 venundatione
921 3980 1189 4048 redemit,
1224 3980 1431 4035 anima:
1491 3980 1713 4036 scilicet
1769 3985 1826 4036 et

168 4070 460 4143 corporis.
492 4069 651 4125 Unde
684 4069 925 4142 pulchre
958 4070 1316 4143 Redemptor
1366 4070 1581 4125 dicitur
1614 4088 1627 4139 ;
1664 4088 1698 4124 a
1728 4086 1823 4125 ve-

168 4157 540 4215 nundatione
570 4175 826 4230 namque
860 4158 1067 4213 anima}
1100 4158 1328 4225 liberat,
1379 4176 1513 4214 cum
1545 4158 1603 4213 in
1636 4158 1823 4231 bapti-

170 4254 368 4304 smate
430 4252 665 4319 peccata
722 4247 989 4314 relaxat;
1023 4248 1342 4319 acorporis
1388 4265 1522 4303 vero
1581 4248 1827 4304 redimet

171 4353 308 4393 cum
341 4354 454 4392 nos
486 4354 519 4391 a
548 4336 795 4392 mortuis
827 4353 1128 4408 resurgere
1159 4337 1437 4392 faciet.De
1468 4338 1576 4392 hac
1609 4338 1827 4393 redem-

173 4426 379 4497 ptione
414 4425 580 4481 alibit
608 4426 1128 4497 dicit:Adoptionem
1140 4427 1389 4497 ﬁliorum
1402 4427 1500 4481 Dei
1515 4430 1827 4498 exspectan-

176 4518 277 4581 tes,
311 4516 741 4587 redemptionem
797 4516 1039 4587 corporis
1093 4518 1270 4571 nostri
1325 4516 1497 4586 (Rom.
1555 4533 1678 4582 VIII,
1711 4518 1825 4589 23).

253 4621 411 4693 (241)
440 4622 504 4695 In
535 4622 705 4694 Vulg.
739 4625 1159 4695 nonpeccatum
1193 4639 1441 4693 peccans,
1476 4624 1576 4678 sed
1598 4640 1829 4695 peccans

179 4696 466 4763 peccatum
492 4693 717 4766 inverso
750 4694 951 4766 ordine
983 4693 1214 4766 legitur.

276 4766 406 4835 242)
440 4766 501 4819 In
532 4764 815 4836 Propusit.
851 4766 973 4836 huj.
1006 4764 1094 4836 ep.
1130 4766 1209 4819 ibi
1246 4782 1258 4820 :
1294 4767 1394 4821 ubi
1448 4783 1557 4821 non
1609 4769 1684 4822 est
1715 4768 1824 4837 (ex,

182 4838 713 4911 necprzvaricatio.
1098 4870 1101 4873 ν

260 4908 408 4978 (243)
443 4908 644 4964 Partic.
676 4924 795 4978 per,
832 4924 957 4977 qua:
990 4908 1441 4978 perperam,imo
1473 4916 1673 4965 contra
1694 4927 1827 4966 sen-

186 4993 324 5031 sum
342 4981 532 5047 jacere
554 4981 1125 5049 videbatur,queque
1158 4980 1309 5035 inter
1334 4981 1505 5037 verba
1525 4984 1829 5039 secundum

188 5053 247 5101 et
266 5053 594 5125 mandatum
612 5050 871 5121 jacebat,
903 5053 1344 5125 expungendum
1374 5055 1589 5125 putavi.

256 5120 405 5257 (244)
436 5123 494 5177 In
529 5120 739 5192 Autog.
776 5120 989 5191 marg.,
1016 5120 1139 5193 cap.
1173 5123 1366 5179 XVIII.

282 5191 406 5257 245)
439 5199 497 5249 In
529 5201 747 5257 Autog.
779 5196 971 5246 textus
1004 5191 1268 5257 hic,ut'et
1305 5200 1366 5249 al:

282 5191 406 5278 2:55)
439 5199 497 5249 In
529 5191 747 5278 Autog.
779 5191 1268 5278 textusbic‘mt'et
1305 5196 1401 5251 alii
1432 5215 1631 5270 supra,
1666 5212 1826 5250 com-

1858 4470 1905 4535 D

1929 3179 2067 3249 quia
2095 3194 2210 3232 non
2244 3176 2323 3232 ait
2355 3194 2367 3231 :
2400 3180 2506 3247 Ego
2536 3182 2718 3233 autem
2755 3194 2865 3233 non
2893 3192 3083 3248 aperor
3111 3176 3273 3247 illud,
3293 3177 3571 3247 sed,nunc

1928 3272 2110 3323 autem
2119 3256 2234 3338 jom
2266 3283 2378 3321 non
2407 3283 2500 3337 ego
2530 3282 2722 3338 operor
2750 3267 2911 3332 illud,
2934 3266 3085 3336 quod
3121 3265 3277 3321 dicto
3309 3266 3566 3322 ostendit

1930 3356 2357 3428 quia,quandiu
2392 3358 2501 3412 sub
2529 3357 2653 3429 lege
2674 3356 3073 3423 erat,libenter
3094 3357 3567 3427 concupiscebat;

1928 3453 2239 3518 postquam
2262 3463 2395 3502 vero
2413 3447 2750 3518 redemptus
2772 3446 3085 3512 est,divina
3104 3444 3291 3517 gratia
3312 3446 3571 3517 adjutus,

1931 3536 2036 3591 etsi
2072 3536 2538 3606 concupiscebat,
2586 3540 2777 3591 tamen
2838 3535 3061 3589 fortiter
3119 3534 3448 3590 resistebat.
3482 3534 3575 3589 Ait

1930 3641 2065 3696 ergo
2098 3643 2110 3690 ;
2143 3641 2292 3679 nunc
2322 3633 2527 3691 autem,
2562 3624 2619 3677 id
2652 3629 2758 3690 est,
2792 3624 2987 3678 divina
3016 3623 3205 3693 gratia
3262 3622 3570 3693 liberatus,

1930 3728 2039 3767 non
2067 3729 2159 3782 ego
2189 3728 2379 3783 operor
2406 3712 2548 3766 illud
2575 3729 2596 3773 ;
2625 3711 2682 3765 id
2712 3715 2820 3780 est,
2853 3710 3054 3766 nolens
3110 3726 3305 3782 pecco.
3340 3711 3572 3767 Poterat

1932 3802 2003 3856 ad
2034 3800 2155 3854 haec
2186 3800 2401 3871 aliquis
2434 3801 2623 3854 dicere
2654 3816 2667 3852 :
2704 3800 2836 3868 quis
2866 3816 3001 3870 ergo
3049 3804 3323 3869 operatur
3351 3800 3378 3854 ‘I
3408 3800 3571 3855 Unde

1932 3888 2238 3944 confestim
2272 3888 2484 3959 adjecit
2515 3904 2527 3943 :
2560 3888 2822 3957 sed,quocl
2843 3887 3050 3941 habitat
3080 3889 3139 3941 in
3162 3896 3579 3959 me,peccatum.

1933 3978 2239 4033 Peccatum
2272 3978 2414 4031 dicit
2442 3977 2635 4031 carnis
2661 3974 3032 4047 fragilitatem
3063 3975 3124 4029 in
3142 3991 3320 4045 quam
3344 3976 3577 4046 primus

1931 4067 2107 4121 homo
2142 4066 2344 4120 incidit
2373 4070 2609 4137 propter
2639 4065 3190 4136 peccatum.Bursus
3220 4063 3394 4133 objici
3418 4066 3579 4135 pote-

1934 4160 2025 4210 rat
2057 4173 2070 4211 :
2108 4154 2260 4209 unde
2290 4154 2407 4210 scis
2439 4155 2593 4225 quod
2615 4171 2731 4209 non
2752 4158 2817 4207 tu
2849 4152 3234 4225 opereris,sed
3267 4156 3575 4225 peccatum

1933 4244 2085 4313 quod
2119 4243 2178 4297 in
2209 4248 2265 4298 te
2296 4243 2520 4298 habitat
2548 4243 2575 4297 ?
2609 4243 2770 4298 Unde
2796 4241 3099 4298 confestim
3123 4241 3579 4313 subjunxit:Scio

1931 4334 2239 4405 enim,quia
2266 4349 2378 4388 non
2407 4333 2627 4388 habitat
2658 4333 2855 4389 bonum
2885 4336 2946 4387 in
2976 4348 3062 4386 me
3088 4348 3109 4393 ;
3138 4334 3291 4394 et,ne
3328 4330 3579 4386 dubium

1936 4428 2090 4481 esset
2119 4422 2273 4495 quod
2308 4422 2409 4489 ait,
2443 4424 2503 4476 in
2534 4439 2639 4493 me,
2672 4422 2941 4494 exposuit
2975 4440 2987 4477 :
3020 4422 3118 4477 hoc
3174 4425 3272 4487 est,
3324 4422 3383 4474 in
3413 4434 3581 4475 carne

1937 4532 2079 4571 mea.
2112 4514 2250 4568 Nam
2282 4512 2415 4566 velle
2446 4512 2652 4583 adjacet
2683 4512 2841 4579 mihi,
2873 4510 3131 4581 perficere
3173 4512 3355 4563 autem
3387 4509 3586 4562 bonum

1939 4622 2265 4678 litterarum
2298 4619 2549 4689 scriptus
2580 4622 2690 4685 est,
2722 4617 2803 4671 ita
2836 4634 2849 4671 :
2882 4615 3021 4687 quod
3050 4616 3205 4689 enim
3228 4630 3280 4667 0.
3306 4631 3368 4689 _n.
3388 4630 3457 4689 _o.

2012 4694 2158 4765 (247)
2193 4690 2361 4762 Vulg.
2393 4684 2475 4745 ita
2495 4684 2715 4745 habet:
2748 4706 2854 4743 non
2888 4684 3036 4744 enim
3064 4684 3207 4758 quod
3230 4685 3351 4741 volo
3382 4684 3585 4739 bonum

1941 4766 2042 4818 hoc
2074 4765 2235 4818 facio.

2071 4769 2235 4906 tua
2266 4831 2433 4906 κτυιε.
2469 4832 2595 4889 ita:
2629 4831 2721 4887 δρα
2752 4831 2891 4906 quod

2015 4904 2165 4983 (249)
2186 4904 2443 4983 Verbum
2459 4905 2618 4983 istud
2635 4904 2937 4983 vocatus-in
2968 4906 3175 4983 Autog.
3190 4916 3324 4983 ,non
3338 4909 3585 4983 omnino

1941 4968 2168 5040 clarum
2208 4997 2222 5043 ;
2257 4976 2452 5047 prima:
2487 4978 2641 5033 enim
2674 4976 2801 5030 dua:
2834 4975 3037 5030 litterae
3068 4968 3512 5047 aliquantisper,
3536 4968 3595 5018 et

1943 5039 2075 5112 meo
2101 5039 2351 5127 judicio,
2375 5047 2513 5127 data
2540 5064 2732 5122 Opera,
2766 5047 3080 5127 obliteratis
3103 5039 3590 5127 su'n.t.,int‘erlduas

1940 5111 2079 5184 vero
2101 5111 2425 5194 sequentes
2457 5111 2682 5178 litteras
2713 5118 3123 5190 c,a,aliquanto
3153 5113 3330 5168 altius
3356 5111 3593 5165 litterae

1940 5230 2283 5278 ἱηςηίηῑτιιιι.
2318 5225 2396 5278 ita
2430 5244 2443 5278 :
2485 5212 2756 5278 an‘OtUS.
2790 5226 3049 5278 Forsitan
3082 5236 3195 5276 non
3228 5225 3471 5278 vocatus,
3497 5209 3599 5265 sed
