3998 5278
420 426 536 496 195

1437 420 1775 491 ATTONIS
1822 414 2406 488 VEBCELLENSIS
2450 424 2805 489 EPISCOPI

3714 432 3828 494 196

422 584 535 624 non
565 568 807 623 invenio.
840 563 1173 621 Notandum
1205 562 1345 635 quia
1391 579 1505 618 non
1545 561 1645 628 ait,
1699 561 1906 626 facere,
1965 558 2066 614 sed
2098 560 2151 625 Α
2184 561 2369 613 autem
2398 560 2645 616 scientia:
2675 559 2803 615 boni
2829 565 2880 616 et
2906 560 3046 616 mali
3070 576 3181 617 non
3228 560 3529 618 eomederet
3574 562 3732 633 (Gen.
3765 583 3829 633 ιι,

423 657 701 729 perﬁcere
730 654 897 727 quasi
931 654 1148 709 diceret
1178 671 1190 708 :
1228 653 1456 724 adjacet
1487 650 1652 721 velle,
1704 650 1763 704 id
1795 646 2065 717 est,nolle

419 744 864 816 concupiscere;
883 743 1111 814 adjacet
1140 741 1346 809 facere,
1370 740 1430 795 id
1460 736 2066 810 est,concupiscentiis

417 832 820 898 resistere,sed
843 847 957 886 non
991 831 1217 900 adjacet
1248 827 1607 902 perlicere,id
1637 830 1743 892 est,
1770 826 1896 881 sine
1926 841 2063 880 con-

426 920 805 994 cupiscentiis
825 936 973 976 esse.
1006 919 1122 974 Cur
1157 935 1291 991 ergo
1323 917 1432 973 hoc
1464 917 1809 972 mandatum
1842 918 1932 970 est
1958 915 2061 968 da-

420 1012 579 1079 tum,
615 1009 663 1066 si
694 1008 893 1081 perﬁci
924 1025 1041 1064 non
1069 1012 1259 1080 potest
1285 1007 1313 1061 ‘l
1343 1006 1509 1076 Quia,
1542 1005 1650 1061 etsi
1682 1005 1743 1059 in
1800 1004 1908 1059 hac
1946 1003 2064 1057 vita

424 1098 554 1156 eine
584 1097 1059 1171 concupiscentia
1081 1096 1270 1152 vivere
1290 1111 1406 1150 non
1429 1109 1768 1167 possumus:
1787 1093 2063 1162 Quoniam

409 1200 605 1259 corpus
630 1187 770 1259 quod
797 1186 1193 1257 corrumpitur,
1225 1186 1492 1255 aggravet
1523 1185 1850 1251 animam,et
1873 1181 2059 1251 depri-

407 1278 513 1332 mit
558 1280 778 1332 terrena
833 1274 1160 1330 inhabitatio
1213 1288 1431 1330 sensum
1500 1271 1678 1327 multa
1735 1270 2061 1342 cogitantem

409 1367 563 1438 (ϐαρ.
588 1382 675 1428 sx,
710 1364 818 1436 14),
849 1361 1187 1435 perficietur
1210 1366 1408 1418 tamen
1440 1362 1501 1416 in
1534 1362 1756 1424 futuro,
1788 1374 1923 1414 cum
1955 1357 2059 1413 eri-

410 1462 543 1509 mus
574 1453 690 1508 Deo
724 1456 780 1508 et
811 1450 1032 1524 angelis
1078 1450 1311 1506 sociati.
1374 1449 1445 1505 Ut
1473 1455 1669 1504 autem
1728 1446 2060 1502 ostenderet

415 1542 709 1613 quomodo
768 1540 1041 1613 perﬁcere
1096 1556 1211 1595 non
1270 1538 1577 1599 inveniret,
1638 1535 1852 1607 adjecit
1895 1536 2060 1591 :Non

410 1632 561 1687 enim
591 1629 730 1701 quod
756 1630 875 1685 volo
892 1628 1113 1694 bonum,
1144 1630 1243 1684 hoc
1272 1643 1372 1697 ago
1400 1626 1494 1682 sed
1525 1625 1665 1698 quod
1691 1625 1818 1679 nolo
1846 1624 2059 1678 malum

413 1721 511 1775 hoc
535 1718 1002 1791 /'acio.Sed,quod
1027 1721 1115 1772 est
1146 1716 1366 1771 malum
1399 1714 1554 1787 quod
1586 1713 1790 1770 nolens
1812 1711 2058 1785 agebat?

406 1808 851 1881 Concupiscere.
885 1807 1048 1861 Sicut
1078 1812 1135 1862 et
1166 1807 1408 1872 bonum,
1443 1805 1599 1877 quod
1627 1802 1827 1859 volens
1882 1817 2054 1873 agere

2176 647 2264 717 10,
2300 648 2392 717 17)
2426 665 2438 713 ;
2473 654 2616 704 tunc
2652 650 2808 705 enim
2840 650 3012 714 coepit
3040 666 3171 705 esse
3199 650 3311 706 iste
3351 652 3681 709 conﬂictus.
3714 653 3833 709 Cur

2175 740 2371 791 autem
2400 736 2503 792 illa
2534 738 2705 804 mala,
2748 739 2805 792 id
2836 743 2946 805 est,
2979 740 3379 795 membrorum
3400 744 3456 796 et
3489 742 3714 814 peccati
3740 743 3834 799 lex

2173 825 2389 880 dicitur
2413 825 2442 881 ?
2473 826 2618 889 Quia
2646 826 2903 899 legitime
2934 828 3151 883 factum
3198 833 3287 884 est
3316 833 3400 897 ut,
3462 828 3688 887 homini
3725 832 3829 904 qui

2173 912 2361 969 noluit
2390 915 2625 971 obedire
2657 915 2770 971 Deo
2795 931 3043 981 suo,non
3076 917 3339 973 obediret
3371 934 3502 974 caro
3526 919 3833 992 ipsiusﬁx

2174 1018 2342 1073 poena
2374 1003 2590 1075 quippe
2623 1003 2840 1075 peccati
2869 1005 3265 1061 descendit.Et
3293 1011 3384 1061 est
3412 1023 3661 1062 sensus:
3686 1006 3828 1063 Con-

2170 1091 2405 1149 delector
2433 1108 2582 1148 enim
2613 1093 2722 1165 legi
2744 1094 2843 1148 Dei
2869 1093 3166 1149 secundum
3194 1095 3520 1151 interiorem
3551 1095 3832 1153 hominem

2116 1212 2121 1219 ι
2169 1180 2317 1253 (251)
2347 1179 2724 1237 Condelector
2750 1180 2861 1254 legi
2896 1182 2991 1238 Dei
3024 1185 3350 1239 secundum
3402 1183 3729 1252 hominem,
3763 1186 3826 1242 id

2168 1273 2277 1337 est,
2311 1270 2443 1326 nolo
2472 1271 2898 1342 concupiscere.
2938 1272 3093 1328 Video
3123 1282 3308 1328 autem
3337 1272 3518 1329 aliam
3557 1274 3737 1345 legem
3764 1275 3828 1332 in

2166 1359 2432 1416 membris
2459 1362 2614 1428 meis,
2649 1370 3043 1429 repugnantem
3074 1362 3183 1433 legi
3229 1366 3428 1417 mentis
3455 1378 3616 1430 mea,
3651 1368 3703 1420 et
3732 1382 3829 1421 ca-

2161 1449 2462 1517 ptivantem
2518 1465 2607 1505 me
2635 1451 2696 1505 in
2735 1450 2850 1521 lege
2876 1452 3098 1521 peccati,
3133 1466 3260 1523 qum
3305 1455 3382 1508 est
3439 1452 3500 1507 in
3551 1454 3825 1510 membris

2164 1539 2318 1605 meis,
2351 1536 2408 1591 id
2441 1542 2549 1603 est,
2581 1543 2795 1594 coactus
2815 1540 2962 1612 (252)
2993 1541 3363 1613 concupisco.
3405 1540 3811 1615 Captivantem

2165 1623 2327 1695 dicit,
2362 1626 2654 1696 captivare
2685 1626 3001 1695 volentem,
3034 1628 3119 1684 vel
3154 1633 3306 1685 certe
3355 1629 3426 1685 ad
3473 1630 3820 1688 exteriorem

2164 1713 2461 1768 hominem
2497 1715 2764 1782 refertur,
2793 1717 2893 1787 qui
2926 1716 3185 1788 quotidie
3208 1719 3632 1791 corrumpitur.
3666 1724 3733 1776 In
3754 1738 3819 1776 eo

2165 1818 2305 1857 sane
2337 1804 2490 1874 quod
2523 1804 2696 1859 homo
2730 1805 3053 1860 secundum
3114 1806 3449 1863 interiorem
3511 1808 3817 1866 hominem

406 1914 520 1952 non
552 1899 892 1968 poterat,est
920 1897 1046 1951 sine
1075 1892 1549 1966 concupiscentia
1577 1890 1896 1947 esse.Unde
1917 1890 2052 1945 bea-
2084 1934 2132 1999 Β
2162 1890 2275 1962 legi
2310 1891 2411 1947 Dei
2441 1891 2893 1964 condelectatur,
2921 1910 3135 1967 magna
3166 1894 3263 1950 Dei
3298 1895 3598 1952 miseratio
3622 1903 3818 1955 osten-

402 1991 500 2041 tus
520 1984 891 2056 Augustinus
920 2002 933 2040 :
965 1984 1127 2050 Quod
1161 1982 1291 2039 nolo
1311 1981 1554 2050 malum,
1583 1980 1693 2035 hoc
1724 1980 1919 2053 ago,id
1941 1982 2050 2046 est,

402 2072 750 2146 concupisco
783 2098 797 2141 ;
830 2073 932 2129 sed
970 2090 1083 2129 non
1115 2073 1337 2141 vincor,
1372 2072 1514 2145 quia
1544 2069 1711 2125 malae
1743 2067 2050 2140 concupis-

401 2160 494 2217 tiaa
524 2179 640 2218 non
667 2163 943 2218 assentio.
978 2163 1136 2218 Idem
1184 2178 1316 2218 vero
1373 2161 1435 2216 B:
1474 2159 1834 2231 Augustinus
1887 2156 2048 2226 dicit,

405 2251 546 2321 quia
576 2249 798 2305 malum
831 2250 987 2321 quod
1018 2266 1190 2321 agere
1249 2248 1482 2304 nolebat
1529 2255 1586 2303 et
1613 2248 1840 2319 agebat,
1868 2244 2050 2300 libido

405 2338 651 2419 erat.Do'
671 2355 784 2409 quo
816 2339 971 2393 malo
993 2338 1130 2392 alibi
1155 2338 1300 2393 dicit
1333 2355 1346 2391 :
1381 2339 1554 2393 Datus
1581 2345 1658 2391 est
1687 2336 1826 2390 mihi
1852 2335 2049 2390 stimu-

402 2429 487 2482 lus
515 2429 702 2482 carnis
730 2441 888 2497 mese,
943 2427 1172 2497 angelus
1212 2426 1455 2493 Satanae,
1486 2427 1584 2498 qui
1636 2439 1723 2478 me
1749 2424 2051 2494 colaphth

406 2517 481 2586 (11
510 2516 631 2571 Cor.
660 2532 765 2583 χιι,
795 2515 872 2587 7).
911 2515 1239 2570 Libidinem
1272 2514 1490 2586 quippe
1520 2513 1645 2569 suis
1677 2512 1898 2567 viribus
1923 2512 2047 2567 vin-

402 2619 531 2660 cere
560 2603 940 2672 volebat;sed
974 2604 1112 2675 quia
1142 2620 1259 2659 non
1291 2601 1725 2675 potuit,idcirco
1760 2601 2048 2657 exclama-

396 2693 479 2750 vit
509 2709 523 2748 :
552 2709 665 2750 non
692 2696 844 2749 enim
871 2692 1011 2764 quod
1036 2694 1155 2748 volo
1187 2692 1405 2759 bonum,
1439 2697 1551 2747 etc.

470 2782 533 2843 Si
559 2786 744 2838 autem
772 2782 912 2854 quod
939 2786 1066 2838 noto
1089 2781 1241 2837 illud
1265 2782 1408 2853 facio
1439 2781 1496 2837 id
1525 2784 1604 2836 est
1641 2787 1861 2836 coactus
1898 2778 2045 2850 (250)

398 2875 721 2944 concupisco
753 2892 768 2939 ς
783 2873 904 2944 jam
932 2888 1045 2927 non
1073 2886 1168 2941 ego
1207 2887 1401 2943 operor
1460 2870 1624 2925 illud.
1684 2869 1846 2934 Quod
1906 2867 2048 2923 dicit

390 2962 515 3033 jam
545 2961 815 3032 superius
845 2960 1250 3032 accipiendum
1281 2959 1463 3016 est.Et
1483 2958 1623 3031 quia
1653 2961 1876 3029 poterat
1907 2955 2041 3012 dici:

400 3051 535 3121 quis
565 3064 700 3123 ergo
733 3054 1009 3122 operatur
1032 3048 1381 3120 ‘lsubjunxit
1414 3066 1427 3104 :
1461 3047 1721 3119 sedquod
1751 3048 1964 3101 habitat
1983 3048 2045 3101 in

397 3154 504 3205 me,
532 3146 836 3211 peceatum,
867 3138 925 3193 id
953 3142 1063 3208 est,
1097 3138 1289 3194 carnis
1339 3136 1624 3209 fragilitas
1656 3161 1671 3204 ;
1703 3137 1856 3191 hanc
1885 3134 2041 3191 enim

398 3227 581 3284 voluit.
610 3228 828 3300 peccati
859 3228 1095 3283 nomine
1125 3226 1442 3299 designari.

2160 1979 2321 2035 ditur
2352 1998 2367 2047 ;
2400 1981 2652 2037 exterior
2679 1982 2834 2037 enim
2870 1982 3044 2038 homo
3075 1983 3337 2054 quotidie
3374 1987 3815 2060 corrumpitur;

2160 2067 2404 2124 interior
2431 2084 2564 2125 vero
2595 2069 2791 2124 divina
2822 2070 3192 2128 miseratione
3228 2073 3550 2147 inspiratus
3581 2076 3819 2148 proficit

2160 2163 2215 2210 et
2245 2158 2560 2213 innovatur
2589 2159 2660 2214 de
2689 2159 2783 2214 die
2803 2159 2861 2214 in
2894 2159 3070 2216 diem.

2232 2247 2439 2316 Infelix
2468 2263 2566 2316 ego
2617 2247 2773 2303 homo
2806 2253 2825 2301 !
2854 2248 3000 2315 Quia
3056 2250 3282 2307 viderat
3336 2252 3653 2325 Apostolus
3710 2254 3811 2311 hoc

2159 2334 2374 2389 bellum
2405 2334 2517 2390 sibi
2546 2337 2755 2407 inesse,
2789 2352 3054 2408 quaerens
3084 2339 3637 2412 refugium,nullum
3674 2342 3732 2398 in
3752 2358 3812 2399 se

2158 2424 2410 2494 reperire
2444 2424 2631 2494 potuit
2663 2443 2678 2501 ς
2711 2426 2962 2497 ideoque
3018 2416 3413 2484 exclamavit:
3446 2431 3657 2502 Infelix
3712 2448 3811 2503 ego

2158 2511 2358 2568 homo!
2391 2511 2686 2567 Infelicem
2718 2529 2779 2568 se
2804 2512 2965 2582 dicit,
2999 2521 3236 2588 propter
3265 2518 3457 2573 carnis
3519 2518 3803 2591 fragilita-

2156 2605 2295 2672 tem,
2329 2600 2387 2656 in
2421 2618 2538 2673 qua
2570 2617 2831 2673 manens,
2856 2602 3031 2659 etiam
3064 2604 3269 2661 nolens
3325 2606 3803 2680 concupiscebat.

2155 2691 2426 2756 Sed,cum
2450 2707 2654 2746 omnes
2675 2693 3161 2761 moriantur,tam
3190 2695 3325 2750 boni
3344 2711 3521 2768 quam
3553 2700 3613 2752 et
3649 2697 3808 2766 mali,

2156 2778 2235 2851 pii
2258 2783 2316 2834 et
2344 2778 2693 2851 impii,quod
2720 2781 3367 2839 manifestatextremus
3388 2785 3514 2840 dies
3540 2784 3805 2856 illorum;

2154 2866 2295 2938 quid
2325 2866 2437 2923 sibi
2468 2866 2591 2921 vult
2620 2868 2773 2939 quod
2804 2869 3117 2940 Apostolus
3141 2870 3362 2927 subdit:
3400 2872 3532 2940 Quis
3562 2890 3651 2929 me
3673 2873 3811 2929 libe-

2153 2956 2301 3012 rabit
2343 2955 2409 3012 de
2462 2972 2689 3023 corpore
2741 2959 2931 3013 mortis
2983 2957 3200 3029 hujus?
3231 2960 3298 3015 Et
3351 2960 3460 3015 hoc
3525 2978 3633 3034 pro
3676 2979 3799 3019 ma-

2152 3060 2267 3117 gno
2296 3046 2444 3117 (253)
2475 3046 2673 3116 gratim
2706 3045 2801 3100 Dei
2835 3045 3058 3102 tribuit.
3102 3047 3214 3103 Sed
3273 3050 3598 3105 notandum
3659 3050 3804 3122 quia

2153 3148 2267 3189 non
2302 3134 2383 3190 ait
2410 3138 2665 3202 tantum,
2687 3133 2751 3191 de
2777 3150 2997 3206 corpore
3031 3138 3229 3192 mortis
3283 3153 3484 3194 verum
3547 3138 3801 3206 addidit,

2150 3223 2333 3295 hujus.
2369 3223 2503 3278 Mali
2535 3224 2831 3293 enim,etsi
2862 3224 3181 3280 liberentur
3211 3226 3284 3282 de
3318 3242 3557 3299 corpore
3589 3228 3801 3285 mortis

478 3316 625 3384 Quid
654 3333 793 3372 vero
814 3321 904 3371 est
933 3316 1086 3387 quod
1121 3315 1435 3386 Apostolus
1467 3331 1621 3369 nunc
1653 3329 1715 3369 se
1745 3330 1860 3368 non
1902 3328 2035 3383 ope-
2067 3304 2110 3371 (ἶ
2148 3311 2345 3382 hujus,
2376 3316 2571 3368 tamen
2604 3318 2965 3368 revertentur
2993 3313 3066 3368 ad
3097 3329 3310 3387 corpus
3350 3316 3556 3372 mortis
3591 3316 3796 3390 hujus,

403 3404 541 3475 rari,
574 3420 731 3459 nunc
760 3419 824 3459 se
848 3404 1076 3476 operari
1105 3403 1268 3470 dicit,
1319 3401 1431 3457 nisi
1493 3401 1633 3473 quia
1687 3400 2040 3473 operabatur

399 3491 889 3563 concupiscentiis
916 3491 1239 3547 resistendo
1268 3491 1296 3546 Ἰ
1324 3491 1683 3562 Operabatur
1730 3487 2040 3561 fragilitate

399 3596 515 3636 non
544 3581 895 3649 operabatur
935 3578 1233 3635 voluntate
1269 3596 1281 3647 ;
1313 3579 1662 3651 operabatur
1705 3594 1897 3645 carne,
1922 3594 2037 3632 non

395 3670 754 3741 operabatur
781 3674 993 3724 mente.

466 3756 689 3814 Invenio
717 3760 893 3826 igitur
922 3759 1113 3828 legem,
1144 3756 1350 3813 volenti
1377 3757 1521 3811 mihi
1573 3759 1758 3827 facere
1815 3755 2034 3821 bonum,

396 3849 661 3918 quoniam
687 3847 899 3901 malum
926 3845 1070 3901 mihi
1097 3846 1333 3917 adjacet.
1383 3845 1455 3900 Et
1480 3849 1570 3900 est
1601 3858 1811 3899 sensus
1843 3859 1856 3898 :
1893 3842 2036 3898 mibi

394 3934 611 3991 volenti
642 3936 830 3989 facere
860 3934 1103 4001 bonum,
1134 3931 1366 3988 invenio
1409 3931 1595 4003 legem
1654 3931 1893 3985 bonum.
1930 3936 2039 3985 Lex

394 4024 552 4080 enim
581 4024 805 4079 bonum
836 4026 944 4091 est,
976 4023 1116 4094 quia
1144 4022 1300 4077 bona
1328 4021 1621 4094 praedicat.
1665 4020 1776 4076 Sed
1806 4019 1913 4074 hoc
1944 4019 2038 4074 bo-

394 4124 536 4169 num
566 4112 714 4169 meis
740 4111 966 4169 viribus
994 4110 1238 4183 implere
1289 4126 1407 4167 non
1437 4126 1700 4182 possum,
1758 4109 2036 4180 quoniam

396 4203 618 4258 malum
656 4202 802 4258 mihi
849 4202 1095 4271 adjacet,
1126 4199 1185 4256 id
1216 4203 1326 4268 est,
1375 4198 1568 4255 carnis
1625 4197 1911 4269 fragilitas
1964 4196 2035 4251 ad

395 4292 611 4347 malam
662 4291 1203 4363 concupiscentiam
1252 4289 1427 4359 cogit.
1478 4289 1548 4342 Et
1601 4287 1741 4358 quia
1788 4286 2039 4341 obscura

394 4384 561 4436 erant
590 4396 722 4452 quae
750 4378 1176 4449 dixerat,quasi
1205 4375 1837 4448 exponens,subjunxit
1869 4374 2038 4444 ;Con-

393 4468 630 4524 delector
650 4470 800 4524 enim
830 4469 938 4537 legi
969 4469 1087 4531 Dei,
1120 4469 1229 4522 etc.
1262 4469 1327 4519 In
1362 4464 1579 4535 quibus
1607 4463 1799 4518 verbis
1829 4467 2037 4519 notan-

396 4557 537 4611 dum
568 4556 707 4626 quia
737 4559 989 4627 quatuor
1019 4554 1216 4627 legum
1246 4553 1385 4609 facit
1440 4552 1756 4623 Apostolus
1788 4552 2036 4608 mentio-

397 4659 530 4700 nem
568 4663 583 4700 :
615 4644 737 4710 Dei,
771 4645 1010 4712 mentis,
1071 4643 1288 4716 peccati
1346 4646 1404 4697 et
1458 4640 1877 4698 membrorum.
1943 4643 2035 4696 Hae
2067 4665 2115 4730 Ι)

399 4738 595 4790 autem
622 4737 875 4805 quatuor
902 4734 1030 4788 duis
1061 4737 1238 4800 sunt;
1272 4747 1408 4787 nam
1457 4730 1548 4787 lex
1600 4731 1693 4786 Dei
1727 4737 1783 4786 et
1825 4731 2039 4788 mentis

396 4839 517 4878 una
546 4826 636 4878 est
668 4839 682 4890 ;
717 4822 1112 4877 membrorum
1146 4826 1204 4877 et
1228 4820 1446 4893 peccati
1477 4818 1750 4876 similiter
1777 4836 1915 4875 una.

470 4911 579 4967 Sed
613 4911 850 4983 quando
879 4915 1017 4965 ortaa
1047 4914 1187 4966 sunt
1242 4911 1329 4965 hae
1381 4909 1540 4982 leges
1567 4907 1597 4962 ?
1621 4907 1868 4976 Scilicet,
1901 4924 2035 4963 cum

400 5000 628 5072 primus
661 4999 837 5056 homo
872 5000 931 5054 in
963 4999 1235 5070 paradiso
1264 4998 1452 5069 legem
1497 4997 1596 5053 Dei
1630 5002 2036 5069 transgressus

392 5093 477 5118 Αηι
507 5106 519 5118 .
567 5088 626 5118 ΠΙ
658 5088 721 5118 Α.
751 5104 798 5118 Α.

802 5090 899 5118 IAM:
936 5087 1089 5118 ἰἠηη
1135 5086 1384 5118 Αιηαηλοόδ
1748 5104 1759 5115 Ι
1791 5085 1858 5118 ΑΔ

2148 3400 2425 3471 quoniam
2439 3401 2650 3456 mortui
2669 3402 2737 3456 ad
2757 3400 3109 3474 supplicium
3135 3403 3517 3473 deducentur;
3537 3422 3798 3479 cumque

2148 3488 2590 3557 resurrexerint,
2630 3489 2738 3543 etsi
2784 3489 3141 3546 immortalia
3186 3507 3429 3565 corpora
3484 3493 3792 3568 recipient,

2148 3582 2345 3633 tamen
2378 3577 2940 3650 corruptibilia,cum
2972 3580 3187 3651 quibus
3219 3582 3344 3636 sine
3377 3583 3492 3637 ﬁne
3524 3585 3791 3640 crucien-

2146 3673 2261 3724 tur.
2295 3666 2415 3722 Soli
2445 3682 2582 3739 ergo
2611 3666 2779 3722 electi
2810 3668 2880 3723 de
2908 3684 3147 3741 corpore
3178 3670 3383 3726 mortis
3431 3672 3615 3742 hujus
3648 3673 3797 3729 libe-

2147 3760 2371 3821 rantur,
2406 3756 2854 3827 quoniam,dum
2888 3758 3239 3830 moriuntur,
3264 3759 3335 3814 ab
3368 3759 3475 3815 hoc
3506 3762 3790 3817 conﬂictu

2148 3843 2401 3912 liberati,
2429 3844 2499 3899 ad
2530 3844 2810 3916 gaudium
2844 3849 3236 3917 transeunt,et
3266 3856 3794 3920 resurgentes,cor-

2148 3946 2288 4004 pora
2316 3931 2782 4005 incorruptibilia
2810 3938 2868 3989 et
2906 3934 3262 3991 immortalia
3320 3937 3626 4010 recipient,
3661 3956 3795 3995 cum

2146 4022 2361 4092 quibus
2384 4021 2510 4076 sine
2533 4023 2647 4077 fine
2672 4021 3150 4095 laetenturJgitur
3172 4040 3355 4091 unum
3376 4025 3567 4080 solum
3592 4028 3794 4099 gratiae

2146 4110 2245 4165 Dei
2276 4110 2423 4181 (254)
2454 4110 2745 4182 refugium
2778 4110 3014 4176 invenit,
3049 4113 3297 4184 ideoque
3329 4114 3797 4186 subjunxit:gra-

2145 4200 2223 4253 tia
2253 4200 2353 4253 Dei
2385 4241 2398 4265 ,
2428 4214 2494 4253 ac
2528 4198 2577 4253 si
2609 4199 2824 4255 diceret
2855 4214 2868 4254 :
2904 4199 3025 4255 Non
3061 4202 3208 4257 meis
3239 4202 3481 4272 viribus,
3510 4222 3627 4260 non
3667 4221 3795 4261 meo

2147 4291 2380 4353 conatu,
2412 4286 2512 4342 sed
2545 4286 2643 4342 Dei
2680 4287 3053 4345 miseratione
3084 4289 3395 4347 liberabor.
3429 4293 3498 4347 Et
3544 4293 3795 4365 pulchre

2147 4375 2451 4446 subjungit
2484 4391 2497 4430 :
2524 4390 2624 4446 per
2649 4379 2835 4430 Iesum
2863 4376 3144 4433 Christum
3189 4381 3487 4436 Dominum
3516 4387 3791 4451 nostrum,

2146 4463 2444 4536 quoniam,
2470 4462 2622 4518 sicut
2652 4479 2754 4535 per
2798 4481 2981 4521 unum
3028 4483 3207 4540 mors,
3261 4469 3344 4525 ita
3374 4475 3431 4525 et
3462 4486 3567 4542 per
3597 4488 3790 4527 unum

2146 4552 2491 4608 resurrectio
2519 4557 2906 4623 mortuorum;
2941 4555 3094 4612 sicut
3113 4559 3268 4613 enim
3292 4558 3348 4613 in
3376 4559 3563 4615 Adam
3583 4574 3793 4616 omnes

2148 4642 2499 4711 moriuntur,
2526 4641 2606 4697 ita
2635 4642 2694 4697 in
2726 4642 2952 4699 Christo
2982 4661 3185 4702 omnes
3205 4645 3796 4721 viviﬁcabuntur.lgi-

2146 4736 2261 4799 tur,
2295 4731 2461 4802 quasi
2492 4730 2708 4786 diceret
2737 4730 2950 4804 aliquis
2982 4749 2996 4788 :
3023 4749 3151 4805 quas
3182 4739 3270 4790 est
3298 4734 3418 4791 haec
3448 4752 3633 4803 mors,
3660 4740 3795 4809 (pro

2147 4836 2265 4891 qua
2289 4823 2517 4875 tantum
2545 4836 2579 4875 a
2598 4836 2837 4892 corpore
2858 4821 3093 4878 liberari
3124 4824 3421 4880 desideras
3445 4827 3468 4879 Ρ
3495 4825 3797 4882 Continuo

2148 4907 2355 4963 addit:
2387 4908 2562 4977 Igitur
2589 4923 2685 4979 ego
2725 4910 2843 4981 ipse
2881 4914 3064 4965 mente
3114 4912 3284 4967 servio
3315 4912 3426 4983 legi
3449 4913 3568 4981 Dei,
3627 4930 3801 4970 carne

2146 5004 2344 5064 autem,
2379 4997 2488 5068 legi
2513 4999 2735 5068 peccati,
2770 4997 2892 5053 haec
2922 5004 3011 5055 est
3042 5002 3221 5072 mors)
3250 5001 3417 5073 (255).
3440 5002 3604 5067 Quod
3627 5004 3793 5072 dicit,

2149 5102 2238 5118 ann
2268 5087 2380 5118 οἰηιιη
2408 5085 2846 5118 ἶηθηιῖἶηαηιῖηηι
2881 5092 2968 5118 Δειδ-
2996 5103 3100 5118 nan
3132 5094 3183 5118 ..ι
3216 5106 3325 5118 ηρ...
3360 5090 3509 5118 αλκ...-
3535 5108 3549 5118 ι
3589 5108 3727 5118 κα..-
