3998 5278
223 335 329 395 19⁵1

814 330 1222 393 EXPOSITIU
1267 329 1344 392 IN
1394 331 1823 395 EPISTULAS
1871 325 2131 398 PAULI.
2164 368 2243 382 —
2275 337 2349 398 IN
2386 338 2628 399 EPIST.
2675 337 2778 398 AD
2825 338 3015 400 ΗΘΜ.

3502 342 3616 406 198

228 467 307 522 dit
334 463 486 520 enim
519 478 622 534 per
641 460 923 533 Spiritum
953 467 1243 531 sanctum,
1274 464 1501 519 futuros
1533 465 1856 534 haereticos,
1889 469 1941 533 Α
2043 469 2230 531 Quare
2252 474 2448 525 autem
2474 468 2836 541 impossibile
2856 475 3028 539 esset,
3053 472 3307 526 ostendit
3327 489 3459 528 cum
3482 474 3617 529 sub-

224 556 318 627 qui
367 552 628 606 dicerent
685 556 952 605 naturam
1015 552 1221 607 animae
1279 570 1404 608 esse
1437 572 1470 608 a
1506 556 1638 622 Deo,
1670 555 1862 609 carnis

222 652 350 700 vero
382 659 414 696 a
446 640 707 711 principe
747 640 1150 707 tenebrarum;
1184 641 1431 712 ideoque
1474 644 1574 707 ait,
1607 660 1698 714 ego
1731 646 1862 714 ipse,

224 739 501 804 tanquam
533 729 750 783 diceret
783 745 796 782 :
832 745 944 784 non
996 735 1084 784 est
1126 739 1186 784 ut
1219 732 1509 799 asseritis;
1545 750 1657 787 non
1709 733 1864 788 enim

227 824 346 878 (inte
378 823 432 874 et
461 819 766 872 contraries
809 817 866 872 in
912 835 1005 874 me
1037 824 1175 873 sunt
1206 825 1447 886 naturae,
1484 838 1600 875 una
1645 839 1678 876 a
1727 822 1862 886 Deo,

232 912 402 967 altera
430 925 462 963 a
491 908 866 963 tenebrarum
919 908 1200 980 principe,
1234 910 1334 964 sed
1385 925 1489 980 ego
1535 911 1678 979 ipse,
1713 927 1866 964 unus

228 999 490 1068 idemque
522 995 696 1051 homo
745 1013 917 1051 carne
970 997 1153 1052 servio
1213 997 1321 1070 legi
1380 998 1869 1069 peccati,scilicet

227 1085 714 1158 concupiscendo;
748 1089 941 1140 mente
983 1102 1136 1152 vero,
1167 1085 1280 1158 legi
1330 1086 1453 1152 Dei,
1489 1088 1543 1141 id
1593 1092 1700 1156 est,
1733 1103 1868 1141 con-

226 1173 596 1248 Cupiscentiis
623 1174 968 1229 resistendo.

288 1267 520 1320 Poterat
566 1263 637 1318 ad
672 1263 792 1318 hzec
823 1263 1036 1334 aliquis
1067 1264 1258 1319 dicere
1295 1283 1306 1319 :
1351 1265 1489 1336 quia
1538 1281 1709 1320 carne
1759 1266 1870 1336 legi

227 1353 426 1428 peccati
492 1353 699 1419 servis,
755 1357 990 1423 propter
1037 1353 1187 1407 hanc
1248 1353 1586 1408 servitutem
1647 1355 1869 1427 aliquid

227 1443 616 1498 damnationis
652 1442 931 1512 acquiris,
955 1458 1028 1496 an
1063 1441 1219 1496 non?
1245 1443 1488 1514 Ideoque
1520 1444 1823 1514 subjunxit
1855 1461 1868 1499 :

227 1533 360 1600 (256)
399 1533 564 1601 (CAP.
587 1529 760 1600 VIII.)
791 1528 945 1584 Nihil
973 1547 1099 1597 ergo
1130 1531 1277 1601 (257)
1309 1549 1456 1585 nunc
1503 1532 1872 1587 damnationis

226 1631 294 1676 est
323 1622 407 1688 iis,
449 1623 556 1690 qui
602 1624 733 1674 sunt
785 1621 845 1673 in
898 1619 1110 1674 Christo
1159 1624 1311 1685 Jesu,
1343 1625 1450 1674 etc.
1485 1628 1566 1674 Ac
1617 1622 1665 1676 si
1717 1621 1870 1676 dice-

225 1714 339 1766 ret:
371 1709 526 1781 (258)
563 1708 707 1763 nihil
752 1708 897 1762 mihi
930 1708 1325 1763 damnationis
1375 1715 1464 1764 est
1496 1726 1509 1762 ε
1546 1726 1649 1763 nec
1681 1709 1871 1765 solum

228 1799 378 1868 mihi,
409 1799 521 1855 sed
569 1803 626 1852 et
673 1798 950 1852 omnibus
1000 1798 1099 1868 qui
1147 1802 1285 1852 sunt
1333 1797 1390 1851 in
1425 1798 1658 1853 Christo
1710 1799 1871 1870 Jesu,

229 1890 311 1961 qui
335 1904 441 1943 non
479 1885 782 1943 secundum
811 1901 1035 1941 carnem
1081 1887 1388 1941 ambula-nt.
1426 1886 1511 1940 Illi
1546 1888 1870 1943 secundum

230 1993 443 2033 carnem
489 1992 603 2030 non
635 1974 962 2041 ambulant,
982 1974 1103 2046 qui,
1127 1975 1235 2030 etsi
1267 1975 1710 2046 concupiscunt,
1735 1993 1869 2031 con-

232 2065 602 2138 cupiscentiis
634 2068 829 2119 tamen
880 2064 1103 2118 fortiter
1152 2064 1455 2129 resistunt,
1479 2071 1534 2119 ct
1563 2065 1779 2120 idcirco
1812 2067 1870 2120 in

235 2154 436 2211 Christo
473 2153 620 2208 Jesu
669 2157 837 2216 sunt;
880 2152 1115 2222 quique,
1150 2153 1258 2207 etsi
1307 2158 1443 2207 ante
1488 2153 1870 2224 baptismum,

243 2241 701 2316 concupiscentiae
724 2243 1100 2314 przsbuerunt
1119 2258 1490 2308 consensum,
1513 2249 1612 2297 aut
1633 2243 1869 2314 aliquod

240 2331 509 2403 ﬂagitium
560 2330 1005 2396 commiserunt,
1051 2347 1149 2400 per
1199 2336 1630 2386 sacramentum
1677 2338 1870 2387 tamen

238 2421 504 2494 baptismi
539 2423 596 2476 et
623 2419 920 2476 lavacrum
970 2419 1426 2492 regenerationis
1479 2425 1665 2476 totum
1697 2422 1756 2475 in
1788 2422 1872 2475 eis

227 2510 478 2565 deletum
506 2514 620 2575 est,
652 2509 900 2580 ideoque
931 2506 1078 2562 nihil
1118 2513 1205 2563 est
1237 2508 1321 2564 eis
1355 2510 1770 2564 damnationis.
1807 2511 1875 2564 Et

224 2603 506 2670 tanquam
541 2603 822 2668 quaereret
864 2593 1079 2668 aliquis
1109 2599 1404 2668 quomodo
1436 2615 1469 2652 a
1499 2599 1874 2652 damnatione

221 2685 506 2742 liberatus
556 2685 654 2751 sit,
705 2684 976 2739 addidit:
1011 2686 1128 2739 Lex
1175 2688 1323 2740 enim
1369 2688 1603 2754 spiritus
1653 2689 1786 2742 vita:
1815 2688 1876 2740 in

223 2775 437 2830 Christo
495 2776 618 2829 Jesu
675 2774 932 2828 liberavit
961 2790 1043 2828 me
1091 2791 1125 2827 α
1171 2775 1282 2843 lege
1337 2775 1544 2843 peccati
1569 2778 1620 2828 et
1661 2779 1872 2828 mortis.

217 2863 362 2919 Ecce
394 2862 716 2934 Apostolus
763 2862 945 2916 tertia:
992 2861 1137 2932 legis
1185 2861 1542 2916 mentionem
1574 2862 1729 2916 facit.
1763 2863 1876 2916 Sed

215 2969 350 3023 quae
383 2956 479 3005 est
508 2951 630 3004 htEO
665 2950 753 3003 lex
791 2950 1037 3020 spiritus
1066 2955 1123 3004 et
1151 2949 1316 3003 vitae?
1346 2952 1475 3002 Haec
1506 2954 1593 3003 est
1623 2949 1714 3003 lex
1745 2949 1876 3003 ﬁdei

211 3045 272 3096 et
305 3037 762 3103 misericordiae;
795 3038 886 3091 lex
915 3036 1038 3090 haec
1061 3041 1150 3091 est
1191 3036 1388 3107 gratia:
1415 3035 1726 3107 Evangelii,
1751 3053 1881 3108 quae

211 3129 354 3183 ideo
393 3123 494 3181 lex
523 3127 655 3181 vita
697 3123 928 3194 dicitur,
963 3123 1063 3195 qui
1094 3141 1127 3178 a
1158 3129 1342 3179 morte
1381 3123 1619 3191 liberat;
1653 3126 1743 3180 lex
1768 3127 1878 3196 spi-

1974 557 2130 610 ditur
2164 575 2175 611 :
2211 559 2274 612 in
2313 573 2418 627 quo
2476 559 2880 628 inﬁrmabalur
2933 575 3036 630 per
3092 576 3333 614 carnem.
3365 561 3620 619 Jubebat

1973 645 2156 710 enim,
2181 648 2279 701 sed
2315 665 2431 702 non
2466 649 2813 716 adjuvabat;
2847 648 3081 702 inﬁrma
3112 655 3397 720 praecepta
3418 652 3614 720 dabat,

1975 735 2073 787 sed
2109 750 2220 788 non
2254 737 2516 790 sanabat.
2550 735 2657 788 Per
2685 751 2918 790 carnem
2958 753 3085 790 vero
3113 737 3271 805 dicit,
3297 755 3396 808 per
3425 741 3618 795 carnis

1975 821 2455 894 intelligentiam;
2492 841 2626 877 nam
2677 822 2767 877 lex
2814 824 3156 894 spiritaliter
3205 825 3496 883 intellecta
3526 843 3619 884 ea-

1977 911 2107 964 dem
2141 917 2228 966 est
2259 918 2312 965 et
2342 914 2527 984 gratia
2559 911 2870 976 Evangelii.

2046 1000 2185 1054 Deus
2217 1002 2423 1055 Filium
2469 1018 2629 1055 suum
2677 1003 2901 1055 mittens
2958 1003 3015 1056 in
3074 1004 3443 1060 similitudine
3475 1006 3622 1078 (259)

1977 1089 2166 1142 carnis
2219 1090 2444 1159 peccati.
2508 1089 2758 1144 Dicendo
2815 1106 3008 1157 suum,
3059 1091 3315 1147 ostendit
3370 1095 3510 1165 quia
3566 1100 3624 1151 et

1981 1177 2324 1248 priusquam
2360 1179 2686 1232 mitteretur
2711 1179 2886 1232 Filius
2917 1184 3060 1234 erat.
3088 1179 3152 1234 Et
3181 1187 3317 1236 nota
3348 1183 3484 1254 quia
3507 1199 3621 1239 non

1979 1265 2060 1320 ait
2093 1282 2104 1318 :
2135 1267 2197 1319 In
2230 1282 2396 1321 came
2423 1269 2654 1338 peccati,
2687 1268 2783 1320 sed
2811 1269 2869 1320 in
2897 1268 3266 1324 similitudine
3293 1272 3476 1326 carnis
3500 1287 3620 1344 pec-

1979 1356 2093 1408 cati
2123 1371 2139 1406 :
2175 1354 2351 1409 Filius
2382 1355 2536 1409 enim
2570 1354 2669 1409 Dei
2701 1356 2959 1425 veniens,
2993 1373 3107 1410 non
3135 1372 3367 1413 carnem
3403 1359 3620 1430 peccati

1982 1441 2052 1496 de
2081 1442 2338 1513 Virgine,
2373 1444 2471 1497 sed
2517 1443 2965 1499 similitudinem
2999 1446 3191 1500 carnis
3238 1447 3454 1516 peccati
3486 1465 3622 1504 sus-

1982 1531 2152 1602 cepit.
2191 1533 2252 1585 ln
2286 1548 2458 1586 carne
2491 1533 2706 1603 quippe
2756 1536 2992 1602 peccati,
3029 1551 3185 1589 mors
3227 1535 3402 1590 simul
3437 1541 3523 1591 est
3566 1541 3624 1593 et

1983 1625 2317 1691 peccatum;
2379 1621 2438 1673 in
2498 1621 2882 1676 similitudine
2941 1639 3072 1677 vero
3133 1624 3322 1678 carnis
3380 1625 3622 1696 peccati,

1984 1709 2108 1763 sola
2139 1726 2295 1764 mors
2344 1725 2519 1780 quam
2553 1710 2836 1764 Dominus
2869 1727 2969 1782 pro
3003 1711 3169 1765 nobis
3211 1713 3470 1783 pertulit,
3497 1714 3624 1768 nul-

1904 1837 1950 1904 Β
1985 1795 2105 1850 lum
2152 1798 2390 1852 omnino
2424 1792 2643 1852 habens
2685 1803 3014 1868 peccatum;
3049 1801 3202 1854 unde
3251 1801 3454 1858 Petrus
3484 1817 3626 1873 apo-

2155 1903 2160 1904 ,
2255 1889 2318 1904 π
2372 1903 2378 1904 ,
2425 1893 2437 1904 .
2591 1903 2595 1904 ν
3215 1891 3304 1904 ηρ..
3398 1895 3407 1904 .

1983 1885 2168 1940 stolus
2202 1904 2214 1941 :
2248 1889 2536 1942 Peccatum
2567 1903 2678 1942 non
2703 1889 2832 1956 fecit
2864 1885 2912 1957 (Ι
2937 1892 3087 1942 Petr.
3125 1903 3185 1954 II,
3215 1891 3328 1961 22),
3360 1895 3470 1946 etc.

2052 1975 2116 2026 Et
2146 1974 2213 2028 de
2237 1983 2454 2044 peccato
2503 1975 2783 2030 damnavit
2827 1978 3109 2045 peccatum
3156 1977 3218 2030 in
3264 1993 3446 2032 car-ne.
3479 1978 3627 2042 Quid

1981 2061 2089 2117 sibi
2125 2062 2248 2117 vult
2270 2064 2420 2134 quod
2448 2063 2546 2129 ait,
2571 2063 2637 2118 de
2653 2068 2896 2135 peccato,
2921 2081 3054 2118 cum
3080 2068 3277 2121 Petrus
3308 2067 3630 2138 dicat,quia

1983 2157 2284 2221 peccatum
2320 2169 2433 2206 non
2467 2153 2636 2207 fecit?
2655 2153 2762 2206 Sed
2788 2153 3090 2208 sciendum
3117 2155 3254 2224 quia
3277 2171 3403 2210 mos
3428 2156 3537 2211 fuit
3567 2156 3626 2210 in

1983 2240 2170 2294 Veteri
2195 2241 2570 2296 Testamento
2597 2247 2658 2296 ut
2679 2259 2850 2296 omne
2873 2243 3227 2297 sacriﬁcium
3261 2259 3361 2314 pro
3396 2255 3629 2315 peccato

1983 2336 2283 2400 peccatum
2339 2329 2647 2385 diceretur.
2696 2329 2834 2384 Tale
2892 2329 3243 2386 sacriﬁcium
3296 2333 3484 2388 factus
3543 2338 3632 2388 est

1983 2417 2288 2484 Dominus,
2324 2433 2455 2472 cum
2517 2419 2776 2490 seipsum
2820 2434 2921 2489 pro
2957 2418 3125 2473 nobis
3173 2419 3232 2473 in
3284 2437 3385 2475 ara
3440 2424 3630 2477 crucis

1983 2507 2215 2561 obtulit.
2242 2507 2402 2562 Unde
2433 2508 2586 2562 idem
2618 2506 2933 2577 Apostolus
2964 2505 3102 2560 alibi
3135 2507 3275 2562 dicit
3307 2525 3319 2563 :
3352 2509 3513 2576 Eum,
3535 2511 3632 2580 qui

1984 2597 2136 2666 [non]
2157 2597 2302 2667 (260)
2327 2604 2549 2652 noverat
2575 2605 2879 2663 peccatum,
2894 2603 3180 2668 peccatum
3201 2613 3299 2667 pro
3323 2597 3480 2653 nobis
3502 2600 3632 2669 fecit

1984 2686 2059 2754 (Il
2092 2687 2214 2740 Cor.
2237 2703 2290 2751 v,
2311 2686 2424 2755 2‘2),
2449 2684 2505 2738 id
2539 2690 2626 2739 est
2655 2682 2910 2738 hostiam
2944 2701 3045 2755 pro
3077 2690 3329 2755 peccato.
3357 2691 3432 2741 De
3461 2702 3629 2742 carne

1985 2790 2141 2844 ergo,
2169 2790 2344 2844 qnam
2377 2775 2445 2827 de
2467 2772 2703 2844 Virgine
2736 2773 2864 2827 sine
2914 2779 3147 2843 peccato
3179 2775 3456 2846 sumpsit,
3483 2793 3630 2831 nun-

1987 2878 2162 2931 quam
2186 2863 2499 2931 peccando,
2524 2877 2694 2916 omne
2717 2861 2774 2916 in
2795 2861 2962 2916 nobis
2985 2869 3286 2932 peccatum
3309 2863 3626 2931 damnavit,

1988 2964 2121 3001 cum
2153 2965 2278 3001 eam
2306 2950 2454 3017 (261)
2478 2965 2577 3018 pro
2611 2954 2844 3020 peccato
2878 2948 3063 3004 Patris
3095 2950 3448 3005 sacriﬁcium
3477 2951 3629 3007 fecit.

2061 3035 2138 3088 Ad
2198 3035 2337 3103 quid
2393 3041 2697 3104 peccatum
2758 3038 3138 3104 damnaverit,
3181 3039 3437 3108 aperitur
3494 3057 3629 3095 cum

1989 3122 2309 3178 subditur:
2356 3124 2417 3179 Ut
2464 3123 2777 3192 iustiﬁcatio
2806 3125 2939 3193 legis
2981 3126 3302 3195 impleretur
3350 3128 3410 3181 in
3455 3129 3631 3182 nobis.

210 3219 385 3283 ritus,
439 3215 580 3285 quia
633 3213 906 3269 viviﬁcat.
941 3213 1241 3278 Quomodo
1301 3217 1495 3268 autem
1553 3213 1671 3267 haec
1726 3213 1816 3268 lex
1849 3230 1883 3270 a
1911 3199 1953 3264 C
1989 3210 2476 3266 Justiﬁcationem
2511 3211 2654 3282 legis
2684 3211 2825 3267 dicit
2864 3211 3185 3282 spiritalem
3225 3213 3283 3267 in
3316 3213 3441 3286 lege
3470 3215 3636 3270 l—ntel-

213 3307 346 3379 lege
373 3303 602 3375 peccati
633 3307 690 3357 et
718 3303 922 3357 mortis
976 3301 1220 3357 liberat?
1265 3301 1494 3356 Scilicet
1525 3318 1626 3372 per
1655 3303 1878 3374 baptis-

216 3409 388 3450 mum
415 3391 824 3446 remissionem
849 3391 1114 3446 omnium
1136 3391 1444 3446 tribuendo
1476 3395 1876 3461 peccatorum;

220 3483 441 3539 liberat
498 3480 675 3536 etiam
729 3497 761 3535 a
815 3477 941 3550 lege
997 3494 1283 3550 corporeae
1341 3480 1564 3547 mortis,
1598 3481 1877 3552 quoniam

222 3570 440 3640 sancti,
475 3568 585 3624 etsi
614 3569 672 3623 in
703 3584 942 3639 corpore
974 3572 1269 3634 maneant,
1304 3584 1404 3639 per
1433 3585 1599 3640 spem
1631 3587 1664 3624 a
1697 3575 1880 3625 morte

226 3660 427 3718 carnis
451 3659 578 3730 jam
605 3657 835 3713 liberati
874 3660 1034 3730 sunt,
1068 3658 1207 3728 quia
1237 3659 1588 3730 quandoque
1623 3676 1880 3713 resurre-

228 3749 380 3806 cturi
413 3727 575 3804 sunt.
600 3747 691 3813 Et,
714 3746 851 3817 quia
877 3727 1340 3816 lex'Evangelicze
1362 3727 1559 3818 gratiae
1587 3746 1881 3802 neminem

228 3839 464 3903 liberat,
492 3836 604 3891 nisi
638 3852 740 3906 per
767 3834 1063 3888 Christum
1093 3836 1314 3904 Jesum,
1337 3834 1467 3890 ideo
1499 3835 1614 3890 ait:
1640 3835 1885 3904 Spiritus

229 3930 352 3983 vita:
381 3928 444 3981 in
482 3924 693 3979 Christo
722 3925 870 3979 Iesu.

301 4017 372 4071 Ut
403 4019 606 4069 autem
637 4013 972 4068 ostenderet
1002 4013 1291 4084 quomodo
1322 4013 1380 4068 id
1414 4013 1631 4067 factum
1665 4012 1760 4081 sit,
1785 4012 1885 4067 ad-

226 4106 410 4177 jecit:
448 4120 582 4157 nam
640 4102 784 4174 quod
842 4101 1179 4174 impossibile
1235 4110 1352 4157 erat
1404 4103 1531 4170 legi,
1583 4107 1692 4156 etc.
1743 4103 1888 4156 Ecce

236 4191 555 4266 Apostolus
588 4192 714 4260 jam
749 4197 967 4262 quarta:
1020 4191 1171 4262 legis
1196 4191 1552 4246 mentionem
1586 4191 1742 4245 facit.
1773 4189 1885 4244 Sed

235 4301 359 4354 quae
386 4285 487 4337 est
517 4279 672 4335 haec?
699 4279 977 4351 Nunquid
1009 4279 1097 4334 lex
1128 4280 1342 4335 mentis
1366 4284 1466 4334 aut
1487 4279 1887 4334 membrorum

236 4377 407 4443 atque
440 4368 710 4442 peccati?
765 4369 890 4424 Non
951 4369 1173 4440 utique,
1209 4369 1308 4423 sed
1371 4367 1459 4423 lex
1517 4368 1802 4422 factorum
1834 4370 1892 4421 et

238 4475 518 4533 operum;
551 4457 642 4514 lex
679 4457 800 4513 haec
832 4463 922 4513 est
967 4474 1093 4528 quae
1142 4455 1357 4529 populo
1389 4456 1487 4511 Dei
1524 4472 1624 4526 per
1653 4455 1889 4527 Moysen

1988 3298 2312 3371 ligentiam.
2347 3301 2696 3356 Justiﬁcatio
2745 3316 2881 3372 ergo
2911 3299 3056 3373 legis
3087 3301 3146 3356 in
3179 3303 3348 3358 nobis
3395 3303 3636 3376 impleta

1989 3393 2097 3456 est,
2127 3405 2258 3443 cum
2295 3388 2480 3460 legem
2525 3388 2868 3460 spiritaliter
2904 3389 3313 3462 intelligentes,
3350 3409 3450 3464 per
3479 3391 3634 3448 lava-

1989 3495 2155 3533 crum
2188 3478 2463 3548 baptismi
2486 3484 2540 3533 et
2562 3478 2809 3550 gratiam
2837 3478 3023 3534 sancti
3048 3479 3303 3550 Spiritus
3332 3479 3635 3552 iustiﬁcati

1991 3584 2219 3622 sumus.
2255 3568 2322 3621 Et
2356 3584 2427 3622 ne
2459 3567 2722 3633 dicendo,
2758 3569 2818 3621 in
2844 3568 3000 3622 nobis
3026 3585 3228 3624 omnes
3259 3570 3637 3642 comprehen-

1991 3655 2147 3710 disse
2177 3656 2490 3721 videretur,
2525 3655 2788 3711 addidit:
2825 3657 2931 3723 Qui
2959 3673 3068 3712 non
3095 3659 3389 3714 secundum
3417 3674 3638 3714 carnem

1991 3745 2358 3810 ambulamus,
2381 3744 2474 3798 sed
2501 3745 2795 3799 secundum
2821 3747 3102 3815 spiritum,
3126 3747 3196 3802 de
3218 3747 3433 3818 quibus
3464 3747 3638 3819 paulo

1995 3849 2058 3886 su
2072 3833 2263 3903 perius
2297 3833 2514 3886 dictum
2550 3838 2657 3886 est.

2066 3922 2172 3988 Qui
2199 3921 2349 3974 enim
2377 3921 2674 3975 secundum
2703 3937 2924 3975 carnem
2969 3928 3099 3976 sunt
3129 3938 3254 3994 qua:
3301 3926 3487 3979 carnis
3515 3933 3646 3980 sunt

1994 4010 2244 4079 sapiunt.
2267 4009 2600 4063 Secundum
2623 4025 2856 4062 carnem
2893 4014 3029 4062 sunt
3057 4009 3156 4080 qui
3187 4011 3426 4065 inimico
3458 4011 3642 4066 vicem

1996 4098 2270 4164 reddunt,
2302 4097 2490 4151 aliena
2537 4097 2793 4168 rapiunt,
2828 4101 2884 4151 et
2930 4113 3039 4151 sua
3070 4107 3182 4151 nun
3229 4097 3560 4168 largiuntur
3590 4103 3648 4153 et

1997 4185 2112 4242 alia
2141 4186 2232 4240 his
2290 4185 2505 4240 similia
2535 4189 2745 4257 agunt;
2787 4184 3033 4257 ideoque
3080 4203 3204 4256 qua
3254 4186 3448 4241 carnis
3507 4192 3647 4242 sunt

1997 4275 2285 4342 sentiunt;
2320 4291 2348 4330 e
2382 4274 2695 4342 contrario,
2726 4273 2810 4328 illi
2845 4275 3168 4330 secundum
3202 4275 3475 4347 spiritum
3508 4283 3649 4332 sunt

1999 4364 2097 4437 qui
2130 4364 2244 4420 ista
2273 4381 2387 4419 non
2419 4367 2623 4435 agunt,
2665 4364 2788 4430 sed,
2824 4364 3044 4436 Spiritu
3077 4369 3277 4419 sancto
3307 4365 3646 4436 adjuvante,

1998 4459 2229 4509 terrena
2259 4453 2612 4525 despiciunt,
2641 4459 2698 4508 et
2718 4452 2977 4508 cmlestia
3004 4457 3308 4525 appetunt,
3331 4453 3402 4508 de
3432 4454 3650 4526 quibus

241 4550 373 4604 data
403 4552 499 4604 est
528 4548 586 4602 in
620 4552 818 4602 monte
849 4548 1007 4617 Sina,
1041 4547 1111 4601 de
1143 4562 1258 4617 qua
1288 4545 1564 4616 superius
1599 4561 1611 4599 :
1646 4545 1738 4599 lea:
1769 4545 1890 4615 qui-
1926 4563 1968 4628 ι)
2001 4543 2275 4600 subditur
2307 4561 2319 4598 :
2355 4543 2459 4610 Qui
2495 4559 2623 4598 vero
2673 4543 2974 4598 secundum
3029 4544 3292 4614 spiritum
3345 4559 3471 4614 quae
3527 4545 3656 4598 sunt

243 4639 362 4694 dem
393 4645 614 4692 sancta.
648 4637 796 4701 Quid
828 4652 964 4707 ergo
1009 4640 1132 4690 erat
1163 4634 1295 4689 huic
1326 4634 1438 4706 legi
1488 4633 1892 4706 impossibile?

246 4733 306 4782 ut
330 4743 509 4783 suum
543 4726 868 4781 auditorem
901 4724 1268 4780 obedientem
1300 4727 1357 4778 et
1386 4725 1706 4796 perfectum
1741 4724 1890 4778 face-

249 4821 348 4883 ret,
367 4814 649 4888 quoniam
678 4814 768 4870 lex
791 4813 912 4870 haec
937 4814 1229 4870 neminem
1256 4814 1325 4868 ad
1360 4814 1678 4884 perfectum
1703 4813 1887 4867 addu-

252 4905 341 4960 cit.
375 4905 522 4961 Hinc
574 4905 781 4959 beatus
811 4904 1178 4975 Augustinus
1228 4902 1390 4971 dicit,
1423 4903 1564 4975 quia
1610 4902 1747 4956 huic
1777 4899 1892 4972 legi

255 4992 609 5064 impossibile
638 4996 765 5048 erat
793 4991 1038 5048 liberare
1065 5009 1098 5048 a
1128 4991 1257 5063 lege
1287 4993 1505 5063 peccati
1538 4995 1595 5047 et
1627 4990 1854 5045 mortis.

323 5117 464 5146 IOKLH
496 5117 594 5146 Περ
627 5115 830 5146 ςηηῖηξι
862 5115 1009 5146 ἶῙηΙη
1061 5133 1088 5146 η
1137 5115 1261 5146 ἲΠῐῘ

1997 4635 2223 4704 spiritus
2251 4633 2518 4686 sentiunt.
2551 4632 2695 4686 Caro
2726 4631 2883 4686 enim
2914 4632 2986 4686 de
3016 4637 3171 4688 terra
3199 4632 3350 4686 facta
3379 4636 3496 4699 est;
3531 4632 3651 4704 spi-

2002 4722 2149 4777 ritus
2179 4721 2248 4776 de
2281 4720 2423 4776 coelo
2454 4721 2624 4776 datus
2655 4724 2761 4786 est,
2791 4723 2846 4774 et
2873 4719 3088 4776 idcirco
3123 4719 3358 4792 singula
3390 4738 3496 4776 sua
3527 4721 3654 4777 loca

2001 4812 2325 4884 requirunt.
2351 4809 2512 4864 Unde
2539 4811 2588 4865 si
2613 4809 2908 4880 contingat
2939 4813 3004 4864 ut
3025 4827 3159 4866 caro
3184 4827 3217 4864 a
3237 4809 3445 4882 spiritu
3479 4827 3650 4882 supc-

2003 4909 2181 4966 retur,
2213 4905 2372 4955 totus
2419 4898 2593 4955 homo
2625 4897 2840 4952 dicitur
2887 4898 3202 4969 spiritalis;
3237 4902 3296 4952 at
3325 4899 3375 4952 si
3405 4898 3651 4967 spiritus

2003 5008 2036 5045 a
2081 5007 2272 5057 carne,
2333 4992 2492 5043 totus
2549 4991 2789 5045 vocatur
2846 4988 3116 5043 carnalis.
3181 4985 3316 5039 Nam
3361 4985 3659 5054 prudentia

2002 5119 2241 5146 \vnnlnu‘m
2278 5130 2408 5146 ομηη
2437 5114 2610 5146 otium
2649 5112 2706 5146 in
2742 5107 2894 5146 ana
2951 5111 3200 5146 uliinrunn
3230 5107 3482 5146 tavtihnn
3511 5106 3619 5146 lani
3641 5124 3652 5136 ο
