3998 5278
395 394 510 456 199

1418 380 1752 448 ΑΤΤΟΝῙΞ
1799 381 2376 445 VERCELLENSIS
2426 382 2777 449 EPISCOPI

3677 392 3802 453 200

393 528 598 592 carnis,
630 540 778 580 mors
807 527 884 578 est
913 522 1077 592 (262).
1112 520 1428 575 Prudentia
1465 519 1657 574 carnis
1690 516 1923 590 propria
1952 519 2040 571 est
2067 516 2119 582 A
2151 532 2265 571 non
2294 520 2703 588 contemnatis,
2728 536 2915 592 neque
2937 536 3039 593 pro
3062 537 3235 592 parvo
3257 520 3487 577 ducetis
3510 521 3802 595 Spiritum

395 623 625 672 terrena
656 612 897 684 diligere
930 616 986 667 et
1005 609 1259 666 cmlcstia
1285 608 1607 679 despicere;
1643 612 1699 662 et
1730 606 1857 661 ideo
1885 622 2041 660 mors

395 722 524 761 esse
573 701 808 770 dicitur,
844 701 1125 773 quoniam
1173 703 1419 754 mortem
1471 696 1703 769 ingerit.
1739 695 2041 752 Prudentia

393 810 519 851 vero
549 793 797 864 spiritus,
848 792 960 845 vita
1015 798 1067 844 et
1118 805 1250 860 pax.
1312 788 1626 843 Prudentia
1681 785 1923 857 spiritus
1953 788 2042 839 est

395 880 739 955 temporalia
798 884 1168 935 contemnere
1223 882 1279 932 et
1323 881 1536 932 aeterna
1581 878 1870 947 appetere.
1915 874 2039 928 Haec

395 970 707 1045 prudentia
756 969 873 1023 vita
930 967 1166 1029 dicitur,
1202 966 1339 1037 quia
1394 965 1569 1020 vitam
1630 964 1879 1030 confert;
1927 979 2038 1034 pax

391 1077 549 1125 vero,
582 1059 717 1128 quia
750 1058 809 1111 in
860 1072 999 1128 pace
1031 1055 1329 1127 quiescere
1377 1054 1533 1108 facit.
1566 1052 1734 1117 Nam,
1767 1050 2035 1122 quamvis

393 1149 581 1206 multa
598 1145 941 1219 temporalia
963 1146 1178 1200 damna
1200 1143 1416 1199 sanctis
1438 1142 1798 1213 ingerantur,
1816 1146 2034 1208 tamen,

392 1241 530 1294 dum
565 1235 913 1309 temporalia
954 1237 1164 1289 cuncta
1192 1231 1543 1304 despiciunt,
1580 1230 1635 1284 in
1669 1245 1809 1301 pace
1840 1228 2034 1300 quies-

390 1331 551 1383 cunt.
582 1326 705 1393 Vel,
742 1342 852 1397 pax
900 1323 1131 1392 dicitur,
1166 1321 1305 1393 quia
1347 1321 1419 1375 ad
1469 1318 1857 1392 cognitionem
1888 1334 2031 1372 vera:

389 1416 572 1489 pacis,
606 1432 731 1487 qua
762 1413 1026 1469 Christus
1058 1416 1165 1478 est,
1200 1410 1482 1482 perducit.

452 1506 726 1576 Quoniam
754 1503 1029 1575 sapientia
1058 1501 1245 1556 carnis
1278 1499 1505 1554 inimica
1535 1499 1609 1551 est
1641 1501 1770 1551 Deo.
1795 1494 2030 1566 Sapien-

379 1595 463 1650 tia
492 1594 682 1649 carnis
714 1593 916 1647 eadem
948 1594 1036 1645 est
1083 1594 1138 1644 et
1180 1586 1491 1660 prudentia
1532 1586 1659 1656 ejus
1709 1601 1855 1654 quae,
1890 1583 2029 1655 quia

380 1683 479 1739 Dei
501 1680 802 1757 praeceptis
826 1697 941 1735 non
965 1678 1180 1743 obedit,
1206 1677 1307 1731 sed
1338 1676 1465 1746 ejus
1488 1674 1784 1728 mandatis
1804 1678 2027 1727 contra-

376 1772 539 1838 dicit,
574 1768 814 1825 inimica
848 1769 958 1822 Deo
1008 1766 1245 1832 dicitur,
1276 1762 1574 1834 quoniam.
1608 1761 1758 1815 sicut
1808 1761 1931 1832 ipse
1962 1760 2022 1814 in

374 1858 685 1931 Evangelia
708 1856 867 1925 dicit,
889 1856 944 1909 si
961 1856 1083 1945 quis
1099 1853 1290 1945 diligit
1304 1851 1706 1945 me,_mandata
1728 1848 2021 1945 mea
2050 1881 2098 1945 B

369 1949 608 2004 servabit
627 1949 803 2017 (Joan.
829 1945 967 2015 xxv),
988 1944 1101 2015 23);
1126 1943 1375 2013 ideoque
1410 1940 1518 2011 legi
1542 1940 1639 1995 Dei
1666 1955 1775 1995 non
1795 1941 2017 2011 subjici-

372 2043 462 2093 tur
482 2037 650 2109 (264).
675 2033 939 2090 Charitas
970 2031 1209 2103 quidem
1248 2030 1359 2101 legi
1392 2029 1487 2083 Dei
1522 2028 1854 2099 subjicitur,
1879 2029 2017 2098 quia

368 2126 460 2182 lex
491 2126 591 2180 Dei
622 2139 749 2180 esse
782 2121 1087 2195 probatur;
1121 2118 1413 2190 cupiditas
1456 2134 1610 2185 vero,
1634 2133 1763 2187 quae
1801 2122 1891 2172 est
1923 2134 2015 2172 sa-

370 2214 591 2287 pientia
611 2213 827 2279 carnis,
852 2229 965 2267 non
990 2208 1323 2279 subjicitur,
1346 2206 1646 2277 quoniam,
1672 2206 1719 2261 si
1742 2223 1809 2261 ex
1836 2206 2017 2261 altera

367 2308 531 2376 parte
561 2303 754 2357 videat
777 2301 1072 2372 justitiam
1096 2304 1152 2353 et
1178 2297 1534 2369 aequitatem,
1554 2313 1622 2350 ex
1651 2295 1833 2351 altera
1862 2313 2015 2351 com-

367 2393 609 2447 modum
649 2396 977 2455 terrenum;
1031 2387 1218 2458 magis
1272 2386 1379 2441 hoc
1430 2384 1671 2456 adipisci
1721 2385 2014 2441 desiderat

372 2498 550 2553 quam
575 2479 870 2551 justitiam
901 2482 955 2532 et
987 2476 1320 2547 aquitatem
1350 2490 1599 2530 servare.

438 2570 551 2626 Sed
584 2568 722 2640 quid
771 2572 862 2622 est
910 2566 1067 2637 quod
1115 2563 1433 2619 subditur:
1467 2580 1566 2617 nec
1611 2564 1761 2618 enim
1797 2566 2013 2633 potest?

370 2657 648 2730 Nunquid
681 2673 796 2711 non
828 2659 1017 2726 potest
1046 2653 1220 2709 homo
1266 2652 1476 2721 subjici
1506 2652 1618 2723 legi
1655 2652 1788 2707 Dei?
1819 2655 2014 2707 Potest

369 2748 602 2820 utique;
631 2747 728 2802 sed
764 2743 1076 2817 prudentia
1099 2741 1291 2797 carnis
1323 2758 1435 2796 non
1468 2745 1660 2812 potest
1692 2759 1703 2795 :
1738 2745 1826 2795 est
1854 2741 2011 2795 enim

369 2834 583 2889 mentis
612 2832 906 2903 corruptio
935 2836 991 2886 et
1016 2830 1243 2895 vitium,
1270 2845 1386 2883 non
1410 2846 1441 2883 a
1467 2829 1580 2884 Deo
1602 2834 1885 2894 creatum,
1910 2829 2009 2884 sed

370 2941 404 2978 a
435 2921 667 2977 diabolo
688 2921 1024 2987 inventum;
1058 2918 1231 2973 homo
1253 2935 1385 2972 vero
1415 2918 1607 2972 sanari
1631 2918 1767 2971 vitio
1800 2922 2006 2989 potest.

363 3012 581 3067 Verum
613 3010 753 3082 quid
784 3014 873 3065 est
895 3008 1050 3080 quod
1080 2998 1388 3062 subditur:
1415 3010 1515 3078 qui
1545 3015 1724 3061 autem
1754 3008 1817 3061 in
1844 3024 2010 3063 carne

2151 604 2363 661 Christi
2395 608 2913 681 habere,quoniam
2945 610 3114 667 aliter
3144 612 3272 681 ejus
3301 628 3428 667 esse
3461 630 3575 667 non
3601 617 3802 684 potes-

2148 694 2243 750 tis.
2271 697 2524 767 Spiritus
2554 699 2768 753 Christi
2812 699 2966 754 idem
2999 703 3087 755 est
3114 704 3169 755 et
3198 699 3448 771 Spiritus
3494 701 3620 771 Dei,
3650 718 3799 774 quo-

2150 784 2307 840 niam
2342 785 2549 852 Patris,
2573 793 2629 842 et
2652 787 2780 841 Filii
2815 805 2969 843 unus
2990 792 3078 843 est
3099 788 3371 859 Spiritus.
3396 788 3483 843 Illi
3505 804 3644 861 ergo
3666 790 3799 862 Spi-

2148 874 2325 929 ritum
2383 875 2599 931 Christi
2660 876 2899 948 habent,
2939 876 3039 948 qui
3088 876 3382 932 Christum
3431 877 3707 950 diligunt,
3741 884 3803 935 et

2147 964 2275 1033 ejus
2332 970 2620 1036 pracepta
2670 967 3036 1032 custodiunt;
3081 965 3327 1037 ideoque
3358 966 3573 1021 Christi
3632 974 3797 1038 sunt,

2147 1052 2423 1122 quoniam
2456 1053 2719 1109 Christus
2750 1053 2807 1107 in
2841 1054 2923 1109 eis
2972 1059 3189 1110 manet.
3222 1055 3350 1126 Ipse
3398 1056 3554 1111 enim
3604 1057 3748 1112 dicit
3779 1076 3794 1113 :

2145 1140 2250 1208 Qui
2279 1142 2463 1212 diligit
2491 1159 2575 1198 me
2606 1144 2774 1214 (266),
2806 1145 3070 1199 mandata
3100 1160 3221 1199 mea
3250 1146 3510 1214 servabit,
3542 1154 3593 1201 et
3622 1151 3799 1202 Pater

2140 1246 2292 1285 meus
2321 1232 2523 1303 diliget
2554 1233 2701 1303 (267)
2734 1249 2878 1299 eum,
2909 1241 2960 1288 et
2989 1233 3058 1287 ad
3089 1250 3214 1287 eum
3242 1237 3515 1290 veniemus
3549 1239 3599 1290 et
3627 1253 3796 1290 man-

2139 1321 2354 1375 sionem
2385 1321 2529 1392 apud
2559 1337 2685 1376 eum
2709 1324 2974 1389 faciemus
2996 1322 3200 1393 (Ibid.).
3225 1321 3333 1377 Ubi
3362 1327 3558 1378 autem
3591 1329 3795 1381 manet

2140 1408 2325 1476 Pater,
2359 1414 2416 1465 et
2444 1410 2645 1479 Filius,
2680 1409 2759 1465 ibi
2800 1415 2856 1466 et
2895 1411 3203 1466 amborum
3235 1410 3487 1481 Spiritus
3518 1417 3789 1468 sanctus.

2138 1499 2245 1563 Qui
2276 1516 2408 1554 vero
2441 1498 2592 1554 male
2617 1498 2919 1570 resistunt,
2942 1498 3313 1555 maledicenti
3341 1498 3699 1556 maledicunt
3732 1508 3790 1558 et

2137 1592 2347 1642 cuncta
2370 1587 2708 1657 hujusmodi
2738 1594 2940 1661 agunt,
2963 1590 3247 1661 Spiritum
3280 1588 3379 1644 Dei
3403 1606 3517 1644 non
3541 1589 3787 1660 habent,

2134 1676 2378 1747 ideoque
2422 1694 2538 1731 non
2585 1683 2725 1733 sunt
2782 1679 2929 1750 ejus.
2965 1678 3127 1733 Unde
3185 1682 3366 1733 restat
3394 1682 3458 1733 ut
3491 1679 3611 1734 sint
3642 1679 3785 1735 alte-

2134 1764 2276 1831 rius,
2303 1766 2359 1819 id
2392 1772 2479 1821 est
2509 1766 2749 1834 diaboli,
2776 1767 2914 1838 quia
2936 1768 3104 1837 cujus
3136 1784 3311 1838 opera
3332 1768 3464 1838 quis
3484 1769 3624 1823 facit
3653 1770 3785 1838 ejus

2133 1852 2289 1908 ﬁlius
2317 1854 2661 1926 appellatur.

2202 1944 2271 1997 Et
2302 1948 2367 1997 ut
2397 1944 2727 1999 ostenderet
2766 1944 3079 2015 Apostolus
3115 1950 3403 2016 quantum
3452 1963 3673 2001 munus
3706 1946 3782 2003 sit

2128 2031 2426 2087 Christum
2476 2032 2712 2100 habere,
2763 2034 3056 2104 subjecit:
3092 2035 3152 2088 Si
3196 2044 3375 2089 autem
3429 2034 3675 2091 Christus
3722 2038 3783 2091 in

2126 2121 2278 2175 vobis
2305 2126 2403 2188 est,
2439 2138 2633 2193 corpus
2664 2122 2882 2193 quidem
2910 2131 3193 2177 mortuum
3232 2127 3309 2177 est
3335 2132 3555 2195 propter
3580 2142 3777 2196 pecca-

2126 2222 2259 2280 mm,
2293 2215 2403 2265 etc.
2439 2210 2541 2265 Ubi
2579 2212 2900 2267 notandum
2935 2212 3074 2283 quia
3103 2228 3217 2266 non
3258 2212 3359 2280 ait,
3394 2218 3631 2285 propter
3661 2219 3777 2269 ter-

2125 2315 2325 2353 renam
2358 2298 2771 2371 fragilitatem;
2808 2300 3033 2373 primus
3079 2301 3235 2356 enim
3285 2302 3458 2357 homo
3490 2319 3604 2359 non
3644 2304 3775 2360 ideo

2124 2396 2391 2443 mortuus
2440 2394 2547 2453 est,
2572 2390 2709 2460 quia
2742 2390 2812 2444 de
2844 2394 3007 2445 terra:
3057 2390 3291 2460 pulvere
3322 2390 3507 2446 factus
3536 2395 3648 2457 est,
3673 2393 3775 2448 sed

2123 2477 2261 2548 quia
2282 2477 2559 2547 peccavit.
2575 2477 2729 2532 Talis
2754 2495 3008 2550 namque
3031 2496 3064 2532 a
3084 2479 3201 2534 Deo
3225 2478 3551 2550 plasmatus
3573 2486 3665 2536 est
3687 2486 3771 2552 ut,

2122 2566 2170 2621 si
2206 2582 2320 2621 non
2355 2571 2640 2637 peccaret,
2673 2566 2743 2620 ad
2801 2567 3141 2638 angelorum
3194 2568 3559 2639 dignitatem,
3594 2571 3771 2625 etiam

2123 2655 2249 2709 sine
2302 2659 2505 2720 morte,
2541 2655 2835 2710 transiret.
2872 2655 3144 2710 Liberum
3188 2656 3403 2727 quippe
3457 2656 3772 2713 arbitrium

2120 2743 2205 2797 illi
2237 2760 2578 2797 concessum
2608 2748 2697 2797 est
2744 2747 2825 2807 ut,
2861 2744 2907 2797 si
2939 2742 3127 2813 vellet,
3164 2760 3278 2798 non
3332 2749 3617 2815 peccaret,
3650 2746 3770 2800 imo

2120 2848 2356 2902 peccare
2388 2849 2503 2886 non
2546 2836 2762 2902 posset.
2798 2833 3106 2898 Quoniam,
3140 2848 3271 2886 cum
3322 2833 3772 2903 przedestinato-

2118 2938 2249 2975 rum
2274 2938 2555 2976 numerus
2577 2925 2730 2976 esset
2754 2920 3049 2991 impletus,
3070 2921 3193 2992 ipse
3212 2938 3343 2976 cum
3365 2922 3641 2977 omnibus
3664 2923 3767 2993 qui

2118 3027 2185 3065 ex
2224 3028 2288 3066 eo
2333 3015 2689 3079 crearentur,
2721 3011 2792 3064 ad
2844 3008 3184 3080 angelorum
3230 3009 3583 3066 soliditatem
3616 3012 3765 3083 (268)

361 3105 510 3169 sunt,
544 3102 648 3155 Deo
677 3100 890 3171 placere
916 3112 1026 3152 non
1067 3098 1331 3168 possunt?
1370 3098 1576 3150 Annon
1610 3100 1667 3150 et
1695 3095 2007 3166 Apostolus
2115 3100 2393 3155 transiret
2438 3117 2449 3154 :
2502 3100 2623 3171 sed,
2657 3099 2797 3170 quia
2844 3099 3032 3171 magis
3082 3098 3256 3171 elegit
3303 3116 3541 3170 peccare
3589 3100 3761 3172 (269),

361 3197 417 3245 et
448 3189 695 3244 Romani
726 3188 784 3242 in
816 3203 988 3243 carne
1029 3186 1233 3241 erant?
1262 3187 1346 3239 An
1397 3201 1511 3239 non
1563 3200 1766 3238 omnes
1817 3185 2004 3240 sancti
2039 3248 2074 3261 Α
2114 3194 2381 3244 mortuus
2422 3194 2531 3257 est,
2562 3193 2618 3244 et
2666 3205 2889 3256 omnes,
2915 3205 3062 3259 quos
3110 3188 3331 3260 genuit,
3361 3195 3628 3244 mortuos
3661 3206 3762 3261 ge-

363 3284 647 3350 martyres
668 3277 727 3330 in
751 3291 924 3331 carne
953 3273 1123 3346 positi
1149 3280 1259 3329 Deo
1290 3272 1798 3345 placueruntPSed
1825 3273 2005 3328 scien-
2034 3248 2077 3314 (ἶ
2115 3278 2270 3345 nuit;
2305 3248 2551 3349 ideoque
2604 3278 2685 3332 ait
2730 3248 3044 3348 Apostolus
3075 3248 3329 3348 :Z‘orpus'
3375 3248 3765 3334 mortuum?“

366 3367 505 3421 dum
530 3366 666 3437 quia
687 3364 771 3419 illi
792 3380 1026 3420 carnem
1060 3363 1394 3433 portabant;
1424 3378 1538 3416 non
1562 3361 1944 3432 portabantur
1974 3378 2008 3417 a
2110 3372 2333 3438 propter
2359 3376 2638 3438 peccatum
2667 3366 2840 3437 (270),
2886 3366 3218 3423 Notandum
3259 3370 3348 3422 est
3396 3368 3573 3422 etiam
3625 3369 3765 3439 quia

326 3506 327 3509 η
364 3471 558 3509 carne.
584 3455 647 3508 In
680 3469 851 3509 carne
889 3468 1021 3507 vero
1052 3450 1134 3503 illi
1165 3455 1323 3513 sunt,
1348 3450 1447 3520 qui
1478 3466 1651 3519 opera
1699 3450 1892 3505 carnis
1924 3451 2005 3505 fa-

364 3542 652 3613 ciunt,qui
705 3540 1040 3595 carnalibus
1088 3537 1483 3609 voluptatibus
1531 3538 1919 3606 oblectantur,
1954 3543 2009 3594 et

365 3630 582 3686 idcirco
604 3634 718 3685 Deo
751 3627 977 3699 placere
1008 3644 1122 3682 non
1157 3631 1423 3699 possunt.
1449 3627 1528 3681 Ne
1557 3643 1692 3698 ergo
1723 3627 2008 3682 scandali-

356 3725 633 3775 zarentur
662 3718 928 3785 Romani,
954 3720 1230 3789 putantes
1255 3715 1595 3787 Apostolum
1628 3716 1845 3771 dixisse
1876 3715 2007 3773 illos

359 3807 549 3863 solum
584 3808 700 3862 Deo
754 3806 1002 3877 placere,
1034 3806 1131 3877 qui
1175 3806 1303 3875 jam
1346 3806 1758 3876 occubuerant,
1792 3806 2006 3862 idcirco

361 3896 631 3967 subjecit,
655 3894 853 3951 volens
876 3911 974 3950 eos
1005 3895 1075 3948 ad
1111 3893 1353 3949 meliora
1383 3893 1660 3949 incitare:
1689 3895 1782 3949 Vos
1826 3897 2007 3949 autem

360 3988 423 4040 in
452 4001 620 4041 carne
647 4001 760 4041 non
791 3986 939 4053 estis,
961 3982 1052 4040 sed
1082 3986 1141 4039 in
1161 3984 1380 4055 spiritu.
1406 3984 1468 4037 In
1503 3983 1712 4055 spiritu
1738 3991 1875 4040 sunt
1905 3984 2006 4056 qui

359 4091 535 4147 opera
565 4075 737 4142 bona,
761 4090 877 4129 non
909 4089 1036 4141 suo,
1063 4072 1166 4128 sed
1210 4072 1398 4129 sancti
1431 4073 1684 4145 Spiritus
1717 4075 2005 4146 adjutorio

358 4163 601 4235 implere
649 4179 823 4236 posse
873 4162 1195 4219 confidunt.
1230 4163 1480 4235 Ideoque
1528 4163 1832 4233 subjunxit
1882 4180 1895 4218 :
1946 4166 2008 4218 Si

356 4257 541 4308 tamen
571 4254 721 4325 (265)
753 4253 993 4323 Spiritus
1021 4253 1123 4307 Dei
1151 4251 1362 4306 habitat
1392 4252 1450 4305 in
1478 4251 1662 4312 vobis;
1708 4252 1764 4305 id
1813 4257 1920 4321 est,
1956 4252 2005 4306 si

356 4340 577 4412 Spiritu
610 4342 710 4396 Dei
745 4340 1076 4413 agitamini,
1111 4340 1161 4395 si
1192 4340 1411 4412 Spiritu
1446 4339 1545 4394 Dei
1577 4339 1887 4394 docemini.

430 4430 634 4500 Igitur,
668 4445 741 4484 ne
772 4428 1018 4484 Romani
1060 4446 1163 4499 pro
1205 4444 1382 4499 parvo
1414 4428 1692 4482 ducerent
1724 4427 2004 4499 Spiritum

357 4517 453 4572 Dei
512 4518 745 4585 habere,
794 4516 1103 4587 subjunxit
1149 4534 1161 4572 :
1213 4517 1274 4571 Si
1328 4518 1450 4587 quis
1501 4524 1681 4572 autem
1735 4517 2006 4589 Spiritum

2117 3473 2228 3511 non
2288 3455 2368 3510 ait
2423 3457 2777 3524 moriturum,
2825 3455 2926 3509 sed
2984 3458 3278 3522 mortuum,
3312 3456 3618 3526 quoniam,
3651 3455 3770 3511 etsi

2118 3562 2329 3616 corpus
2363 3545 2832 3614 uniuscujusque
2879 3544 3071 3599 vivere
3096 3544 3381 3614 videatur,
3407 3545 3532 3615 jam
3565 3550 3767 3601 tamen

2117 3638 2414 3687 mortuum
2447 3636 2556 3701 est,
2581 3632 2859 3702 quoniam
2891 3631 2949 3685 in
2980 3648 3045 3685 eo
3079 3632 3327 3686 necdum
3360 3632 3638 3687 innovato
3666 3649 3768 3704 per

2117 3721 2626 3789 resurrectionem,
2652 3721 2869 3792 peccati
2901 3721 3200 3790 meritum,
3222 3720 3280 3775 id
3311 3726 3397 3776 est
3428 3722 3639 3776 mortis
3671 3738 3766 3776 ne-

2117 3811 2361 3866 cessitas
2390 3814 2606 3865 manet.

2187 3900 2433 3972 Spiritus
2480 3916 2601 3955 vero
2652 3903 2761 3954 vita
2810 3900 2957 3971 (271)
3010 3903 3230 3971 prapter
3281 3899 3764 3969 justiﬁcatzonem.

2114 3990 2600 4045 Justiﬁcationem
2624 3988 2784 4043 illam
2803 3988 2942 4043 dicit
2963 4005 3089 4059 quae
3110 3988 3169 4043 in
3193 3989 3485 4060 baptismo
3506 3988 3766 4044 celebra-

2115 4084 2229 4134 tur.
2251 4078 2459 4133 Anima
2482 4079 2639 4133 enim
2661 4078 2909 4149 alicujus
2932 4077 3121 4133 fidelis
3142 4077 3200 4131 in
3230 4078 3521 4149 baptismo
3546 4078 3764 4133 relaxa-

2114 4168 2190 4222 tis
2220 4168 2494 4238 peccatis,
2514 4184 2616 4238 per
2645 4167 2894 4238 gratiam
2925 4166 3111 4221 sancti
3132 4166 3380 4238 Spiritus
3409 4166 3763 4234 viviﬁcatur,

2117 4257 2362 4327 ideoque
2392 4255 2509 4309 vita
2537 4261 2645 4311 est.
2677 4255 2786 4309 Sed
2830 4260 3097 4326 poterant
3127 4255 3371 4311 Romani
3406 4256 3477 4311 ad
3522 4256 3645 4311 haec
3676 4255 3762 4310 di-

2116 4361 2279 4401 cere:
2307 4345 2446 4399 Ecce
2477 4342 2761 4414 Spiritum
2794 4344 3003 4399 Christi
3045 4343 3352 4411 habemus,
3379 4345 3535 4416 quod
3572 4344 3763 4400 mani-

2118 4436 2364 4491 festatur
2401 4449 2471 4489 ex
2522 4432 2749 4503 integra
2778 4437 2834 4488 et
2864 4432 3150 4489 catholica
3180 4434 3295 4489 ﬁde
3341 4451 3468 4505 quee
3500 4433 3559 4488 in
3592 4434 3766 4489 nobis

2115 4528 2223 4594 est,
2248 4528 2305 4578 et
2334 4540 2402 4578 ex
2446 4521 2756 4577 dilectione
2777 4521 3045 4593 justitiae,
3087 4522 3226 4593 quid
3258 4523 3367 4578 erit
3396 4524 3466 4577 de
3494 4523 3644 4592 (272)
3666 4521 3767 4577 illa

354 4607 558 4662 Christi
584 4623 701 4659 non
748 4605 925 4672 habet,
962 4604 1049 4660 hic
1094 4622 1205 4661 non
1254 4614 1333 4661 est
1383 4605 1535 4676 ejus;
1568 4620 1634 4661 ac
1666 4606 1712 4660 si
1749 4607 1964 4664 diceret
1997 4627 2010 4667 2
2042 4606 2089 4670 D
2124 4630 2296 4671 carne
2319 4611 2642 4677 mortali,et
2661 4611 2731 4667 de
2752 4610 2878 4683 lege
2900 4628 3027 4682 quae
3049 4616 3137 4666 est
3158 4612 3215 4665 in
3239 4611 3521 4667 membris
3543 4611 3766 4667 nostris

424 4713 574 4783 (262)
605 4716 672 4766 In
704 4714 901 4783 autog.
933 4728 1123 4784 marg.
1152 4729 1202 4784 c.
1235 4712 1376 4767 XIX.

428 4785 577 4853 (263)
627 4783 801 4855 Vulg.
860 4799 975 4839 non
1036 4783 1302 4839 mandata
1356 4798 1515 4851 mea,
1575 4784 1675 4839 sed
1731 4802 2003 4844 sermones

355 4872 578 4998 melggé)
604 4924 776 4998 Vulg.
808 4945 923 4984 non
950 4935 1030 4983 est
1055 4927 1317 4997 subjecta.

429 4996 575 5070 (265)
607 4996 757 5051 Sunt
777 5004 832 5053 et
854 4999 949 5053 alii
973 4996 1164 5055 textus
1194 4998 1314 5069 qui,
1342 4996 1465 5053 loco
1485 4998 1533 5051 si
1563 5005 1763 5070 tamen,
1785 4999 2003 5055 habent

362 5071 407 5108 ei
437 5068 687 5108 hus'dam-
719 5085 845 5108 num
878 5076 1027 5108 nar-1n
1075 5068 1245 5108 lantih
1294 5085 1564 5108 mna-num
1616 5068 1999 5108 diWorantinm

2184 4719 2332 4791 (266)
2360 4716 2535 4791 Vulg.
2565 4732 2866 4791 sermonem
2897 4733 3098 4772 meum.

2204 4788 2330 4859 267)
2357 4790 2419 4843 In
2452 4792 2651 4859 autog.
2685 4788 2890 4857 diligit.

2204 4794 2330 4861 267)
2358 4794 2419 4843 ln
2452 4794 2651 4859 autog.
2685 4794 2890 4857 diligit.

2183 4794 2332 4934 (268)
2364 4859 2751 4934 Soliditatem,
2784 4860 2840 4913 id
2873 4863 2962 4914 est
2990 4860 3171 4934 vitam
3200 4864 3496 4934 (sternam,
3523 4859 3765 4915 immar-

2113 4930 2465 4998 cescibilem,
2498 4936 2554 4985 et
2586 4930 2693 4986 hoc
2738 4948 2914 4986 sensu
2946 4930 3215 4997 solidam,
3250 4932 3363 4986 nisi
3408 4932 3761 4999 felicitatem,

2111 5006 2198 5061 vel
2226 5004 2556 5060 soliditatem
2587 5003 2759 5057 scribi
2794 5003 3067 5058 debuisse
3098 5003 3195 5057 alii
3219 5003 3507 5071 judicent,
3542 5004 3644 5057 ubi
3676 5010 3762 5058 ta-

2114 5095 2241 5108 mnn
2283 5077 2618 5108 οΛιΙηΙιἹηΙΔληο
2652 5073 2974 5108 οἶοεηῖροῖινηη
3006 5074 3219 5108 Ionii-1n
