3998 5278
157 426 255 486 201

728 424 1142 485 EXPOSI'I‘IO
1190 426 1266 485 IN
1313 426 1741 488 EPISTOLAS
1787 427 2047 488 PAULI.
2075 459 2151 472 —
2181 430 2257 488 IN
2303 429 2554 489 EPIST.
2600 430 2701 486 AD
2746 428 2933 489 ROM.

3417 434 3536 493 202

157 570 471 627 repugnans
500 554 610 625 legi
645 556 859 611 mentis
909 558 1160 611 nostrai“?
1208 558 1280 612 Ut
1329 576 1462 630 ergo
1512 560 1782 614 ostendat
1813 563 1863 626 Α
1892 568 1973 613 est
2001 562 2438 629 fornicationem,
2485 565 2592 616 etc.
2619 560 2753 627 (Col.
2791 577 2873 625 ιιι,
2905 560 2981 627 5).
3016 559 3104 614 Illi
3147 562 3350 631 spiritu
3386 566 3537 620 facta

157 643 451 716 Apostolus
494 660 774 715 magnum
823 647 1042 700 donum
1074 648 1374 719 redempto
1408 649 1627 702 homini
1657 665 1784 703 esse

158 733 438 798 collatum,
474 733 771 803 respondit
809 736 879 789 ad
926 735 1045 790 haec
1081 752 1092 790 :
1134 737 1281 804 Quod
1312 739 1363 790 si
1392 738 1619 808 spiritus
1667 738 1786 808 ejus

157 824 243 894 qui
267 823 541 876 suscitavit
587 826 779 878 Jesum
808 840 841 877 a
868 826 1125 891 mortuis,
1160 824 1370 880 habitat
1397 827 1455 880 in
1486 828 1654 889 vobis,
1692 828 1787 897 qui

156 913 420 968 suscitavit
464 915 655 967 Iesum
704 912 978 967 Christum
1019 930 1052 968 a
1091 915 1339 983 mortuis,
1394 914 1694 985 viviﬁeabit
1735 924 1786 969 et

158 1001 406 1055 mortalia
431 1013 659 1070 corpora
703 1005 897 1067 vestra,
928 1006 1149 1072 propter
1176 1002 1575 1057 inhabitantem
1606 1004 1785 1074 Spiri-

161 1098 261 1144 tum
289 1088 395 1159 ejus
423 1090 484 1141 in
515 1089 679 1144 vobis.
710 1090 1017 1160 Tanquam
1052 1091 1269 1144 diceret
1304 1107 1316 1146 :
1356 1108 1635 1162 magnum
1672 1092 1784 1146 uti-

160 1194 259 1249 que
307 1193 521 1233 munus
571 1179 871 1249 redempto
920 1178 1142 1234 homini
1198 1179 1473 1235 collatum
1498 1181 1643 1251 (273)
1676 1187 1785 1245 est,

162 1265 415 1339 quoniam
442 1282 563 1321 non
582 1266 772 1321 solum
792 1268 989 1323 anima
1005 1268 1277 1323 relaxatis
1292 1269 1542 1340 peccatis
1565 1270 1621 1324 in
1648 1286 1788 1341 prae-

164 1354 293 1410 senti
320 1353 480 1421 vivit,
506 1355 607 1409 sed
635 1356 807 1410 etiam
844 1372 1056 1427 corpus
1075 1356 1464 1411 viviﬂcabitur
1488 1362 1545 1413 et
1574 1358 1641 1411 ad
1677 1358 1784 1412 im-

166 1442 526 1498 mortalitatis
558 1444 803 1514 gloriam
834 1446 1201 1500 transibit.ln
1220 1462 1286 1501 eo
1309 1462 1447 1501 sane
1470 1447 1619 1517 quod
1645 1446 1789 1501 dicit

160 1533 243 1603 qui
288 1531 592 1587 suscitavit
636 1533 839 1587 Jesum
870 1534 1168 1589 Christum
1219 1552 1251 1589 a
1298 1536 1569 1601 mortuis,
1603 1536 1783 1589 Deum

158 1623 357 1676 Patrem
388 1620 521 1675 vult
549 1621 828 1692 intelligi;
863 1639 978 1676 non
1023 1629 1217 1677 tamen
1270 1624 1394 1695 ipse
1444 1624 1604 1679 solus
1650 1640 1784 1679 eum

158 1710 449 1776 suscitavit,
492 1712 594 1765 sed
645 1716 702 1765 et
750 1710 953 1776 Filius,
983 1722 1037 1766 et
1068 1713 1321 1783 Spiritus
1352 1717 1613 1777 sanctus,
1649 1713 1787 1783 quia

159 1799 315 1854 totius
345 1798 657 1854 Trinitatis
688 1816 804 1853 una
836 1804 925 1855 est
953 1802 1229 1871 operatio.
1256 1802 1323 1855 Et
1353 1805 1491 1856 nota
1512 1801 1649 1872 quia
1671 1819 1784 1857 non

160 1888 225 1941 ait
251 1894 472 1943 mortua
526 1904 789 1958 corpora,
823 1889 923 1943 sed
971 1890 1250 1943 mortalia.
1282 1891 1467 1944 Adam
1520 1890 1676 1945 enim
1727 1890 1785 1944 in

164 1977 398 2049 paradiso
430 1977 707 2032 mortalis
752 1982 876 2032 erat
914 1984 1049 2031 ante
1092 1983 1416 2048 peccatum,
1449 1981 1589 2049 quia
1638 1978 1785 2033 mori

164 2072 372 2139 poterat,
392 2067 441 2123 si
480 2072 777 2138 peccaret;
808 2067 958 2122 sicut
986 2072 1044 2123 et
1068 2073 1336 2123 mortuus
1361 2074 1469 2133 est,
1494 2085 1627 2123 cum
1662 2086 1787 2139 pec-

168 2158 304 2211 cavit.
335 2158 423 2212 Sic
455 2156 619 2211 enim
655 2156 919 2211 mortalis
948 2157 1254 2211 dicebatur
1284 2157 1627 2227 priusquam
1660 2175 1787 2227 pec-

174 2250 376 2313 caverat,
410 2246 571 2300 sicut
602 2261 814 2316 corpus
844 2245 1184 2300 infirmitate
1216 2261 1419 2300 carens
1457 2246 1787 2317 mgrotabile

180 2334 365 2400 dicitur,
389 2351 511 2389 non
539 2338 842 2405 aegrotum.
864 2335 1025 2397 Quod
1059 2335 1105 2388 si
1138 2335 1443 2405 contigerit
1472 2340 1537 2389 ut
1565 2336 1787 2406 absque

177 2421 475 2477 inﬁrmitate
510 2422 838 2489 occumbat,
872 2424 1205 2493 tegrotabile
1249 2428 1400 2479 recte
1431 2424 1543 2477 dici
1575 2428 1784 2495 potest,

170 2513 335 2565 etnon
384 2516 694 2583 aegrotum.
726 2512 821 2566 Sic
873 2513 1069 2583 itaque
1127 2512 1468 2583 sancti,etsi
1518 2512 1787 2567 mortalia

164 2605 371 2668 agerent
393 2605 901 2673 corpora,propter
924 2602 1130 2657 mortis
1153 2602 1584 2669 necessitatem,
1600 2602 1656 2655 in
1682 2618 1786 2672 spe

160 2689 328 2742 tamen
359 2688 723 2744 immortalia
754 2690 993 2756 habent,
1023 2690 1192 2761 quale
1216 2690 1421 2744 habuit
1444 2691 1627 2745 Adam
1653 2695 1787 2745 ante

154 2782 461 2845 peccatum,
490 2779 623 2849 quia
659 2795 825 2850 spem
872 2785 1218 2849 acceperunt
1254 2796 1288 2832 a
1318 2779 1453 2846 Deo,
1490 2784 1546 2833 et
1577 2779 1789 2833 firmis-

152 2863 280 2919 sime
310 2866 559 2921 credunt
591 2868 731 2937 quia
779 2866 1163 2921 resurrecturi
1197 2868 1651 2937 quandoque-ad
1686 2884 1786 2921 an-

148 2953 399 3023 gelorum
433 2956 780 3026 dignitatem
826 2956 1185 3023 transibunt,
1221 2955 1291 3009 ad
1331 2971 1508 3025 quam
1559 2955 1789 3025 primus

145 3041 329 3109 homo,
364 3043 480 3096 nisi
517 3048 801 3113 peccaret,
825 3043 951 3097 sine
983 3048 1168 3097 morte
1189 3042 1429 3097 veniret.
1452 3044 1614 3096 Tunc
1639 3043 1787 3112 jam,

144 3147 240 3186 nec
274 3135 532 3200 mortua,
566 3146 672 3184 nec
703 3130 973 3184 mortalia
1002 3146 1244 3200 corpora
1275 3129 1594 3197 habebunt,
1629 3130 1788 3201 quia,

142 3235 242 3273 nec
267 3217 483 3273 mortis
506 3220 821 3272 necessitas
845 3216 960 3272 illis
985 3218 1177 3281 inerit,
1202 3234 1306 3272 nec
1330 3234 1496 3289 posse
1519 3234 1784 3290 peccare;

1894 651 2085 703 carnis
2126 650 2497 715 mortilicant,
2533 649 2654 721 qui,
2707 648 2925 720 Spiritu
2981 654 3182 703 sancto
3240 659 3533 723 operante,

1891 738 2033 791 vitia
2064 743 2117 792 et
2151 742 2383 809 peccata
2420 739 2479 792 in
2527 738 2862 808 semetipsis
2896 737 3295 809 exstinguunt,
3328 746 3383 795 et
3412 759 3535 797 cor-

1895 844 2033 897 pora
2088 844 2195 882 sua
2248 828 2563 899 castigant,
2628 832 2683 880 et
2742 827 2799 880 in
2854 827 3190 881 servitutem
3266 829 3541 902 redigunt

1895 917 1940 985 (ι
1969 919 2096 972 Cor.
2133 934 2207 981 IX,
2238 917 2351 987 27),
2387 916 2631 986 ideoque
2661 915 2875 981 vivent,
2900 932 3012 969 non
3045 919 3165 971 tam
3196 917 3315 973 vita
3344 934 3543 991 corpo-

1894 1004 1974 1059 ris
2015 1022 2191 1075 quam
2240 1006 2357 1058 vita
2408 1004 2616 1059 animae
2664 1008 2721 1057 et
2766 1008 2989 1059 aeternae
3038 1004 3439 1063 beatitudinis.
3475 1008 3541 1062 Et

1897 1094 2063 1164 quasi
2099 1094 2396 1149 dicerent:
2434 1093 2588 1147 unde
2620 1092 2997 1163 probabimus
3038 1094 3315 1165 Spiritum
3349 1095 3447 1150 Dei
3479 1096 3538 1151 in

1896 1182 2064 1236 nobis
2108 1181 2283 1237 esse?
2328 1182 2643 1253 Subjungit
2696 1199 2707 1235 :
2763 1182 3084 1253 Quicunque
3129 1184 3283 1237 enim
3328 1183 3541 1255 Spiritu

1896 1272 1995 1325 Dei
2022 1279 2291 1341 aguntur,
2323 1274 2369 1325 ii
2396 1272 2506 1341 ﬁlii
2551 1278 2677 1325 sunt
2725 1271 2837 1325 Dei.
2873 1271 2944 1325 Et
2991 1276 3080 1325 est
3126 1288 3333 1328 sensus
3369 1288 3382 1327 :
3417 1272 3538 1329 haec

1835 1424 1839 1429 ε
1896 1363 1986 1413 est
2014 1376 2148 1413 vera
2179 1360 2443 1430 probatio
2476 1358 2726 1413 filiorum
2762 1358 2884 1428 Dei,
2910 1358 2956 1413 si
2991 1359 3200 1429 spiritu
3230 1360 3330 1415 Dei
3362 1377 3541 1432 agun-

1894 1453 2008 1501 tur.
2042 1447 2261 1518 Spiritu
2298 1448 2399 1502 Dei
2430 1448 2513 1501 illi
2548 1452 2822 1519 aguntur,
2858 1447 2913 1501 id
2957 1453 3067 1512 est,
3098 1448 3413 1519 ducuntur,
3438 1449 3539 1519 qui

1893 1536 2142 1606 Spiritus
2174 1537 2361 1591 sancti
2394 1537 2583 1607 gratia
2614 1536 2685 1591 ad
2727 1553 2843 1590 sum
2894 1537 3109 1590 mentis
3140 1538 3538 1609 compunctio-

1896 1640 2028 1679 nem
2060 1626 2130 1678 ad
2166 1625 2451 1696 lacrymas
2492 1629 2547 1678 et
2589 1629 2793 1679 caetera
2822 1624 2915 1679 his
2945 1624 3163 1680 similia
3190 1627 3539 1693 excitantur,

1894 1718 1950 1769 et
1980 1714 2108 1769 ideo
2144 1713 2243 1767 filii
2276 1718 2416 1767 sunt
2445 1713 2560 1767 Dei.

1967 1803 2176 1873 Magna
2235 1808 2431 1857 autem
2481 1802 2733 1873 dignitas
2787 1802 3126 1857 hominibus
3166 1802 3372 1859 collata
3428 1808 3538 1872 est,

1896 1890 2174 1962 quoniam
2208 1891 2309 1961 qui
2354 1907 2467 1945 non
2518 1894 2683 1945 erant
2709 1891 2869 1961 digni
2910 1895 2974 1945 ut
3003 1897 3348 1946 vocarentur
3394 1892 3543 1949 servi

1897 1980 2017 2044 Dei,
2045 1984 2267 2033 tantam
2297 1983 2641 2049 potestatem
2676 1983 3022 2049 acceperunt
3044 1985 3107 2034 ut
3131 1980 3250 2035 sint
3267 1988 3322 2035 et
3342 1998 3546 2037 vocen-

1896 2072 1992 2122 tur
2023 2068 2125 2121 filii
2168 2066 2267 2121 Dei
2300 2069 2347 2137 (I
2371 2069 2530 2122 Joan.
2562 2084 2649 2138 In,
2684 2070 2754 2135 1).
2793 2069 2994 2137 itaque
3026 2067 3124 2138 qui
3173 2068 3391 2139 Spiritu
3442 2070 3544 2125 Dei

1897 2161 2171 2227 aguntur,
2196 2155 2478 2211 cbaritate
2501 2160 2790 2227 aguntur:
2817 2156 3096 2226 quoniam
3128 2156 3281 2211 idem
3302 2158 3546 2229 Aposto-

1896 2245 1987 2299 lus
2019 2246 2099 2299 ait
2132 2262 2144 2299 :
2180 2244 2436 2299 Charitas
2489 2246 2592 2299 Dei
2618 2245 2823 2315 diffusa
2852 2252 2931 2299 est
2959 2247 3019 2299 in
3048 2245 3297 2300 cordibus
3341 2246 3544 2302 nostris

1891 2350 1994 2405 per
2024 2334 2294 2403 Spiritum
2324 2342 2581 2387 sanctum
2612 2333 2820 2402 (supra,
2854 2350 2908 2396 ν,
2942 2333 3017 2404 3).
3047 2332 3209 2387 Unde
3241 2350 3373 2389 mox
3402 2335 3543 2389 sub-

1889 2422 2088 2493 jungit
2122 2439 2133 2476 :
2168 2438 2277 2477 non
2326 2423 2474 2476 enim
2512 2423 2794 2490 accepistis
2822 2422 3081 2491 spiritum
3112 2424 3391 2477 servitutis
3442 2424 3545 2478 ite-

1896 2528 2020 2565 rum
2080 2513 2136 2565 in
2192 2513 2447 2565 timorem
2495 2510 2661 2579 (276).
2712 2508 2881 2578 Nam,
2932 2514 2997 2563 ut
3054 2510 3305 2565 Joannes
3362 2509 3542 2567 dicit:

1895 2602 2146 2669 Perfecta
2206 2601 2443 2655 charitas
2507 2599 2661 2667 foras
2715 2600 2891 2653 mittit

1896 2706 1971 2757 Iv,
2010 2691 2113 2757 18).

1967 2778 2076 2831 Sed
2113 2778 2251 2848 quid
2283 2780 2371 2831 est
2398 2776 2553 2846 quod
2603 2777 2685 2830 ait
2733 2778 2983 2830 iterum?
3029 2776 3087 2830 id
3137 2780 3246 2841 est,
3281 2777 3438 2831 sicut
3484 2776 3544 2831 in

1899 2872 2091 2920 monte
2124 2866 2280 2931 Sina,
2318 2882 2431 2936 quo
2456 2864 2611 2919 dicto
2641 2866 2899 2919 ostendit
2920 2880 3018 2919 eos
3052 2864 3234 2919 fuisse
3254 2866 3365 2920 sub
3396 2865 3542 2937 lege.

1898 2955 2046 3008 Dicit
2095 2954 2310 3024 aliquis
2346 2971 2357 3007 :
2396 2955 2539 3008 alter
2586 2953 2696 3008 fuit
2742 2954 2983 3024 spiritus
3026 2954 3086 3008 in
3118 2953 3309 3009 Veteri
3341 2955 3546 3009 Testa—

1899 3047 2095 3096 mento
2129 3044 2301 3095 datus
2330 3042 2541 3112 populo
2569 3042 2691 3109 Dei,
2719 3047 2776 3097 et
2806 3043 2950 3097 alter
2982 3043 3039 3096 in
3072 3047 3228 3098 Novo
3262 3060 3275 3098 :
3310 3043 3465 3114 quod
3495 3044 3545 3097 si

2964 2600 3211 2654 timorem
3274 2599 3331 2669 (Ι
3385 2601 3541 2655 Joan.

1898 3134 2070 3193 esset,
2106 3145 2476 3200 nequaquam
2518 3130 2831 3199 Apostolus
2882 3133 3083 3185 iterum
3114 3131 3348 3186 diceret.
3384 3132 3543 3186 Idem

1898 3232 2033 3289 ergo
2059 3222 2149 3272 est
2178 3218 2421 3287 spiritus
2465 3218 2758 3272 servitutis
2790 3222 2846 3272 et
2873 3218 3189 3287 libertatis;
3235 3220 3335 3275 sed
3368 3220 3541 3290 spiri-

144 3309 289 3378 quod
319 3311 466 3361 tunc
490 3308 604 3370 liet,
624 3322 756 3360 cum
786 3306 1093 3377 impletum
1123 3308 1294 3362 fuerit
1318 3307 1459 3361 illud
1484 3308 1635 3379 quod
1662 3325 1785 3378 pro-
1814 3296 1857 3361 C
1898 3311 1994 3361 tus
2022 3307 2251 3361 timoris
2282 3311 2339 3361 et
2370 3306 2665 3361 servitutis
2710 3307 2767 3360 in
2808 3307 3027 3362 tabulis
3058 3307 3332 3379 lapideis;
3368 3307 3541 3379 spiri-

133 3396 295 3465 pheta
320 3394 502 3449 dicit:
536 3394 803 3466 Absorpta
834 3402 912 3448 est
937 3410 1086 3449 mors
1124 3395 1184 3448 in
1224 3397 1456 3450 victoria
1484 3395 1627 3463 (Ose.
1662 3414 1782 3463 x111,

138 3486 242 3552 l4);
276 3484 335 3538 id
368 3489 479 3551 est,
503 3500 626 3537 cum
646 3484 879 3537 mortale
899 3484 1001 3539 hoc
1023 3483 1265 3538 induerit
1285 3485 1759 3539 immortalitatem

134 3581 174 3626 et
222 3572 579 3642 corruptibile
636 3573 1097 3642 incorruptionem
1140 3573 1212 3642 (II
1242 3574 1360 3627 Cor.
1395 3590 1485 3639 xv,
1532 3575 1625 3641 53,
1667 3567 1780 3650 5/5):

136 3661 321 3731 Igitur,
343 3661 485 3731 quia
516 3677 791 3730 magnum
827 3677 1045 3715 munus
1078 3660 1305 3715 homini
1332 3661 1784 3749 collatumt2'74)

137 3750 378 3804 ostendit
418 3766 431 3804 :
469 3748 685 3803 idcirco
719 3748 983 3803 subdidit
1016 3765 1028 3802 :
1062 3750 1212 3819 (275)
1247 3754 1404 3819 Ergo,
1437 3754 1660 3820 fratres,
1692 3748 1782 3805 de-

144 3838 325 3893 bitores
352 3854 563 3905 sumus,
591 3842 725 3907 etc.,
760 3839 901 3908 quia
948 3837 1213 3893 absolute
1265 3838 1347 3892 ait
1393 3838 1678 3903 debitores,
1714 3856 1783 3894 nc

144 3926 263 3995 quis
293 3931 524 3999 putaret
555 3927 737 3994 carni,
771 3926 995 3981 addidit
1040 3942 1147 3981 non
1183 3928 1361 3993 carni,
1397 3937 1457 3981 ut
1486 3927 1785 3981 secundum

144 4030 351 4072 carnem
406 4018 680 4071 vivamus.
728 4017 897 4070 Carni
956 4016 1249 4070 debitores
1307 4019 1445 4069 sunt
1497 4015 1596 4086 qui
1656 4016 1785 4084 ejus

146 4106 634 4177 concupiscentias
702 4109 1073 4176 sequuntur;
1138 4105 1293 4174 quod
1362 4108 1648 4175 quantum
1709 4104 1785 4159 sit

146 4192 345 4249 malum
393 4196 522 4266 ipse
554 4195 833 4259 ostendit,
869 4194 1236 4264 subjungens
1266 4209 1279 4247 :
1312 4195 1373 4247 Si
1400 4195 1549 4248 enim
1597 4209 1784 4249 secun-

145 4279 254 4336 dum
280 4300 502 4340 carnem
561 4283 831 4349 vixeritis,
864 4284 1214 4343 moriemini;
1246 4283 1300 4335 id
1334 4286 1443 4345 est,
1472 4283 1520 4337 si
1569 4299 1782 4337 secun-

148 4368 267 4426 dum
323 4390 423 4428 vos
487 4372 647 4443 ipsos
703 4370 982 4426 vixeritis.
1019 4371 1250 4425 Primus
1304 4369 1459 4425 enim
1512 4372 1779 4443 angelus,

150 4459 266 4525 quia
322 4463 652 4517 secundum
700 4478 761 4516 se
812 4460 971 4525 vixit,
1002 4460 1132 4514 ideo
1186 4460 1424 4514 corruit.
1477 4459 1639 4522 Quod
1689 4461 1782 4515 di-

151 4545 216 4600 cit
240 4552 579 4618 moriemini,
615 4567 731 4605 non
774 4550 844 4603 de
895 4555 1080 4603 morte
1122 4549 1402 4619 corporis,
1435 4549 1534 4602 sed
1584 4550 1780 4619 potius

1895 3399 1991 3451 tus
2024 3396 2242 3450 amoris
2277 3399 2333 3450 et
2364 3395 2652 3451 libertatis
2680 3396 2738 3449 in
2772 3396 2986 3450 tabulis
3018 3396 3229 3451 cordis.

1963 3484 2070 3538 Sed
2100 3486 2383 3555 accepistis
2410 3486 2669 3555 spiritum
2700 3485 3010 3554 adoptionis
3032 3486 3310 3554 ﬁliorum;
3340 3486 3397 3541 id
3430 3492 3543 3556 est,

1894 3574 2177 3644 Spiritum
2210 3578 2505 3641 sanctum,
2542 3590 2643 3643 per
2686 3574 2855 3642 cujus
2906 3574 3156 3644 gratiam
3206 3574 3428 3643 ﬁdeles,
3453 3577 3542 3630 di-

1894 3662 2094 3717 missis
2149 3662 2205 3715 in
2267 3662 2620 3732 baptismate
2668 3662 2941 3732 peccatis,
2984 3662 3237 3733 adoptivi
3287 3663 3386 3717 ﬁlii
3440 3664 3541 3719 Dei

1892 3751 2317 3805 efﬁciunturth
2348 3766 2452 3821 quo
2481 3750 2819 3805 clamamus:
2843 3751 2987 3805 Abba
3012 3753 3240 3821 (Pater).
3266 3753 3541 3817 Quaedam

1893 3839 2249 3909 exemplaria
2291 3839 2623 3893 clamantem
2674 3840 2911 3907 habent,
2943 3841 3097 3909 quod
3148 3845 3255 3906 est,
3289 3840 3542 3896 clamare

1894 3928 2224 3981 lacientem.
2252 3928 2543 3997 Expositio
2572 3930 2660 3980 est
2676 3943 2811 3997 ergo
2835 3929 2985 3996 quod
3013 3928 3069 3982 in
3098 3930 3315 3984 nostris
3346 3946 3541 3985 exem-

1894 4013 2156 4085 plaribus
2188 4014 2499 4069 invenitur.
2520 4013 2753 4067 Clamor
2774 4020 2969 4068 autem
3002 4016 3131 4085 iste,
3156 4034 3269 4070 non
3294 4018 3411 4071 oris
3443 4022 3543 4073 aut

1894 4103 2149 4156 faucium
2194 4107 2301 4170 est,
2336 4102 2436 4155 sed
2482 4101 2693 4156 cordis.
2727 4103 2875 4156 Abba
2922 4102 3131 4173 Syrum
3185 4110 3273 4158 est
3323 4109 3379 4159 et
3433 4109 3541 4159 He-

1896 4192 2116 4245 braeum
2136 4209 2148 4258 ;
2170 4196 2345 4262 pater,
2371 4194 2629 4245 Graecum
2656 4196 2711 4244 et
2733 4190 3024 4244 Latinum.
3050 4191 3386 4247 Clamamus
3407 4208 3543 4263 ergo

1892 4281 1948 4334 in
2014 4280 2220 4351 spiritu
2254 4298 2266 4335 :
2300 4281 2473 4345 Abba,
2518 4282 2704 4346 Pater,
2756 4295 2889 4333 cum
2949 4284 3181 4335 orantes
3241 4280 3539 4336 dicimus:

1890 4374 2060 4424 Pater
2086 4372 2291 4431 noster,
2323 4372 2432 4423 etc.
2458 4368 2567 4423 Sed
2604 4384 2783 4439 quare
2818 4372 3138 4439 utrumque
3166 4370 3383 4440 posuit,
3408 4386 3542 4425 cum

1893 4476 2081 4513 unum
2116 4459 2269 4512 sint?
2303 4458 2556 4521 Scilicet,
2582 4456 2719 4528 quia
2751 4457 3013 4528 praevidit
3042 4458 3358 4521 multos,ex
3385 4463 3543 4514 utro-

1892 4564 2006 4618 que
2038 4546 2254 4617 populo
2286 4547 2356 4601 ad
2386 4563 2559 4600 unam
2595 4546 2810 4601 Christi
2842 4548 3017 4601 ﬁdem
3042 4553 3337 4603 venturos.
3371 4548 3545 4619 Prop-

152 4635 363 4706 animze,
420 4639 513 4695 vel
582 4644 809 4694 internae
876 4638 1273 4693 damnationis
1340 4642 1431 4692 est
1490 4638 1779 4709 accipien-
1810 4658 1857 4721 D
1894 4640 1982 4690 ter
2010 4636 2267 4706 lapidem
2297 4651 2433 4705 ergo
2482 4634 2824 4707 angularem
2872 4640 3191 4707 utrumque
3234 4637 3445 4708 posuit,
3480 4642 3546 4692 ut

163 4722 299 4781 dum.

212 4816 426 4873 Poterat
458 4819 527 4873 ad
561 4817 681 4873 hmo
715 4816 928 4888 aliquis
972 4817 1162 4872 dicere
1196 4834 1207 4872 :
1244 4815 1293 4870 si
1333 4833 1449 4871 non
1482 4817 1665 4883 carni,
1693 4818 1787 4872 cui

161 4914 272 4971 ergo
303 4906 373 4960 rei
409 4906 704 4961 debitores
738 4904 987 4960 sumus?
1017 4907 1099 4960 Ad
1133 4906 1255 4959 haec
1276 4904 1445 4975 quasi
1479 4906 1788 4977 respondet

164 4988 442 5059 Apostolus
476 5010 488 5047 :
521 4995 788 5064 Spiritui,
814 4992 1091 5065 quoniam
1118 5011 1235 5050 non
1268 4991 1351 5047 illi
1384 4992 1464 5047 rei
1495 4994 1788 5049 debitores

166 5090 363 5147 sumus,
396 5083 721 5138 secundum
756 5098 927 5152 quam
982 5085 1289 5150 morimur,
1324 5082 1423 5137 sed
1460 5084 1786 5138 secundum

389 5171 457 5191 3-,'
482 5189 511 5191 ,-
550 5189 597 5191 κ..
655 5171 768 5192 ῗῖι...
834 5171 975 5192 -..Σ-,Α
1117 5173 1149 5192 In
1218 5171 1362 5192 F_,-J
1434 5173 1733 5192 _,,l.3.,,-__,'a
1774 5189 1783 5191 -

238 5183 312 5192 Α...

1894 4741 2137 4796 quaeque
2171 4741 2314 4794 gens
2333 4723 2572 4779 haberet
2591 4725 2883 4794 quomodo
2915 4726 2973 4780 in
2998 4742 3105 4780 sua
3136 4725 3338 4797 lingua
3359 4726 3543 4779 Deum

1898 4814 2271 4885 gloriﬁcaret.

1967 4906 2083 4975 Ipse
2113 4904 2259 4957 enim
2290 4901 2527 4972 Spiritus
2576 4902 2944 4957 testimonium
2973 4902 3147 4957 reddit
3194 4903 3418 4972 spiritui
3452 4916 3547 4953 no-

1897 5002 2010 5049 stro
2042 4994 2192 5065 quod
2220 5008 2411 5047 sumus
2443 4992 2550 5059 filii
2580 4991 2695 5045 Dei.
2720 4990 2885 5058 Nota,
2912 4991 3049 5062 quia
3069 5007 3182 5044 non
3216 4990 3298 5044 ait
3318 4993 3545 5042 tantum

1898 5082 2275 5154 Spiritus,sed
2302 5081 2587 5151 prmmisit
2608 5081 2743 5150 ipse,
2766 5080 2825 5134 id
2849 5084 2958 5149 est,
2977 5080 3034 5133 in
3059 5096 3173 5148 quo
3195 5076 3546 5131 clamamus:

2107 5173 2259 5190 n....
2305 5168 2479 5190 0‘24.
2546 5188 2549 5189 ,
2622 5168 2707 5187 ηηξ
2776 5185 2815 5187 νᾼ
2866 5185 2911 5187 ,κ
2978 5173 3097 5188 ,ιμ--
3133 5164 3295 5188 -..μὶ-μ
3352 5168 3544 5186 ..Α-ι-..
