3998 5278
372 297 489 357 203

1386 293 1724 355 ATTONIS
1767 290 2359 357 VERCELLENSIS
2404 291 2754 354 EPISCOPI

3654 298 3781 358 204

373 430 537 486 nium
586 425 778 483 reddit
821 424 1052 499 spiritui
1098 427 1296 481 nostro
1344 425 1499 497 quod
1530 424 1634 480 ﬁlii
1672 425 1772 480 Dei
1802 424 2013 489 simus,
2045 430 2098 496 Α
2127 423 2259 495 tive,
2292 424 2393 480 sed
2427 424 2771 480 afﬁrmative
2810 423 3102 497 prolatum
3149 430 3254 482 ost.
3290 425 3385 483 Sic
3417 425 3557 484 alibi
3588 444 3602 483 :
3634 430 3779 485 Puto

372 518 511 591 quia
540 516 755 591 pignus
776 516 947 571 nobis
968 530 1089 571 sue
1113 515 1314 588 gratie
1336 513 1611 585 contulit;
1636 515 1791 587 quod
1816 513 2017 585 utique

371 625 488 665 non
513 607 820 671 conferret,
853 604 965 661 nisi
996 603 1101 659 ﬁlii
1138 604 1232 659 Dei
1266 620 1551 660 essemus.

443 695 811 769 Igitur,'quia
841 694 978 749 ﬁliis
1008 694 1253 750 debetur
1282 693 1589 749 hereditas
1621 692 1824 764 patris,
1860 690 2018 746 addi-

373 787 461 844 dit
489 804 503 843 :
534 785 595 841 Si
621 789 811 841 autem
858 783 988 854 ﬁlii,
1018 786 1069 839 et
1098 782 1355 839 heredes.
1381 782 1543 837 Filiis
1591 780 1804 853 quippe
1836 779 2017 852 patris

372 874 681 933 hereditas
711 874 976 928 debetur.
1009 872 1116 927 Sed
1168 888 1283 927 non
1334 871 1486 927 sicut
1517 869 1655 924 ﬁliis
1685 869 2014 935 hominum,

372 966 458 1021 ita
484 963 624 1020 ﬁliis
652 962 773 1020 Dei.
801 962 985 1018 Homo
1016 975 1272 1031 namque
1301 958 1439 1014 ﬁliis
1465 960 1589 1014 suis
1621 958 2015 1014 hereditatem

370 1052 674 1124 relinquit,
707 1067 885 1125 quam
914 1066 1050 1106 cum
1093 1048 1211 1105 illis
1268 1049 1565 1121 possidere
1614 1065 1730 1103 non
1789 1051 2013 1118 potest:

371 1142 527 1200 Deus
558 1146 756 1198 autem
811 1139 947 1195 ﬁliis
1000 1137 1126 1195 suis
1182 1138 1577 1193 hereditatem
1609 1137 1805 1203 donat,
1840 1151 2015 1207 quam

372 1249 507 1288 cum
536 1231 654 1287 illis
684 1230 746 1286 in
770 1232 1051 1285 eternum
1093 1226 1446 1299 possidebit;
1478 1226 1597 1281 imo
1644 1225 1769 1297 ipse
1798 1229 1888 1281 est
1916 1241 2015 1280 eo-

371 1338 503 1377 rum
534 1320 865 1388 hereditas,
888 1318 1043 1373 sicut
1067 1315 1378 1372 Psalmista
1399 1315 1541 1370 dicit
1564 1331 1576 1368 :
1600 1316 1864 1369 Dominus
1880 1330 2017 1384 pars

372 1411 705 1466 [nereditatis
734 1423 874 1465 mea:
902 1408 1077 1479 (Psal.
1110 1424 1203 1475 xv,
1226 1406 1305 1477 5).

443 1500 579 1569 Sed,
600 1514 671 1555 ne
693 1501 923 1570 putaret
937 1496 1072 1567 quis
1097 1509 1339 1567 parvum
1361 1509 1489 1548 esse
1508 1492 1764 1548 heredes
1780 1491 2017 1559 Christi,

372 1588 698 1660 subjunxit,
718 1587 875 1660 quod
897 1584 1087 1656 magis
1110 1584 1471 1655 gaudeamus
1496 1600 1507 1637 :
1536 1582 1777 1639 heredes
1798 1581 2014 1652 quidem

371 1680 493 1746 Dei,
517 1677 824 1735 coheredes
853 1683 1041 1731 autem
1071 1672 1295 1728 Christi.
1320 1671 1659 1728 Coheredes
1679 1670 1892 1726 Christi
1925 1687 2018 1726 su-

372 1764 814 1839 mus,quoniam
845 1779 1086 1834 corpora
1115 1766 1316 1817 nostra
1346 1760 1870 1833 conﬁgurabuntur
1890 1776 2019 1815 cor-

2124 519 2313 569 autem
2335 514 2503 585 (283),
2527 515 2676 585 quod
2712 519 2766 569 et
2806 530 2901 584 ego
2940 516 3210 586 Spiritum
3235 518 3337 572 Dei
3369 517 3538 573 habeo
3571 519 3618 589 (ι
3650 518 3777 575 Cor.

2126 619 2225 667 vn,
2258 604 2345 674 40)
2378 603 2544 675 (284).
2583 604 2650 658 Et
2700 603 2839 658 item
2875 620 2887 660 :
2921 612 3051 672 puto
3079 606 3228 676 quod
3275 608 3601 663 novissimos
3641 625 3777 679 apo-

2122 692 2285 746 stolos
2332 709 2431 746 nos
2477 694 2615 747 Deus
2660 693 2906 763 elegerit,
2954 697 3218 766 tanquam
3259 697 3430 751 morti
3472 696 3778 754 destinatos

2125 780 2172 851 (Ι
2201 780 2317 836 Cor.
2344 798 2419 852 ιν,
2459 782 2537 851 9).
2565 781 2817 837 Dicendo
2848 787 3043 838 autem
3073 785 3234 855 hujus
3266 788 3541 857 temporis,
3569 792 3777 843 osten-

2125 870 2212 924 dit
2249 870 2401 925 leves
2432 876 2489 925 et
2519 875 2958 927 momentaneas
2989 874 3293 945 presentis
3336 875 3464 929 vite
3496 892 3776 947 persecu-

2124 958 2335 1024 tiones,
2368 960 2522 1014 unde
2553 965 2609 1015 et
2639 960 2939 1031 praemisit,
2971 977 3081 1017 non
3108 965 3235 1017 sunt
3261 963 3574 1033 condigne;
3608 965 3775 1021 nullo

2124 1048 2281 1103 enim
2313 1054 2477 1119 pacto
2508 1053 2738 1104 terrena
2779 1049 3131 1119 coelestibus,
3167 1053 3509 1123 temporalia
3537 1055 3776 1111 eternis

2126 1137 2472 1209 equiparari
2518 1142 2781 1208 possunt.
2816 1138 2959 1194 Hinc
2999 1139 3319 1212 Origenes:
3355 1142 3414 1197 Si
3463 1143 3646 1211 omni,
3682 1145 3777 1199 in-

2126 1227 2273 1298 quit,
2306 1232 2567 1299 tempore
2595 1226 2724 1282 vite
2754 1244 2894 1284 mee
2943 1228 3083 1284 talia
3114 1247 3325 1301 passus
3355 1232 3539 1299 fuero,
3572 1234 3779 1304 qualia

2128 1332 2336 1387 passus
2362 1320 2451 1372 est
2477 1316 2607 1386 Job,
2642 1332 2757 1372 non
2790 1333 2882 1371 me
2922 1318 3166 1389 dignum
3214 1324 3444 1376 aeterne
3474 1321 3603 1377 vite
3634 1323 3776 1378 bea-

2127 1404 2375 1460 titudine
2407 1405 2677 1460 arbitror.

2198 1495 2290 1549 Αά
2324 1495 2587 1565 futuram
2630 1496 2891 1567 gloriam.
2944 1496 3197 1552 Dicenda
3244 1500 3518 1569 futuram,
3570 1517 3776 1574 perpe-

2126 1588 2287 1638 tuam
2318 1584 2601 1651 ostendit;
2636 1602 2763 1655 que
2804 1585 2943 1655 quia
2969 1586 3163 1641 verbis
3212 1587 3485 1659 explicari
3512 1606 3631 1645 non
3662 1607 3773 1662 po-

2127 1676 2259 1742 test,
2292 1672 2420 1728 ideo
2465 1672 2590 1744 ipse
2636 1672 2774 1728 alibi
2813 1673 2999 1729 dicit:
3032 1675 3185 1742 Quod
3228 1692 3330 1731 nec
3377 1679 3563 1733 oculus
3617 1680 3773 1749 vidit,

2124 1778 2227 1817 nec
2256 1764 2416 1817 auris
2438 1762 2653 1817 audivit
2681 1778 2800 1832 qua:
2843 1768 3184 1833 praeparavit
3228 1765 3368 1821 Deus
3413 1767 3775 1836 diligentibus

828 1812 1015 1925 ips-ias
1036 1852 1302 1921 (Philipp.
1329 1867 1414 1921 ιιι,
1432 1812 1543 1921 21)).
1565 1850 1731 1916 Nam,
1757 1866 1891 1905 cum
1924 1866 2011 1907 rc-

2126 1812 2410 1921 suis:
2440 1812 2612 1922 ἶέζό).

368 1943 749 2008 surrexerint,
774 1944 843 1996 ad
878 1938 1338 1995 immortalitatis
1360 1937 1605 2011 gloriam
1629 1939 2011 2006 deducentur,

369 2036 441 2093 ad
473 2050 653 2106 quam
684 2030 895 2087 Christi
929 2046 1141 2101 corpus
1177 2028 1438 2100 pervenit
1466 2032 1600 2099 post
1635 2029 2014 2083 resurrectio-

368 2140 523 2181 nem.
549 2122 815 2179 Heredes
840 2119 936 2175 Dei
968 2135 1197 2175 sumus.
1222 2117 1559 2173 Coheredes
1582 2121 1775 2172 autem
1798 2116 2012 2172 Christi

366 2214 613 2281 erimus,
633 2227 767 2268 cum
799 2207 1135 2282 apparuerit
1184 2208 1337 2278 quod
1388 2222 1615 2262 sumus.
1646 2206 1807 2262 Unde
1835 2209 2011 2262 Joan-

365 2320 469 2361 nes
503 2318 517 2359 :
552 2300 894 2370 Charissimi,
916 2314 1064 2353 nunc
1086 2295 1202 2368 ﬁlii
1228 2298 1326 2352 Dei
1345 2312 1553 2361 sumus,
1577 2300 1628 2351 et
1648 2296 1891 2351 nondum
1920 2312 2014 2367 ap-

362 2394 549 2466 paruit
578 2390 709 2465 ρυἱά
736 2391 962 2446 erimus.
991 2387 1126 2443 Cum
1153 2392 1338 2441 autem
1368 2387 1708 2457 apparuerit,
1732 2386 1941 2440 similes
1962 2385 2015 2441 ei

364 2484 576 2540 erimus
607 2483 654 2554 (ι
679 2482 840 2537 Joan.
874 2495 959 2545 ιιι,
990 2477 1064 2547 2).
1094 2476 1256 2532 Unde
1285 2491 1417 2531 vero
1462 2474 1684 2530 similes
1719 2474 1769 2529 ei
1801 2474 2009 2531 simus.

365 2573 493 2645 ipse
520 2569 797 2637 ostendit,
845 2567 1146 2624 subdens:
1178 2564 1485 2651 videbimus
1539 2580 1667 2620 eum
1716 2564 1883 2619 sicuti
1937 2570 2015 2618 est

367 2659 585 2735 (Ibid)
606 2659 811 2731 Igitur,
844 2660 911 2713 ut
956 2655 1286 2712 ostenderet
1332 2652 1585 2725 qualiter
1627 2653 1698 2708 ad
1750 2652 1898 2707 hanc
1930 2651 2014 2707 di-

366 2750 654 2824 gnitatem
683 2745 1138 2821 perveniendum
1165 2743 1262 2809 sit,
1287 2742 1547 2798 addidit:
1583 2742 1642 2796 Si
1662 2749 1840 2796 tamen
1864 2741 2012 2812 (277)

367 2840 738 2911 compatimur
753 2836 922 2908 (278),
944 2842 1004 2889 ut
1022 2842 1072 2891 et
1088 2832 1584 2903 congloriﬁcemur.
1613 2833 1748 2887 Com
1758 2830 2014 2901 patimur

368 2928 530 2996 dicit,
564 2928 718 2983 sicut
745 2923 1169 2980 commorimur
1199 2938 1211 2976 :
1249 2922 1403 2977 unde
1438 2920 1575 2976 alibi
1612 2938 1624 2975 :
1659 2920 1721 2975 Si
1747 2920 2010 2990 compati-

367 3035 517 3089 mur,
548 3021 601 3073 et
629 3013 1110 3086 conregnabimus;
1138 3012 1190 3067 si
1218 3012 1631 3081 commorimur,
1672 3013 1723 3064 et
1765 3010 2010 3065 convive-

367 3124 489 3163 mus
515 3105 685 3177 (279).
710 3104 947 3176 Oportet
976 3100 1133 3157 enim
1165 3104 1230 3155 ut
1260 3099 1457 3172 qualia
1479 3097 1744 3155 Christus
1776 3096 2014 3169 pertulit

2200 1940 2258 1993 ln
2287 1957 2352 1995 eo
2382 1956 2513 1994 vero
2535 1941 2688 2010 quod
2722 1941 2956 1996 subdit:
2986 1958 3106 2012 que
3134 1945 3469 1999 revelabitur
3496 1948 3555 2002 in
3585 1948 3769 2016 nobis,

2123 2030 2376 2085 ostendit
2398 2045 2550 2084 nunc
2573 2046 2701 2084 esse
2718 2030 3027 2088 occultam.
3045 2031 3203 2087 Unde
3218 2034 3504 2091 Joannes:
3526 2038 3771 2093 nondum

2122 2120 2380 2190 apparuit
2405 2119 2549 2190 quod
2579 2135 2785 2174 sumus.
2809 2120 2954 2175 Cum
2985 2125 3180 2176 autem
3203 2123 3343 2178 dicit
3372 2125 3432 2179 in
3460 2127 3639 2193 nobis,
3675 2144 3769 2183 os-

2121 2206 2309 2262 tendit
2337 2208 2476 2277 quia
2507 2207 2760 2262 multum
2791 2208 3035 2263 distabit
3079 2212 3474 2282 apostolorum
3509 2215 3769 2287 dignitas

2123 2313 2157 2351 a
2186 2295 2544 2368 reliquorum
2576 2297 2829 2352 ﬁliorum
2854 2298 3163 2370 dignitate;
3199 2301 3415 2374 quippe
3442 2303 3629 2359 multo
3655 2322 3774 2362 ma-

2113 2385 2211 2455 jor
2243 2385 2300 2439 in
2324 2384 2440 2441 illis
2464 2385 2584 2440 hec
2601 2385 2785 2457 gloria
2809 2387 3178 2445 revelabitur.
3200 2391 3479 2463 Sed,quid
3502 2397 3591 2448 est
3612 2396 3770 2465 quod

2084 2495 2096 2505 ι
2122 2474 2396 2529 subditur
2441 2491 2453 2528 :
2502 2477 2847 2546 Exspectatio
2878 2477 3025 2548 (285)
3056 2483 3331 2537 creaturae
3378 2482 3773 2539 revelationem

2120 2564 2366 2634 ﬁliorum
2393 2566 2493 2620 Dei
2519 2568 2839 2636 exspectat?
2868 2567 3002 2631 Que
3027 2571 3116 2623 est
3135 2568 3292 2623 enim
3323 2569 3444 2625 hec
3466 2572 3775 2630 creatura?

2123 2658 2239 2707 Aut
2269 2654 2367 2724 qui
2420 2653 2521 2707 ﬁlii
2561 2654 2699 2709 Dei?
2730 2654 3006 2711 Creatura
3051 2661 3190 2712 sunt
3239 2659 3449 2731 angeli,
3483 2660 3772 2717 sublimes

2123 2746 2437 2813 potestates
2496 2747 2552 2797 et
2610 2742 2854 2799 virtutes
2909 2744 3191 2813 celestes,
3234 2746 3466 2814 coelum,
3499 2753 3659 2806 terra
3715 2755 3773 2806 et

2122 2830 2320 2885 omnia
2350 2848 2475 2902 que
2506 2832 2659 2887 Deus
2690 2836 2861 2888 Pater
2906 2850 3008 2904 per
3054 2834 3261 2890 Filium
3292 2837 3574 2892 condidit.
3606 2838 3771 2895 Unde

2123 2924 2345 2976 constat
2382 2920 2520 2992 quia
2549 2921 2675 2993 ipse
2704 2920 2886 2993 solus,
2919 2939 3036 2978 non
3086 2928 3370 2992 creatura,
3400 2928 3503 2982 sed
3535 2932 3772 2984 Creator

2122 3013 2228 3079 est,
2252 3026 2285 3064 a
2315 3025 2431 3081 quo
2460 3014 2518 3065 et
2542 3010 2797 3082 perfecta
2829 3017 2968 3067 sunt
2998 3014 3215 3069 omnia.
3239 3015 3363 3070 Non
3395 3016 3577 3088 igitur
3606 3017 3766 3073 aliud

2121 3102 2467 3169 creaturam,
2499 3103 2556 3153 et
2585 3098 2745 3155 aliud
2776 3098 2929 3156 ﬁlios
2974 3100 3072 3156 Dei
3105 3102 3427 3176 intelligere
3458 3106 3765 3173 debemus,

369 3214 474 3269 pro
502 3199 711 3252 nostra
759 3192 967 3260 salute,
997 3190 1140 3245 talia
1186 3205 1293 3244 nos
1341 3188 1703 3259 perferamus
1753 3203 1854 3258 pro
1882 3186 2011 3256 ejus
2041 3178 2083 3245 C
2123 3185 2399 3256 quoniam
2429 3204 2611 3241 unum
2642 3192 2799 3243 sunt.
2835 3190 3174 3261 Exspectatio
3220 3208 3345 3248 vero
3379 3199 3656 3266 exspectat
3686 3196 3769 3250 sic

370 3301 596 3352 amore;
632 3282 787 3355 quod
815 3280 1115 3344 facientes,
1143 3278 1216 3333 ad
1245 3276 1355 3331 hoc
1396 3292 1581 3346 usque
1611 3275 2013 3347 perveniemus

370 3377 437 3429 ut
464 3377 523 3429 et
551 3370 729 3428 simul
750 3368 1165 3441 gloriﬁcemur,
1190 3363 1469 3436 quoniam
1491 3364 1563 3418 ad
1594 3363 1754 3419 illam
1778 3364 2014 3419 immor-

369 3460 615 3518 talitatis
670 3457 917 3530 gloriam
977 3455 1352 3524 deducemur,
1386 3454 1458 3509 ad
1518 3469 1695 3525 quam
1744 3452 2013 3508 Christus

370 3548 633 3623 pervenit
664 3550 795 3620 post
822 3542 1326 3601 resurrectionem.

439 3638 549 3695 Sed
590 3636 734 3692 dicit
787 3633 1047 3706 aliquis:
1082 3632 1373 3704 quomodo
1428 3631 1570 3687 talia
1629 3648 1730 3703 pro
1786 3631 2012 3687 Christo

367 3727 489 3801 pati
520 3722 1060 3798 possumus,qualia
1079 3720 1344 3776 Christus
1374 3738 1476 3792 pro
1502 3719 1670 3775 nobis
1694 3736 1903 3791 passus
1925 3724 2014 3775 est

368 3833 503 3873 cum
544 3815 739 3871 desint
788 3810 1118 3884 corporales
1168 3814 1589 3883 persecutores,
1616 3814 1674 3865 et
1722 3813 2013 3865 tormenta

367 3904 661 3963 exterius?
691 3905 977 3968 Attamen,
1007 3901 1143 3956 licet
1184 3899 1514 3972 corporales
1562 3896 1773 3965 desint,
1797 3897 2015 3953 adsunt

368 3993 663 4066 spiritales
691 3997 749 4048 et
775 3994 1174 4064 persecutores
1213 3983 1270 4044 et
1315 3988 1771 4060 persecutiones,
1809 3986 2011 4043 adver-

367 4101 470 4141 sus
515 4100 641 4155 que
691 4098 798 4138 nos
852 4095 1086 4152 semper
1130 4078 1411 4133 dimicare
1466 4081 1713 4149 oportet,
1747 4075 2010 4148 quandiu

362 4173 424 4230 in
456 4188 629 4230 carne
659 4186 889 4228 sumus.
917 4170 1097 4225 Nemo
1128 4168 1285 4222 enim
1318 4165 1801 4221 incontinentiam
1833 4165 2011 4219 conti-

362 4263 582 4329 nentia,
616 4265 673 4315 et
721 4263 928 4315 cetera
956 4256 1105 4329 (280)
1151 4255 1292 4311 vitia
1338 4253 1653 4309 virtutibus
1699 4253 2005 4324 oppositis,

360 4349 476 4406 nisi
505 4366 639 4404 cum
672 4364 885 4419 magno
917 4346 1135 4411 labore,
1168 4343 1377 4415 poterit
1407 4358 1701 4414 superare.

429 4437 519 4504 Et,
554 4452 626 4491 ne
657 4435 749 4491 cui
779 4435 927 4505 (281)
957 4434 1169 4488 durum
1193 4436 1250 4487 et
1271 4447 1545 4503 asperum
1578 4431 1867 4486 videretur
1890 4432 2006 4503 pati

2123 3276 2340 3330 dictum
2373 3281 2481 3344 est,
2515 3277 2666 3331 sicut
2708 3278 2766 3331 in
2796 3277 3022 3334 Joanne
3055 3296 3067 3333 :
3101 3281 3322 3337 Amicus
3351 3285 3538 3354 sponsi
3565 3286 3771 3355 gaudio

2121 3364 2318 3433 gaudet
2347 3366 2527 3436 (Joan.
2560 3383 2647 3432 ιιι,
2676 3366 2791 3431 29).
2824 3367 3134 3439 Exspectat
3176 3370 3373 3442 itaque
3420 3373 3775 3444 exspectatio

2123 3460 2423 3519 creature,
2445 3470 2559 3509 non
2583 3454 2821 3511 alterius
2846 3462 3065 3512 nature
3090 3475 3218 3530 que
3243 3477 3357 3515 non
3383 3461 3459 3516 sit
3484 3467 3777 3528 creatura,

2123 3542 2223 3598 sed
2258 3559 2426 3597 suam
2459 3543 2645 3615 ipsius
2676 3545 3106 3603 revelationem.
3133 3549 3225 3603 Sic
3255 3549 3412 3604 enim
3460 3550 3607 3606 dixit
3654 3567 3778 3607 exs-

2117 3634 2350 3704 pectatio
2370 3636 2641 3691 creaturae
2670 3634 3057 3691 reuelationem
3084 3636 3329 3707 ﬁliorum
3351 3641 3449 3695 Dei
3466 3650 3748 3712 exspectat
3757 3656 3779 3702 ;

2123 3722 2291 3793 quasi
2322 3721 2539 3778 diceret
2572 3739 2584 3777 :
2622 3725 2972 3795 exspectatio
3004 3734 3205 3781 nostra
3228 3732 3526 3800 exspectat
3557 3730 3779 3786 revela-

2121 3812 2360 3879 tionem,
2387 3828 2515 3883 que
2546 3812 2658 3867 erit
2689 3812 2747 3867 in
2780 3814 2950 3869 nobis
2982 3815 3082 3885 qui
3130 3832 3339 3872 sumus
3371 3817 3477 3872 ﬁlii
3510 3818 3646 3886 Dei;
3682 3836 3775 3875 ex-

2122 3904 2345 3970 spectat
2372 3906 2437 3955 ut
2462 3906 2739 3973 appareat
2760 3904 2915 3974 quod
2940 3904 3296 3975 promissum
3330 3912 3436 3974 est,
3465 3908 3772 3978 quoniam,

2114 3989 2284 4058 juxta
2314 3988 2557 4044 Joannis
2586 4007 2804 4058 vocem,
2835 3992 3026 4047 adhuc
3058 3992 3198 4049 latet
3230 4011 3242 4050 :
3278 4000 3594 4067 exspectat,
3617 4002 3685 4052 ut
3714 3998 3773 4052 in

2121 4077 2291 4132 nobis
2325 4078 2573 4149 quijam
2622 4095 2852 4145 sumus,
2911 4081 3319 4139 manifestetur
3350 4085 3503 4156 quod
3550 4087 3775 4142 erimus

2121 4166 2172 4237 (Ι
2196 4171 2360 4223 Joan.
2396 4184 2481 4236 ιιι,
2503 4168 2588 4237 2);
2624 4174 2917 4240 exspectat
2946 4171 3140 4242 qualis
3171 4190 3329 4229 nunc
3360 4179 3449 4230 est
3480 4180 3770 4246 creatura,

2120 4260 2338 4326 quanto
2369 4256 2446 4311 sit
2473 4256 2605 4312 talis
2637 4257 2831 4329 qualis
2861 4260 3056 4316 futura
3081 4267 3188 4317 est.
3215 4262 3308 4318 Sic
3343 4263 3626 4319 nimirum
3664 4264 3773 4319 hoc

2118 4343 2339 4399 dictum
2369 4350 2478 4415 est,
2511 4363 2576 4401 ac
2624 4347 2672 4402 si
2724 4347 2928 4418 pictori
2962 4350 3108 4423 (286)
3140 4357 3484 4425 preparato,
3517 4358 3575 4409 et
3623 4353 3775 4409 mul-

2116 4436 2206 4488 tos
2272 4432 2491 4489 colores
2568 4435 2805 4491 habenti
2872 4438 3102 4494 dicatur
3172 4458 3184 4496 :
3256 4443 3606 4513 exspectatio
3676 4460 3771 4499 co-

358 4542 465 4598 pro
487 4522 886 4591 Christo,ideo
910 4520 1158 4593 levigare
1180 4520 1425 4590 curavit,
1449 4519 1814 4592 subjungens
1841 4536 1852 4574 :
1880 4521 2007 4576 Exi-
2039 4550 2082 4613 Β
2115 4520 2306 4577 lorum
2392 4528 2632 4579 tuorum
2709 4526 3245 4584 manilestationem
3312 4530 3590 4603 imaginis
3673 4550 3770 4587 ex-

355 4615 518 4670 stimo
546 4614 716 4683 enim,
750 4610 890 4682 quod
916 4626 1023 4667 non
1054 4613 1184 4664 sunt
1212 4609 1498 4680 condignae
1523 4611 1801 4671 passiones
1834 4610 2004 4681 hujus
2039 4609 2070 4613 “’
2115 4616 2340 4682 spectat
2381 4628 2393 4665 :
2451 4629 2565 4667 non
2626 4615 2781 4684 quod
2840 4631 2953 4669 non
3014 4621 3186 4671 erunt
3244 4617 3486 4688 colores,
3519 4619 3605 4675 vel
3668 4620 3769 4675 alii

356 4704 638 4777 temporis,
663 4706 772 4757 etc.
796 4700 956 4764 Quod
983 4699 1123 4755 dicit
1152 4701 1406 4755 existimo
1427 4700 1597 4769 (282),
1627 4715 1741 4755 non
1773 4698 2005 4755 dubita-

431 4845 572 4927 (277)
608 4844 670 4900 In
703 4842 833 4899 aliis
881 4842 1157 4913 textibus,
1206 4843 1329 4898 loco
1378 4844 1430 4897 si
1471 4846 1673 4912 tamen,
1715 4841 1928 4912 legitur
1957 4846 2007 4897 si

359 4916 775 5059 qu(g%.Vulg.
808 4986 1158 5041 sustinemus.
1195 4985 1253 5059 Il;
1273 4983 1341 5039 ad
1372 4985 1502 5039 Tim.
1536 5001 1582 5039 ε.
1618 5002 1681 5051 ιι,
1715 4986 1798 5038 12.

358 5129 369 5139 ο
422 5057 773 5139 _(279)_Vulg.
822 5060 873 5114 si
922 5057 1254 5113 commortui
1280 5072 1488 5123 sumus,
1538 5064 1589 5110 et
1633 5059 1996 5129 convivemus,

590 5130 753 5278 1Iloco
782 5204 997 5278 caetera,
1029 5201 1087 5278 in
1122 5203 1332 5278 eutog.
1368 5197 1579 5270 legitur
1607 5209 1810 5254 contra.
1845 5200 1995 5258 Num

2113 4704 2303 4763 erunt,
2337 4700 2437 4755 sed
2468 4700 2607 4772 quia
2635 4702 2918 4773 majorem
2966 4704 3267 4761 habebunt
3298 4707 3673 4780 dignitatem;
3708 4710 3766 4765 id

2183 4842 2330 4913 (284)
2362 4842 2531 4914 Vulg.
2566 4843 2815 4899 habeam.

2183 4914 2331 4987 (285)
2361 4913 2529 4987 Vulg.
2564 4932 2694 4969 nam
2724 4921 3070 4987 exspectatio.

2183 4985 2327 5057 (286)
2380 4985 2529 5040 Nota
2586 4985 2994 5058 perpulchram
3056 4989 3527 5048 similitudinem.
3579 5000 3763 5051 Occa-

2110 5056 2275 5112 sione
2306 5063 2537 5139 arrepta
2567 5056 2937 5139 Observatum
2979 5077 3011 5113 a
3057 5060 3267 5139 lectore
3298 5064 3593 5139 velimuvix
3625 5085 3759 5139 spe-

2109 5133 2299 5203 ratum
2360 5127 2669 5203 iriiposse
2726 5130 2796 5183 ab
2855 5138 3092 5203 auctore
3158 5132 3497 5203 hujusmodi
3558 5127 3762 5193 seculi

2109 5202 2389 5267 majorem
2436 5199 2785 5278 elegantiam
2836 5202 2991 5273 styli,
3028 5210 3083 5278 et
3129 5199 3431 5276 troporum
3482 5212 3540 5262 et
3590 5210 3761 5265 sche-
