3998 5278
154 468 255 531 205

730 468 1148 530 EXPOSITIO
1194 469 1269 529 ΙΝ
1318 469 1748 529 EPISTOLAS
1796 470 2158 531 PAULL—
2192 471 2265 531 IN
2314 471 2557 531 EPIST.
2605 470 2704 529 AD
2753 470 2940 530 110M.

3418 472 3534 534 206

151 605 227 659 est
255 598 749 672 pulchritudinem
794 600 1091 673 imaginis.
1152 601 1465 672 Sequitur:
1535 602 1775 656 Vanitati
1803 604 1857 667 Α
1888 601 2115 670 (Coloss.
2154 622 2191 667 1,
2222 604 2313 673 23)
2340 628 2352 666 ;
2388 602 2441 656 id
2475 606 2562 657 est
2593 602 2650 656 in
2682 601 2939 667 homine,
2961 601 3061 672 qui
3093 601 3286 658 omnis
3316 608 3541 659 creatu-

150 694 281 747 em'm
308 694 565 744 creatura
595 692 835 752 subiecta
893 700 969 746 est
1024 708 1132 747 non
1182 692 1384 759 volens,
1415 691 1505 746 sed
1562 695 1781 762 propter

148 798 260 836 eum
286 780 380 852 qui
407 780 643 851 subjecit
673 782 731 834 in
761 797 853 852 spe
883 782 1051 849 (287).
1086 781 1213 836 Haec
1243 782 1535 837 sententia
1564 782 1718 836 varie
1748 799 1781 836 a

150 870 459 925 doctoribus
490 870 755 941 exposita
786 875 910 926 est:
946 872 1101 926 unde
1153 870 1396 926 solerter
1426 870 1780 942 investigan-

150 960 275 1013 dum
305 963 410 1023 est,
453 975 582 1029 quae
614 958 692 1013 sit
738 958 859 1012 haec
906 960 1171 1027 vanitas;
1207 964 1308 1014 aut
1358 976 1483 1030 quae
1516 964 1783 1014 creatura

151 1047 364 1103 vanitati
401 1047 684 1118 subjecta.
720 1047 791 1101 Ut
822 1048 1061 1119 quidam
1090 1048 1309 1115 volunt,
1337 1065 1439 1120 per
1467 1050 1779 1104 vanitatem

152 1139 305 1194 homo
335 1135 723 1207 intelligitur;
764 1138 919 1191 unde
952 1137 1224 1193 Salomon
1258 1157 1270 1193 :
1310 1140 1529 1194 Vanitas
1558 1140 1779 1193 vanita-

148 1232 268 1295 tum,
299 1226 440 1280 dixit
470 1224 831 1281 Ecclesiastes
859 1244 871 1281 :
904 1229 1091 1282 omnia
1122 1228 1341 1282 vanitas
1374 1229 1594 1295 (Eccles.
1628 1246 1672 1293 1,
1703 1230 1779 1297 2).

150 1318 316 1371 Item:
352 1317 617 1372 Universa
645 1316 748 1370 sub
779 1317 915 1381 sole,
966 1319 1180 1372 vanitas
1227 1317 1414 1385 (lbid.,
1469 1319 1579 1386 14.)
1638 1317 1781 1371 Item

150 1403 445 1460 Psalmista
468 1420 479 1459 :
506 1406 766 1461 Universa
788 1408 1207 1477 vanitas,omnis
1231 1406 1386 1461 homo
1406 1408 1590 1462 vivens
1613 1406 1779 1477 (Psal.

150 1512 362 1559 xxxvm,
396 1494 454 1565 6)
481 1512 494 1562 ;
528 1494 578 1549 si
609 1511 745 1567 ergo
779 1495 1053 1551 universa
1084 1495 1312 1551 vanitas
1361 1496 1552 1551 omnis
1582 1495 1780 1561 homo,

149 1591 197 1640 et
224 1582 491 1638 universa
519 1584 629 1639 sub
662 1583 783 1639 sole
841 1584 1087 1651 vanitas,
1135 1584 1521 1640 nihilominus
1558 1584 1783 1639 vanitas

150 1673 459 1729 vanitatum
493 1677 583 1729 est
611 1674 806 1729 homo.
844 1675 910 1728 Et
963 1691 1157 1729 revera
1200 1674 1344 1730 nihil
1390 1674 1522 1746 plus
1549 1673 1785 1729 homine

152 1762 440 1832 vanum,in
464 1761 796 1834 receptione
822 1764 1178 1830 ciborum,in
1198 1762 1542 1835 digestionis
1564 1763 1782 1829 ftetore,

152 1853 201 1907 in
222 1852 429 1907 rubore
449 1856 507 1907 et
527 1852 804 1908 sordibus
825 1853 1194 1924 procreanda:
1219 1851 1524 1923 sobolis,et
1546 1850 1787 1923 reliquis

1890 709 1952 745 ra
1983 692 2216 759 dicitur,
2252 711 2363 747 non
2398 694 2552 764 quod
2586 707 2819 748 omnem
2855 695 3178 747 creaturam
3213 691 3271 746 in
3304 709 3365 747 se
3394 709 3538 748 con-

1889 781 2199 848 tineat,sed
2233 782 2373 854 quia
2404 783 2617 854 partim
2650 786 2737 838 est
2766 780 3105 852 corporalis,
3164 782 3379 853 partim
3410 782 3535 837 ani-

1891 870 2084 934 malis,
2122 871 2334 941 partim
2368 870 2688 941 spiritalis:
2723 869 3040 941 corporalis
3072 869 3287 941 quippe
3331 886 3433 942 per
3457 869 3537 926 lo-

1891 974 1957 1013 ca
1986 959 2267 1025 tenditur,
2302 959 2573 1014 animalis
2622 957 2984 1030 corporalem
3028 958 3320 1025 viviﬁcat;
3363 958 3536 1029 spiri-

1890 1047 2023 1101 talis
2056 1048 2366 1103 animalem
2403 1048 2567 1119 regit,
2600 1053 2654 1103 et
2687 1053 2825 1103 tunc
2858 1048 3025 1113 bene,
3057 1064 3189 1102 cum
3223 1063 3284 1103 se
3306 1048 3421 1103 Deo
3444 1063 3535 1103 re-

1890 1138 2147 1207 gendum
2181 1138 2439 1206 subjicit.
2492 1142 2675 1192 Homo
2726 1138 2906 1208 igitur
2935 1136 3144 1208 spiritu
3176 1136 3375 1204 sentit,
3409 1136 3537 1192 ani-

1893 1242 1988 1280 ma
2019 1225 2364 1293 viviﬁcatur,
2400 1225 2665 1282 localiter
2710 1243 2947 1298 corpore
2999 1230 3282 1281 movetur.
3326 1226 3538 1281 Beatus

1890 1331 2023 1369 vero
2051 1316 2362 1385 Gregorius
2395 1316 2537 1370 dicit
2566 1316 2722 1387 quod
2752 1316 2882 1371 ideo
2912 1315 3087 1370 homo
3136 1315 3329 1370 omnis
3379 1331 3538 1370 crea-

1890 1410 2023 1459 tura
2051 1403 2284 1470 dicitur,
2318 1404 2457 1477 quia
2486 1404 2662 1461 habet
2713 1405 2934 1476 aliquid
2987 1404 3180 1460 omnis
3222 1408 3536 1472 creaturae;

1892 1492 2067 1548 habet
2096 1493 2252 1549 enim
2284 1495 2603 1549 essentiam
2657 1511 2792 1549 cum
2837 1492 3155 1566 lapidibus,
3186 1493 3375 1549 vivere
3406 1509 3538 1549 cum

1892 1582 2223 1652 arboribus,
2257 1587 2313 1639 et
2344 1583 2561 1654 herbis,
2595 1585 2813 1639 sentire
2866 1600 3001 1638 cum
3049 1581 3238 1638 brutis
3269 1581 3546 1638 animali-

1894 1672 2026 1738 bus,
2060 1672 2389 1728 discernere
2421 1690 2553 1727 cum
2591 1672 2846 1744 Angelis.
2883 1672 3014 1727 Haec
3054 1672 3234 1744 igitur
3279 1676 3546 1727 creatura

1891 1760 2135 1817 vanitati
2168 1762 2433 1832 subjecta
2462 1766 2570 1832 est,
2592 1762 2649 1816 id
2679 1765 2766 1816 est
2797 1761 2991 1828 morti,
3014 1764 3071 1816 et
3099 1760 3432 1816 inﬁrmitati
3455 1760 3543 1817 vel

1896 1850 2069 1906 alicui
2102 1850 2375 1918 miseriae,
2408 1852 2499 1906 cui
2532 1851 2706 1906 homo
2734 1854 2972 1923 propter
3002 1854 3303 1922 peccatum
3335 1848 3545 1905 subdi-

152 1940 503 2012 hujusmodi.
535 1940 875 1996 Creaturam
900 1958 1034 1996 vero
1057 1940 1469 1997 intellexerunt
1491 1939 1787 2006 solem,lu-
1818 1975 1864 2040 Β
1895 1943 1992 1995 tus
2023 1944 2109 1995 est
2135 1958 2148 2007 ;
2184 1940 2339 1994 unde
2370 1938 2613 2011 pulchre
2646 1939 2974 2011 subjungit,
2996 1954 3103 1993 non
3136 1939 3338 1994 volens.
3358 1937 3542 2037 Homo

157 2047 272 2086 nam
298 2035 351 2085 et
381 2035 615 2095 caetera,
649 2047 773 2101 quae
802 2030 857 2084 in
891 2047 956 2085 eo
988 2030 1225 2085 vanitati
1275 2031 1543 2101 subjecta
1580 2030 1783 2084 dicun-

156 2125 236 2174 tur
260 2117 539 2190 quoniam
572 2125 807 2191 propter
840 2118 1109 2175 homines
1151 2120 1302 2174 facta
1353 2124 1511 2175 sunt.
1548 2120 1787 2191 PrOpter

162 2208 406 2264 homines
437 2208 654 2279 quippe
685 2207 769 2262 sol
823 2208 1011 2263 oritur
1058 2211 1115 2263 et
1144 2208 1378 2274 occidit,
1419 2207 1690 2263 similiter
1732 2210 1789 2261 et

168 2303 335 2352 caetera
356 2302 544 2352 astra.
560 2297 675 2351 Cur
696 2313 830 2369 ergo
854 2296 1119 2369 sequitur
1137 2313 1245 2352 non
1267 2298 1470 2361 volens,
1501 2315 1633 2352 cum
1669 2297 1788 2351 haec

169 2386 335 2441 omnia
352 2385 680 2441 inanimata
698 2386 855 2441 sint?
872 2386 995 2440 Nisi
1020 2387 1163 2441 forte
1187 2388 1506 2442 secundum
1532 2386 1787 2459 philoso-

160 2474 378 2545 phorum
409 2475 748 2546 opinionem
772 2474 1257 2547 accipiamus,qui
1282 2475 1399 2531 hzec
1423 2476 1621 2531 omnia
1666 2476 1788 2531 ani-

156 2567 291 2618 mata
319 2569 625 2630 asserunt,
658 2568 715 2619 et
742 2564 955 2619 idcirco
985 2564 1205 2620 dictum
1236 2565 1791 2637 intelligamus,pro-

148 2658 260 2723 pler
286 2670 419 2709 eum
451 2653 548 2724 qui
575 2653 803 2725 subjecit
832 2655 891 2709 in
920 2670 1035 2725 spe,
1061 2656 1215 2725 quod
1248 2671 1410 2727 spem
1442 2654 1699 2710 habeant
1729 2659 1793 2709 ut

149 2742 211 2795 ab
244 2741 351 2797 hac
384 2742 665 2798 servitute
709 2742 1047 2797 liberentur.
1108 2744 1217 2798 Sed
1250 2743 1357 2798 iste
1390 2760 1620 2811 sensus,
1656 2743 1792 2814 quia

145 2831 313 2885 errori
337 2830 566 2885 vicinus
585 2835 694 2898 est,
721 2831 985 2886 funditus
1007 2837 1095 2887 est
1108 2833 1525 2903 repudiandus.
1545 2831 1659 2887 Alii
1690 2850 1791 2887 au-

142 2923 348 2986 tem,ut
376 2919 658 2990 Origenes
680 2920 847 2990 (288),
879 2924 1133 2975 creatura
1166 2920 1311 2991 (289)
1348 2921 1597 2992 Angelos
1642 2921 1790 2976 acci-

139 3008 327 3077 piunt,
365 3024 515 3079 quos
546 3006 715 3063 bellis
745 3007 995 3079 legimus
1026 3009 1348 3079 praefuisse.
1377 3010 1447 3063 Et
1477 3024 1675 3063 revera
1714 3009 1797 3063 ni-

138 3096 211 3151 hil
230 3095 453 3151 vanius
470 3094 622 3149 bello
646 3096 816 3165 (290),
848 3096 906 3149 in
931 3113 1043 3167 quo
1075 3096 1247 3151 homo
1292 3098 1362 3151 ad
1412 3097 1521 3152 hoc
1570 3096 1798 3152 laborat

134 3190 193 3239 ut
216 3201 345 3239 non
372 3182 468 3238 sit.
488 3183 546 3238 Si
571 3188 767 3238 autem
790 3184 995 3255 Angeli
1018 3182 1183 3240 bellis
1205 3186 1503 3257 prznfuisse
1522 3186 1798 3257 leguntur

133 3279 190 3329 ut
221 3272 516 3344 Origenes
550 3271 753 3328 multis
777 3273 1195 3345 Prophetarum
1228 3279 1284 3329 et
1314 3275 1563 3330 maxime
1584 3277 1791 3331 Danie-

1894 2028 2133 2093 etenim,
2166 2028 2306 2099 quia
2335 2032 2543 2098 sponte
2592 2026 2871 2099 peccavit,
2904 2043 3019 2081 non
3065 2030 3274 2098 sponte
3303 2025 3543 2081 vanitati

1894 2118 2167 2174 subditus
2198 2122 2304 2172 est.
2340 2116 2439 2172 Vel
2470 2116 2600 2172 ideo
2621 2115 2816 2172 nolens
2837 2115 2997 2182 dicit,
3042 2115 3179 2186 quia
3216 2116 3402 2170 sancti
3433 2114 3542 2170 viri

1896 2208 2142 2280 cupiunt
2172 2205 2409 2261 dissolvi
2442 2209 2499 2260 et
2528 2222 2655 2261 esse
2684 2222 2816 2261 cum
2834 2204 3065 2260 Christo
3088 2204 3356 2275 (Philipp.
3375 2221 3412 2270 ι,
3433 2202 3543 2273 23),

1898 2297 1998 2352 sed
2031 2295 2211 2351 coacti
2243 2300 2299 2351 et
2330 2294 2595 2351 nolentes
2625 2294 2717 2349 his
2750 2294 3002 2350 miseriis
3025 2292 3242 2349 subditi
3266 2296 3423 2348 sunt.
3443 2292 3549 2349 Sed

1896 2392 2120 2459 propter
2146 2404 2272 2442 eum
2301 2388 2399 2458 qui
2425 2386 2653 2457 subjecit
2680 2387 2740 2440 in
2766 2401 2877 2456 spe.
2913 2386 3150 2456 Propter
3200 2400 3334 2439 eum
3380 2383 3544 2452 dicit,

1899 2478 1955 2532 id
1988 2482 2097 2544 est,
2131 2481 2369 2548 propter
2390 2474 2687 2546 justitiam
2719 2480 2775 2530 et
2805 2473 3178 2529 clementiam
3209 2472 3370 2529 illius
3423 2472 3547 2543 qui,

1901 2582 2005 2621 nec
2037 2569 2340 2637 peccatum
2371 2563 2731 2635 impunitum
2764 2562 3021 2634 reliquit,
3074 2577 3179 2617 nec
3224 2560 3553 2618 insanabile

1901 2655 2020 2709 fore
2052 2653 2338 2725 permisit.
2371 2652 2473 2707 Vel
2508 2656 2743 2724 propter
2773 2668 2908 2707 eum
2939 2651 3039 2722 qui
3073 2652 3323 2723 subjecit
3353 2650 3413 2706 in
3448 2667 3550 2723 spe

1902 2744 2065 2809 dixit,
2098 2743 2237 2814 quia
2268 2742 2324 2797 in
2359 2758 2460 2814 spe
2490 2741 2708 2797 habent
2739 2740 2904 2797 electi
2935 2744 3001 2795 ut
3031 2757 3065 2796 a
3111 2740 3392 2797 servitute
3422 2756 3549 2796 cor-

1904 2831 2197 2903 ruptionis
2229 2830 2566 2886 liberentur.

1977 2921 2160 2993 Igitur
2190 2920 2326 2991 quia
2357 2936 2521 2990 spem
2554 2919 2795 2986 dixerat,
2831 2924 2895 2973 ut
2927 2935 3055 2991 quae
3087 2923 3243 2974 esset
3288 2918 3553 2974 ostende-

1905 3014 2012 3075 ret,
2045 3008 2385 3080 subjunxit:
2421 3008 2560 3076 Quia
2590 3011 2639 3063 et
2670 3010 2790 3079 ipsa
2837 3016 3105 3063 creatura
3159 3009 3487 3063 liberabitur
3516 3024 3551 3063 a

1903 3101 2163 3155 servitute
2190 3100 2577 3169 corruptionis.
2611 3096 2717 3153 Ubi
2768 3098 3091 3152 notandum
3142 3097 3280 3167 quia
3320 3112 3433 3151 non
3467 3095 3552 3151 ait

1906 3192 2135 3243 tantum
2168 3187 2315 3258 ipsa,
2337 3187 2437 3241 sed
2470 3191 2519 3241 et
2549 3187 2693 3257 ipsa,
2725 3189 2961 3256 propter
2990 3202 3089 3240 eos
3121 3185 3220 3256 qui
3271 3184 3552 3240 credituri

1905 3281 2090 3343 erant,
2121 3280 2178 3330 et
2206 3275 2513 3332 liberandi.
2549 3277 2667 3346 Ipsa
2695 3278 2949 3329 creatura
2978 3273 3138 3341 dicit,
3172 3272 3228 3327 id
3279 3277 3368 3328 est
3420 3273 3547 3344 ipse

135 3363 201 3419 lis
225 3361 597 3418 testimoniis
616 3360 1155 3432 nititurapprobare
1177 3362 1543 3430 ;hominibus
1567 3366 1793 3436 subjec-
1823 3346 1865 3411 (ἶ
1906 3368 2099 3421 homo.
2136 3366 2265 3436 Ipsa
2290 3369 2574 3434 creatura,
2600 3363 2737 3435 quia
2761 3364 3008 3418 necdum
3038 3368 3129 3419 est
3150 3363 3403 3435 perfecta
3432 3362 3548 3417 for-

134 3454 170 3505 ti
205 3456 395 3518 sunt;
425 3451 576 3505 unde
595 3454 651 3505 et
672 3450 843 3504 subdi
871 3467 981 3505 non
1007 3452 1154 3522 (291)
1177 3451 1380 3506 volunt
1404 3470 1416 3507 :
1443 3453 1560 3508 Non
1613 3455 1796 3509 volens

138 3540 225 3595 sed
252 3547 491 3612 propter
519 3554 647 3593 eum
679 3539 775 3608 qui
802 3539 1035 3610 subjecit
1065 3542 1124 3594 in
1150 3556 1277 3612 spe;
1321 3542 1595 3612 quoniam
1630 3560 1794 3598 coac-

137 3630 199 3695 ti,
232 3647 267 3684 a
329 3627 427 3683 sui
488 3626 776 3682 Creatoris
835 3628 1326 3698 contemplatione
1368 3630 1698 3698 discedunt,
1735 3638 1799 3686 ut

143 3717 493 3773 hominibus
517 3715 877 3771 famulentur
897 3720 953 3771 et
992 3733 1155 3788 spem
1180 3717 1455 3786 habeant,
1482 3724 1544 3773 ut
1591 3721 1662 3774 ab
1695 3721 1798 3775 ho-

145 3806 372 3862 minum
400 3807 680 3861 servitute
702 3804 1253 3860 liberentur.Restat
1273 3823 1430 3877 ergo,
1455 3813 1518 3862 ut
1535 3808 1799 3863 homines

142 3896 435 3953 beatiores
466 3894 705 3966 Angelis
737 3893 1174 3966 intelligamus;
1208 3896 1529 3965 praesertim
1554 3913 1673 3962 eos,
1696 3897 1798 3967 qui

137 3985 257 4055 jam
291 3985 701 4057 requiescunt,
736 3987 801 4038 ut
830 3984 1079 4038 Lazarus
1111 3982 1169 4038 in
1188 3984 1321 4039 sinu
1346 3977 1684 4055 Abrahaa,Lit
1704 3984 1802 4040 ille

141 4074 497 4131 venerabilis
528 4072 698 4144 latro,
732 4072 855 4145 qui,
916 4088 982 4128 eo
1042 4073 1157 4139 die,
1190 4089 1306 4145 quo
1355 4074 1622 4143 credidit,
1665 4091 1799 4129 cum

144 4166 249 4219 Deo
280 4162 651 4221 constitutus
683 4166 772 4217 est
801 4162 857 4216 in
918 4161 1216 4218 Paradiso.
1252 4163 1386 4231 Sed,
1418 4168 1475 4218 et
1522 4163 1616 4218 hic
1647 4164 1801 4219 rel‘u-

146 4255 340 4309 tantus
374 4254 475 4308 est
502 4267 734 4307 sensus.
761 4251 955 4322 Longe
986 4267 1123 4323 ergo
1154 4250 1327 4306 aliter
1360 4252 1481 4307 haec
1511 4253 1803 4309 sententia

146 4338 533 4414 intelligenda
586 4349 695 4395 est.
755 4339 1176 4412 Unusquisque
1256 4340 1411 4395 enim
1471 4342 1798 4411 doctorum,

149 4432 295 4500 quod
319 4429 559 4495 habuit,
583 4428 772 4485 hocin
795 4429 1040 4485 donaria
1063 4429 1160 4484 Dei
1185 4429 1470 4485 contulit:
1504 4431 1667 4486 Alius
1698 4450 1800 4487 au-

150 4534 294 4589 rum,
330 4519 492 4575 alius
523 4522 852 4591 argentum,
886 4517 1036 4573 alius
1068 4519 1306 4588 ferrum,
1332 4523 1437 4573 etc.
1462 4519 1585 4574 Non
1610 4520 1799 4575 solum

154 4612 340 4664 autem
365 4609 613 4674 hoc,sed
636 4608 809 4663 etiam
827 4606 887 4661 in
908 4607 1064 4662 omni
1089 4623 1267 4662 sacras
1313 4607 1624 4678 Scriptura:
1655 4609 1800 4676 locc,

1905 3472 2000 3509 ma
2032 3453 2284 3509 filiorum
2323 3453 2545 3520 Dei,sed
2582 3456 2821 3508 vocatur
2852 3456 3078 3507 tantum
3113 3451 3551 3506 creatura.Nam

1906 3561 2038 3599 cum
2072 3544 2175 3612 ait,
2210 3547 2259 3597 et
2288 3544 2428 3614 ipsa,
2461 3542 2766 3597 subaudiri
2814 3541 3016 3611 voluit,
3052 3540 3554 3613 quemadmodum

1908 3651 2035 3701 nos,
2070 3636 2135 3687 ut
2164 3632 2242 3687 sit
2272 3648 2483 3687 sensus
2513 3648 2524 3685 :
2585 3649 2689 3686 nec
2742 3631 2812 3685 de
2862 3630 2955 3685 his
2987 3630 3418 3702 desperandum
3452 3628 3555 3699 qui

1908 3722 2158 3778 necdum
2192 3722 2585 3791 crediderunt,
2643 3720 2893 3775 necdum
2954 3719 3056 3774 ﬁlii
3115 3718 3215 3774 Dei
3253 3722 3555 3786 vocantur,

1908 3810 2187 3880 quoniam
2219 3813 2275 3863 et
2305 3808 2416 3880 ipsi
2448 3809 2708 3872 credent,
2741 3813 2797 3863 et
2823 3809 2894 3862 ab
2925 3808 3034 3863 hac
3083 3806 3359 3864 servitute
3410 3806 3560 3863 lihe-

1910 3900 2219 3962 rabuntur,
2254 3898 2407 3952 sicut
2438 3895 2684 3965 nos,qui
2706 3896 2832 3967 jam
2856 3896 2961 3950 ﬁlii
2984 3896 3085 3952 Dei
3116 3911 3559 3967 sumus,quam-

1907 3986 1996 4041 vis
2028 3986 2287 4040 nondum
2323 3984 2658 4056 apparuerit
2688 3984 2831 4054 quid
2862 3985 3104 4040 erimus.

1981 4077 2103 4140 Quo
2135 4077 2327 4129 autem
2363 4072 2591 4128 liberati
2624 4072 3003 4127 transibunt?
3031 4075 3094 4127 In
3124 4073 3454 4143 libertatem,
3475 4073 3560 4127 in-

1911 4163 2063 4234 quit,
2085 4162 2283 4230 gloriw
2313 4162 2561 4231 ﬁliorum
2589 4160 2708 4216 Dei.
2742 4160 2811 4213 Et
2841 4163 2931 4214 est
2960 4175 3204 4214 sensus:
3236 4160 3348 4231 ipsi
3380 4160 3556 4215 etiam

1911 4268 1978 4307 ex
2009 4250 2190 4306 servis
2248 4249 2438 4319 liberi,
2472 4266 2541 4304 ex
2579 4247 2827 4304 mortuis
2859 4252 3031 4303 erunt
3084 4246 3323 4319 gloriosi
3354 4248 3413 4303 in
3443 4248 3559 4305 vita

1911 4346 2146 4407 aeterna,
2183 4356 2359 4411 quam
2394 4339 2695 4395 habebunt
2724 4337 2825 4393 filii
2856 4338 2977 4393 Dei.

1979 4431 2197 4486 Scimus
2226 4432 2377 4484 enim
2402 4429 2541 4500 quod
2588 4430 2764 4485 omnis
2810 4438 3085 4494 creatura,
3133 4432 3240 4482 etc.
3275 4427 3557 4499 Superius

1913 4520 1994 4575 ait
2020 4522 2274 4587 xstimo;
2306 4535 2461 4573 nunc
2491 4523 2684 4574 autem
2716 4519 2936 4573 scimus.
2971 4518 3135 4573 Sicut
3180 4532 3316 4588 ergo
3364 4517 3473 4573 hoc
3504 4521 3563 4574 et

1912 4608 2057 4664 illud
2101 4608 2503 4664 conﬁrmative
2552 4608 2775 4663 dictum
2822 4606 3069 4678 intelligi
3121 4607 3313 4662 debet.
3356 4606 3564 4664 Omnis

154 4694 244 4752 ille
276 4714 496 4753 sensus
527 4701 615 4752 est
642 4696 1048 4767 requirendus,
1077 4695 1175 4767 qui
1209 4695 1505 4751 catholicae
1539 4697 1802 4753 ﬁdeinon
1836 4714 1881 4778 D
1914 4703 2109 4753 autem
2164 4702 2447 4765 creatura,
2477 4701 2541 4752 ut
2569 4697 2791 4752 dictum
2824 4700 2931 4767 est,
2949 4696 3009 4751 in
3032 4696 3267 4751 homine
3298 4712 3568 4751 numera-

161 4785 324 4858 obsit,
358 4790 420 4842 et
452 4784 740 4841 unitatem
774 4784 1038 4840 Ecclesiae
1070 4802 1184 4840 non
1218 4784 1469 4840 scindat.
1505 4788 1807 4859 Quaprop-

162 4878 243 4928 ter
270 4876 583 4931 sciendum
617 4873 755 4948 quia
804 4874 1011 4929 beatus
1041 4874 1408 4947 Augustinus
1440 4876 1586 4931 hanc
1618 4894 1811 4949 quass-

1919 4791 2033 4841 tur.
2066 4788 2404 4856 Ingemiseit,
2464 4789 2517 4840 et
2559 4786 2803 4856 parturit
2842 4800 3010 4857 usque
3039 4783 3219 4839 adhuc
3247 4800 3267 4844 ;
3299 4784 3567 4855 quaedam

1922 4874 2276 4948 exemplaria
2306 4874 2526 4930 habent
2553 4874 2943 4943 ingemiscit,et
2973 4873 3135 4930 dolet.
3155 4872 3250 4927 Sic
3280 4887 3427 4944 ergo
3446 4871 3569 4925 dic-

166 4962 375 5021 tionem
411 4963 871 5036 profundissime
895 4963 1265 5039 investigavit
1287 4968 1346 5019 et
1384 4966 1675 5021 enodavit.
1710 4967 1813 5021 Di-
1921 4969 2047 5020 tum
2080 4968 2187 5036 est,
2220 4962 2389 5037 quasi
2422 4963 2747 5019 diceretur:
2781 4962 3138 5034 ingemiscit,
3163 4965 3218 5016 et
3242 4959 3412 5031 quasi
3444 4976 3572 5031 par-

168 5052 241 5107 cit
267 5055 427 5109 enim
462 5071 561 5125 per
589 5057 918 5109 creaturam
950 5052 1254 5111 hominem
1307 5053 1627 5127 significari
1655 5073 1668 5120 ;
1710 5072 1813 5110 nec

170 5140 352 5197 solum
377 5159 482 5210 per
501 5142 957 5209 creaturam,sed
983 5143 1154 5199 etiam
1182 5161 1285 5210 per
1307 5161 1541 5201 omnem
1582 5148 1814 5201 creatu-

1925 5054 2150 5110 turiens
2181 5053 2359 5110 dolet.
2422 5052 2761 5125 Ingemiscit
2816 5056 3014 5110 autem
3074 5052 3337 5105 creatura
3365 5048 3425 5102 in
3456 5046 3574 5101 illis

1926 5143 2024 5210 qui
2058 5145 2323 5199 nondum
2360 5146 2501 5197 sunt
2532 5141 2782 5198 liberati.
2811 5140 3217 5210 lngemiscunt
3245 5141 3440 5191 autem
3473 5152 3575 5207 pro
