3998 5278
372 449 488 511 20πῖ

1372 440 1705 502 ATTONIS
1749 440 2333 502 VERCELLENSIS
2378 440 2731 501 EPISCOPI

3658 438 3784 500 208

442 582 562 636 Non
585 578 768 635 solum
786 578 969 631 autem
989 574 1110 640 illa,
1134 572 1192 627 id
1214 577 1303 628 est
1352 572 1545 627 omnis
1589 577 1875 635 creatura.
1925 572 2014 627 sed
2041 571 2098 639 Α
2128 572 2295 627 nobis
2317 571 2588 643 sumpsit,
2614 571 3008 641 resurrexit,et
3029 571 3201 626 caelos
3221 570 3596 638 conscendit;
3621 570 3786 625 unde

372 669 523 741 (292)
554 682 652 723 nos
678 667 810 739 ipsi,
833 680 899 720 ac
916 663 965 719 si
990 665 1187 734 aperte
1212 660 1428 716 diceret
1452 659 1568 716 :illi
1590 677 1828 732 corpore
1858 660 2019 732 inge-

374 757 658 823 miscunt,
683 753 961 828 quoniam
983 750 1228 824 spiritus
1250 750 1308 805 in
1331 749 1641 819 eis,anima
1661 749 1839 806 simul
1875 750 2020 821 (293)

374 850 432 903 et
462 861 674 918 corpus
704 841 1002 899 dolet.Nos
1023 844 1243 906 autem,
1276 839 1374 909 qui
1424 839 1685 911 corporis
1725 838 2023 894 molestias

382 933 813 1007 superavimus,
845 930 1038 986 carnis
1068 927 1570 999 concupiscentias
1598 927 1868 994 vicimus,
1901 925 2022 982 solo

379 1021 591 1095 spiritu
649 1019 938 1088 dolemus,
970 1017 1225 1090 exceptis
1276 1015 1558 1072 molestiis
1590 1032 1921 1087 corporum.
1955 1016 2025 1070 Et

378 1116 447 1167 ut
476 1109 808 1167 ostenderet
837 1108 939 1180 qui
986 1107 1125 1175 sint,
1158 1106 1405 1177 adjecit:
1452 1106 1737 1177 primitias
1792 1105 2022 1175 spiritus

375 1200 658 1268 habentes,
691 1197 752 1253 id
778 1202 887 1264 est,
942 1196 1043 1268 qui
1106 1194 1462 1251 sacriﬁcium
1506 1193 1749 1265 spiritus
1791 1198 2024 1249 nostros

373 1287 490 1345 Deo
523 1286 869 1355 obtulimus,
903 1289 960 1341 et
987 1284 1047 1339 in
1079 1284 1293 1355 quibus
1325 1282 1566 1355 spiritus
1598 1282 1731 1354 igne
1771 1281 2024 1337 charita-

372 1378 449 1433 tis
480 1376 709 1433 accensi
742 1379 800 1431 et
831 1371 1239 1446 comprehensi
1271 1376 1430 1437 sunt,
1480 1388 1587 1427 nos
1632 1370 1863 1439 animae,
1896 1387 2022 1441 quae

378 1468 606 1521 mentes
663 1467 898 1519 nostras
955 1461 1247 1534 primitias
1302 1461 1419 1516 Deo
1481 1458 1841 1514 obtulimus:
1895 1460 2023 1529 jam

379 1554 537 1610 enim
568 1551 924 1610 sacriﬁcium
954 1551 1047 1606 sui
1079 1549 1321 1622 spiritus
1337 1549 1453 1604 Deo
1484 1548 1793 1617 obtulerat,
1817 1547 1917 1619 qui
1939 1547 2025 1603 di-

380 1643 585 1699 cebat:
619 1644 805 1698 Mente
830 1640 1011 1696 servio
1045 1639 1155 1710 legi
1185 1640 1327 1701 Dei;
1356 1654 1524 1693 carne
1552 1642 1736 1693 autem
1768 1637 1876 1706 tegi
1900 1653 2023 1708 pec-

374 1732 488 1786 cati
516 1731 687 1803 (Rom.
722 1747 764 1795 ι,
792 1731 892 1799 9);
949 1729 1129 1784 item:
1192 1727 1296 1783 Cui
1339 1728 1513 1783 servio
1563 1727 1622 1781 in
1668 1727 1865 1797 spiritu
1907 1742 2023 1780 meo

375 1820 551 1893 (Rom.
581 1836 684 1885 vu,
715 1819 830 1890 25).
864 1817 995 1873 Sive
1050 1817 1180 1872 ideo
1232 1815 1414 1872 dicit:
1467 1816 1755 1871 Primitias
1792 1816 2025 1886 spiritus

377 1907 678 1975 habentes;
736 1906 874 1979 quia
930 1904 1076 1977 ipsis
1126 1903 1313 1977 primo
1364 1903 1672 1959 manileste
1721 1904 1892 1959 datus
1936 1906 2026 1958 est

375 1997 626 2070 Spiritus
658 1999 919 2052 sanctus.

446 2088 513 2142 Et
541 2087 650 2158 ipsi
678 2086 831 2141 intra
855 2100 956 2139 nos
984 2083 1397 2155 ingemiscimus
1414 2098 1436 2144 ,·
1455 2081 1514 2137 id
1536 2080 1735 2149 est,illi
1759 2080 2021 2152 quidem,

378 2175 635 2232 exterius
653 2174 714 2230 in
736 2188 999 2246 corpore,
1032 2188 1138 2228 nos
1163 2175 1359 2228 autem
1381 2172 1635 2227 exterius
1665 2174 1875 2241 praeter
1894 2186 2025 2224 cor-

379 2264 681 2337 pus.Unde
702 2268 897 2320 autem
925 2262 1001 2318 sit
1019 2262 1131 2316 iste
1151 2260 1425 2333 gemitus,
1468 2259 1741 2326 ostendit,
1775 2260 2022 2330 subjun-

377 2369 561 2425 gens:
591 2353 940 2425 Adoptionem
991 2351 1235 2421 ﬁliorum
1300 2350 1449 2421 (“3911)
1510 2352 1895 2419 exspectantes,
1944 2364 2026 2403 re-

376 2441 742 2515 demptionem
769 2441 1009 2512 corporis
1035 2441 1232 2495 nostri.
1266 2439 1377 2493 Sed
1432 2438 1699 2509 nunquid
1750 2454 1862 2492 non
1898 2438 2025 2509 jam

380 2527 1185 2602 eratredemptus?Nunquid
1199 2544 1313 2583 non
1330 2525 1429 2581 Dei
1454 2525 1795 2582 ﬁlius?Erat
1817 2525 2022 2597 plane:

378 2619 661 2694 quoniam
688 2619 806 2683 iam
829 2618 1097 2674 Christus
1117 2633 1222 2688 pro
1245 2632 1311 2671 eo
1334 2615 1684 2687 sanguinem
1730 2632 1904 2670 suum
1931 2615 2025 2669 fu-

379 2709 690 2780 derat,jam
713 2706 994 2763 laxatisin
1014 2705 1370 2778 baptismate
1383 2704 1767 2776 peccatis,per
1777 2705 2025 2776 gratiam

379 2799 568 2856 sancti
601 2796 855 2869 Spiritus
884 2795 946 2850 in
978 2794 1350 2865 adoptionem
1404 2792 1660 2849 ﬁliorum
1690 2794 2023 2848 transierat.

376 2886 680 2953 Quomodo
703 2900 840 2958 ergo
855 2882 1268 2955 exspectabat?
1281 2881 1683 2954 Scilicet,quia
1704 2881 2026 2953 redemptio

378 2976 526 3045 haec,
557 2978 616 3031 et
644 2973 878 3045 adoptio
924 2972 1175 3027 necdum
1218 2972 1472 3043 perfecta
1519 2975 1643 3039 est;
1696 2971 2030 3042 perﬁcietur

382 3071 605 3133 autem,
623 3078 757 3118 cum
781 3060 1028 3116 mortale
1047 3060 1158 3115 hoc
1179 3059 1586 3115 absorbebitur
1617 3060 1674 3114 in
1709 3060 1911 3115 vitam.
1934 3061 2029 3115 Ait

382 3154 580 3226 itaque
605 3169 618 3207 :
641 3152 1000 3223 Adoptionem
1028 3148 1275 3219 ﬁliorum
1304 3148 2029 3221 exspectantes,redemptio~

385 3260 512 3299 nem
539 3242 781 3314 corporis
808 3240 988 3295 nostri
1004 3255 1026 3301 ;
1056 3255 1121 3294 ac
1143 3237 1191 3294 si
1214 3243 1477 3309 patenter
1507 3238 1720 3292 diceret
1745 3255 1757 3293 :
1786 3238 2028 3310 Exspec-

385 3336 601 3398 tantes,
630 3310 700 3385 ut
726 3345 940 3401 corpus
993 3327 1339 3383 beneﬁcium
1400 3326 1729 3397 adoptionis
1763 3326 2029 3399 accipiat,
2060 3310 2103 3377 C

388 3436 507 3492 qua
535 3417 720 3474 vocati
752 3433 961 3472 sumus
992 3415 1097 3469 ﬁlii
1130 3415 1249 3483 Dei,
1284 3420 1349 3469 ut
1404 3431 1510 3469 nos
1558 3418 1709 3470 totos
1757 3415 2032 3471 liberatos

385 3507 676 3575 ostendat,
709 3509 765 3560 et
795 3521 863 3560 ex
891 3504 1050 3559 omni
1081 3507 1243 3573 parte
1270 3502 1373 3557 Dei
1403 3501 1555 3557 ﬁlios
1588 3502 1939 3559 manifestet.

453 3595 873 3651 Verumtamen
906 3596 1132 3663 poterat
1162 3590 1375 3663 aliquis
1406 3590 1628 3647 dicere:
1663 3591 1708 3646 Ο
1737 3592 2029 3664 Apostole,

390 3684 530 3757 quid
553 3681 782 3755 gemis?
802 3680 950 3747 Quid
975 3679 1174 3735 doles?
1187 3679 1336 3743 Quid
1359 3679 1464 3735 tibi
1497 3680 1715 3750 profuit
1736 3681 2033 3737 Christus?

387 3772 686 3840 Quomodo
706 3776 763 3826 te
784 3769 1029 3825 salvavit
1051 3767 1316 3824 Salvator
1336 3767 1551 3838 tuus,si
1583 3768 1776 3824 adhuc
1807 3769 2033 3839 gemis?

390 3860 500 3926 Qui
530 3858 687 3915 enim
719 3858 922 3931 gemit,
970 3856 1327 3912 inﬁrmatur.
1370 3857 1518 3928 (295)
1574 3857 1657 3911 Ad
1709 3857 1828 3912 haec
1862 3857 2031 3929 quasi

340 3932 345 3939 ί
392 3948 741 4022 respondet:
772 3948 878 4018 Spe
905 3947 1055 4001 enim
1080 3946 1225 4000 salvi
1249 3947 1390 4016 facti
1409 3962 1619 4001 sumus.
1666 3945 1772 4001 Ubi
1822 3951 2035 4001 notan-

393 4040 558 4109 dum,
590 4036 728 4110 quia
758 4051 873 4090 nou
904 4034 1004 4103 ait,
1034 4049 1129 4106 spe
1154 4035 1298 4090 salvi
1318 4051 1530 4106 sumus,
1565 4035 1665 4090 sed
1694 4036 1838 4091 salvi
1878 4036 2030 4107 facti.

393 4126 597 4184 Salvos
619 4139 873 4197 namque
898 4140 1005 4179 nos
1040 4122 1177 4179 fecit
1199 4122 1468 4179 Christus
1489 4139 1591 4196 per
1622 4122 1917 4179 lavacrum
1955 4142 2036 4180 re-

396 4214 807 4291 generationis,
831 4217 888 4269 et
907 4212 1297 4268 renovationis
1322 4230 1335 4280 ;
1359 4213 1459 4268 sed
1483 4214 1745 4267 nondum
1786 4215 2037 4285 perfecta

397 4311 487 4363 est
514 4306 635 4361 haec
665 4301 847 4373 salus,
882 4302 1158 4373 quoniam
1190 4301 1453 4355 nondum
1502 4300 1788 4356 habemus
1836 4301 1893 4355 in
1936 4319 2033 4356 re:

398 4397 617 4469 quippe
644 4392 906 4448 nondum
940 4390 1212 4461 apparuit
1240 4387 1379 4461 quid
1411 4389 1651 4445 erimus.
1702 4389 1867 4444 Nunc
1902 4407 2038 4463 ergo

396 4489 632 4555 tempus
655 4484 744 4536 est
772 4478 930 4545 ﬁdei,
962 4477 1238 4549 quoniam
1289 4493 1392 4549 per
1441 4477 1616 4532 ﬁdem
1650 4480 1948 4534 credentes
1978 4480 2037 4535 in

396 4572 697 4631 Christum
711 4566 1364 4635 salvamur.Nam,sicut
1385 4567 1537 4621 idem
1552 4566 1863 4637 Apostolus
1876 4568 2035 4649 dicit.

2130 664 2187 715 et
2215 659 2372 715 salva
2423 661 2573 715 facta
2626 664 2735 715 est.
2792 660 2936 714 Hinc
2965 676 3101 731 ergo
3160 665 3217 715 et
3247 677 3352 715 nos
3383 660 3443 715 in
3500 675 3608 731 spe
3640 656 3792 714 salvi

2130 749 2267 806 facti
2299 766 2527 818 sumus,
2560 749 2839 820 quoniam
2889 766 2992 821 spe
3020 748 3343 805 certissime
3390 753 3689 819 tenemus,
3723 752 3793 802 ut

2131 839 2481 910 quandoque
2505 838 2575 893 ad
2608 838 2797 909 ipsam
2821 836 3279 893 immortalitatis
3299 836 3552 910 gloriam
3589 852 3792 909 perve-

2133 944 2389 983 111803118.

2202 1061 2414 1116 Volens
2435 1060 2685 1131 denique
2708 1059 3020 1130 Apostolus
3044 1061 3348 1115 ostendere
3373 1075 3539 1132 spem
3574 1059 3635 1113 in
3672 1057 3792 1113 illis

2133 1150 2308 1206 rebus
2336 1165 2483 1216 esse,
2508 1165 2634 1220 quae
2666 1166 2781 1204 non
2802 1149 3093 1214 videntur,
3126 1148 3338 1219 adjecit
3364 1166 3377 1205 :
3410 1152 3546 1220 Spes
3573 1150 3791 1215 autem,

2132 1257 2254 1311 quae
2286 1239 2497 1294 videtur
2524 1256 2636 1294 non
2664 1242 2740 1293 est
2768 1255 2908 1310 spes.
2944 1239 3187 1307 Rursus,
3221 1241 3285 1293 ut
3314 1238 3648 1293 ostenderet
3675 1236 3792 1292 dif-

2134 1329 2439 1384 ferentiam
2460 1328 2620 1398 inter
2640 1344 2803 1399 spem
2825 1332 2883 1382 et
2904 1344 3046 1393 rem,
3082 1328 3381 1398 subjunxit
3407 1344 3421 1383 :
3457 1326 3604 1395 Quid
3631 1327 3795 1382 enim

2132 1418 2272 1473 videt
2299 1418 2442 1489 quis,
2502 1416 2634 1488 quid
2686 1420 2868 1487 sperat
2921 1416 3115 1487 (206)?
3170 1416 3350 1473 Nemo
3398 1416 3554 1488 quod
3603 1415 3790 1486 videt,

2132 1511 2363 1578 sperat:
2399 1506 2557 1577 quia,
2590 1511 2692 1561 aut
2721 1505 2929 1571 oculis,
2952 1510 3055 1560 aut
3086 1507 3358 1561 manibus
3387 1509 3563 1560 tenet.
3596 1506 3663 1559 Si
3690 1522 3793 1559 au-

2135 1602 2260 1663 tem,
2292 1593 2432 1664 quod
2485 1608 2595 1648 non
2625 1593 2890 1660 videmus,
2949 1609 3255 1663 speramus,
3301 1609 3405 1665 per
3444 1594 3789 1664 patientiam

2132 1687 2523 1753 exspecta-mus.
2560 1681 2625 1735 Et
2646 1687 2735 1736 est
2763 1698 2974 1737 sensus
3004 1700 3016 1738 :
3053 1683 3136 1748 Si,
3158 1683 3313 1753 quod
3346 1698 3461 1737 non
3492 1682 3791 1749 videmus,

2133 1772 2419 1842 patienter
2447 1774 2876 1842 exspectamus,
2900 1775 2965 1825 ut
2985 1771 3338 1842 quandoque
3364 1770 3629 1827 obtinere
3660 1787 3795 1842 pos.

2134 1861 2342 1916 simus.
2372 1861 2680 1915 Evidenter
2706 1860 2905 1931 itaque
2934 1860 3246 1931 Apostolus
3269 1860 3377 1915 hoc
3409 1859 3565 1916 dicto
3597 1865 3793 1915 osten-

2052 1944 2100 2008 B
2131 1949 2266 2004 dere
2294 1948 2480 2004 voluit
2535 1949 2675 2020 quia
2720 1948 2908 2004 virtus
2958 1950 3081 2020 spei
3132 1949 3191 2004 in
3236 1950 3403 2005 nobis
3434 1949 3789 2021 patientiam

2134 2044 2391 2110 generat.
2427 2037 2715 2094 Patientia
2750 2041 2947 2093 autem
2996 2055 3112 2093 non
3143 2043 3233 2094 est
3278 2040 3337 2094 in
3371 2039 3673 2111 prosperis
3704 2055 3791 2093 re-

2130 2127 2264 2193 bus,
2296 2128 2514 2198 quibus
2545 2127 2817 2197 fruimur,
2852 2128 2954 2183 scd
2988 2127 3046 2182 in
3078 2128 3358 2196 adversis,
3392 2127 3612 2200 quibus
3644 2127 3791 2183 afﬂi-

2134 2232 2344 2271 elmur.

2208 2349 2408 2420 Igitur,
2442 2348 2579 2419 quia
2608 2350 2833 2404 dixerat
2863 2350 3132 2420 superius
3158 2366 3170 2405 :
3206 2351 3322 2422 Ipse
3354 2352 3600 2422 Spiritus
3631 2354 3794 2407 testi-

2133 2439 2386 2492 monium
2404 2438 2591 2493 reddit
2612 2438 2841 2509 spiritui
2867 2447 3046 2494 nostro
3066 2456 3087 2499 ;
3118 2440 3334 2495 idcirco
3366 2456 3522 2495 nunc
3553 2441 3795 2512 subjun-

2137 2526 2259 2582 xit:
2291 2526 2569 2580 Similiter
2599 2533 2817 2598 autem,
2849 2531 2904 2581 et
2931 2527 3174 2599 spiritus
3209 2529 3449 2599 adjuvat
3477 2528 3794 2585 inﬁrmita-

2138 2620 2257 2670 tem
2289 2618 2571 2683 nostram,
2599 2615 2655 2669 id
2679 2620 2787 2681 est,
2812 2616 2965 2671 sicut
2985 2616 3383 2672 testimonium
3417 2617 3615 2673 reddit
3634 2618 3721 2673 ita
3742 2623 3797 2674 et

2135 2703 2540 2759 inﬁrmitatem
2573 2708 2833 2760 nostram
2859 2705 3113 2775 adjuvat.
3140 2709 3219 2761 Ac
3251 2724 3352 2778 per
3381 2706 3493 2762 hoc
3511 2706 3790 2779 Spiritus,

2137 2809 2252 2847 non
2286 2797 2503 2863 noster,
2537 2791 2637 2847 sed
2666 2792 2919 2865 Spiritus
2958 2799 3194 2849 sanctus
3228 2795 3653 2869 intelligendus
3682 2801 3793 2852 est.

2138 2882 2568 2946 Inﬁrmitatem,
2619 2899 2735 2937 non
2785 2898 3115 2954 corporum,
3150 2884 3249 2939 sed
3299 2885 3593 2941 mentium
3626 2885 3791 2941 dicit.

2137 2971 2545 3027 Inﬁrmitatem
2564 2970 2734 3042 plane
2749 2970 3323 3044 vocatinsipientiam
3350 2990 3550 3030 :mens
3568 2975 3788 3031 etenim

2137 3064 2338 3115 nostra
2366 3063 2640 3133 gravatur
2690 3059 3047 3131 insipientia,
3097 3062 3196 3117 sed
3249 3063 3503 3134 Spiritus
3545 3068 3791 3119 sanctus

2137 3150 2375 3219 adjuvat
2404 3149 2803 3204 inﬁrmitatem
2834 3154 3135 3219 nostram;
3172 3150 3328 3222 quia,
3362 3152 3501 3206 dum
3535 3152 3786 3208 cbarita-

2136 3242 2254 3295 tem
2278 3243 2335 3293 et
2358 3239 2519 3309 pium
2544 3237 2865 3310 spiritualis
2888 3240 3086 3310 gratia:
3108 3241 3379 3295 affectum
3398 3241 3683 3305 infundit,
3702 3258 3785 3309 ea,

2139 3344 2266 3400 quae
2296 3328 2660 3397 ignoramus,
2686 3326 2920 3383 revelat.
2958 3328 3117 3383 Unde
3137 3328 3470 3400 Apostolus,
3498 3335 3567 3385 ut
3596 3336 3789 3386 osten-

2141 3418 2302 3471 deret
2332 3433 2508 3487 quam
2534 3415 2937 3471 inﬁrmitatem
2963 3417 3190 3486 dixerit,
3215 3418 3465 3489 adjecit:
3499 3420 3639 3475 Nam
3662 3420 3792 3491 quid

2141 3522 2375 3575 oremus,
2406 3507 2547 3559 sicut
2596 3509 2807 3572 oportet
2853 3508 3145 3561 nescimus.
3196 3506 3410 3577 Oratio,
3445 3524 3574 3579 quae
3606 3509 3791 3582 impe-

2140 3598 2258 3648 trat
2286 3594 2439 3665 quod
2466 3593 2625 3664 petit,
2659 3594 2900 3649 domum
2922 3596 3017 3650 Dei
3046 3612 3109 3650 se
3130 3612 3257 3651 esse
3283 3596 3577 3652 evidenter
3605 3602 3797 3654 osten-

2142 3683 2245 3737 dit.
2279 3683 2591 3755 Apostolus
2614 3683 2810 3754 itaque
2834 3688 2898 3738 ut
2915 3687 3248 3740 ostenderet
3268 3685 3443 3740 etiam
3467 3687 3793 3743 orationem

2142 3773 2295 3826 inter
2324 3787 2570 3826 munera
2590 3770 2692 3826 Dei
2718 3774 3064 3844 computari,
3097 3773 3213 3829 ait:
3246 3777 3393 3829 Nam
3414 3777 3546 3847 quid
3576 3792 3794 3832 oremus

2141 3862 2282 3917 sicut
2312 3865 2522 3930 oportet
2576 3862 2890 3916 nescimus:
2944 3862 3083 3932 quia
3139 3864 3296 3918 enim
3354 3881 3467 3919 non
3521 3864 3794 3922 videmus

2145 3966 2269 4021 qua:
2328 3950 2754 4020 promittuntur
2809 3951 2976 4021 (297),
3035 3952 3333 4007 nescimus
3391 3969 3578 4019 orare,
3647 3954 3798 4010 sicut

2144 4042 2405 4110 oportet;
2442 4038 2497 4093 id
2530 4042 2637 4103 est,
2686 4056 2752 4093 ea
2813 4044 3001 4107 petere
3032 4056 3157 4111 quae
3214 4041 3382 4096 nobis
3435 4048 3712 4114 prosunt,
3744 4048 3799 4099 et

2145 4143 2418 4198 respuere
2460 4144 2588 4195 qua:
2636 4128 2871 4181 obsunt.
2923 4128 3104 4183 Nemo
3148 4130 3365 4201 quippe
3412 4136 3566 4187 recte
3599 4133 3795 4205 sapit;

2146 4232 2318 4271 nemo
2350 4218 2501 4269 recte
2531 4214 2842 4286 intelligit:
2877 4233 3043 4271 nemo
3073 4223 3227 4272 recto
3266 4218 3508 4274 consilio
3539 4225 3600 4276 et
3634 4221 3799 4277 forti-

2145 4304 2346 4358 tudine
2370 4302 2591 4374 aliquid
2615 4308 2922 4375 operatur;
2948 4322 3118 4361 nemo
3145 4307 3396 4362 scienter
3415 4313 3505 4364 est
3521 4309 3682 4380 pius,
3709 4326 3804 4366 ne-

2148 4409 2260 4464 que
2278 4392 2369 4463 pie
2391 4391 2581 4447 sciens
2609 4410 2622 4459 ;
2648 4409 2817 4448 nemo
2837 4398 2996 4449 casto
3020 4395 3224 4449 timore
3246 4396 3427 4451 Deum
3452 4396 3670 4470 diligit,
3688 4400 3803 4455 nisi

2148 4480 2393 4551 accipiat
2423 4481 2693 4551 spiritum
2718 4481 3037 4553 sapientiae,
3061 4488 3116 4539 et
3137 4484 3485 4552 intellectus,
3520 4486 3804 4558 spiritum

2148 4569 2371 4625 consilii
2402 4575 2456 4623 et
2480 4569 2855 4637 fortitudinis,
2876 4571 3147 4643 spiritum
3167 4573 3440 4641 scientiae,
3465 4580 3523 4630 et
3539 4576 3804 4648 pietatis,

394 4663 507 4719 Per
533 4659 696 4731 ﬁdem
724 4656 1102 4721 ambulamus,
1133 4658 1183 4710 et
1211 4670 1322 4711 non
1346 4672 1446 4726 per
1474 4657 1704 4727 speciem
1732 4658 1801 4727 (Il
1833 4657 1951 4713 Cor.
1979 4675 2035 4726 v,
2068 4675 2115 4740 Β
2146 4663 2202 4713 et
2230 4658 2461 4713 timoris
2493 4658 2744 4714 Domini.
2794 4659 3071 4715 Similiter
3102 4678 3272 4717 nemo
3315 4662 3492 4718 habet
3518 4664 3805 4722 virtutem

392 4752 470 4824 7).
500 4748 660 4806 Fidei
692 4750 884 4802 autem
918 4760 1139 4799 merces
1169 4747 1259 4799 est
1297 4745 1457 4799 salus
1513 4745 1843 4800 animarum
1901 4763 2035 4801 nos-

361 4846 641 4905 .trarum,
675 4836 775 4893 sed
808 4834 928 4890 haec
959 4833 1289 4889 animarum
1324 4833 1508 4902 salus,
1532 4841 1589 4889 et
1610 4851 1918 4905 corporum
1950 4852 2038 4890 re-

397 4926 658 5000 demptio
689 4924 937 4980 necdum
976 4923 1227 4993 perfecta
1256 4926 1381 4988 est;
1415 4923 1550 4993 quia
1578 4923 1634 4976 in
1669 4939 1771 4994 spe
1810 4927 2035 4978 tantum

397 5018 707 5083 habemus,
738 5016 796 5068 et
824 5028 939 5067 non
970 5010 1027 5066 in
1061 5027 1141 5066 re.
1176 5012 1398 5083 Corpus
1428 5011 1583 5066 enim
1607 5012 1759 5083 quod
1782 5028 2041 5067 corrum-

396 5106 560 5134 ..:s....
591 5103 722 5134 [οι-υ.
775 5119 830 5134 τυ
902 5101 990 5134 ΑΚΝ

1073 5105 1343 5134 anns-nun}
1401 5100 1656 5134 animum
1744 5100 2039 5134 Ὡηωηοοοῖι

2146 4764 2362 4817 veram,
2396 4745 2740 4801 charitatem
2773 4747 3080 4814 sinceram,
3114 4750 3539 4807 continentiam
3571 4753 3809 4827 religio-

2149 4851 2307 4904 sam,
2330 4834 2444 4890 nisi
2476 4835 2763 4907 acceperit
2793 4837 3064 4907 spiritum
3098 4839 3349 4905 virtutis,
3381 4846 3438 4896 et
3463 4841 3805 4911 oharitatis,

2148 4928 2205 4979 et
2234 4923 2622 4979 continentiae.
2650 4925 2841 4980 Simili
2867 4926 3037 4982 modo
3065 4944 3234 4983 nemo
3258 4934 3411 4985 recte
3440 4931 3649 5000 credit,
3690 4932 3805 4988 nisi

2148 5012 2360 5067 habeat
2399 5012 2672 5084 spiritum
2720 5014 2872 5069 ﬁdei.
2906 5016 2997 5070 Sic
3046 5016 3222 5072 etiam
3262 5034 3432 5074 nemo
3464 5024 3621 5076 recte
3652 5026 3807 5086 orat,

2296 5104 2538 5132 οιΑΛξοςζλι
2572 5104 2838 5130 η--εα-ἶι-..ρια
2886 5104 3149 5128 a..-lf-._.3_
3188 5123 3197 5126 -
