  <div class='ocr_page' id='page_1' title='image "/cluster/home/n/w/nwhite01/storage/ocr_20150623/134/hvd.32044015471741/105.png"; bbox 0 0 3998 5278; ppageno 0'>
   <div class='ocr_carea' id='block_1_1' title="bbox 417 376 536 439">
    <p class='ocr_par' dir='ltr' id='par_1_1' title="bbox 417 376 536 439">
     <span class='ocr_line' id='line_1_1' title="bbox 417 376 536 439; baseline -0.017 0"><span class='ocrx_word' id='word_1_1' title='bbox 417 376 536 439; x_wconf 74' lang='grc'>215</span> 
     </span>
    </p>
   </div>
   <div class='ocr_carea' id='block_1_2' title="bbox 1439 370 2809 440">
    <p class='ocr_par' dir='ltr' id='par_1_2' title="bbox 1439 370 2809 440">
     <span class='ocr_line' id='line_1_2' title="bbox 1439 370 2809 440; baseline -0.004 -1"><span class='ocrx_word' id='word_1_2' title='bbox 1439 375 1776 440; x_wconf 83' lang='lat' dir='ltr'><em>ATTONIS</em></span> <span class='ocrx_word' id='word_1_3' title='bbox 1820 372 2404 438; x_wconf 79' lang='lat' dir='ltr'><em>VERCELLENSIS</em></span> <span class='ocrx_word' id='word_1_4' title='bbox 2450 370 2809 437; x_wconf 84' lang='lat' dir='ltr'><em>EPISGOPI</em></span> 
     </span>
    </p>
   </div>
   <div class='ocr_carea' id='block_1_3' title="bbox 3711 375 3809 443">
    <p class='ocr_par' dir='ltr' id='par_1_3' title="bbox 3711 375 3809 443">
     <span class='ocr_line' id='line_1_3' title="bbox 3711 375 3809 443; baseline 0 0"><span class='ocrx_word' id='word_1_5' title='bbox 3711 375 3809 443; x_wconf 75' lang='grc'>216</span> 
     </span>
    </p>
   </div>
   <div class='ocr_carea' id='block_1_4' title="bbox 423 503 3809 581">
    <p class='ocr_par' dir='ltr' id='par_1_4' title="bbox 423 503 3809 581">
     <span class='ocr_line' id='line_1_4' title="bbox 423 503 3809 581; baseline 0.001 -15"><span class='ocrx_word' id='word_1_6' title='bbox 423 508 780 566; x_wconf 77' lang='lat' dir='ltr'><em>tribulatione</em></span> <span class='ocrx_word' id='word_1_7' title='bbox 826 506 1077 565; x_wconf 88' lang='lat' dir='ltr'><em>dilatasti</em></span> <span class='ocrx_word' id='word_1_8' title='bbox 1120 524 1206 566; x_wconf 89' lang='lat' dir='ltr'><em>me</em></span> <span class='ocrx_word' id='word_1_9' title='bbox 1252 509 1425 581; x_wconf 86' lang='lat' dir='ltr'><em>(Psal.</em></span> <span class='ocrx_word' id='word_1_10' title='bbox 1479 526 1553 579; x_wconf 84' lang='lat' dir='ltr'><em>1v,</em></span> <span class='ocrx_word' id='word_1_11' title='bbox 1600 510 1704 580; x_wconf 79' lang='lat'><em>2);</em></span> <span class='ocrx_word' id='word_1_12' title='bbox 1752 509 1892 565; x_wconf 88' lang='lat' dir='ltr'><em>item</em></span> <span class='ocrx_word' id='word_1_13' title='bbox 1949 527 1962 564; x_wconf 91' lang='lat'><em>:</em></span> <span class='ocrx_word' id='word_1_14' title='bbox 2004 511 2068 566; x_wconf 90' lang='lat' dir='ltr'><em>In</em></span> <span class='ocrx_word' id='word_1_15' title='bbox 2094 510 2153 575; x_wconf 82' lang='grc' dir='ltr'><strong>Α</strong></span> <span class='ocrx_word' id='word_1_16' title='bbox 2180 506 2372 578; x_wconf 87' lang='lat' dir='ltr'><em>perior</em></span> <span class='ocrx_word' id='word_1_17' title='bbox 2403 510 2510 562; x_wconf 88' lang='lat' dir='ltr'><em>est.</em></span> <span class='ocrx_word' id='word_1_18' title='bbox 2540 506 2970 579; x_wconf 85' lang='lat' dir='ltr'><em>Superaverunt</em></span> <span class='ocrx_word' id='word_1_19' title='bbox 2998 520 3135 579; x_wconf 84' lang='lat' dir='ltr'><em>ergo</em></span> <span class='ocrx_word' id='word_1_20' title='bbox 3164 503 3383 577; x_wconf 87' lang='lat' dir='ltr'><em>sancti,</em></span> <span class='ocrx_word' id='word_1_21' title='bbox 3404 504 3809 577; x_wconf 85' lang='lat' dir='ltr'><em>quoniam,non</em></span> 
     </span>
    </p>
   </div>
   <div class='ocr_carea' id='block_1_5' title="bbox 422 599 2070 665">
    <p class='ocr_par' dir='ltr' id='par_1_5' title="bbox 422 599 2070 665">
     <span class='ocr_line' id='line_1_5' title="bbox 422 599 2070 665; baseline -0.002 -9"><span class='ocrx_word' id='word_1_22' title='bbox 422 599 781 656; x_wconf 65' lang='lat' dir='ltr'><em>tribulatione</em></span> <span class='ocrx_word' id='word_1_23' title='bbox 826 599 1077 654; x_wconf 75' lang='lat' dir='ltr'><em>invocavi</em></span> <span class='ocrx_word' id='word_1_24' title='bbox 1124 599 1434 665; x_wconf 87' lang='lat' dir='ltr'><em>Dominum,</em></span> <span class='ocrx_word' id='word_1_25' title='bbox 1464 602 1515 655; x_wconf 84' lang='lat' dir='ltr'><em>et</em></span> <span class='ocrx_word' id='word_1_26' title='bbox 1551 600 1838 655; x_wconf 69' lang='lat' dir='ltr'><em>exaudivit</em></span> <span class='ocrx_word' id='word_1_27' title='bbox 1883 615 1968 654; x_wconf 87' lang='lat' dir='ltr'><em>me</em></span> <span class='ocrx_word' id='word_1_28' title='bbox 2010 600 2070 654; x_wconf 89' lang='lat' dir='ltr'><em>in</em></span> 
     </span>
    </p>
   </div>
   <div class='ocr_carea' id='block_1_6' title="bbox 414 678 2066 760">
    <p class='ocr_par' dir='ltr' id='par_1_6' title="bbox 414 678 2066 760">
     <span class='ocr_line' id='line_1_6' title="bbox 414 678 2066 760; baseline -0.001 -15"><span class='ocrx_word' id='word_1_29' title='bbox 414 678 717 746; x_wconf 83' lang='lat' dir='ltr'><em>latitudine</em></span> <span class='ocrx_word' id='word_1_30' title='bbox 763 687 940 759; x_wconf 89' lang='lat' dir='ltr'><em>(Psal.</em></span> <span class='ocrx_word' id='word_1_31' title='bbox 993 704 1163 755; x_wconf 83' lang='lat' dir='ltr'><em>cxvu,</em></span> <span class='ocrx_word' id='word_1_32' title='bbox 1210 689 1287 760; x_wconf 87' lang='lat'><em>5).</em></span> <span class='ocrx_word' id='word_1_33' title='bbox 1338 689 1607 758; x_wconf 79' lang='lat' dir='ltr'><em>Angustia</em></span> <span class='ocrx_word' id='word_1_34' title='bbox 1655 706 1770 744; x_wconf 91' lang='lat' dir='ltr'><em>non</em></span> <span class='ocrx_word' id='word_1_35' title='bbox 1826 692 2066 760; x_wconf 83' lang='lat' dir='ltr'><em>potest;</em></span> 
     </span>
    </p>
   </div>
   <div class='ocr_carea' id='block_1_7' title="bbox 426 775 2071 851">
    <p class='ocr_par' dir='ltr' id='par_1_7' title="bbox 426 775 2071 851">
     <span class='ocr_line' id='line_1_7' title="bbox 426 775 2071 851; baseline -0.001 -18"><span class='ocrx_word' id='word_1_36' title='bbox 426 777 585 851; x_wconf 85' lang='lat' dir='ltr'><em>quia,</em></span> <span class='ocrx_word' id='word_1_37' title='bbox 614 780 832 850; x_wconf 87' lang='lat' dir='ltr'><em>quanto</em></span> <span class='ocrx_word' id='word_1_38' title='bbox 883 775 1072 848; x_wconf 86' lang='lat' dir='ltr'><em>magis</em></span> <span class='ocrx_word' id='word_1_39' title='bbox 1121 776 1552 849; x_wconf 86' lang='lat' dir='ltr'><em>augustiantur,</em></span> <span class='ocrx_word' id='word_1_40' title='bbox 1602 781 1765 833; x_wconf 88' lang='lat' dir='ltr'><em>tanto</em></span> <span class='ocrx_word' id='word_1_41' title='bbox 1817 776 2071 850; x_wconf 84' lang='lat' dir='ltr'><em>amplius</em></span> 
     </span>
    </p>
   </div>
   <div class='ocr_carea' id='block_1_8' title="bbox 425 862 2068 941">
    <p class='ocr_par' dir='ltr' id='par_1_8' title="bbox 425 862 2068 941">
     <span class='ocr_line' id='line_1_8' title="bbox 425 862 2068 941; baseline -0.001 -18"><span class='ocrx_word' id='word_1_42' title='bbox 425 865 872 941; x_wconf 88' lang='lat' dir='ltr'><em>gaudent.Unde</em></span> <span class='ocrx_word' id='word_1_43' title='bbox 892 865 952 920; x_wconf 89' lang='lat' dir='ltr'><em>in</em></span> <span class='ocrx_word' id='word_1_44' title='bbox 984 865 1228 921; x_wconf 80' lang='lat' dir='ltr'><em>Actibus</em></span> <span class='ocrx_word' id='word_1_45' title='bbox 1247 862 1642 938; x_wconf 84' lang='lat' dir='ltr'><em>apostolorum</em></span> <span class='ocrx_word' id='word_1_46' title='bbox 1668 866 2068 938; x_wconf 84' lang='lat' dir='ltr'><em>legitur,quia:</em></span> 
     </span>
    </p>
   </div>
   <div class='ocr_carea' id='block_1_9' title="bbox 424 955 2076 1028">
    <p class='ocr_par' dir='ltr' id='par_1_9' title="bbox 424 955 2076 1028">
     <span class='ocr_line' id='line_1_9' title="bbox 424 955 2076 1028; baseline -0.003 -14"><span class='ocrx_word' id='word_1_47' title='bbox 424 958 582 1015; x_wconf 80' lang='lat' dir='ltr'><em>Ibant</em></span> <span class='ocrx_word' id='word_1_48' title='bbox 610 973 644 1011; x_wconf 93' lang='lat' dir='ltr'><strong><em>a</em></strong></span> <span class='ocrx_word' id='word_1_49' title='bbox 672 959 957 1027; x_wconf 85' lang='lat' dir='ltr'><em>conspectu</em></span> <span class='ocrx_word' id='word_1_50' title='bbox 997 956 1220 1011; x_wconf 78' lang='lat' dir='ltr'><em>concilii</em></span> <span class='ocrx_word' id='word_1_51' title='bbox 1262 955 1583 1028; x_wconf 78' lang='lat' dir='ltr'><em>gaudentes,</em></span> <span class='ocrx_word' id='word_1_52' title='bbox 1615 958 1876 1027; x_wconf 85' lang='lat' dir='ltr'><em>quoniam</em></span> <span class='ocrx_word' id='word_1_53' title='bbox 1917 955 2076 1023; x_wconf 81' lang='lat' dir='ltr'><em>digni</em></span> 
     </span>
    </p>
   </div>
   <div class='ocr_carea' id='block_1_10' title="bbox 425 1043 2069 1116">
    <p class='ocr_par' dir='ltr' id='par_1_10' title="bbox 425 1043 2069 1116">
     <span class='ocr_line' id='line_1_10' title="bbox 425 1043 2069 1116; baseline -0.002 -15"><span class='ocrx_word' id='word_1_54' title='bbox 425 1046 602 1103; x_wconf 79' lang='lat' dir='ltr'><em>habiti</em></span> <span class='ocrx_word' id='word_1_55' title='bbox 627 1049 757 1101; x_wconf 89' lang='lat' dir='ltr'><em>sunt</em></span> <span class='ocrx_word' id='word_1_56' title='bbox 799 1060 902 1116; x_wconf 87' lang='lat' dir='ltr'><em>pro</em></span> <span class='ocrx_word' id='word_1_57' title='bbox 943 1045 1165 1100; x_wconf 81' lang='lat' dir='ltr'><em>nomine</em></span> <span class='ocrx_word' id='word_1_58' title='bbox 1209 1046 1336 1102; x_wconf 88' lang='lat' dir='ltr'><em>Jesu</em></span> <span class='ocrx_word' id='word_1_59' title='bbox 1384 1045 1737 1100; x_wconf 76' lang='lat' dir='ltr'><em>contumelias</em></span> <span class='ocrx_word' id='word_1_60' title='bbox 1782 1046 1902 1115; x_wconf 90' lang='lat' dir='ltr'><em>pati</em></span> <span class='ocrx_word' id='word_1_61' title='bbox 1933 1043 2069 1115; x_wconf 83' lang='lat' dir='ltr'><em>(Act.</em></span> 
     </span>
    </p>
   </div>
   <div class='ocr_carea' id='block_1_11' title="bbox 421 1132 2074 1208">
    <p class='ocr_par' dir='ltr' id='par_1_11' title="bbox 421 1132 2074 1208">
     <span class='ocr_line' id='line_1_11' title="bbox 421 1132 2074 1208; baseline -0.001 -17"><span class='ocrx_word' id='word_1_62' title='bbox 421 1152 480 1205; x_wconf 81' lang='grc' dir='ltr'>ν,</span> <span class='ocrx_word' id='word_1_63' title='bbox 513 1135 623 1206; x_wconf 79' lang='grc'>41).</span> <span class='ocrx_word' id='word_1_64' title='bbox 677 1133 819 1189; x_wconf 83' lang='lat' dir='ltr'><em>Hinc</em></span> <span class='ocrx_word' id='word_1_65' title='bbox 867 1132 1120 1189; x_wconf 84' lang='lat' dir='ltr'><em>Jacobus</em></span> <span class='ocrx_word' id='word_1_66' title='bbox 1156 1151 1169 1188; x_wconf 90' lang='lat'><em>:</em></span> <span class='ocrx_word' id='word_1_67' title='bbox 1205 1135 1375 1189; x_wconf 72' lang='lat' dir='ltr'><em>Omne</em></span> <span class='ocrx_word' id='word_1_68' title='bbox 1422 1133 1695 1208; x_wconf 86' lang='lat' dir='ltr'><em>gaudium</em></span> <span class='ocrx_word' id='word_1_69' title='bbox 1741 1134 2074 1198; x_wconf 74' lang='lat' dir='ltr'><em>existimate,</em></span> 
     </span>
    </p>
   </div>
   <div class='ocr_carea' id='block_1_12' title="bbox 421 1222 2075 1297">
    <p class='ocr_par' dir='ltr' id='par_1_12' title="bbox 421 1222 2075 1297">
     <span class='ocr_line' id='line_1_12' title="bbox 421 1222 2075 1297; baseline -0.002 -18"><span class='ocrx_word' id='word_1_70' title='bbox 421 1228 651 1297; x_wconf 75' lang='lat' dir='ltr'><em>fratres,</em></span> <span class='ocrx_word' id='word_1_71' title='bbox 683 1239 809 1278; x_wconf 85' lang='lat' dir='ltr'><em>cum</em></span> <span class='ocrx_word' id='word_1_72' title='bbox 838 1224 899 1278; x_wconf 87' lang='lat' dir='ltr'><em>in</em></span> <span class='ocrx_word' id='word_1_73' title='bbox 929 1225 1262 1278; x_wconf 87' lang='lat' dir='ltr'><em>tentationes</em></span> <span class='ocrx_word' id='word_1_74' title='bbox 1308 1225 1499 1279; x_wconf 87' lang='lat' dir='ltr'><em>varias</em></span> <span class='ocrx_word' id='word_1_75' title='bbox 1530 1222 1836 1279; x_wconf 84' lang='lat' dir='ltr'><em>incideritis</em></span> <span class='ocrx_word' id='word_1_76' title='bbox 1866 1223 1999 1295; x_wconf 82' lang='lat' dir='ltr'><em>(Jac.</em></span> <span class='ocrx_word' id='word_1_77' title='bbox 2034 1239 2075 1290; x_wconf 85' lang='lat'><em>1,</em></span> 
     </span>
    </p>
   </div>
   <div class='ocr_carea' id='block_1_13' title="bbox 421 1311 2079 1384">
    <p class='ocr_par' dir='ltr' id='par_1_13' title="bbox 421 1311 2079 1384">
     <span class='ocr_line' id='line_1_13' title="bbox 421 1311 2079 1384; baseline -0.002 -15"><span class='ocrx_word' id='word_1_78' title='bbox 421 1313 507 1384; x_wconf 87' lang='lat'><em>2).</em></span> <span class='ocrx_word' id='word_1_79' title='bbox 549 1312 858 1379; x_wconf 84' lang='lat' dir='ltr'><em>Persecutio</em></span> <span class='ocrx_word' id='word_1_80' title='bbox 889 1327 1005 1367; x_wconf 89' lang='lat' dir='ltr'><em>non</em></span> <span class='ocrx_word' id='word_1_81' title='bbox 1038 1314 1269 1384; x_wconf 83' lang='lat' dir='ltr'><em>potest;</em></span> <span class='ocrx_word' id='word_1_82' title='bbox 1301 1311 1439 1384; x_wconf 86' lang='lat' dir='ltr'><em>quia</em></span> <span class='ocrx_word' id='word_1_83' title='bbox 1468 1312 1608 1367; x_wconf 91' lang='lat' dir='ltr'><em>dum</em></span> <span class='ocrx_word' id='word_1_84' title='bbox 1643 1313 2079 1383; x_wconf 81' lang='lat' dir='ltr'><em>persecutiones</em></span> 
     </span>
    </p>
   </div>
   <div class='ocr_carea' id='block_1_14' title="bbox 425 1398 2080 1473">
    <p class='ocr_par' dir='ltr' id='par_1_14' title="bbox 425 1398 2080 1473">
     <span class='ocr_line' id='line_1_14' title="bbox 425 1398 2080 1473; baseline 0 -17"><span class='ocrx_word' id='word_1_85' title='bbox 425 1399 1053 1473; x_wconf 87' lang='lat' dir='ltr'><em>patiuntur,beatiores</em></span> <span class='ocrx_word' id='word_1_86' title='bbox 1084 1399 1614 1457; x_wconf 76' lang='lat' dir='ltr'><em>efficiuntur.Unde</em></span> <span class='ocrx_word' id='word_1_87' title='bbox 1642 1400 1767 1471; x_wconf 90' lang='lat' dir='ltr'><em>ipse</em></span> <span class='ocrx_word' id='word_1_88' title='bbox 1794 1398 2080 1456; x_wconf 85' lang='lat' dir='ltr'><em>Dominus</em></span> 
     </span>
    </p>
   </div>
   <div class='ocr_carea' id='block_1_15' title="bbox 2177 593 3807 667">
    <p class='ocr_par' dir='ltr' id='par_1_15' title="bbox 2177 593 3807 667">
     <span class='ocr_line' id='line_1_15' title="bbox 2177 593 3807 667; baseline 0.004 -18"><span class='ocrx_word' id='word_1_89' title='bbox 2177 594 2423 651; x_wconf 88' lang='lat' dir='ltr'><em>vivendo</em></span> <span class='ocrx_word' id='word_1_90' title='bbox 2454 595 2595 652; x_wconf 83' lang='lat' dir='ltr'><em>victi</em></span> <span class='ocrx_word' id='word_1_91' title='bbox 2626 600 2786 664; x_wconf 88' lang='lat' dir='ltr'><em>sunt,</em></span> <span class='ocrx_word' id='word_1_92' title='bbox 2818 596 2920 650; x_wconf 89' lang='lat' dir='ltr'><em>sed</em></span> <span class='ocrx_word' id='word_1_93' title='bbox 2946 594 3247 651; x_wconf 87' lang='lat' dir='ltr'><em>moriendo</em></span> <span class='ocrx_word' id='word_1_94' title='bbox 3265 593 3529 667; x_wconf 82' lang='lat' dir='ltr'><em>gloriose</em></span> <span class='ocrx_word' id='word_1_95' title='bbox 3556 594 3807 655; x_wconf 84' lang='lat' dir='ltr'><em>vicerunt.</em></span> 
     </span>
    </p>
   </div>
   <div class='ocr_carea' id='block_1_16' title="bbox 2178 683 3809 757">
    <p class='ocr_par' dir='ltr' id='par_1_16' title="bbox 2178 683 3809 757">
     <span class='ocr_line' id='line_1_16' title="bbox 2178 683 3809 757; baseline 0.001 -18"><span class='ocrx_word' id='word_1_96' title='bbox 2178 684 2363 753; x_wconf 88' lang='lat' dir='ltr'><em>Quod,</em></span> <span class='ocrx_word' id='word_1_97' title='bbox 2390 701 2504 739; x_wconf 87' lang='lat' dir='ltr'><em>non</em></span> <span class='ocrx_word' id='word_1_98' title='bbox 2537 699 2740 739; x_wconf 90' lang='lat' dir='ltr'><em>eorum</em></span> <span class='ocrx_word' id='word_1_99' title='bbox 2764 683 3008 753; x_wconf 88' lang='lat' dir='ltr'><em>meritis,</em></span> <span class='ocrx_word' id='word_1_100' title='bbox 3030 700 3146 739; x_wconf 87' lang='lat' dir='ltr'><em>non</em></span> <span class='ocrx_word' id='word_1_101' title='bbox 3177 683 3431 749; x_wconf 88' lang='lat' dir='ltr'><em>viribus,</em></span> <span class='ocrx_word' id='word_1_102' title='bbox 3455 683 3556 739; x_wconf 88' lang='lat' dir='ltr'><em>sed</em></span> <span class='ocrx_word' id='word_1_103' title='bbox 3584 683 3681 740; x_wconf 86' lang='lat' dir='ltr'><em>Dei</em></span> <span class='ocrx_word' id='word_1_104' title='bbox 3700 701 3809 757; x_wconf 80' lang='lat' dir='ltr'><em>gra-</em></span> 
     </span>
    </p>
   </div>
   <div class='ocr_carea' id='block_1_17' title="bbox 2179 771 3807 844">
    <p class='ocr_par' dir='ltr' id='par_1_17' title="bbox 2179 771 3807 844">
     <span class='ocr_line' id='line_1_17' title="bbox 2179 771 3807 844; baseline 0.002 -17"><span class='ocrx_word' id='word_1_105' title='bbox 2179 772 2263 827; x_wconf 87' lang='lat' dir='ltr'><em>tia</em></span> <span class='ocrx_word' id='word_1_106' title='bbox 2292 771 2673 828; x_wconf 89' lang='lat' dir='ltr'><em>tribuendum</em></span> <span class='ocrx_word' id='word_1_107' title='bbox 2704 779 2789 828; x_wconf 85' lang='lat' dir='ltr'><em>est</em></span> <span class='ocrx_word' id='word_1_108' title='bbox 2821 773 2989 844; x_wconf 77' lang='grc'>(324).</span> <span class='ocrx_word' id='word_1_109' title='bbox 3024 772 3187 829; x_wconf 88' lang='lat' dir='ltr'><em>Unde</em></span> <span class='ocrx_word' id='word_1_110' title='bbox 3214 771 3541 844; x_wconf 85' lang='lat' dir='ltr'><em>Apostolus</em></span> <span class='ocrx_word' id='word_1_111' title='bbox 3569 773 3772 829; x_wconf 85' lang='lat' dir='ltr'><em>addidit</em></span> <span class='ocrx_word' id='word_1_112' title='bbox 3796 792 3807 830; x_wconf 90' lang='lat'><em>:</em></span> 
     </span>
    </p>
   </div>
   <div class='ocr_carea' id='block_1_18' title="bbox 2181 860 3810 934">
    <p class='ocr_par' dir='ltr' id='par_1_18' title="bbox 2181 860 3810 934">
     <span class='ocr_line' id='line_1_18' title="bbox 2181 860 3810 934; baseline -0.001 -16"><span class='ocrx_word' id='word_1_113' title='bbox 2181 864 2413 933; x_wconf 84' lang='lat' dir='ltr'><em>Pr0pter</em></span> <span class='ocrx_word' id='word_1_114' title='bbox 2441 878 2566 919; x_wconf 87' lang='lat' dir='ltr'><em>eum</em></span> <span class='ocrx_word' id='word_1_115' title='bbox 2597 861 2696 933; x_wconf 85' lang='lat' dir='ltr'><em>qui</em></span> <span class='ocrx_word' id='word_1_116' title='bbox 2741 861 2944 917; x_wconf 72' lang='lat' dir='ltr'><em>dilexit</em></span> <span class='ocrx_word' id='word_1_117' title='bbox 2970 877 3087 917; x_wconf 89' lang='lat' dir='ltr'><em>nos.</em></span> <span class='ocrx_word' id='word_1_118' title='bbox 3139 860 3351 934; x_wconf 78' lang='lat' dir='ltr'><em>Igitur,</em></span> <span class='ocrx_word' id='word_1_119' title='bbox 3386 861 3530 932; x_wconf 89' lang='lat' dir='ltr'><em>quia</em></span> <span class='ocrx_word' id='word_1_120' title='bbox 3572 862 3810 932; x_wconf 86' lang='lat' dir='ltr'><em>superius</em></span> 
     </span>
    </p>
   </div>
   <div class='ocr_carea' id='block_1_19' title="bbox 2182 949 3813 1023">
    <p class='ocr_par' dir='ltr' id='par_1_19' title="bbox 2182 949 3813 1023">
     <span class='ocr_line' id='line_1_19' title="bbox 2182 949 3813 1023; baseline 0.003 -19"><span class='ocrx_word' id='word_1_121' title='bbox 2182 949 2371 1005; x_wconf 79' lang='lat' dir='ltr'><em>dixit:</em></span> <span class='ocrx_word' id='word_1_122' title='bbox 2408 951 2538 1019; x_wconf 83' lang='lat' dir='ltr'><em>Quis</em></span> <span class='ocrx_word' id='word_1_123' title='bbox 2565 967 2665 1006; x_wconf 88' lang='lat' dir='ltr'><em>nos</em></span> <span class='ocrx_word' id='word_1_124' title='bbox 2709 950 2983 1023; x_wconf 77' lang='lat' dir='ltr'><em>separabit</em></span> <span class='ocrx_word' id='word_1_125' title='bbox 3020 967 3055 1005; x_wconf 89' lang='lat' dir='ltr'><strong><em>a</em></strong></span> <span class='ocrx_word' id='word_1_126' title='bbox 3102 950 3382 1006; x_wconf 85' lang='lat' dir='ltr'><em>charitate</em></span> <span class='ocrx_word' id='word_1_127' title='bbox 3432 952 3578 1006; x_wconf 81' lang='lat' dir='ltr'><em>Dei?</em></span> <span class='ocrx_word' id='word_1_128' title='bbox 3616 950 3687 1006; x_wconf 90' lang='lat' dir='ltr'><em>Ut</em></span> <span class='ocrx_word' id='word_1_129' title='bbox 3726 950 3813 1009; x_wconf 83' lang='lat' dir='ltr'><em>hoc</em></span> 
     </span>
    </p>
   </div>
   <div class='ocr_carea' id='block_1_20' title="bbox 2183 1039 3814 1114">
    <p class='ocr_par' dir='ltr' id='par_1_20' title="bbox 2183 1039 3814 1114">
     <span class='ocr_line' id='line_1_20' title="bbox 2183 1039 3814 1114; baseline 0.001 -18"><span class='ocrx_word' id='word_1_130' title='bbox 2183 1040 2379 1114; x_wconf 88' lang='lat' dir='ltr'><em>potius</em></span> <span class='ocrx_word' id='word_1_131' title='bbox 2420 1040 2760 1108; x_wconf 83' lang='lat' dir='ltr'><em>afﬁrmaret,</em></span> <span class='ocrx_word' id='word_1_132' title='bbox 2812 1039 3069 1112; x_wconf 85' lang='lat' dir='ltr'><em>adjecit:</em></span> <span class='ocrx_word' id='word_1_133' title='bbox 3106 1040 3297 1097; x_wconf 82' lang='lat' dir='ltr'><em>Certus</em></span> <span class='ocrx_word' id='word_1_134' title='bbox 3346 1056 3473 1096; x_wconf 89' lang='lat' dir='ltr'><em>sum</em></span> <span class='ocrx_word' id='word_1_135' title='bbox 3522 1041 3667 1097; x_wconf 87' lang='lat' dir='ltr'><em>enim</em></span> <span class='ocrx_word' id='word_1_136' title='bbox 3691 1040 3814 1111; x_wconf 81' lang='lat' dir='ltr'><em>quod</em></span> 
     </span>
    </p>
   </div>
   <div class='ocr_carea' id='block_1_21' title="bbox 2182 1128 3813 1202">
    <p class='ocr_par' dir='ltr' id='par_1_21' title="bbox 2182 1128 3813 1202">
     <span class='ocr_line' id='line_1_21' title="bbox 2182 1128 3813 1202; baseline -0.001 -17"><span class='ocrx_word' id='word_1_137' title='bbox 2182 1146 2354 1202; x_wconf 89' lang='lat' dir='ltr'><em>neque</em></span> <span class='ocrx_word' id='word_1_138' title='bbox 2382 1146 2549 1197; x_wconf 86' lang='lat' dir='ltr'><em>mors,</em></span> <span class='ocrx_word' id='word_1_139' title='bbox 2578 1146 2753 1202; x_wconf 84' lang='lat' dir='ltr'><em>neque</em></span> <span class='ocrx_word' id='word_1_140' title='bbox 2779 1131 2912 1197; x_wconf 81' lang='lat' dir='ltr'><em>vita,</em></span> <span class='ocrx_word' id='word_1_141' title='bbox 2945 1134 3053 1187; x_wconf 85' lang='lat' dir='ltr'><em>etc.</em></span> <span class='ocrx_word' id='word_1_142' title='bbox 3086 1131 3165 1185; x_wconf 90' lang='lat' dir='ltr'><em>Ac</em></span> <span class='ocrx_word' id='word_1_143' title='bbox 3194 1128 3245 1186; x_wconf 91' lang='lat' dir='ltr'><em>si</em></span> <span class='ocrx_word' id='word_1_144' title='bbox 3278 1129 3505 1186; x_wconf 86' lang='lat' dir='ltr'><em>diceret</em></span> <span class='ocrx_word' id='word_1_145' title='bbox 3539 1144 3553 1182; x_wconf 91' lang='lat'><em>:</em></span> <span class='ocrx_word' id='word_1_146' title='bbox 3588 1129 3649 1184; x_wconf 87' lang='lat' dir='ltr'><em>In</em></span> <span class='ocrx_word' id='word_1_147' title='bbox 3680 1129 3813 1184; x_wconf 85' lang='lat' dir='ltr'><em>nullo</em></span> 
     </span>
    </p>
   </div>
   <div class='ocr_carea' id='block_1_22' title="bbox 2187 1216 3813 1290">
    <p class='ocr_par' dir='ltr' id='par_1_22' title="bbox 2187 1216 3813 1290">
     <span class='ocr_line' id='line_1_22' title="bbox 2187 1216 3813 1290; baseline -0.001 -15"><span class='ocrx_word' id='word_1_148' title='bbox 2187 1218 2411 1290; x_wconf 91' lang='lat' dir='ltr'><em>dubito,</em></span> <span class='ocrx_word' id='word_1_149' title='bbox 2443 1218 2583 1290; x_wconf 89' lang='lat' dir='ltr'><em>quia</em></span> <span class='ocrx_word' id='word_1_150' title='bbox 2607 1235 2712 1275; x_wconf 90' lang='lat' dir='ltr'><em>nec</em></span> <span class='ocrx_word' id='word_1_151' title='bbox 2745 1235 2925 1283; x_wconf 88' lang='lat' dir='ltr'><em>mors,</em></span> <span class='ocrx_word' id='word_1_152' title='bbox 2958 1234 3063 1274; x_wconf 89' lang='lat' dir='ltr'><em>nec</em></span> <span class='ocrx_word' id='word_1_153' title='bbox 3114 1218 3255 1285; x_wconf 87' lang='lat' dir='ltr'><em>vita,</em></span> <span class='ocrx_word' id='word_1_154' title='bbox 3288 1234 3403 1275; x_wconf 89' lang='lat' dir='ltr'><em>nec</em></span> <span class='ocrx_word' id='word_1_155' title='bbox 3434 1217 3595 1274; x_wconf 89' lang='lat' dir='ltr'><em>aliud</em></span> <span class='ocrx_word' id='word_1_156' title='bbox 3623 1216 3813 1289; x_wconf 89' lang='lat' dir='ltr'><em>aliquid</em></span> 
     </span>
    </p>
   </div>
   <div class='ocr_carea' id='block_1_23' title="bbox 2183 1306 3813 1381">
    <p class='ocr_par' dir='ltr' id='par_1_23' title="bbox 2183 1306 3813 1381">
     <span class='ocr_line' id='line_1_23' title="bbox 2183 1306 3813 1381; baseline -0.001 -17"><span class='ocrx_word' id='word_1_157' title='bbox 2183 1325 2281 1364; x_wconf 89' lang='lat' dir='ltr'><em>nos</em></span> <span class='ocrx_word' id='word_1_158' title='bbox 2308 1324 2566 1380; x_wconf 90' lang='lat' dir='ltr'><em>separare</em></span> <span class='ocrx_word' id='word_1_159' title='bbox 2592 1310 2790 1381; x_wconf 87' lang='lat' dir='ltr'><em>poterit</em></span> <span class='ocrx_word' id='word_1_160' title='bbox 2842 1325 2876 1363; x_wconf 92' lang='lat' dir='ltr'><strong><em>a</em></strong></span> <span class='ocrx_word' id='word_1_161' title='bbox 2922 1309 3190 1365; x_wconf 85' lang='lat' dir='ltr'><em>charitate</em></span> <span class='ocrx_word' id='word_1_162' title='bbox 3238 1309 3360 1365; x_wconf 88' lang='lat' dir='ltr'><em>Dei.</em></span> <span class='ocrx_word' id='word_1_163' title='bbox 3395 1308 3539 1363; x_wconf 79' lang='lat' dir='ltr'><em>Mors</em></span> <span class='ocrx_word' id='word_1_164' title='bbox 3582 1306 3728 1363; x_wconf 89' lang='lat' dir='ltr'><em>enim</em></span> <span class='ocrx_word' id='word_1_165' title='bbox 3756 1307 3813 1364; x_wconf 81' lang='lat' dir='ltr'><em>ab</em></span> 
     </span>
    </p>
   </div>
   <div class='ocr_carea' id='block_1_24' title="bbox 2185 1394 3812 1469">
    <p class='ocr_par' dir='ltr' id='par_1_24' title="bbox 2185 1394 3812 1469">
     <span class='ocr_line' id='line_1_24' title="bbox 2185 1394 3812 1469; baseline -0.001 -16"><span class='ocrx_word' id='word_1_166' title='bbox 2185 1397 2295 1453; x_wconf 91' lang='lat' dir='ltr'><em>hac</em></span> <span class='ocrx_word' id='word_1_167' title='bbox 2325 1402 2562 1453; x_wconf 86' lang='lat' dir='ltr'><em>sanctos</em></span> <span class='ocrx_word' id='word_1_168' title='bbox 2610 1413 2885 1469; x_wconf 87' lang='lat' dir='ltr'><em>separare</em></span> <span class='ocrx_word' id='word_1_169' title='bbox 2927 1414 3044 1453; x_wconf 87' lang='lat' dir='ltr'><em>non</em></span> <span class='ocrx_word' id='word_1_170' title='bbox 3076 1401 3293 1469; x_wconf 87' lang='lat' dir='ltr'><em>potest,</em></span> <span class='ocrx_word' id='word_1_171' title='bbox 3329 1394 3614 1469; x_wconf 85' lang='lat' dir='ltr'><em>quoniam</em></span> <span class='ocrx_word' id='word_1_172' title='bbox 3643 1395 3812 1452; x_wconf 85' lang='lat' dir='ltr'><em>nullus</em></span> 
     </span>
    </p>
   </div>
   <div class='ocr_carea' id='block_1_25' title="bbox 426 1484 3814 1560">
    <p class='ocr_par' dir='ltr' id='par_1_25' title="bbox 426 1484 3814 1560">
     <span class='ocr_line' id='line_1_25' title="bbox 426 1484 3814 1560; baseline -0.001 -17"><span class='ocrx_word' id='word_1_173' title='bbox 426 1487 489 1543; x_wconf 91' lang='lat' dir='ltr'><em>in</em></span> <span class='ocrx_word' id='word_1_174' title='bbox 520 1485 828 1559; x_wconf 86' lang='lat' dir='ltr'><em>Evangelio</em></span> <span class='ocrx_word' id='word_1_175' title='bbox 863 1503 877 1542; x_wconf 91' lang='lat'><em>:</em></span> <span class='ocrx_word' id='word_1_176' title='bbox 914 1488 1068 1543; x_wconf 84' lang='lat' dir='ltr'><em>Beati</em></span> <span class='ocrx_word' id='word_1_177' title='bbox 1097 1487 1423 1555; x_wconf 67' lang='lat' dir='ltr'><em>eritis,fcum</em></span> <span class='ocrx_word' id='word_1_178' title='bbox 1449 1489 1723 1560; x_wconf 87' lang='lat' dir='ltr'><em>persecuti</em></span> <span class='ocrx_word' id='word_1_179' title='bbox 1748 1503 1840 1542; x_wconf 91' lang='lat' dir='ltr'><em>vos</em></span> <span class='ocrx_word' id='word_1_180' title='bbox 1869 1485 2082 1560; x_wconf 79' lang='lat' dir='ltr'><em>fuerint</em></span> <span class='ocrx_word' id='word_1_181' title='bbox 2190 1490 2437 1541; x_wconf 89' lang='lat' dir='ltr'><em>mortem</em></span> <span class='ocrx_word' id='word_1_182' title='bbox 2488 1485 2768 1541; x_wconf 88' lang='lat' dir='ltr'><em>minando</em></span> <span class='ocrx_word' id='word_1_183' title='bbox 2796 1504 2810 1554; x_wconf 90' lang='lat'><strong>;</strong></span> <span class='ocrx_word' id='word_1_184' title='bbox 2843 1485 3060 1558; x_wconf 86' lang='lat' dir='ltr'><em>quippe</em></span> <span class='ocrx_word' id='word_1_185' title='bbox 3108 1502 3244 1541; x_wconf 92' lang='lat' dir='ltr'><em>cum</em></span> <span class='ocrx_word' id='word_1_186' title='bbox 3279 1484 3440 1541; x_wconf 88' lang='lat' dir='ltr'><em>mori</em></span> <span class='ocrx_word' id='word_1_187' title='bbox 3491 1500 3609 1541; x_wconf 88' lang='lat' dir='ltr'><em>non</em></span> <span class='ocrx_word' id='word_1_188' title='bbox 3636 1484 3814 1555; x_wconf 83' lang='lat' dir='ltr'><em>possit,</em></span> 
     </span>
    </p>
   </div>
   <div class='ocr_carea' id='block_1_26' title="bbox 429 1574 2079 1648">
    <p class='ocr_par' dir='ltr' id='par_1_26' title="bbox 429 1574 2079 1648">
     <span class='ocr_line' id='line_1_26' title="bbox 429 1574 2079 1648; baseline -0.002 -16"><span class='ocrx_word' id='word_1_189' title='bbox 429 1576 694 1643; x_wconf 76' lang='lat' dir='ltr'><em>homines,</em></span> <span class='ocrx_word' id='word_1_190' title='bbox 726 1584 779 1631; x_wconf 88' lang='lat' dir='ltr'><em>et</em></span> <span class='ocrx_word' id='word_1_191' title='bbox 823 1574 1219 1632; x_wconf 72' lang='lat' dir='ltr'><em>maledixerint</em></span> <span class='ocrx_word' id='word_1_192' title='bbox 1264 1576 1414 1631; x_wconf 85' lang='lat' dir='ltr'><em>vobis</em></span> <span class='ocrx_word' id='word_1_193' title='bbox 1462 1575 1670 1648; x_wconf 83' lang='lat' dir='ltr'><em>(Matth.</em></span> <span class='ocrx_word' id='word_1_194' title='bbox 1721 1594 1776 1644; x_wconf 87' lang='grc' dir='ltr'>ν,</span> <span class='ocrx_word' id='word_1_195' title='bbox 1814 1575 1873 1630; x_wconf 90' lang='grc'><em>11</em></span> <span class='ocrx_word' id='word_1_196' title='bbox 1903 1593 1917 1643; x_wconf 91' lang='grc'><strong>;</strong></span> <span class='ocrx_word' id='word_1_197' title='bbox 1951 1576 2079 1631; x_wconf 90' lang='lat' dir='ltr'><em>Luc.</em></span> 
     </span>
    </p>
   </div>
   <div class='ocr_carea' id='block_1_27' title="bbox 2191 1571 3810 1646">
    <p class='ocr_par' dir='ltr' id='par_1_27' title="bbox 2191 1571 3810 1646">
     <span class='ocr_line' id='line_1_27' title="bbox 2191 1571 3810 1646; baseline -0.001 -17"><span class='ocrx_word' id='word_1_198' title='bbox 2191 1590 2368 1646; x_wconf 88' lang='lat' dir='ltr'><em>quem</em></span> <span class='ocrx_word' id='word_1_199' title='bbox 2415 1572 2685 1646; x_wconf 88' lang='lat' dir='ltr'><em>diligunt,</em></span> <span class='ocrx_word' id='word_1_200' title='bbox 2719 1572 2917 1630; x_wconf 89' lang='lat' dir='ltr'><em>nullus</em></span> <span class='ocrx_word' id='word_1_201' title='bbox 2964 1574 3143 1631; x_wconf 88' lang='lat' dir='ltr'><em>etiam</em></span> <span class='ocrx_word' id='word_1_202' title='bbox 3187 1574 3377 1630; x_wconf 89' lang='lat' dir='ltr'><em>vitam</em></span> <span class='ocrx_word' id='word_1_203' title='bbox 3420 1571 3810 1645; x_wconf 83' lang='lat' dir='ltr'><em>promittendo,</em></span> 
     </span>
    </p>
   </div>
   <div class='ocr_carea' id='block_1_28' title="bbox 429 1661 3812 1736">
    <p class='ocr_par' dir='ltr' id='par_1_28' title="bbox 429 1661 3812 1736">
     <span class='ocr_line' id='line_1_28' title="bbox 429 1661 3812 1736; baseline -0.001 -15"><span class='ocrx_word' id='word_1_204' title='bbox 429 1682 510 1731; x_wconf 83' lang='lat' dir='ltr'><em>v1,</em></span> <span class='ocrx_word' id='word_1_205' title='bbox 540 1664 657 1736; x_wconf 87' lang='lat'><em>22),</em></span> <span class='ocrx_word' id='word_1_206' title='bbox 687 1668 796 1720; x_wconf 88' lang='lat' dir='ltr'><em>etc.</em></span> <span class='ocrx_word' id='word_1_207' title='bbox 828 1666 1022 1720; x_wconf 85' lang='lat' dir='ltr'><em>Fames</em></span> <span class='ocrx_word' id='word_1_208' title='bbox 1053 1680 1329 1735; x_wconf 90' lang='lat' dir='ltr'><em>corporea</em></span> <span class='ocrx_word' id='word_1_209' title='bbox 1361 1680 1477 1719; x_wconf 89' lang='lat' dir='ltr'><em>non</em></span> <span class='ocrx_word' id='word_1_210' title='bbox 1519 1667 1713 1736; x_wconf 87' lang='lat' dir='ltr'><em>potest</em></span> <span class='ocrx_word' id='word_1_211' title='bbox 1739 1689 1752 1729; x_wconf 86' lang='lat'><strong>;</strong></span> <span class='ocrx_word' id='word_1_212' title='bbox 1784 1664 1942 1736; x_wconf 87' lang='lat' dir='ltr'><em>quia,</em></span> <span class='ocrx_word' id='word_1_213' title='bbox 1975 1664 2083 1719; x_wconf 89' lang='lat' dir='ltr'><em>etsi</em></span> <span class='ocrx_word' id='word_1_214' title='bbox 2193 1662 2472 1735; x_wconf 90' lang='lat' dir='ltr'><em>quoniam</em></span> <span class='ocrx_word' id='word_1_215' title='bbox 2491 1663 2617 1734; x_wconf 90' lang='lat' dir='ltr'><em>ipse</em></span> <span class='ocrx_word' id='word_1_216' title='bbox 2632 1667 2721 1719; x_wconf 87' lang='lat' dir='ltr'><em>est</em></span> <span class='ocrx_word' id='word_1_217' title='bbox 2748 1680 2882 1719; x_wconf 89' lang='lat' dir='ltr'><em>vera</em></span> <span class='ocrx_word' id='word_1_218' title='bbox 2903 1663 3041 1734; x_wconf 88' lang='lat' dir='ltr'><em>vita,</em></span> <span class='ocrx_word' id='word_1_219' title='bbox 3061 1680 3239 1736; x_wconf 89' lang='lat' dir='ltr'><em>quem</em></span> <span class='ocrx_word' id='word_1_220' title='bbox 3258 1662 3547 1735; x_wconf 83' lang='lat' dir='ltr'><em>diligunt,</em></span> <span class='ocrx_word' id='word_1_221' title='bbox 3572 1661 3668 1734; x_wconf 91' lang='lat' dir='ltr'><em>qui</em></span> <span class='ocrx_word' id='word_1_222' title='bbox 3688 1661 3812 1718; x_wconf 85' lang='lat' dir='ltr'><em>dese</em></span> 
     </span>
    </p>
   </div>
   <div class='ocr_carea' id='block_1_29' title="bbox 431 1751 3810 1826">
    <p class='ocr_par' dir='ltr' id='par_1_29' title="bbox 431 1751 3810 1826">
     <span class='ocr_line' id='line_1_29' title="bbox 431 1751 3810 1826; baseline -0.002 -16"><span class='ocrx_word' id='word_1_223' title='bbox 431 1770 646 1826; x_wconf 90' lang='lat' dir='ltr'><em>corpus</em></span> <span class='ocrx_word' id='word_1_224' title='bbox 675 1753 932 1809; x_wconf 89' lang='lat' dir='ltr'><em>inediam</em></span> <span class='ocrx_word' id='word_1_225' title='bbox 981 1752 1197 1808; x_wconf 90' lang='lat' dir='ltr'><em>sentiat</em></span> <span class='ocrx_word' id='word_1_226' title='bbox 1243 1752 1517 1821; x_wconf 86' lang='lat' dir='ltr'><em>exterius,</em></span> <span class='ocrx_word' id='word_1_227' title='bbox 1549 1753 1708 1808; x_wconf 90' lang='lat' dir='ltr'><em>intus</em></span> <span class='ocrx_word' id='word_1_228' title='bbox 1756 1757 1952 1809; x_wconf 90' lang='lat' dir='ltr'><em>tamen</em></span> <span class='ocrx_word' id='word_1_229' title='bbox 1984 1751 2085 1807; x_wconf 91' lang='lat' dir='ltr'><em>illo</em></span> <span class='ocrx_word' id='word_1_230' title='bbox 2192 1753 2320 1822; x_wconf 90' lang='lat' dir='ltr'><em>ipso</em></span> <span class='ocrx_word' id='word_1_231' title='bbox 2350 1751 2428 1805; x_wconf 85' lang='lat' dir='ltr'><em>ait</em></span> <span class='ocrx_word' id='word_1_232' title='bbox 2464 1767 2475 1807; x_wconf 92' lang='lat'><em>:</em></span> <span class='ocrx_word' id='word_1_233' title='bbox 2512 1752 2620 1821; x_wconf 86' lang='lat' dir='ltr'><em>Ego</em></span> <span class='ocrx_word' id='word_1_234' title='bbox 2664 1769 2787 1807; x_wconf 90' lang='lat' dir='ltr'><em>sum</em></span> <span class='ocrx_word' id='word_1_235' title='bbox 2832 1754 2943 1819; x_wconf 85' lang='lat' dir='ltr'><em>via,</em></span> <span class='ocrx_word' id='word_1_236' title='bbox 2992 1754 3192 1809; x_wconf 89' lang='lat' dir='ltr'><em>veritas</em></span> <span class='ocrx_word' id='word_1_237' title='bbox 3238 1755 3291 1807; x_wconf 90' lang='lat' dir='ltr'><em>et</em></span> <span class='ocrx_word' id='word_1_238' title='bbox 3334 1751 3453 1808; x_wconf 88' lang='lat' dir='ltr'><em>vita</em></span> <span class='ocrx_word' id='word_1_239' title='bbox 3504 1751 3677 1822; x_wconf 84' lang='lat' dir='ltr'><em>(Joan.</em></span> <span class='ocrx_word' id='word_1_240' title='bbox 3720 1766 3810 1813; x_wconf 78' lang='lat' dir='ltr'><em>xw,</em></span> 
     </span>
    </p>
   </div>
   <div class='ocr_carea' id='block_1_30' title="bbox 435 1836 3812 1935">
    <p class='ocr_par' dir='ltr' id='par_1_30' title="bbox 435 1836 3812 1935">
     <span class='ocr_line' id='line_1_30' title="bbox 435 1836 3812 1935; baseline -0.001 -37"><span class='ocrx_word' id='word_1_241' title='bbox 435 1842 656 1898; x_wconf 66' lang='lat' dir='ltr'><em>caelesti</em></span> <span class='ocrx_word' id='word_1_242' title='bbox 684 1858 833 1914; x_wconf 91' lang='lat' dir='ltr'><em>pane</em></span> <span class='ocrx_word' id='word_1_243' title='bbox 862 1841 1139 1907; x_wconf 82' lang='lat' dir='ltr'><em>reﬁcitur,</em></span> <span class='ocrx_word' id='word_1_244' title='bbox 1171 1840 1270 1912; x_wconf 90' lang='lat' dir='ltr'><em>qui</em></span> <span class='ocrx_word' id='word_1_245' title='bbox 1323 1840 1392 1896; x_wconf 89' lang='lat' dir='ltr'><em>de</em></span> <span class='ocrx_word' id='word_1_246' title='bbox 1423 1858 1484 1896; x_wconf 90' lang='lat' dir='ltr'><em>se</em></span> <span class='ocrx_word' id='word_1_247' title='bbox 1512 1841 1641 1914; x_wconf 86' lang='lat' dir='ltr'><em>ipso</em></span> <span class='ocrx_word' id='word_1_248' title='bbox 1673 1842 1789 1897; x_wconf 86' lang='lat' dir='ltr'><em>ait:</em></span> <span class='ocrx_word' id='word_1_249' title='bbox 1825 1844 1934 1911; x_wconf 89' lang='lat' dir='ltr'><em>Ego</em></span> <span class='ocrx_word' id='word_1_250' title='bbox 1963 1858 2086 1897; x_wconf 87' lang='lat' dir='ltr'><em>sum</em></span> <span class='ocrx_word' id='word_1_251' title='bbox 2111 1869 2160 1935; x_wconf 81' lang='grc' dir='ltr'><strong>Β</strong></span> <span class='ocrx_word' id='word_1_252' title='bbox 2194 1841 2272 1912; x_wconf 86' lang='grc'><em>6).</em></span> <span class='ocrx_word' id='word_1_253' title='bbox 2300 1840 2497 1909; x_wconf 85' lang='lat' dir='ltr'><em>Angeli</em></span> <span class='ocrx_word' id='word_1_254' title='bbox 2527 1840 2638 1896; x_wconf 90' lang='lat' dir='ltr'><em>hoc</em></span> <span class='ocrx_word' id='word_1_255' title='bbox 2661 1839 2965 1906; x_wconf 90' lang='lat' dir='ltr'><em>loco,boni</em></span> <span class='ocrx_word' id='word_1_256' title='bbox 3007 1839 3378 1912; x_wconf 83' lang='lat' dir='ltr'><em>intelligendi</em></span> <span class='ocrx_word' id='word_1_257' title='bbox 3402 1836 3812 1935; x_wconf 75' lang='lat' dir='ltr'><em>sunt.Similiter</em></span> 
     </span>
    </p>
   </div>
   <div class='ocr_carea' id='block_1_31' title="bbox 429 1929 2080 2004">
    <p class='ocr_par' dir='ltr' id='par_1_31' title="bbox 429 1929 2080 2004">
     <span class='ocr_line' id='line_1_31' title="bbox 429 1929 2080 2004; baseline -0.001 -17"><span class='ocrx_word' id='word_1_258' title='bbox 429 1933 594 2004; x_wconf 88' lang='lat' dir='ltr'><em>panis</em></span> <span class='ocrx_word' id='word_1_259' title='bbox 621 1931 796 2001; x_wconf 87' lang='lat' dir='ltr'><em>vivus,</em></span> <span class='ocrx_word' id='word_1_260' title='bbox 828 1932 927 2003; x_wconf 87' lang='lat' dir='ltr'><em>qui</em></span> <span class='ocrx_word' id='word_1_261' title='bbox 953 1930 1019 1985; x_wconf 87' lang='lat' dir='ltr'><em>de</em></span> <span class='ocrx_word' id='word_1_262' title='bbox 1045 1930 1174 1986; x_wconf 80' lang='lat' dir='ltr'><em>ca3lo</em></span> <span class='ocrx_word' id='word_1_263' title='bbox 1202 1929 1455 1986; x_wconf 83' lang='lat' dir='ltr'><em>descendi</em></span> <span class='ocrx_word' id='word_1_264' title='bbox 1496 1934 1682 2000; x_wconf 85' lang='lat' dir='ltr'><em>(Joan.</em></span> <span class='ocrx_word' id='word_1_265' title='bbox 1716 1948 1793 1998; x_wconf 86' lang='lat' dir='ltr'><em>LI,</em></span> <span class='ocrx_word' id='word_1_266' title='bbox 1820 1931 1933 2003; x_wconf 83' lang='lat'><em>52).</em></span> <span class='ocrx_word' id='word_1_267' title='bbox 1965 1934 2080 1986; x_wconf 87' lang='lat' dir='ltr'><em>Nu-</em></span> 
     </span>
    </p>
   </div>
   <div class='ocr_carea' id='block_1_32' title="bbox 430 2018 2081 2093">
    <p class='ocr_par' dir='ltr' id='par_1_32' title="bbox 430 2018 2081 2093">
     <span class='ocr_line' id='line_1_32' title="bbox 430 2018 2081 2093; baseline -0.002 -16"><span class='ocrx_word' id='word_1_268' title='bbox 430 2020 576 2077; x_wconf 88' lang='lat' dir='ltr'><em>ditas</em></span> <span class='ocrx_word' id='word_1_269' title='bbox 603 2037 719 2076; x_wconf 90' lang='lat' dir='ltr'><em>non</em></span> <span class='ocrx_word' id='word_1_270' title='bbox 750 2018 934 2088; x_wconf 86' lang='lat' dir='ltr'><em>valet;</em></span> <span class='ocrx_word' id='word_1_271' title='bbox 977 2019 1135 2091; x_wconf 88' lang='lat' dir='ltr'><em>quia,</em></span> <span class='ocrx_word' id='word_1_272' title='bbox 1166 2018 1304 2075; x_wconf 89' lang='lat' dir='ltr'><em>licet</em></span> <span class='ocrx_word' id='word_1_273' title='bbox 1345 2018 1577 2091; x_wconf 84' lang='lat' dir='ltr'><em>frigoris</em></span> <span class='ocrx_word' id='word_1_274' title='bbox 1621 2023 1916 2093; x_wconf 86' lang='lat' dir='ltr'><em>torporem</em></span> <span class='ocrx_word' id='word_1_275' title='bbox 1947 2035 2081 2075; x_wconf 89' lang='lat' dir='ltr'><em>sen-</em></span> 
     </span>
    </p>
   </div>
   <div class='ocr_carea' id='block_1_33' title="bbox 428 2107 2080 2181">
    <p class='ocr_par' dir='ltr' id='par_1_33' title="bbox 428 2107 2080 2181">
     <span class='ocr_line' id='line_1_33' title="bbox 428 2107 2080 2181; baseline 0 -17"><span class='ocrx_word' id='word_1_276' title='bbox 428 2109 601 2175; x_wconf 88' lang='lat' dir='ltr'><em>tiant,</em></span> <span class='ocrx_word' id='word_1_277' title='bbox 628 2109 761 2181; x_wconf 84' lang='lat' dir='ltr'><em>igne</em></span> <span class='ocrx_word' id='word_1_278' title='bbox 792 2107 1094 2164; x_wconf 85' lang='lat' dir='ltr'><em>charitatis</em></span> <span class='ocrx_word' id='word_1_279' title='bbox 1125 2107 1509 2175; x_wconf 85' lang='lat' dir='ltr'><em>incalescunt,</em></span> <span class='ocrx_word' id='word_1_280' title='bbox 1543 2109 1615 2163; x_wconf 89' lang='lat' dir='ltr'><em>de</em></span> <span class='ocrx_word' id='word_1_281' title='bbox 1645 2126 1761 2181; x_wconf 90' lang='lat' dir='ltr'><em>quo</em></span> <span class='ocrx_word' id='word_1_282' title='bbox 1793 2107 2080 2164; x_wconf 88' lang='lat' dir='ltr'><em>Dominus</em></span> 
     </span>
    </p>
   </div>
   <div class='ocr_carea' id='block_1_34' title="bbox 429 2196 2078 2270">
    <p class='ocr_par' dir='ltr' id='par_1_34' title="bbox 429 2196 2078 2270">
     <span class='ocr_line' id='line_1_34' title="bbox 429 2196 2078 2270; baseline -0.001 -17"><span class='ocrx_word' id='word_1_283' title='bbox 429 2197 571 2254; x_wconf 88' lang='lat' dir='ltr'><em>dicit</em></span> <span class='ocrx_word' id='word_1_284' title='bbox 601 2215 615 2255; x_wconf 95' lang='lat'><em>:</em></span> <span class='ocrx_word' id='word_1_285' title='bbox 646 2199 836 2267; x_wconf 84' lang='lat' dir='ltr'><em>Ignem</em></span> <span class='ocrx_word' id='word_1_286' title='bbox 862 2213 981 2253; x_wconf 79' lang='lat' dir='ltr'><em>vent</em></span> <span class='ocrx_word' id='word_1_287' title='bbox 1012 2199 1225 2253; x_wconf 84' lang='lat' dir='ltr'><em>mittere</em></span> <span class='ocrx_word' id='word_1_288' title='bbox 1268 2199 1330 2252; x_wconf 89' lang='lat' dir='ltr'><em>in</em></span> <span class='ocrx_word' id='word_1_289' title='bbox 1377 2206 1584 2254; x_wconf 85' lang='lat' dir='ltr'><em>terram</em></span> <span class='ocrx_word' id='word_1_290' title='bbox 1632 2198 1784 2269; x_wconf 87' lang='lat' dir='ltr'><em>(Luc.</em></span> <span class='ocrx_word' id='word_1_291' title='bbox 1834 2196 1935 2269; x_wconf 83' lang='lat' dir='ltr'><em>xu,</em></span> <span class='ocrx_word' id='word_1_292' title='bbox 1967 2197 2078 2270; x_wconf 85' lang='grc'>49),</span> 
     </span>
    </p>
   </div>
   <div class='ocr_carea' id='block_1_35' title="bbox 430 2284 2080 2358">
    <p class='ocr_par' dir='ltr' id='par_1_35' title="bbox 430 2284 2080 2358">
     <span class='ocr_line' id='line_1_35' title="bbox 430 2284 2080 2358; baseline -0.002 -16"><span class='ocrx_word' id='word_1_293' title='bbox 430 2290 488 2342; x_wconf 91' lang='lat' dir='ltr'><em>et</em></span> <span class='ocrx_word' id='word_1_294' title='bbox 516 2301 619 2358; x_wconf 86' lang='lat' dir='ltr'><em>spe</em></span> <span class='ocrx_word' id='word_1_295' title='bbox 640 2286 767 2357; x_wconf 87' lang='lat' dir='ltr'><em>jam</em></span> <span class='ocrx_word' id='word_1_296' title='bbox 798 2284 951 2341; x_wconf 84' lang='lat' dir='ltr'><em>stola</em></span> <span class='ocrx_word' id='word_1_297' title='bbox 992 2284 1454 2340; x_wconf 84' lang='lat' dir='ltr'><em>immortalitatis</em></span> <span class='ocrx_word' id='word_1_298' title='bbox 1502 2284 1693 2340; x_wconf 89' lang='lat' dir='ltr'><em>vestiti</em></span> <span class='ocrx_word' id='word_1_299' title='bbox 1726 2288 1884 2340; x_wconf 90' lang='lat' dir='ltr'><em>sunt.</em></span> <span class='ocrx_word' id='word_1_300' title='bbox 1925 2286 2080 2340; x_wconf 87' lang='lat' dir='ltr'><em>Peri-</em></span> 
     </span>
    </p>
   </div>
   <div class='ocr_carea' id='block_1_36' title="bbox 430 2372 2081 2446">
    <p class='ocr_par' dir='ltr' id='par_1_36' title="bbox 430 2372 2081 2446">
     <span class='ocr_line' id='line_1_36' title="bbox 430 2372 2081 2446; baseline -0.001 -15"><span class='ocrx_word' id='word_1_301' title='bbox 430 2376 617 2431; x_wconf 84' lang='lat' dir='ltr'><em>culum</em></span> <span class='ocrx_word' id='word_1_302' title='bbox 646 2390 762 2429; x_wconf 89' lang='lat' dir='ltr'><em>non</em></span> <span class='ocrx_word' id='word_1_303' title='bbox 791 2376 1017 2446; x_wconf 87' lang='lat' dir='ltr'><em>potest;</em></span> <span class='ocrx_word' id='word_1_304' title='bbox 1052 2372 1191 2444; x_wconf 87' lang='lat' dir='ltr'><em>quia</em></span> <span class='ocrx_word' id='word_1_305' title='bbox 1214 2372 1426 2427; x_wconf 78' lang='lat' dir='ltr'><em>firmati</em></span> <span class='ocrx_word' id='word_1_306' title='bbox 1454 2390 1631 2443; x_wconf 89' lang='lat' dir='ltr'><em>super</em></span> <span class='ocrx_word' id='word_1_307' title='bbox 1661 2372 2081 2429; x_wconf 77' lang='lat' dir='ltr'><em>solidissimum</em></span> 
     </span>
    </p>
   </div>
   <div class='ocr_carea' id='block_1_37' title="bbox 429 2461 2081 2534">
    <p class='ocr_par' dir='ltr' id='par_1_37' title="bbox 429 2461 2081 2534">
     <span class='ocr_line' id='line_1_37' title="bbox 429 2461 2081 2534; baseline -0.001 -16"><span class='ocrx_word' id='word_1_308' title='bbox 429 2463 565 2520; x_wconf 85' lang='lat' dir='ltr'><em>ﬁdei</em></span> <span class='ocrx_word' id='word_1_309' title='bbox 596 2465 844 2534; x_wconf 86' lang='lat' dir='ltr'><em>petram,</em></span> <span class='ocrx_word' id='word_1_310' title='bbox 875 2461 1161 2533; x_wconf 90' lang='lat' dir='ltr'><em>quidquid</em></span> <span class='ocrx_word' id='word_1_311' title='bbox 1195 2461 1437 2529; x_wconf 82' lang='lat' dir='ltr'><em>periculi</em></span> <span class='ocrx_word' id='word_1_312' title='bbox 1470 2462 1791 2533; x_wconf 87' lang='lat' dir='ltr'><em>patiuntur,</em></span> <span class='ocrx_word' id='word_1_313' title='bbox 1824 2466 2081 2517; x_wconf 89' lang='lat' dir='ltr'><em>contem-</em></span> 
     </span>
    </p>
   </div>
   <div class='ocr_carea' id='block_1_38' title="bbox 431 2549 2077 2625">
    <p class='ocr_par' dir='ltr' id='par_1_38' title="bbox 431 2549 2077 2625">
     <span class='ocr_line' id='line_1_38' title="bbox 431 2549 2077 2625; baseline 0.001 -19"><span class='ocrx_word' id='word_1_314' title='bbox 431 2550 690 2625; x_wconf 89' lang='lat' dir='ltr'><em>platione</em></span> <span class='ocrx_word' id='word_1_315' title='bbox 738 2549 900 2607; x_wconf 90' lang='lat' dir='ltr'><em>illius</em></span> <span class='ocrx_word' id='word_1_316' title='bbox 946 2550 1106 2616; x_wconf 90' lang='lat' dir='ltr'><em>boni,</em></span> <span class='ocrx_word' id='word_1_317' title='bbox 1159 2551 1314 2622; x_wconf 88' lang='lat' dir='ltr'><em>quod</em></span> <span class='ocrx_word' id='word_1_318' title='bbox 1364 2550 1659 2623; x_wconf 87' lang='lat' dir='ltr'><em>accepturi</em></span> <span class='ocrx_word' id='word_1_319' title='bbox 1688 2555 1849 2607; x_wconf 90' lang='lat' dir='ltr'><em>sunt.</em></span> <span class='ocrx_word' id='word_1_320' title='bbox 1913 2551 2077 2607; x_wconf 87' lang='lat' dir='ltr'><em>Unde</em></span> 
     </span>
    </p>
   </div>
   <div class='ocr_carea' id='block_1_39' title="bbox 434 2639 2079 2711">
    <p class='ocr_par' dir='ltr' id='par_1_39' title="bbox 434 2639 2079 2711">
     <span class='ocr_line' id='line_1_39' title="bbox 434 2639 2079 2711; baseline -0.001 -15"><span class='ocrx_word' id='word_1_321' title='bbox 434 2640 752 2699; x_wconf 84' lang='lat' dir='ltr'><em>Psalmista</em></span> <span class='ocrx_word' id='word_1_322' title='bbox 785 2658 799 2699; x_wconf 92' lang='lat'><em>:</em></span> <span class='ocrx_word' id='word_1_323' title='bbox 830 2639 1035 2695; x_wconf 87' lang='lat' dir='ltr'><em>Statuit</em></span> <span class='ocrx_word' id='word_1_324' title='bbox 1062 2656 1233 2711; x_wconf 86' lang='lat' dir='ltr'><em>supra</em></span> <span class='ocrx_word' id='word_1_325' title='bbox 1277 2643 1491 2710; x_wconf 82' lang='lat' dir='ltr'><em>petram</em></span> <span class='ocrx_word' id='word_1_326' title='bbox 1531 2640 1698 2711; x_wconf 80' lang='lat' dir='ltr'><em>pedes</em></span> <span class='ocrx_word' id='word_1_327' title='bbox 1728 2656 1873 2696; x_wconf 86' lang='lat' dir='ltr'><em>meos</em></span> <span class='ocrx_word' id='word_1_328' title='bbox 1903 2640 2079 2711; x_wconf 90' lang='lat' dir='ltr'><em>(Psal.</em></span> 
     </span>
    </p>
   </div>
   <div class='ocr_carea' id='block_1_40' title="bbox 436 2728 2081 2802">
    <p class='ocr_par' dir='ltr' id='par_1_40' title="bbox 436 2728 2081 2802">
     <span class='ocr_line' id='line_1_40' title="bbox 436 2728 2081 2802; baseline -0.002 -14"><span class='ocrx_word' id='word_1_329' title='bbox 436 2748 627 2798; x_wconf 71' lang='lat' dir='ltr'><em>xum,</em></span> <span class='ocrx_word' id='word_1_330' title='bbox 657 2729 734 2799; x_wconf 90' lang='lat'><em>3).</em></span> <span class='ocrx_word' id='word_1_331' title='bbox 769 2730 1012 2787; x_wconf 82' lang='lat' dir='ltr'><em>Gladius</em></span> <span class='ocrx_word' id='word_1_332' title='bbox 1041 2728 1362 2784; x_wconf 89' lang='lat' dir='ltr'><em>materialis</em></span> <span class='ocrx_word' id='word_1_333' title='bbox 1393 2744 1507 2783; x_wconf 89' lang='lat' dir='ltr'><em>non</em></span> <span class='ocrx_word' id='word_1_334' title='bbox 1539 2732 1768 2800; x_wconf 86' lang='lat' dir='ltr'><em>potest;</em></span> <span class='ocrx_word' id='word_1_335' title='bbox 1802 2729 2081 2802; x_wconf 89' lang='lat' dir='ltr'><em>quoniam</em></span> 
     </span>
    </p>
   </div>
   <div class='ocr_carea' id='block_1_41' title="bbox 437 2817 2087 2893">
    <p class='ocr_par' dir='ltr' id='par_1_41' title="bbox 437 2817 2087 2893">
     <span class='ocr_line' id='line_1_41' title="bbox 437 2817 2087 2893; baseline -0.002 -17"><span class='ocrx_word' id='word_1_336' title='bbox 437 2819 659 2893; x_wconf 82' lang='lat' dir='ltr'><em>habent</em></span> <span class='ocrx_word' id='word_1_337' title='bbox 687 2818 950 2892; x_wconf 87' lang='lat' dir='ltr'><em>gladium</em></span> <span class='ocrx_word' id='word_1_338' title='bbox 978 2818 1141 2874; x_wconf 84' lang='lat' dir='ltr'><em>verbi</em></span> <span class='ocrx_word' id='word_1_339' title='bbox 1174 2817 1724 2889; x_wconf 88' lang='lat' dir='ltr'><em>Dei,quosuperant</em></span> <span class='ocrx_word' id='word_1_340' title='bbox 1754 2818 1952 2873; x_wconf 88' lang='lat' dir='ltr'><em>omnia</em></span> <span class='ocrx_word' id='word_1_341' title='bbox 1972 2817 2087 2873; x_wconf 89' lang='lat' dir='ltr'><em>tela</em></span> 
     </span>
    </p>
   </div>
   <div class='ocr_carea' id='block_1_42' title="bbox 440 2905 2089 2981">
    <p class='ocr_par' dir='ltr' id='par_1_42' title="bbox 440 2905 2089 2981">
     <span class='ocr_line' id='line_1_42' title="bbox 440 2905 2089 2981; baseline -0.002 -17"><span class='ocrx_word' id='word_1_342' title='bbox 440 2905 789 2981; x_wconf 84' lang='lat' dir='ltr'><em>nequissimi</em></span> <span class='ocrx_word' id='word_1_343' title='bbox 818 2906 1008 2979; x_wconf 88' lang='lat' dir='ltr'><em>ignea.</em></span> <span class='ocrx_word' id='word_1_344' title='bbox 1060 2905 1223 2961; x_wconf 92' lang='lat' dir='ltr'><em>Unde</em></span> <span class='ocrx_word' id='word_1_345' title='bbox 1252 2905 1567 2977; x_wconf 88' lang='lat' dir='ltr'><em>Apostolus</em></span> <span class='ocrx_word' id='word_1_346' title='bbox 1615 2905 1753 2961; x_wconf 89' lang='lat' dir='ltr'><em>alibi</em></span> <span class='ocrx_word' id='word_1_347' title='bbox 1784 2921 1797 2959; x_wconf 92' lang='lat'><em>:</em></span> <span class='ocrx_word' id='word_1_348' title='bbox 1834 2905 2089 2962; x_wconf 85' lang='lat' dir='ltr'><em>Gladium</em></span> 
     </span>
    </p>
   </div>
   <div class='ocr_carea' id='block_1_43' title="bbox 362 2994 2084 3069">
    <p class='ocr_par' dir='ltr' id='par_1_43' title="bbox 362 2994 2084 3069">
     <span class='ocr_line' id='line_1_43' title="bbox 362 2994 2084 3069; baseline -0.002 -16"><span class='ocrx_word' id='word_1_349' title='bbox 362 3007 368 3023; x_wconf 89' lang='lat'><strong><em>&#39;</em></strong></span> <span class='ocrx_word' id='word_1_350' title='bbox 438 2998 688 3069; x_wconf 87' lang='lat' dir='ltr'><em>spiritus,</em></span> <span class='ocrx_word' id='word_1_351' title='bbox 720 2994 862 3067; x_wconf 89' lang='lat' dir='ltr'><em>quod</em></span> <span class='ocrx_word' id='word_1_352' title='bbox 888 2999 969 3051; x_wconf 88' lang='lat' dir='ltr'><em>est</em></span> <span class='ocrx_word' id='word_1_353' title='bbox 994 2995 1221 3051; x_wconf 83' lang='lat' dir='ltr'><em>verbum</em></span> <span class='ocrx_word' id='word_1_354' title='bbox 1255 2996 1360 3050; x_wconf 92' lang='lat' dir='ltr'><em>Dei</em></span> <span class='ocrx_word' id='word_1_355' title='bbox 1388 2995 1605 3067; x_wconf 87' lang='lat' dir='ltr'><em>(Ephes.</em></span> <span class='ocrx_word' id='word_1_356' title='bbox 1636 3011 1713 3065; x_wconf 84' lang='lat' dir='ltr'><em>v1,</em></span> <span class='ocrx_word' id='word_1_357' title='bbox 1746 2995 1830 3067; x_wconf 90' lang='grc'><em>17)</em></span> <span class='ocrx_word' id='word_1_358' title='bbox 1861 2995 2084 3068; x_wconf 90' lang='lat' dir='ltr'><em>(subin-</em></span> 
     </span>
    </p>
   </div>
   <div class='ocr_carea' id='block_1_44' title="bbox 440 3083 1074 3158">
    <p class='ocr_par' dir='ltr' id='par_1_44' title="bbox 440 3083 1074 3158">
     <span class='ocr_line' id='line_1_44' title="bbox 440 3083 1074 3158; baseline -0.005 -16"><span class='ocrx_word' id='word_1_359' title='bbox 440 3083 740 3158; x_wconf 83' lang='lat' dir='ltr'><em>telligitur,</em></span> <span class='ocrx_word' id='word_1_360' title='bbox 774 3085 1074 3156; x_wconf 78' lang='lat' dir='ltr'><em>suscipite).</em></span> 
     </span>
    </p>
   </div>
   <div class='ocr_carea' id='block_1_45' title="bbox 512 3172 2086 3245">
    <p class='ocr_par' dir='ltr' id='par_1_45' title="bbox 512 3172 2086 3245">
     <span class='ocr_line' id='line_1_45' title="bbox 512 3172 2086 3245; baseline 0 -16"><span class='ocrx_word' id='word_1_361' title='bbox 512 3173 586 3230; x_wconf 91' lang='lat' dir='ltr'><em>Ut</em></span> <span class='ocrx_word' id='word_1_362' title='bbox 613 3178 807 3229; x_wconf 85' lang='lat' dir='ltr'><em>autem</em></span> <span class='ocrx_word' id='word_1_363' title='bbox 838 3173 946 3229; x_wconf 90' lang='lat' dir='ltr'><em>hoc</em></span> <span class='ocrx_word' id='word_1_364' title='bbox 977 3172 1270 3245; x_wconf 83' lang='lat' dir='ltr'><em>prophetae</em></span> <span class='ocrx_word' id='word_1_365' title='bbox 1292 3172 1629 3229; x_wconf 89' lang='lat' dir='ltr'><em>testimonio</em></span> <span class='ocrx_word' id='word_1_366' title='bbox 1659 3173 2086 3245; x_wconf 87' lang='lat' dir='ltr'><em>comprobaret,</em></span> 
     </span>
    </p>
   </div>
   <div class='ocr_carea' id='block_1_46' title="bbox 2189 1925 3811 2001">
    <p class='ocr_par' dir='ltr' id='par_1_46' title="bbox 2189 1925 3811 2001">
     <span class='ocr_line' id='line_1_46' title="bbox 2189 1925 3811 2001; baseline -0.002 -18"><span class='ocrx_word' id='word_1_367' title='bbox 2189 1928 2285 1983; x_wconf 89' lang='lat' dir='ltr'><em>hic</em></span> <span class='ocrx_word' id='word_1_368' title='bbox 2312 1928 2460 2000; x_wconf 86' lang='grc'>(325)</span> <span class='ocrx_word' id='word_1_369' title='bbox 2489 1927 2647 1984; x_wconf 88' lang='lat' dir='ltr'><em>enim</em></span> <span class='ocrx_word' id='word_1_370' title='bbox 2678 1928 2901 1985; x_wconf 90' lang='lat' dir='ltr'><em>dictum</em></span> <span class='ocrx_word' id='word_1_371' title='bbox 2950 1932 3058 1997; x_wconf 87' lang='lat' dir='ltr'><em>est,</em></span> <span class='ocrx_word' id='word_1_372' title='bbox 3093 1929 3247 2001; x_wconf 88' lang='lat' dir='ltr'><em>quod</em></span> <span class='ocrx_word' id='word_1_373' title='bbox 3278 1927 3426 1984; x_wconf 88' lang='lat' dir='ltr'><em>alibi</em></span> <span class='ocrx_word' id='word_1_374' title='bbox 3458 1927 3542 1983; x_wconf 89' lang='lat' dir='ltr'><em>ait</em></span> <span class='ocrx_word' id='word_1_375' title='bbox 3572 1944 3587 1983; x_wconf 91' lang='lat'><em>:</em></span> <span class='ocrx_word' id='word_1_376' title='bbox 3618 1925 3753 1995; x_wconf 83' lang='lat' dir='ltr'><em>Quod</em></span> <span class='ocrx_word' id='word_1_377' title='bbox 3773 1927 3811 1981; x_wconf 81' lang='lat' dir='ltr'><em>si</em></span> 
     </span>
    </p>
   </div>
   <div class='ocr_carea' id='block_1_47' title="bbox 2187 2017 3809 2088">
    <p class='ocr_par' dir='ltr' id='par_1_47' title="bbox 2187 2017 3809 2088">
     <span class='ocr_line' id='line_1_47' title="bbox 2187 2017 3809 2088; baseline -0.001 -17"><span class='ocrx_word' id='word_1_378' title='bbox 2187 2018 2415 2088; x_wconf 86' lang='lat' dir='ltr'><em>angelus</em></span> <span class='ocrx_word' id='word_1_379' title='bbox 2442 2017 2510 2073; x_wconf 86' lang='lat' dir='ltr'><em>de</em></span> <span class='ocrx_word' id='word_1_380' title='bbox 2560 2017 2689 2074; x_wconf 74' lang='lat' dir='ltr'><em>caelo</em></span> <span class='ocrx_word' id='word_1_381' title='bbox 2732 2018 3193 2086; x_wconf 67' lang='lat' dir='ltr'><em>euangelizath</em></span> <span class='ocrx_word' id='word_1_382' title='bbox 3236 2017 3416 2085; x_wconf 89' lang='lat' dir='ltr'><em>vobis,</em></span> <span class='ocrx_word' id='word_1_383' title='bbox 3444 2020 3653 2088; x_wconf 55' lang='lat' dir='ltr'><em>preter</em></span> <span class='ocrx_word' id='word_1_384' title='bbox 3675 2029 3809 2087; x_wconf 70' lang='lat' dir='ltr'><em>quam</em></span> 
     </span>
    </p>
   </div>
   <div class='ocr_carea' id='block_1_48' title="bbox 2186 2104 3809 2178">
    <p class='ocr_par' dir='ltr' id='par_1_48' title="bbox 2186 2104 3809 2178">
     <span class='ocr_line' id='line_1_48' title="bbox 2186 2104 3809 2178; baseline -0.001 -17"><span class='ocrx_word' id='word_1_385' title='bbox 2186 2107 2620 2178; x_wconf 69' lang='lat' dir='ltr'><em>evangelizatum</em></span> <span class='ocrx_word' id='word_1_386' title='bbox 2649 2111 2746 2174; x_wconf 87' lang='lat' dir='ltr'><em>est,</em></span> <span class='ocrx_word' id='word_1_387' title='bbox 2779 2107 3082 2174; x_wconf 72' lang='lat' dir='ltr'><em>anathema</em></span> <span class='ocrx_word' id='word_1_388' title='bbox 3126 2109 3197 2162; x_wconf 88' lang='lat' dir='ltr'><em>sit</em></span> <span class='ocrx_word' id='word_1_389' title='bbox 3245 2106 3395 2177; x_wconf 90' lang='lat' dir='ltr'><em>(Gal.</em></span> <span class='ocrx_word' id='word_1_390' title='bbox 3425 2123 3470 2177; x_wconf 85' lang='grc' dir='ltr'>ι,</span> <span class='ocrx_word' id='word_1_391' title='bbox 3500 2106 3577 2177; x_wconf 92' lang='lat'><em>8).</em></span> <span class='ocrx_word' id='word_1_392' title='bbox 3607 2104 3809 2174; x_wconf 73' lang='lat' dir='ltr'><em>Angelus</em></span> 
     </span>
    </p>
   </div>
   <div class='ocr_carea' id='block_1_49' title="bbox 2189 2195 3809 2269">
    <p class='ocr_par' dir='ltr' id='par_1_49' title="bbox 2189 2195 3809 2269">
     <span class='ocr_line' id='line_1_49' title="bbox 2189 2195 3809 2269; baseline -0.002 -19"><span class='ocrx_word' id='word_1_393' title='bbox 2189 2195 2390 2266; x_wconf 89' lang='lat' dir='ltr'><em>itaque</em></span> <span class='ocrx_word' id='word_1_394' title='bbox 2420 2212 2689 2267; x_wconf 88' lang='lat' dir='ltr'><em>separare</em></span> <span class='ocrx_word' id='word_1_395' title='bbox 2740 2212 2855 2252; x_wconf 91' lang='lat' dir='ltr'><em>non</em></span> <span class='ocrx_word' id='word_1_396' title='bbox 2903 2200 3093 2269; x_wconf 89' lang='lat' dir='ltr'><em>potest</em></span> <span class='ocrx_word' id='word_1_397' title='bbox 3121 2196 3270 2268; x_wconf 81' lang='lat'><em>(326)</em></span> <span class='ocrx_word' id='word_1_398' title='bbox 3299 2213 3312 2265; x_wconf 90' lang='lat'><strong>;</strong></span> <span class='ocrx_word' id='word_1_399' title='bbox 3349 2195 3494 2269; x_wconf 86' lang='lat' dir='ltr'><em>quia</em></span> <span class='ocrx_word' id='word_1_400' title='bbox 3523 2209 3626 2250; x_wconf 89' lang='lat' dir='ltr'><em>nec</em></span> <span class='ocrx_word' id='word_1_401' title='bbox 3656 2196 3809 2248; x_wconf 86' lang='lat' dir='ltr'><em>mente</em></span> 
     </span>
    </p>
   </div>
   <div class='ocr_carea' id='block_1_50' title="bbox 2191 2283 3810 2355">
    <p class='ocr_par' dir='ltr' id='par_1_50' title="bbox 2191 2283 3810 2355">
     <span class='ocr_line' id='line_1_50' title="bbox 2191 2283 3810 2355; baseline -0.002 -17"><span class='ocrx_word' id='word_1_402' title='bbox 2191 2288 2392 2339; x_wconf 90' lang='lat' dir='ltr'><em>nostra</em></span> <span class='ocrx_word' id='word_1_403' title='bbox 2406 2284 2623 2355; x_wconf 88' lang='lat' dir='ltr'><em>potenti</em></span> <span class='ocrx_word' id='word_1_404' title='bbox 2631 2301 2696 2340; x_wconf 87' lang='lat' dir='ltr'><em>or</em></span> <span class='ocrx_word' id='word_1_405' title='bbox 2706 2285 2963 2353; x_wconf 87' lang='lat' dir='ltr'><em>est,dum</em></span> <span class='ocrx_word' id='word_1_406' title='bbox 2979 2283 3094 2341; x_wconf 91' lang='lat' dir='ltr'><em>Deo</em></span> <span class='ocrx_word' id='word_1_407' title='bbox 3108 2283 3810 2354; x_wconf 63' lang='lat' dir='ltr'><em>inhaeremusPrincipatas</em></span> 
     </span>
    </p>
   </div>
   <div class='ocr_carea' id='block_1_51' title="bbox 2192 2369 3807 2445">
    <p class='ocr_par' dir='ltr' id='par_1_51' title="bbox 2192 2369 3807 2445">
     <span class='ocr_line' id='line_1_51' title="bbox 2192 2369 3807 2445; baseline -0.003 -18"><span class='ocrx_word' id='word_1_408' title='bbox 2192 2372 2381 2427; x_wconf 90' lang='lat' dir='ltr'><em>malos</em></span> <span class='ocrx_word' id='word_1_409' title='bbox 2410 2372 2647 2445; x_wconf 85' lang='lat' dir='ltr'><em>angelos</em></span> <span class='ocrx_word' id='word_1_410' title='bbox 2691 2378 2877 2438; x_wconf 89' lang='lat' dir='ltr'><em>vocat,</em></span> <span class='ocrx_word' id='word_1_411' title='bbox 2911 2373 2981 2429; x_wconf 91' lang='lat' dir='ltr'><em>de</em></span> <span class='ocrx_word' id='word_1_412' title='bbox 3031 2372 3246 2445; x_wconf 89' lang='lat' dir='ltr'><em>quibus</em></span> <span class='ocrx_word' id='word_1_413' title='bbox 3292 2372 3443 2428; x_wconf 83' lang='lat' dir='ltr'><em>alibi</em></span> <span class='ocrx_word' id='word_1_414' title='bbox 3471 2390 3485 2429; x_wconf 92' lang='lat'><em>:</em></span> <span class='ocrx_word' id='word_1_415' title='bbox 3516 2369 3807 2442; x_wconf 65' lang='lat' dir='ltr'><em>Exspatiata:</em></span> 
     </span>
    </p>
   </div>
   <div class='ocr_carea' id='block_1_52' title="bbox 2198 2457 3808 2534">
    <p class='ocr_par' dir='ltr' id='par_1_52' title="bbox 2198 2457 3808 2534">
     <span class='ocr_line' id='line_1_52' title="bbox 2198 2457 3808 2534; baseline 0.006 -19"><span class='ocrx_word' id='word_1_416' title='bbox 2198 2462 2545 2534; x_wconf 84' lang='lat' dir='ltr'><em>principatus</em></span> <span class='ocrx_word' id='word_1_417' title='bbox 2574 2470 2625 2516; x_wconf 92' lang='lat' dir='ltr'><em>et</em></span> <span class='ocrx_word' id='word_1_418' title='bbox 2648 2461 3285 2533; x_wconf 78' lang='lat' dir='ltr'><em>potestates,transdu:cit</em></span> <span class='ocrx_word' id='word_1_419' title='bbox 3309 2462 3656 2518; x_wconf 79' lang='lat' dir='ltr'><em>vehementer</em></span> <span class='ocrx_word' id='word_1_420' title='bbox 3673 2457 3808 2529; x_wconf 73' lang='grc'>(327),</span> 
     </span>
    </p>
   </div>
   <div class='ocr_carea' id='block_1_53' title="bbox 2195 2550 3807 2622">
    <p class='ocr_par' dir='ltr' id='par_1_53' title="bbox 2195 2550 3807 2622">
     <span class='ocr_line' id='line_1_53' title="bbox 2195 2550 3807 2622; baseline -0.006 -16"><span class='ocrx_word' id='word_1_421' title='bbox 2195 2551 2387 2622; x_wconf 87' lang='lat' dir='ltr'><em>palam</em></span> <span class='ocrx_word' id='word_1_422' title='bbox 2417 2552 2763 2622; x_wconf 75' lang='lat' dir='ltr'><em>triumphum</em></span> <span class='ocrx_word' id='word_1_423' title='bbox 2794 2568 2882 2607; x_wconf 88' lang='lat' dir='ltr'><em>eos</em></span> <span class='ocrx_word' id='word_1_424' title='bbox 2902 2553 2964 2606; x_wconf 88' lang='lat' dir='ltr'><em>in</em></span> <span class='ocrx_word' id='word_1_425' title='bbox 2992 2552 3302 2622; x_wconf 86' lang='lat' dir='ltr'><em>semetipso.</em></span> <span class='ocrx_word' id='word_1_426' title='bbox 3332 2550 3404 2606; x_wconf 89' lang='lat' dir='ltr'><em>Hi</em></span> <span class='ocrx_word' id='word_1_427' title='bbox 3437 2563 3696 2622; x_wconf 84' lang='lat' dir='ltr'><em>separare</em></span> <span class='ocrx_word' id='word_1_428' title='bbox 3720 2560 3807 2600; x_wconf 89' lang='lat' dir='ltr'><em>non</em></span> 
     </span>
    </p>
   </div>
   <div class='ocr_carea' id='block_1_54' title="bbox 2191 2636 3807 2710">
    <p class='ocr_par' dir='ltr' id='par_1_54' title="bbox 2191 2636 3807 2710">
     <span class='ocr_line' id='line_1_54' title="bbox 2191 2636 3807 2710; baseline -0.002 -17"><span class='ocrx_word' id='word_1_429' title='bbox 2191 2638 2406 2707; x_wconf 90' lang='lat' dir='ltr'><em>valent,</em></span> <span class='ocrx_word' id='word_1_430' title='bbox 2439 2637 2720 2710; x_wconf 90' lang='lat' dir='ltr'><em>quoniam</em></span> <span class='ocrx_word' id='word_1_431' title='bbox 2751 2638 2895 2694; x_wconf 88' lang='lat' dir='ltr'><em>nihil</em></span> <span class='ocrx_word' id='word_1_432' title='bbox 2924 2638 3038 2694; x_wconf 89' lang='lat' dir='ltr'><em>tale</em></span> <span class='ocrx_word' id='word_1_433' title='bbox 3061 2638 3405 2710; x_wconf 87' lang='lat' dir='ltr'><em>promittere</em></span> <span class='ocrx_word' id='word_1_434' title='bbox 3432 2637 3525 2695; x_wconf 88' lang='lat' dir='ltr'><em>vel</em></span> <span class='ocrx_word' id='word_1_435' title='bbox 3556 2636 3686 2693; x_wconf 88' lang='lat' dir='ltr'><em>dare</em></span> <span class='ocrx_word' id='word_1_436' title='bbox 3703 2649 3807 2706; x_wconf 84' lang='lat' dir='ltr'><em>pos-</em></span> 
     </span>
    </p>
   </div>
   <div class='ocr_carea' id='block_1_55' title="bbox 2193 2727 3303 2800">
    <p class='ocr_par' dir='ltr' id='par_1_55' title="bbox 2193 2727 3303 2800">
     <span class='ocr_line' id='line_1_55' title="bbox 2193 2727 3303 2800; baseline 0 -17"><span class='ocrx_word' id='word_1_437' title='bbox 2193 2731 2353 2799; x_wconf 89' lang='lat' dir='ltr'><em>sunt,</em></span> <span class='ocrx_word' id='word_1_438' title='bbox 2389 2727 2559 2799; x_wconf 89' lang='lat' dir='ltr'><em>quale</em></span> <span class='ocrx_word' id='word_1_439' title='bbox 2591 2728 2880 2800; x_wconf 84' lang='lat' dir='ltr'><em>promittit</em></span> <span class='ocrx_word' id='word_1_440' title='bbox 2910 2731 2967 2784; x_wconf 87' lang='lat' dir='ltr'><em>et</em></span> <span class='ocrx_word' id='word_1_441' title='bbox 2997 2728 3097 2785; x_wconf 89' lang='lat' dir='ltr'><em>dat</em></span> <span class='ocrx_word' id='word_1_442' title='bbox 3126 2728 3303 2784; x_wconf 90' lang='lat' dir='ltr'><em>Deus.</em></span> 
     </span>
    </p>
   </div>
   <div class='ocr_carea' id='block_1_56' title="bbox 2264 2816 3808 2889">
    <p class='ocr_par' dir='ltr' id='par_1_56' title="bbox 2264 2816 3808 2889">
     <span class='ocr_line' id='line_1_56' title="bbox 2264 2816 3808 2889; baseline -0.004 -17"><span class='ocrx_word' id='word_1_443' title='bbox 2264 2818 2445 2888; x_wconf 88' lang='lat' dir='ltr'><em>Neque</em></span> <span class='ocrx_word' id='word_1_444' title='bbox 2488 2817 2780 2884; x_wconf 87' lang='lat' dir='ltr'><em>instantia,</em></span> <span class='ocrx_word' id='word_1_445' title='bbox 2808 2832 2980 2888; x_wconf 87' lang='lat' dir='ltr'><em>neque</em></span> <span class='ocrx_word' id='word_1_446' title='bbox 3024 2818 3259 2889; x_wconf 84' lang='lat' dir='ltr'><em>futura;</em></span> <span class='ocrx_word' id='word_1_447' title='bbox 3288 2816 3406 2873; x_wconf 92' lang='lat' dir='ltr'><em>hoc</em></span> <span class='ocrx_word' id='word_1_448' title='bbox 3457 2820 3568 2883; x_wconf 90' lang='lat' dir='ltr'><em>est,</em></span> <span class='ocrx_word' id='word_1_449' title='bbox 3598 2826 3808 2887; x_wconf 63' lang='lat' dir='ltr'><em>praesen-</em></span> 
     </span>
    </p>
   </div>
   <div class='ocr_carea' id='block_1_57' title="bbox 2193 2900 3805 2977">
    <p class='ocr_par' dir='ltr' id='par_1_57' title="bbox 2193 2900 3805 2977">
     <span class='ocr_line' id='line_1_57' title="bbox 2193 2900 3805 2977; baseline -0.004 -17"><span class='ocrx_word' id='word_1_450' title='bbox 2193 2905 2343 2961; x_wconf 92' lang='lat' dir='ltr'><em>tium</em></span> <span class='ocrx_word' id='word_1_451' title='bbox 2376 2905 2634 2974; x_wconf 87' lang='lat' dir='ltr'><em>donatio,</em></span> <span class='ocrx_word' id='word_1_452' title='bbox 2666 2922 2773 2962; x_wconf 92' lang='lat' dir='ltr'><em>nec</em></span> <span class='ocrx_word' id='word_1_453' title='bbox 2802 2906 3132 2963; x_wconf 88' lang='lat' dir='ltr'><em>futurorum</em></span> <span class='ocrx_word' id='word_1_454' title='bbox 3153 2905 3476 2977; x_wconf 86' lang='lat' dir='ltr'><em>promissio</em></span> <span class='ocrx_word' id='word_1_455' title='bbox 3502 2930 3517 2973; x_wconf 86' lang='lat'><strong>;</strong></span> <span class='ocrx_word' id='word_1_456' title='bbox 3549 2900 3805 2977; x_wconf 86' lang='lat' dir='ltr'><em>quoniam,</em></span> 
     </span>
    </p>
   </div>
   <div class='ocr_carea' id='block_1_58' title="bbox 2194 2987 3805 3066">
    <p class='ocr_par' dir='ltr' id='par_1_58' title="bbox 2194 2987 3805 3066">
     <span class='ocr_line' id='line_1_58' title="bbox 2194 2987 3805 3066; baseline -0.006 -16"><span class='ocrx_word' id='word_1_457' title='bbox 2194 2998 2252 3050; x_wconf 88' lang='lat' dir='ltr'><em>et</em></span> <span class='ocrx_word' id='word_1_458' title='bbox 2280 2995 2501 3049; x_wconf 90' lang='lat' dir='ltr'><em>caduca</em></span> <span class='ocrx_word' id='word_1_459' title='bbox 2529 2997 2670 3050; x_wconf 90' lang='lat' dir='ltr'><em>sunt</em></span> <span class='ocrx_word' id='word_1_460' title='bbox 2712 3011 2839 3066; x_wconf 71' lang='lat' dir='ltr'><em>qua:</em></span> <span class='ocrx_word' id='word_1_461' title='bbox 2871 2995 2981 3050; x_wconf 90' lang='lat' dir='ltr'><em>sub</em></span> <span class='ocrx_word' id='word_1_462' title='bbox 3031 2993 3384 3051; x_wconf 89' lang='lat' dir='ltr'><em>certitudine</em></span> <span class='ocrx_word' id='word_1_463' title='bbox 3410 2993 3641 3059; x_wconf 88' lang='lat' dir='ltr'><em>dantur,</em></span> <span class='ocrx_word' id='word_1_464' title='bbox 3666 2993 3717 3045; x_wconf 90' lang='lat' dir='ltr'><em>et</em></span> <span class='ocrx_word' id='word_1_465' title='bbox 3740 2987 3805 3042; x_wconf 88' lang='lat' dir='ltr'><em>in-</em></span> 
     </span>
    </p>
   </div>
   <div class='ocr_carea' id='block_1_59' title="bbox 2196 3080 3805 3155">
    <p class='ocr_par' dir='ltr' id='par_1_59' title="bbox 2196 3080 3805 3155">
     <span class='ocr_line' id='line_1_59' title="bbox 2196 3080 3805 3155; baseline -0.004 -16"><span class='ocrx_word' id='word_1_466' title='bbox 2196 3087 2375 3151; x_wconf 88' lang='lat' dir='ltr'><em>certa,</em></span> <span class='ocrx_word' id='word_1_467' title='bbox 2409 3100 2535 3155; x_wconf 78' lang='lat' dir='ltr'><em>quae</em></span> <span class='ocrx_word' id='word_1_468' title='bbox 2567 3083 3010 3155; x_wconf 88' lang='lat' dir='ltr'><em>promittuntur.</em></span> <span class='ocrx_word' id='word_1_469' title='bbox 3044 3083 3201 3140; x_wconf 85' lang='lat' dir='ltr'><em>Nihil</em></span> <span class='ocrx_word' id='word_1_470' title='bbox 3231 3087 3439 3140; x_wconf 89' lang='lat' dir='ltr'><em>autem</em></span> <span class='ocrx_word' id='word_1_471' title='bbox 3472 3080 3653 3155; x_wconf 86' lang='lat' dir='ltr'><em>magis</em></span> <span class='ocrx_word' id='word_1_472' title='bbox 3680 3081 3805 3134; x_wconf 70' lang='lat' dir='ltr'><em>ater-</em></span> 
     </span>
    </p>
   </div>
   <div class='ocr_carea' id='block_1_60' title="bbox 2201 3171 3247 3243">
    <p class='ocr_par' dir='ltr' id='par_1_60' title="bbox 2201 3171 3247 3243">
     <span class='ocr_line' id='line_1_60' title="bbox 2201 3171 3247 3243; baseline 0 -16"><span class='ocrx_word' id='word_1_473' title='bbox 2201 3189 2367 3241; x_wconf 89' lang='lat' dir='ltr'><em>num,</em></span> <span class='ocrx_word' id='word_1_474' title='bbox 2399 3175 2455 3227; x_wconf 90' lang='lat' dir='ltr'><em>et</em></span> <span class='ocrx_word' id='word_1_475' title='bbox 2484 3171 2722 3241; x_wconf 85' lang='lat' dir='ltr'><em>certius,</em></span> <span class='ocrx_word' id='word_1_476' title='bbox 2756 3172 2911 3243; x_wconf 90' lang='lat' dir='ltr'><em>quod</em></span> <span class='ocrx_word' id='word_1_477' title='bbox 2943 3173 3043 3227; x_wconf 88' lang='lat' dir='ltr'><em>dat</em></span> <span class='ocrx_word' id='word_1_478' title='bbox 3071 3172 3247 3228; x_wconf 90' lang='lat' dir='ltr'><em>Deus.</em></span> 
     </span>
    </p>
   </div>
   <div class='ocr_carea' id='block_1_61' title="bbox 441 3234 3808 3334">
    <p class='ocr_par' dir='ltr' id='par_1_61' title="bbox 441 3234 3808 3334">
     <span class='ocr_line' id='line_1_61' title="bbox 441 3234 3808 3334; baseline -0.003 -15"><span class='ocrx_word' id='word_1_479' title='bbox 441 3263 747 3334; x_wconf 81' lang='lat' dir='ltr'><em>subjunxit</em></span> <span class='ocrx_word' id='word_1_480' title='bbox 780 3279 793 3318; x_wconf 89' lang='lat'><em>:</em></span> <span class='ocrx_word' id='word_1_481' title='bbox 826 3234 1272 3333; x_wconf 45' lang='lat' dir='ltr'><em>Sicutscr‘iptum</em></span> <span class='ocrx_word' id='word_1_482' title='bbox 1299 3270 1383 3317; x_wconf 88' lang='lat' dir='ltr'><em>est</em></span> <span class='ocrx_word' id='word_1_483' title='bbox 1414 3279 1432 3316; x_wconf 90' lang='lat'><em>:</em></span> <span class='ocrx_word' id='word_1_484' title='bbox 1466 3262 1605 3330; x_wconf 85' lang='lat' dir='ltr'><em>Quia</em></span> <span class='ocrx_word' id='word_1_485' title='bbox 1626 3234 1848 3333; x_wconf 78' lang='lat' dir='ltr'><em>propter</em></span> <span class='ocrx_word' id='word_1_486' title='bbox 1876 3270 1926 3318; x_wconf 91' lang='lat' dir='ltr'><em>te</em></span> <span class='ocrx_word' id='word_1_487' title='bbox 1942 3234 2089 3318; x_wconf 51' lang='lat' dir='ltr'><em>mor;</em></span> <span class='ocrx_word' id='word_1_488' title='bbox 2120 3234 2163 3303; x_wconf 79' lang='lat' dir='ltr'>C</span> <span class='ocrx_word' id='word_1_489' title='bbox 2278 3234 2458 3333; x_wconf 86' lang='lat' dir='ltr'><em>Neque</em></span> <span class='ocrx_word' id='word_1_490' title='bbox 2484 3234 2790 3332; x_wconf 53' lang='lat' dir='ltr'><em>fortitudo;</em></span> <span class='ocrx_word' id='word_1_491' title='bbox 2818 3259 3071 3316; x_wconf 90' lang='lat' dir='ltr'><em>bocloco</em></span> <span class='ocrx_word' id='word_1_492' title='bbox 3102 3259 3397 3317; x_wconf 86' lang='lat' dir='ltr'><em>malorum</em></span> <span class='ocrx_word' id='word_1_493' title='bbox 3423 3258 3720 3332; x_wconf 87' lang='lat' dir='ltr'><em>spirituum</em></span> <span class='ocrx_word' id='word_1_494' title='bbox 3738 3269 3808 3310; x_wconf 86' lang='lat' dir='ltr'><em>ac-</em></span> 
     </span>
    </p>
   </div>
   <div class='ocr_carea' id='block_1_62' title="bbox 441 3350 2087 3422">
    <p class='ocr_par' dir='ltr' id='par_1_62' title="bbox 441 3350 2087 3422">
     <span class='ocr_line' id='line_1_62' title="bbox 441 3350 2087 3422; baseline -0.001 -14"><span class='ocrx_word' id='word_1_495' title='bbox 441 3352 720 3422; x_wconf 81' lang='lat' dir='ltr'><em>tiﬁcamur</em></span> <span class='ocrx_word' id='word_1_496' title='bbox 745 3353 860 3407; x_wconf 88' lang='lat' dir='ltr'><em>tota</em></span> <span class='ocrx_word' id='word_1_497' title='bbox 887 3350 999 3417; x_wconf 88' lang='lat' dir='ltr'><em>die,</em></span> <span class='ocrx_word' id='word_1_498' title='bbox 1030 3352 1291 3406; x_wconf 62' lang='lat' dir='ltr'><em>mstimati</em></span> <span class='ocrx_word' id='word_1_499' title='bbox 1329 3366 1517 3405; x_wconf 88' lang='lat' dir='ltr'><em>sumus</em></span> <span class='ocrx_word' id='word_1_500' title='bbox 1546 3358 1606 3406; x_wconf 90' lang='lat' dir='ltr'><em>ut</em></span> <span class='ocrx_word' id='word_1_501' title='bbox 1633 3367 1754 3406; x_wconf 88' lang='lat' dir='ltr'><em>oves</em></span> <span class='ocrx_word' id='word_1_502' title='bbox 1783 3352 2087 3408; x_wconf 87' lang='lat' dir='ltr'><em>occisionis.</em></span> 
     </span>
    </p>
   </div>
   <div class='ocr_carea' id='block_1_63' title="bbox 442 3438 2090 3512">
    <p class='ocr_par' dir='ltr' id='par_1_63' title="bbox 442 3438 2090 3512">
     <span class='ocr_line' id='line_1_63' title="bbox 442 3438 2090 3512; baseline -0.001 -16"><span class='ocrx_word' id='word_1_503' title='bbox 442 3440 587 3496; x_wconf 88' lang='lat' dir='ltr'><em>Cum</em></span> <span class='ocrx_word' id='word_1_504' title='bbox 617 3438 931 3512; x_wconf 85' lang='lat' dir='ltr'><em>Apostolus</em></span> <span class='ocrx_word' id='word_1_505' title='bbox 962 3439 1021 3493; x_wconf 91' lang='lat' dir='ltr'><em>in</em></span> <span class='ocrx_word' id='word_1_506' title='bbox 1052 3438 1316 3510; x_wconf 86' lang='lat' dir='ltr'><em>gentium</em></span> <span class='ocrx_word' id='word_1_507' title='bbox 1351 3438 1748 3509; x_wconf 84' lang='lat' dir='ltr'><em>persecutione</em></span> <span class='ocrx_word' id='word_1_508' title='bbox 1774 3440 2090 3507; x_wconf 86' lang='lat' dir='ltr'><em>laboraret,</em></span> 
     </span>
    </p>
   </div>
   <div class='ocr_carea' id='block_1_64' title="bbox 443 3526 2092 3601">
    <p class='ocr_par' dir='ltr' id='par_1_64' title="bbox 443 3526 2092 3601">
     <span class='ocr_line' id='line_1_64' title="bbox 443 3526 2092 3601; baseline 0.001 -18"><span class='ocrx_word' id='word_1_509' title='bbox 443 3531 767 3600; x_wconf 84' lang='lat' dir='ltr'><em>martyrum</em></span> <span class='ocrx_word' id='word_1_510' title='bbox 788 3526 1051 3582; x_wconf 89' lang='lat' dir='ltr'><em>omnium</em></span> <span class='ocrx_word' id='word_1_511' title='bbox 1073 3542 1273 3582; x_wconf 89' lang='lat' dir='ltr'><em>vocem</em></span> <span class='ocrx_word' id='word_1_512' title='bbox 1301 3526 1683 3594; x_wconf 88' lang='lat' dir='ltr'><em>sumens,ait:</em></span> <span class='ocrx_word' id='word_1_513' title='bbox 1711 3529 1852 3596; x_wconf 79' lang='lat' dir='ltr'><em>Quia</em></span> <span class='ocrx_word' id='word_1_514' title='bbox 1869 3538 2092 3601; x_wconf 83' lang='lat' dir='ltr'><em>propter</em></span> 
     </span>
    </p>
   </div>
   <div class='ocr_carea' id='block_1_65' title="bbox 442 3614 2091 3687">
    <p class='ocr_par' dir='ltr' id='par_1_65' title="bbox 442 3614 2091 3687">
     <span class='ocr_line' id='line_1_65' title="bbox 442 3614 2091 3687; baseline -0.001 -14"><span class='ocrx_word' id='word_1_515' title='bbox 442 3622 513 3687; x_wconf 89' lang='lat' dir='ltr'><em>te,</em></span> <span class='ocrx_word' id='word_1_516' title='bbox 546 3619 657 3672; x_wconf 89' lang='lat' dir='ltr'><em>etc.</em></span> <span class='ocrx_word' id='word_1_517' title='bbox 690 3614 799 3671; x_wconf 88' lang='lat' dir='ltr'><em>Ubi</em></span> <span class='ocrx_word' id='word_1_518' title='bbox 819 3615 1166 3683; x_wconf 86' lang='lat' dir='ltr'><em>notandum,</em></span> <span class='ocrx_word' id='word_1_519' title='bbox 1194 3615 1331 3686; x_wconf 87' lang='lat' dir='ltr'><em>quia</em></span> <span class='ocrx_word' id='word_1_520' title='bbox 1361 3632 1476 3670; x_wconf 88' lang='lat' dir='ltr'><em>non</em></span> <span class='ocrx_word' id='word_1_521' title='bbox 1507 3615 1587 3670; x_wconf 87' lang='lat' dir='ltr'><em>ait</em></span> <span class='ocrx_word' id='word_1_522' title='bbox 1614 3620 1869 3684; x_wconf 87' lang='lat' dir='ltr'><em>tantum,</em></span> <span class='ocrx_word' id='word_1_523' title='bbox 1893 3620 2091 3674; x_wconf 86' lang='lat' dir='ltr'><em>morti-</em></span> 
     </span>
    </p>
   </div>
   <div class='ocr_carea' id='block_1_66' title="bbox 443 3703 2089 3776">
    <p class='ocr_par' dir='ltr' id='par_1_66' title="bbox 443 3703 2089 3776">
     <span class='ocr_line' id='line_1_66' title="bbox 443 3703 2089 3776; baseline 0.001 -16"><span class='ocrx_word' id='word_1_524' title='bbox 443 3706 695 3776; x_wconf 83' lang='lat' dir='ltr'><em>ﬁcamur,</em></span> <span class='ocrx_word' id='word_1_525' title='bbox 727 3704 829 3760; x_wconf 86' lang='lat' dir='ltr'><em>sed</em></span> <span class='ocrx_word' id='word_1_526' title='bbox 861 3703 1106 3768; x_wconf 90' lang='lat' dir='ltr'><em>addidit,</em></span> <span class='ocrx_word' id='word_1_527' title='bbox 1139 3711 1247 3759; x_wconf 88' lang='lat' dir='ltr'><em>tota</em></span> <span class='ocrx_word' id='word_1_528' title='bbox 1275 3703 1364 3759; x_wconf 85' lang='lat' dir='ltr'><em>die</em></span> <span class='ocrx_word' id='word_1_529' title='bbox 1392 3723 1410 3758; x_wconf 87' lang='lat'><em>:</em></span> <span class='ocrx_word' id='word_1_530' title='bbox 1440 3704 1742 3776; x_wconf 88' lang='lat' dir='ltr'><em>quoniam,</em></span> <span class='ocrx_word' id='word_1_531' title='bbox 1774 3704 1924 3761; x_wconf 90' lang='lat' dir='ltr'><em>sicut</em></span> <span class='ocrx_word' id='word_1_532' title='bbox 1956 3707 2089 3762; x_wconf 91' lang='lat' dir='ltr'><em>Ori-</em></span> 
     </span>
    </p>
   </div>
   <div class='ocr_carea' id='block_1_67' title="bbox 445 3790 2088 3866">
    <p class='ocr_par' dir='ltr' id='par_1_67' title="bbox 445 3790 2088 3866">
     <span class='ocr_line' id='line_1_67' title="bbox 445 3790 2088 3866; baseline 0.002 -18"><span class='ocrx_word' id='word_1_533' title='bbox 445 3806 623 3866; x_wconf 83' lang='lat' dir='ltr'><em>genes</em></span> <span class='ocrx_word' id='word_1_534' title='bbox 655 3790 817 3860; x_wconf 91' lang='lat' dir='ltr'><em>dicit,</em></span> <span class='ocrx_word' id='word_1_535' title='bbox 841 3809 958 3848; x_wconf 90' lang='lat' dir='ltr'><em>non</em></span> <span class='ocrx_word' id='word_1_536' title='bbox 991 3792 1230 3859; x_wconf 81' lang='lat' dir='ltr'><em>sufﬁcit,</em></span> <span class='ocrx_word' id='word_1_537' title='bbox 1245 3796 1312 3848; x_wconf 93' lang='lat' dir='ltr'><em>ut</em></span> <span class='ocrx_word' id='word_1_538' title='bbox 1337 3797 1653 3863; x_wconf 90' lang='lat' dir='ltr'><em>momento,</em></span> <span class='ocrx_word' id='word_1_539' title='bbox 1674 3793 1837 3866; x_wconf 90' lang='lat' dir='ltr'><em>hora,</em></span> <span class='ocrx_word' id='word_1_540' title='bbox 1866 3812 2088 3863; x_wconf 89' lang='lat' dir='ltr'><em>mense,</em></span> 
     </span>
    </p>
   </div>
   <div class='ocr_carea' id='block_1_68' title="bbox 444 3880 2090 3953">
    <p class='ocr_par' dir='ltr' id='par_1_68' title="bbox 444 3880 2090 3953">
     <span class='ocr_line' id='line_1_68' title="bbox 444 3880 2090 3953; baseline 0.002 -16"><span class='ocrx_word' id='word_1_541' title='bbox 444 3881 533 3938; x_wconf 88' lang='lat' dir='ltr'><em>vel</em></span> <span class='ocrx_word' id='word_1_542' title='bbox 566 3897 718 3938; x_wconf 87' lang='lat' dir='ltr'><em>anno</em></span> <span class='ocrx_word' id='word_1_543' title='bbox 748 3881 1190 3948; x_wconf 82' lang='lat' dir='ltr'><em>mortiﬂcemur,</em></span> <span class='ocrx_word' id='word_1_544' title='bbox 1223 3880 1336 3935; x_wconf 91' lang='lat' dir='ltr'><em>nisi</em></span> <span class='ocrx_word' id='word_1_545' title='bbox 1384 3883 1559 3937; x_wconf 89' lang='lat' dir='ltr'><em>etiam</em></span> <span class='ocrx_word' id='word_1_546' title='bbox 1590 3885 1713 3938; x_wconf 88' lang='lat' dir='ltr'><em>tota</em></span> <span class='ocrx_word' id='word_1_547' title='bbox 1743 3883 1857 3952; x_wconf 84' lang='lat' dir='ltr'><em>die,</em></span> <span class='ocrx_word' id='word_1_548' title='bbox 1889 3884 1946 3939; x_wconf 92' lang='lat' dir='ltr'><em>id</em></span> <span class='ocrx_word' id='word_1_549' title='bbox 1981 3889 2090 3953; x_wconf 88' lang='lat' dir='ltr'><em>est,</em></span> 
     </span>
    </p>
   </div>
   <div class='ocr_carea' id='block_1_69' title="bbox 447 3969 1415 4042">
    <p class='ocr_par' dir='ltr' id='par_1_69' title="bbox 447 3969 1415 4042">
     <span class='ocr_line' id='line_1_69' title="bbox 447 3969 1415 4042; baseline -0.001 -16"><span class='ocrx_word' id='word_1_550' title='bbox 447 3969 609 4027; x_wconf 91' lang='lat' dir='ltr'><em>omni</em></span> <span class='ocrx_word' id='word_1_551' title='bbox 638 3974 902 4042; x_wconf 88' lang='lat' dir='ltr'><em>tempore</em></span> <span class='ocrx_word' id='word_1_552' title='bbox 930 3970 1059 4025; x_wconf 81' lang='lat' dir='ltr'><em>vitae</em></span> <span class='ocrx_word' id='word_1_553' title='bbox 1090 3970 1415 4042; x_wconf 70' lang='lat' dir='ltr'><em>praesentis.</em></span> 
     </span>
    </p>
   </div>
   <div class='ocr_carea' id='block_1_70' title="bbox 519 4058 2089 4135">
    <p class='ocr_par' dir='ltr' id='par_1_70' title="bbox 519 4058 2089 4135">
     <span class='ocr_line' id='line_1_70' title="bbox 519 4058 2089 4135; baseline 0.001 -19"><span class='ocrx_word' id='word_1_554' title='bbox 519 4060 591 4116; x_wconf 92' lang='lat' dir='ltr'><em>Ut</em></span> <span class='ocrx_word' id='word_1_555' title='bbox 617 4074 752 4135; x_wconf 77' lang='lat' dir='ltr'><em>oves</em></span> <span class='ocrx_word' id='word_1_556' title='bbox 781 4058 1090 4115; x_wconf 88' lang='lat' dir='ltr'><em>occisionis</em></span> <span class='ocrx_word' id='word_1_557' title='bbox 1119 4058 1388 4114; x_wconf 67' lang='lat' dir='ltr'><em>aestimati</em></span> <span class='ocrx_word' id='word_1_558' title='bbox 1419 4062 1558 4114; x_wconf 88' lang='lat' dir='ltr'><em>sunt</em></span> <span class='ocrx_word' id='word_1_559' title='bbox 1588 4060 2089 4132; x_wconf 88' lang='lat' dir='ltr'><em>sancti,quoniam</em></span> 
     </span>
    </p>
   </div>
   <div class='ocr_carea' id='block_1_71' title="bbox 445 4146 2094 4218">
    <p class='ocr_par' dir='ltr' id='par_1_71' title="bbox 445 4146 2094 4218">
     <span class='ocr_line' id='line_1_71' title="bbox 445 4146 2094 4218; baseline 0.001 -15"><span class='ocrx_word' id='word_1_560' title='bbox 445 4147 606 4204; x_wconf 90' lang='lat' dir='ltr'><em>velut</em></span> <span class='ocrx_word' id='word_1_561' title='bbox 635 4163 768 4203; x_wconf 90' lang='lat' dir='ltr'><em>oves</em></span> <span class='ocrx_word' id='word_1_562' title='bbox 800 4146 1226 4203; x_wconf 87' lang='lat' dir='ltr'><em>mactabantur.</em></span> <span class='ocrx_word' id='word_1_563' title='bbox 1260 4148 1327 4202; x_wconf 89' lang='lat' dir='ltr'><em>Et</em></span> <span class='ocrx_word' id='word_1_564' title='bbox 1373 4147 1618 4218; x_wconf 88' lang='lat' dir='ltr'><em>pulchre</em></span> <span class='ocrx_word' id='word_1_565' title='bbox 1647 4149 1735 4204; x_wconf 90' lang='lat' dir='ltr'><em>ovi</em></span> <span class='ocrx_word' id='word_1_566' title='bbox 1767 4149 2094 4205; x_wconf 85' lang='lat' dir='ltr'><em>assimilan-</em></span> 
     </span>
    </p>
   </div>
   <div class='ocr_carea' id='block_1_72' title="bbox 449 4234 2090 4307">
    <p class='ocr_par' dir='ltr' id='par_1_72' title="bbox 449 4234 2090 4307">
     <span class='ocr_line' id='line_1_72' title="bbox 449 4234 2090 4307; baseline 0.003 -18"><span class='ocrx_word' id='word_1_567' title='bbox 449 4238 545 4290; x_wconf 87' lang='lat' dir='ltr'><em>tur</em></span> <span class='ocrx_word' id='word_1_568' title='bbox 572 4234 745 4306; x_wconf 83' lang='lat'><em>(322),</em></span> <span class='ocrx_word' id='word_1_569' title='bbox 780 4238 1016 4305; x_wconf 85' lang='lat' dir='ltr'><em>prepter</em></span> <span class='ocrx_word' id='word_1_570' title='bbox 1063 4234 1483 4301; x_wconf 88' lang='lat' dir='ltr'><em>innocentiam,</em></span> <span class='ocrx_word' id='word_1_571' title='bbox 1527 4240 1583 4289; x_wconf 91' lang='lat' dir='ltr'><em>et</em></span> <span class='ocrx_word' id='word_1_572' title='bbox 1630 4235 2090 4307; x_wconf 89' lang='lat' dir='ltr'><em>simplicitatem,</em></span> 
     </span>
    </p>
   </div>
   <div class='ocr_carea' id='block_1_73' title="bbox 449 4322 2090 4395">
    <p class='ocr_par' dir='ltr' id='par_1_73' title="bbox 449 4322 2090 4395">
     <span class='ocr_line' id='line_1_73' title="bbox 449 4322 2090 4395; baseline 0.002 -17"><span class='ocrx_word' id='word_1_573' title='bbox 449 4324 590 4394; x_wconf 89' lang='lat' dir='ltr'><em>sive,</em></span> <span class='ocrx_word' id='word_1_574' title='bbox 631 4322 770 4395; x_wconf 88' lang='lat' dir='ltr'><em>quia</em></span> <span class='ocrx_word' id='word_1_575' title='bbox 799 4322 883 4377; x_wconf 90' lang='lat' dir='ltr'><em>illi</em></span> <span class='ocrx_word' id='word_1_576' title='bbox 929 4322 1226 4393; x_wconf 86' lang='lat' dir='ltr'><em>conjuncti</em></span> <span class='ocrx_word' id='word_1_577' title='bbox 1275 4325 1434 4388; x_wconf 89' lang='lat' dir='ltr'><em>sunt,</em></span> <span class='ocrx_word' id='word_1_578' title='bbox 1468 4323 1539 4377; x_wconf 90' lang='lat' dir='ltr'><em>de</em></span> <span class='ocrx_word' id='word_1_579' title='bbox 1588 4340 1702 4394; x_wconf 90' lang='lat' dir='ltr'><em>quo</em></span> <span class='ocrx_word' id='word_1_580' title='bbox 1750 4325 1935 4381; x_wconf 82' lang='lat' dir='ltr'><em>Isaias</em></span> <span class='ocrx_word' id='word_1_581' title='bbox 1966 4326 2090 4383; x_wconf 89' lang='lat' dir='ltr'><em>ait:</em></span> 
     </span>
    </p>
   </div>
   <div class='ocr_carea' id='block_1_74' title="bbox 449 4409 1864 4485">
    <p class='ocr_par' dir='ltr' id='par_1_74' title="bbox 449 4409 1864 4485">
     <span class='ocr_line' id='line_1_74' title="bbox 449 4409 1864 4485; baseline 0.001 -18"><span class='ocrx_word' id='word_1_582' title='bbox 449 4412 598 4467; x_wconf 88' lang='lat' dir='ltr'><em>Sicut</em></span> <span class='ocrx_word' id='word_1_583' title='bbox 626 4414 739 4467; x_wconf 90' lang='lat' dir='ltr'><em>ovis</em></span> <span class='ocrx_word' id='word_1_584' title='bbox 768 4412 841 4467; x_wconf 82' lang='lat' dir='ltr'><em>ad</em></span> <span class='ocrx_word' id='word_1_585' title='bbox 863 4412 1186 4466; x_wconf 87' lang='lat' dir='ltr'><em>occisionem</em></span> <span class='ocrx_word' id='word_1_586' title='bbox 1213 4409 1444 4466; x_wconf 87' lang='lat' dir='ltr'><em>ducetur</em></span> <span class='ocrx_word' id='word_1_587' title='bbox 1467 4412 1594 4481; x_wconf 90' lang='lat' dir='ltr'><em>(Isa.</em></span> <span class='ocrx_word' id='word_1_588' title='bbox 1628 4429 1758 4480; x_wconf 82' lang='lat' dir='ltr'><em>LVII,</em></span> <span class='ocrx_word' id='word_1_589' title='bbox 1788 4414 1864 4485; x_wconf 90' lang='lat'><em>7).</em></span> 
     </span>
    </p>
   </div>
   <div class='ocr_carea' id='block_1_75' title="bbox 519 4492 2092 4577">
    <p class='ocr_par' dir='ltr' id='par_1_75' title="bbox 519 4492 2092 4577">
     <span class='ocr_line' id='line_1_75' title="bbox 519 4492 2092 4577; baseline 0.005 -24"><span class='ocrx_word' id='word_1_590' title='bbox 519 4499 668 4564; x_wconf 89' lang='lat' dir='ltr'><em>Quid</em></span> <span class='ocrx_word' id='word_1_591' title='bbox 702 4503 899 4554; x_wconf 88' lang='lat' dir='ltr'><em>autem</em></span> <span class='ocrx_word' id='word_1_592' title='bbox 931 4500 991 4553; x_wconf 91' lang='lat' dir='ltr'><em>in</em></span> <span class='ocrx_word' id='word_1_593' title='bbox 1021 4498 1115 4554; x_wconf 90' lang='lat' dir='ltr'><em>his</em></span> <span class='ocrx_word' id='word_1_594' title='bbox 1165 4504 1342 4571; x_wconf 89' lang='lat' dir='ltr'><em>agant</em></span> <span class='ocrx_word' id='word_1_595' title='bbox 1384 4500 1553 4571; x_wconf 88' lang='grc'>(323),</span> <span class='ocrx_word' id='word_1_596' title='bbox 1600 4518 1713 4556; x_wconf 89' lang='lat' dir='ltr'><em>non</em></span> <span class='ocrx_word' id='word_1_597' title='bbox 1763 4492 2092 4577; x_wconf 59' lang='lat' dir='ltr'><em>deﬁcimur,</em></span> 
     </span>
    </p>
   </div>
   <div class='ocr_carea' id='block_1_76' title="bbox 2197 3343 3809 3422">
    <p class='ocr_par' dir='ltr' id='par_1_76' title="bbox 2197 3343 3809 3422">
     <span class='ocr_line' id='line_1_76' title="bbox 2197 3343 3809 3422; baseline -0.006 -16"><span class='ocrx_word' id='word_1_598' title='bbox 2197 3350 2533 3420; x_wconf 89' lang='lat' dir='ltr'><em>cipiendum</em></span> <span class='ocrx_word' id='word_1_599' title='bbox 2564 3354 2672 3418; x_wconf 90' lang='lat' dir='ltr'><em>est,</em></span> <span class='ocrx_word' id='word_1_600' title='bbox 2704 3349 2776 3405; x_wconf 92' lang='lat' dir='ltr'><em>de</em></span> <span class='ocrx_word' id='word_1_601' title='bbox 2806 3366 2924 3421; x_wconf 90' lang='lat' dir='ltr'><em>qua</em></span> <span class='ocrx_word' id='word_1_602' title='bbox 2953 3350 3233 3405; x_wconf 89' lang='lat' dir='ltr'><em>Dominus</em></span> <span class='ocrx_word' id='word_1_603' title='bbox 3261 3349 3320 3406; x_wconf 91' lang='lat' dir='ltr'><em>in</em></span> <span class='ocrx_word' id='word_1_604' title='bbox 3357 3345 3681 3422; x_wconf 86' lang='lat' dir='ltr'><em>Evangelio.</em></span> <span class='ocrx_word' id='word_1_605' title='bbox 3705 3343 3809 3399; x_wconf 81' lang='lat' dir='ltr'><em>Cum</em></span> 
     </span>
    </p>
   </div>
   <div class='ocr_carea' id='block_1_77' title="bbox 2195 3434 3807 3510">
    <p class='ocr_par' dir='ltr' id='par_1_77' title="bbox 2195 3434 3807 3510">
     <span class='ocr_line' id='line_1_77' title="bbox 2195 3434 3807 3510; baseline -0.006 -15"><span class='ocrx_word' id='word_1_606' title='bbox 2195 3441 2358 3510; x_wconf 81' lang='lat' dir='ltr'><em>[ortis</em></span> <span class='ocrx_word' id='word_1_607' title='bbox 2380 3441 2628 3494; x_wconf 87' lang='lat' dir='ltr'><em>armatus</em></span> <span class='ocrx_word' id='word_1_608' title='bbox 2647 3438 2882 3494; x_wconf 88' lang='lat' dir='ltr'><em>custodit</em></span> <span class='ocrx_word' id='word_1_609' title='bbox 2903 3440 3115 3494; x_wconf 88' lang='lat' dir='ltr'><em>atrium</em></span> <span class='ocrx_word' id='word_1_610' title='bbox 3134 3455 3293 3494; x_wconf 89' lang='lat' dir='ltr'><em>suum</em></span> <span class='ocrx_word' id='word_1_611' title='bbox 3312 3439 3470 3510; x_wconf 88' lang='lat' dir='ltr'><em>(Luc.</em></span> <span class='ocrx_word' id='word_1_612' title='bbox 3492 3454 3571 3501; x_wconf 77' lang='lat' dir='ltr'><em>x1,</em></span> <span class='ocrx_word' id='word_1_613' title='bbox 3597 3434 3698 3505; x_wconf 86' lang='grc'>21),</span> <span class='ocrx_word' id='word_1_614' title='bbox 3724 3436 3807 3488; x_wconf 77' lang='lat' dir='ltr'><em>etc.</em></span> 
     </span>
    </p>
   </div>
   <div class='ocr_carea' id='block_1_78' title="bbox 2197 3520 3809 3600">
    <p class='ocr_par' dir='ltr' id='par_1_78' title="bbox 2197 3520 3809 3600">
     <span class='ocr_line' id='line_1_78' title="bbox 2197 3520 3809 3600; baseline -0.004 -16"><span class='ocrx_word' id='word_1_615' title='bbox 2197 3528 2419 3585; x_wconf 90' lang='lat' dir='ltr'><em>Horum</em></span> <span class='ocrx_word' id='word_1_616' title='bbox 2451 3526 2730 3583; x_wconf 88' lang='lat' dir='ltr'><em>fortitudo</em></span> <span class='ocrx_word' id='word_1_617' title='bbox 2763 3543 3034 3600; x_wconf 88' lang='lat' dir='ltr'><em>separare</em></span> <span class='ocrx_word' id='word_1_618' title='bbox 3065 3545 3178 3584; x_wconf 91' lang='lat' dir='ltr'><em>non</em></span> <span class='ocrx_word' id='word_1_619' title='bbox 3209 3531 3428 3599; x_wconf 88' lang='lat' dir='ltr'><em>potest,</em></span> <span class='ocrx_word' id='word_1_620' title='bbox 3458 3523 3719 3599; x_wconf 86' lang='lat' dir='ltr'><em>quoniam</em></span> <span class='ocrx_word' id='word_1_621' title='bbox 3742 3520 3809 3573; x_wconf 82' lang='lat' dir='ltr'><em>in-</em></span> 
     </span>
    </p>
   </div>
   <div class='ocr_carea' id='block_1_79' title="bbox 2199 3615 3376 3688">
    <p class='ocr_par' dir='ltr' id='par_1_79' title="bbox 2199 3615 3376 3688">
     <span class='ocr_line' id='line_1_79' title="bbox 2199 3615 3376 3688; baseline -0.003 -16"><span class='ocrx_word' id='word_1_622' title='bbox 2199 3615 2673 3688; x_wconf 89' lang='lat' dir='ltr'><em>comparabiliter</em></span> <span class='ocrx_word' id='word_1_623' title='bbox 2700 3615 2818 3672; x_wconf 88' lang='lat' dir='ltr'><em>illis</em></span> <span class='ocrx_word' id='word_1_624' title='bbox 2849 3616 3053 3672; x_wconf 89' lang='lat' dir='ltr'><em>fortior</em></span> <span class='ocrx_word' id='word_1_625' title='bbox 3080 3620 3170 3673; x_wconf 91' lang='lat' dir='ltr'><em>est</em></span> <span class='ocrx_word' id='word_1_626' title='bbox 3196 3616 3376 3674; x_wconf 88' lang='lat' dir='ltr'><em>Deus.</em></span> 
     </span>
    </p>
   </div>
   <div class='ocr_carea' id='block_1_80' title="bbox 2272 3695 3807 3777">
    <p class='ocr_par' dir='ltr' id='par_1_80' title="bbox 2272 3695 3807 3777">
     <span class='ocr_line' id='line_1_80' title="bbox 2272 3695 3807 3777; baseline -0.007 -17"><span class='ocrx_word' id='word_1_627' title='bbox 2272 3704 2633 3760; x_wconf 84' lang='lat' dir='ltr'><em>Altitudinem</em></span> <span class='ocrx_word' id='word_1_628' title='bbox 2662 3703 2806 3775; x_wconf 63' lang='lat' dir='ltr'><em>coeli,</em></span> <span class='ocrx_word' id='word_1_629' title='bbox 2839 3709 2896 3761; x_wconf 87' lang='lat' dir='ltr'><em>et</em></span> <span class='ocrx_word' id='word_1_630' title='bbox 2924 3705 3260 3777; x_wconf 85' lang='lat' dir='ltr'><em>profundum</em></span> <span class='ocrx_word' id='word_1_631' title='bbox 3288 3709 3458 3762; x_wconf 84' lang='lat' dir='ltr'><em>terrae</em></span> <span class='ocrx_word' id='word_1_632' title='bbox 3490 3702 3657 3759; x_wconf 86' lang='lat' dir='ltr'><em>dicit:</em></span> <span class='ocrx_word' id='word_1_633' title='bbox 3685 3695 3807 3753; x_wconf 88' lang='lat' dir='ltr'><em>unde</em></span> 
     </span>
    </p>
   </div>
   <div class='ocr_carea' id='block_1_81' title="bbox 2198 3790 3806 3866">
    <p class='ocr_par' dir='ltr' id='par_1_81' title="bbox 2198 3790 3806 3866">
     <span class='ocr_line' id='line_1_81' title="bbox 2198 3790 3806 3866; baseline -0.006 -19"><span class='ocrx_word' id='word_1_634' title='bbox 2198 3793 2381 3850; x_wconf 87' lang='lat' dir='ltr'><em>Isaias</em></span> <span class='ocrx_word' id='word_1_635' title='bbox 2409 3793 2672 3866; x_wconf 88' lang='lat' dir='ltr'><em>loquitur</em></span> <span class='ocrx_word' id='word_1_636' title='bbox 2699 3794 2771 3849; x_wconf 90' lang='lat' dir='ltr'><em>ad</em></span> <span class='ocrx_word' id='word_1_637' title='bbox 2798 3793 2987 3849; x_wconf 90' lang='lat' dir='ltr'><em>Achaz</em></span> <span class='ocrx_word' id='word_1_638' title='bbox 3020 3812 3034 3850; x_wconf 93' lang='lat'><em>:</em></span> <span class='ocrx_word' id='word_1_639' title='bbox 3067 3796 3194 3850; x_wconf 87' lang='lat' dir='ltr'><em>Pete</em></span> <span class='ocrx_word' id='word_1_640' title='bbox 3212 3794 3313 3850; x_wconf 77' lang='lat' dir='ltr'><em>tibi</em></span> <span class='ocrx_word' id='word_1_641' title='bbox 3343 3796 3569 3864; x_wconf 83' lang='lat' dir='ltr'><em>signum</em></span> <span class='ocrx_word' id='word_1_642' title='bbox 3595 3808 3632 3846; x_wconf 89' lang='lat' dir='ltr'><strong><em>a</em></strong></span> <span class='ocrx_word' id='word_1_643' title='bbox 3653 3790 3806 3844; x_wconf 73' lang='lat' dir='ltr'><em>Domi-</em></span> 
     </span>
    </p>
   </div>
   <div class='ocr_carea' id='block_1_82' title="bbox 2197 3879 3807 3955">
    <p class='ocr_par' dir='ltr' id='par_1_82' title="bbox 2197 3879 3807 3955">
     <span class='ocr_line' id='line_1_82' title="bbox 2197 3879 3807 3955; baseline -0.006 -18"><span class='ocrx_word' id='word_1_644' title='bbox 2197 3898 2273 3937; x_wconf 90' lang='lat' dir='ltr'><em>no</em></span> <span class='ocrx_word' id='word_1_645' title='bbox 2302 3883 2429 3948; x_wconf 88' lang='lat' dir='ltr'><em>Deo,</em></span> <span class='ocrx_word' id='word_1_646' title='bbox 2461 3885 2575 3939; x_wconf 90' lang='lat' dir='ltr'><em>sive</em></span> <span class='ocrx_word' id='word_1_647' title='bbox 2603 3883 2663 3938; x_wconf 88' lang='lat' dir='ltr'><em>in</em></span> <span class='ocrx_word' id='word_1_648' title='bbox 2692 3883 2899 3939; x_wconf 72' lang='lat' dir='ltr'><em>excelso</em></span> <span class='ocrx_word' id='word_1_649' title='bbox 2928 3899 3118 3955; x_wconf 92' lang='lat' dir='ltr'><em>supra,</em></span> <span class='ocrx_word' id='word_1_650' title='bbox 3149 3885 3266 3939; x_wconf 90' lang='lat' dir='ltr'><em>sive</em></span> <span class='ocrx_word' id='word_1_651' title='bbox 3294 3885 3356 3938; x_wconf 88' lang='lat' dir='ltr'><em>in</em></span> <span class='ocrx_word' id='word_1_652' title='bbox 3403 3890 3556 3939; x_wconf 85' lang='lat' dir='ltr'><em>terra</em></span> <span class='ocrx_word' id='word_1_653' title='bbox 3598 3879 3807 3934; x_wconf 77' lang='lat' dir='ltr'><em>deorsum</em></span> 
     </span>
    </p>
   </div>
   <div class='ocr_carea' id='block_1_83' title="bbox 2202 3967 3805 4039">
    <p class='ocr_par' dir='ltr' id='par_1_83' title="bbox 2202 3967 3805 4039">
     <span class='ocr_line' id='line_1_83' title="bbox 2202 3967 3805 4039; baseline -0.002 -12"><span class='ocrx_word' id='word_1_654' title='bbox 2202 3972 2370 4039; x_wconf 89' lang='grc'>(328).</span> <span class='ocrx_word' id='word_1_655' title='bbox 2403 3972 2473 4026; x_wconf 86' lang='lat' dir='ltr'><em>Et</em></span> <span class='ocrx_word' id='word_1_656' title='bbox 2504 3974 2594 4027; x_wconf 88' lang='lat' dir='ltr'><em>est</em></span> <span class='ocrx_word' id='word_1_657' title='bbox 2638 3989 2849 4028; x_wconf 88' lang='lat' dir='ltr'><em>sensus</em></span> <span class='ocrx_word' id='word_1_658' title='bbox 2882 3988 2895 4026; x_wconf 96' lang='lat'><em>:</em></span> <span class='ocrx_word' id='word_1_659' title='bbox 2927 3975 3064 4027; x_wconf 88' lang='lat' dir='ltr'><em>Pete</em></span> <span class='ocrx_word' id='word_1_660' title='bbox 3093 3972 3198 4027; x_wconf 91' lang='lat' dir='ltr'><em>tibi</em></span> <span class='ocrx_word' id='word_1_661' title='bbox 3249 3971 3378 4029; x_wconf 63' lang='lat' dir='ltr'><em>caeli</em></span> <span class='ocrx_word' id='word_1_662' title='bbox 3411 3967 3805 4027; x_wconf 74' lang='lat' dir='ltr'><em>reserationem.</em></span> 
     </span>
    </p>
   </div>
   <div class='ocr_carea' id='block_1_84' title="bbox 2201 4046 3808 4132">
    <p class='ocr_par' dir='ltr' id='par_1_84' title="bbox 2201 4046 3808 4132">
     <span class='ocr_line' id='line_1_84' title="bbox 2201 4046 3808 4132; baseline -0.005 -17"><span class='ocrx_word' id='word_1_663' title='bbox 2201 4064 2257 4115; x_wconf 91' lang='lat' dir='ltr'><em>et</em></span> <span class='ocrx_word' id='word_1_664' title='bbox 2286 4064 2449 4115; x_wconf 82' lang='lat' dir='ltr'><em>terres</em></span> <span class='ocrx_word' id='word_1_665' title='bbox 2480 4060 2862 4131; x_wconf 89' lang='lat' dir='ltr'><em>apertionem,</em></span> <span class='ocrx_word' id='word_1_666' title='bbox 2898 4065 2983 4126; x_wconf 89' lang='lat' dir='ltr'><em>ut,</em></span> <span class='ocrx_word' id='word_1_667' title='bbox 3016 4060 3159 4115; x_wconf 90' lang='lat' dir='ltr'><em>dum</em></span> <span class='ocrx_word' id='word_1_668' title='bbox 3189 4060 3404 4116; x_wconf 88' lang='lat' dir='ltr'><em>videris</em></span> <span class='ocrx_word' id='word_1_669' title='bbox 3434 4075 3559 4132; x_wconf 61' lang='lat' dir='ltr'><em>quae</em></span> <span class='ocrx_word' id='word_1_670' title='bbox 3590 4067 3727 4112; x_wconf 89' lang='lat' dir='ltr'><em>nunc</em></span> <span class='ocrx_word' id='word_1_671' title='bbox 3748 4046 3808 4103; x_wconf 79' lang='lat' dir='ltr'><em>vi-</em></span> 
     </span>
    </p>
   </div>
   <div class='ocr_carea' id='block_1_85' title="bbox 2201 4148 3249 4215">
    <p class='ocr_par' dir='ltr' id='par_1_85' title="bbox 2201 4148 3249 4215">
     <span class='ocr_line' id='line_1_85' title="bbox 2201 4148 3249 4215; baseline 0.001 -13"><span class='ocrx_word' id='word_1_672' title='bbox 2201 4148 2363 4215; x_wconf 88' lang='lat' dir='ltr'><em>disti,</em></span> <span class='ocrx_word' id='word_1_673' title='bbox 2392 4148 2596 4204; x_wconf 87' lang='lat' dir='ltr'><em>credas</em></span> <span class='ocrx_word' id='word_1_674' title='bbox 2628 4150 2870 4203; x_wconf 92' lang='lat' dir='ltr'><em>Domino</em></span> <span class='ocrx_word' id='word_1_675' title='bbox 2901 4148 3017 4204; x_wconf 91' lang='lat' dir='ltr'><em>Deo</em></span> <span class='ocrx_word' id='word_1_676' title='bbox 3052 4149 3249 4205; x_wconf 88' lang='lat' dir='ltr'><em>Israel.</em></span> 
     </span>
    </p>
   </div>
   <div class='ocr_carea' id='block_1_86' title="bbox 2279 4221 3807 4311">
    <p class='ocr_par' dir='ltr' id='par_1_86' title="bbox 2279 4221 3807 4311">
     <span class='ocr_line' id='line_1_86' title="bbox 2279 4221 3807 4311; baseline -0.001 -20"><span class='ocrx_word' id='word_1_677' title='bbox 2279 4238 2405 4292; x_wconf 79' lang='lat' dir='ltr'><em>Haec</em></span> <span class='ocrx_word' id='word_1_678' title='bbox 2436 4236 2632 4308; x_wconf 88' lang='lat' dir='ltr'><em>itaque</em></span> <span class='ocrx_word' id='word_1_679' title='bbox 2663 4253 2935 4310; x_wconf 87' lang='lat' dir='ltr'><em>separare</em></span> <span class='ocrx_word' id='word_1_680' title='bbox 2961 4253 3077 4292; x_wconf 90' lang='lat' dir='ltr'><em>non</em></span> <span class='ocrx_word' id='word_1_681' title='bbox 3106 4244 3373 4310; x_wconf 87' lang='lat' dir='ltr'><em>possunt,</em></span> <span class='ocrx_word' id='word_1_682' title='bbox 3406 4234 3696 4311; x_wconf 89' lang='lat' dir='ltr'><em>quoniam,</em></span> <span class='ocrx_word' id='word_1_683' title='bbox 3721 4221 3807 4311; x_wconf 51' lang='lat' dir='ltr'><em>etsi</em></span> 
     </span>
    </p>
   </div>
   <div class='ocr_carea' id='block_1_87' title="bbox 2201 4309 3802 4399">
    <p class='ocr_par' dir='ltr' id='par_1_87' title="bbox 2201 4309 3802 4399">
     <span class='ocr_line' id='line_1_87' title="bbox 2201 4309 3802 4399; baseline -0.009 -16"><span class='ocrx_word' id='word_1_684' title='bbox 2201 4325 2329 4383; x_wconf 72' lang='grc' dir='ltr'><em>οωιί</em></span> <span class='ocrx_word' id='word_1_685' title='bbox 2364 4326 2681 4394; x_wconf 90' lang='lat' dir='ltr'><em>occultum,</em></span> <span class='ocrx_word' id='word_1_686' title='bbox 2713 4309 2769 4382; x_wconf 87' lang='lat' dir='ltr'><em>et</em></span> <span class='ocrx_word' id='word_1_687' title='bbox 2816 4331 2984 4382; x_wconf 72' lang='lat' dir='ltr'><em>terras</em></span> <span class='ocrx_word' id='word_1_688' title='bbox 3031 4309 3323 4383; x_wconf 87' lang='lat' dir='ltr'><em>secretum</em></span> <span class='ocrx_word' id='word_1_689' title='bbox 3376 4309 3661 4399; x_wconf 86' lang='lat' dir='ltr'><em>appareat,</em></span> <span class='ocrx_word' id='word_1_690' title='bbox 3691 4309 3802 4373; x_wconf 81' lang='lat' dir='ltr'><em>nihil</em></span> 
     </span>
    </p>
   </div>
   <div class='ocr_carea' id='block_1_88' title="bbox 2202 4399 3805 4488">
    <p class='ocr_par' dir='ltr' id='par_1_88' title="bbox 2202 4399 3805 4488">
     <span class='ocr_line' id='line_1_88' title="bbox 2202 4399 3805 4488; baseline -0.006 -18"><span class='ocrx_word' id='word_1_691' title='bbox 2202 4420 2399 4471; x_wconf 86' lang='lat' dir='ltr'><em>tamen</em></span> <span class='ocrx_word' id='word_1_692' title='bbox 2431 4416 2490 4470; x_wconf 90' lang='lat' dir='ltr'><em>in</em></span> <span class='ocrx_word' id='word_1_693' title='bbox 2546 4415 2619 4471; x_wconf 90' lang='lat' dir='ltr'><em>iis</em></span> <span class='ocrx_word' id='word_1_694' title='bbox 2669 4414 2881 4471; x_wconf 89' lang='lat' dir='ltr'><em>melius</em></span> <span class='ocrx_word' id='word_1_695' title='bbox 2913 4416 3039 4488; x_wconf 90' lang='lat' dir='ltr'><em>ipso</em></span> <span class='ocrx_word' id='word_1_696' title='bbox 3089 4416 3205 4472; x_wconf 91' lang='lat' dir='ltr'><em>Deo</em></span> <span class='ocrx_word' id='word_1_697' title='bbox 3236 4416 3409 4488; x_wconf 86' lang='lat'><em>(329),</em></span> <span class='ocrx_word' id='word_1_698' title='bbox 3461 4413 3560 4487; x_wconf 91' lang='lat' dir='ltr'><em>qui</em></span> <span class='ocrx_word' id='word_1_699' title='bbox 3587 4426 3646 4467; x_wconf 87' lang='lat' dir='ltr'><em>se</em></span> <span class='ocrx_word' id='word_1_700' title='bbox 3672 4399 3805 4463; x_wconf 77' lang='lat' dir='ltr'><em>nobis</em></span> 
     </span>
    </p>
   </div>
   <div class='ocr_carea' id='block_1_89' title="bbox 2205 4503 2801 4575">
    <p class='ocr_par' dir='ltr' id='par_1_89' title="bbox 2205 4503 2801 4575">
     <span class='ocr_line' id='line_1_89' title="bbox 2205 4503 2801 4575; baseline 0 -16"><span class='ocrx_word' id='word_1_701' title='bbox 2205 4505 2480 4559; x_wconf 79' lang='lat' dir='ltr'><em>daturum</em></span> <span class='ocrx_word' id='word_1_702' title='bbox 2512 4503 2801 4575; x_wconf 89' lang='lat' dir='ltr'><em>promisit.</em></span> 
     </span>
    </p>
   </div>
   <div class='ocr_carea' id='block_1_90' title="bbox 451 4572 3806 4666">
    <p class='ocr_par' dir='ltr' id='par_1_90' title="bbox 451 4572 3806 4666">
     <span class='ocr_line' id='line_1_90' title="bbox 451 4572 3806 4666; baseline 0 -22"><span class='ocrx_word' id='word_1_703' title='bbox 451 4605 567 4644; x_wconf 89' lang='lat' dir='ltr'><em>non</em></span> <span class='ocrx_word' id='word_1_704' title='bbox 600 4587 883 4659; x_wconf 85' lang='lat' dir='ltr'><em>perimus,</em></span> <span class='ocrx_word' id='word_1_705' title='bbox 913 4587 1005 4642; x_wconf 87' lang='lat' dir='ltr'><em>sed</em></span> <span class='ocrx_word' id='word_1_706' title='bbox 1048 4604 1374 4659; x_wconf 88' lang='lat' dir='ltr'><em>superamus</em></span> <span class='ocrx_word' id='word_1_707' title='bbox 1421 4590 1482 4645; x_wconf 88' lang='lat' dir='ltr'><em>in</em></span> <span class='ocrx_word' id='word_1_708' title='bbox 1532 4591 1800 4648; x_wconf 85' lang='lat' dir='ltr'><em>omnibus.</em></span> <span class='ocrx_word' id='word_1_709' title='bbox 1830 4572 1943 4649; x_wconf 81' lang='lat' dir='ltr'><em>Ubi</em></span> <span class='ocrx_word' id='word_1_710' title='bbox 1988 4572 2092 4650; x_wconf 55' lang='lat' dir='ltr'><em>no;</em></span> <span class='ocrx_word' id='word_1_711' title='bbox 2124 4604 2171 4666; x_wconf 84' lang='lat'><em>1)</em></span> <span class='ocrx_word' id='word_1_712' title='bbox 2275 4572 2553 4664; x_wconf 73' lang='lat' dir='ltr'><em>Sequitur</em></span> <span class='ocrx_word' id='word_1_713' title='bbox 2585 4610 2598 4649; x_wconf 92' lang='lat'><em>:</em></span> <span class='ocrx_word' id='word_1_714' title='bbox 2630 4594 2811 4665; x_wconf 85' lang='lat' dir='ltr'><em>Neque</em></span> <span class='ocrx_word' id='word_1_715' title='bbox 2829 4601 3089 4649; x_wconf 88' lang='lat' dir='ltr'><em>creatura</em></span> <span class='ocrx_word' id='word_1_716' title='bbox 3119 4593 3235 4649; x_wconf 90' lang='lat' dir='ltr'><em>alia</em></span> <span class='ocrx_word' id='word_1_717' title='bbox 3259 4609 3357 4649; x_wconf 89' lang='lat' dir='ltr'><em>nos</em></span> <span class='ocrx_word' id='word_1_718' title='bbox 3374 4592 3573 4663; x_wconf 83' lang='lat' dir='ltr'><em>poterit</em></span> <span class='ocrx_word' id='word_1_719' title='bbox 3590 4572 3806 4658; x_wconf 46' lang='lat' dir='ltr'><em>separare</em></span> 
     </span>
    </p>
   </div>
   <div class='ocr_carea' id='block_1_91' title="bbox 452 4675 2098 4753">
    <p class='ocr_par' dir='ltr' id='par_1_91' title="bbox 452 4675 2098 4753">
     <span class='ocr_line' id='line_1_91' title="bbox 452 4675 2098 4753; baseline 0.004 -19"><span class='ocrx_word' id='word_1_720' title='bbox 452 4677 724 4744; x_wconf 88' lang='lat' dir='ltr'><em>tandum,</em></span> <span class='ocrx_word' id='word_1_721' title='bbox 756 4675 896 4748; x_wconf 90' lang='lat' dir='ltr'><em>quia</em></span> <span class='ocrx_word' id='word_1_722' title='bbox 925 4692 1037 4731; x_wconf 88' lang='lat' dir='ltr'><em>non</em></span> <span class='ocrx_word' id='word_1_723' title='bbox 1083 4676 1163 4732; x_wconf 93' lang='lat' dir='ltr'><em>ait</em></span> <span class='ocrx_word' id='word_1_724' title='bbox 1193 4682 1444 4746; x_wconf 89' lang='lat' dir='ltr'><em>tantum,</em></span> <span class='ocrx_word' id='word_1_725' title='bbox 1493 4680 1555 4733; x_wconf 89' lang='lat' dir='ltr'><em>in</em></span> <span class='ocrx_word' id='word_1_726' title='bbox 1583 4679 1683 4748; x_wconf 83' lang='lat' dir='ltr'><em>his,</em></span> <span class='ocrx_word' id='word_1_727' title='bbox 1716 4682 1816 4737; x_wconf 90' lang='lat' dir='ltr'><em>sed</em></span> <span class='ocrx_word' id='word_1_728' title='bbox 1850 4684 2098 4753; x_wconf 87' lang='lat' dir='ltr'><em>addidit,</em></span> 
     </span>
    </p>
   </div>
   <div class='ocr_carea' id='block_1_92' title="bbox 453 4766 2096 4838">
    <p class='ocr_par' dir='ltr' id='par_1_92' title="bbox 453 4766 2096 4838">
     <span class='ocr_line' id='line_1_92' title="bbox 453 4766 2096 4838; baseline 0.003 -14"><span class='ocrx_word' id='word_1_729' title='bbox 453 4767 724 4824; x_wconf 87' lang='lat' dir='ltr'><em>omnibus.</em></span> <span class='ocrx_word' id='word_1_730' title='bbox 757 4766 955 4823; x_wconf 91' lang='lat' dir='ltr'><em>Potest</em></span> <span class='ocrx_word' id='word_1_731' title='bbox 984 4766 1141 4822; x_wconf 92' lang='lat' dir='ltr'><em>enim</em></span> <span class='ocrx_word' id='word_1_732' title='bbox 1194 4766 1409 4838; x_wconf 86' lang='lat' dir='ltr'><em>aliquis</em></span> <span class='ocrx_word' id='word_1_733' title='bbox 1439 4768 1874 4827; x_wconf 87' lang='lat' dir='ltr'><em>tribulationem</em></span> <span class='ocrx_word' id='word_1_734' title='bbox 1907 4778 1964 4828; x_wconf 89' lang='lat' dir='ltr'><em>et</em></span> <span class='ocrx_word' id='word_1_735' title='bbox 1993 4791 2096 4829; x_wconf 88' lang='lat' dir='ltr'><em>an-</em></span> 
     </span>
    </p>
   </div>
   <div class='ocr_carea' id='block_1_93' title="bbox 454 4855 2104 4929">
    <p class='ocr_par' dir='ltr' id='par_1_93' title="bbox 454 4855 2104 4929">
     <span class='ocr_line' id='line_1_93' title="bbox 454 4855 2104 4929; baseline 0.003 -17"><span class='ocrx_word' id='word_1_736' title='bbox 454 4855 710 4929; x_wconf 88' lang='lat' dir='ltr'><em>gustiam</em></span> <span class='ocrx_word' id='word_1_737' title='bbox 741 4872 1020 4928; x_wconf 87' lang='lat' dir='ltr'><em>superare</em></span> <span class='ocrx_word' id='word_1_738' title='bbox 1052 4872 1065 4912; x_wconf 94' lang='lat'><em>:</em></span> <span class='ocrx_word' id='word_1_739' title='bbox 1098 4873 1322 4924; x_wconf 90' lang='lat' dir='ltr'><em>verum,</em></span> <span class='ocrx_word' id='word_1_740' title='bbox 1355 4856 1468 4912; x_wconf 75' lang='lat' dir='ltr'><em>nisi</em></span> <span class='ocrx_word' id='word_1_741' title='bbox 1510 4858 1687 4915; x_wconf 89' lang='lat' dir='ltr'><em>etiam</em></span> <span class='ocrx_word' id='word_1_742' title='bbox 1721 4860 1958 4929; x_wconf 88' lang='lat' dir='ltr'><em>famem,</em></span> <span class='ocrx_word' id='word_1_743' title='bbox 1990 4880 2104 4918; x_wconf 88' lang='lat' dir='ltr'><em>nu-</em></span> 
     </span>
    </p>
   </div>
   <div class='ocr_carea' id='block_1_94' title="bbox 455 4945 2104 5018">
    <p class='ocr_par' dir='ltr' id='par_1_94' title="bbox 455 4945 2104 5018">
     <span class='ocr_line' id='line_1_94' title="bbox 455 4945 2104 5018; baseline 0.004 -18"><span class='ocrx_word' id='word_1_744' title='bbox 455 4945 699 5001; x_wconf 84' lang='lat' dir='ltr'><em>ditatem</em></span> <span class='ocrx_word' id='word_1_745' title='bbox 728 4949 786 5000; x_wconf 90' lang='lat' dir='ltr'><em>et</em></span> <span class='ocrx_word' id='word_1_746' title='bbox 813 4948 1020 5002; x_wconf 70' lang='lat' dir='ltr'><em>caetera</em></span> <span class='ocrx_word' id='word_1_747' title='bbox 1048 4945 1259 5013; x_wconf 88' lang='lat' dir='ltr'><em>vincat,</em></span> <span class='ocrx_word' id='word_1_748' title='bbox 1295 4961 1410 4999; x_wconf 90' lang='lat' dir='ltr'><em>non</em></span> <span class='ocrx_word' id='word_1_749' title='bbox 1456 4945 1674 5002; x_wconf 80' lang='lat' dir='ltr'><em>sufﬁcit</em></span> <span class='ocrx_word' id='word_1_750' title='bbox 1699 4948 1769 5002; x_wconf 88' lang='lat' dir='ltr'><em>ad</em></span> <span class='ocrx_word' id='word_1_751' title='bbox 1801 4950 2104 5018; x_wconf 78' lang='lat' dir='ltr'><em>perfectio-</em></span> 
     </span>
    </p>
   </div>
   <div class='ocr_carea' id='block_1_95' title="bbox 457 5049 613 5091">
    <p class='ocr_par' dir='ltr' id='par_1_95' title="bbox 457 5049 613 5091">
     <span class='ocr_line' id='line_1_95' title="bbox 457 5049 613 5091; baseline -0.006 -2"><span class='ocrx_word' id='word_1_752' title='bbox 457 5049 613 5091; x_wconf 90' lang='lat' dir='ltr'><em>nem.</em></span> 
     </span>
    </p>
   </div>
   <div class='ocr_carea' id='block_1_96' title="bbox 528 5121 2104 5195">
    <p class='ocr_par' dir='ltr' id='par_1_96' title="bbox 528 5121 2104 5195">
     <span class='ocr_line' id='line_1_96' title="bbox 528 5121 2104 5195; baseline 0.001 -16"><span class='ocrx_word' id='word_1_753' title='bbox 528 5123 598 5179; x_wconf 87' lang='lat' dir='ltr'><em>Et</em></span> <span class='ocrx_word' id='word_1_754' title='bbox 634 5122 879 5195; x_wconf 86' lang='lat' dir='ltr'><em>pulchre</em></span> <span class='ocrx_word' id='word_1_755' title='bbox 909 5121 1068 5194; x_wconf 89' lang='lat' dir='ltr'><em>dicit,</em></span> <span class='ocrx_word' id='word_1_756' title='bbox 1089 5139 1412 5194; x_wconf 86' lang='lat' dir='ltr'><em>superamus</em></span> <span class='ocrx_word' id='word_1_757' title='bbox 1443 5142 1461 5178; x_wconf 88' lang='lat'><em>:</em></span> <span class='ocrx_word' id='word_1_758' title='bbox 1489 5123 1590 5194; x_wconf 91' lang='lat' dir='ltr'><em>qui</em></span> <span class='ocrx_word' id='word_1_759' title='bbox 1612 5123 1764 5179; x_wconf 89' lang='lat' dir='ltr'><em>enim</em></span> <span class='ocrx_word' id='word_1_760' title='bbox 1798 5123 2104 5190; x_wconf 89' lang='lat' dir='ltr'><em>vincit,su-</em></span> 
     </span>
    </p>
   </div>
   <div class='ocr_carea' id='block_1_97' title="bbox 2207 4676 3806 4763">
    <p class='ocr_par' dir='ltr' id='par_1_97' title="bbox 2207 4676 3806 4763">
     <span class='ocr_line' id='line_1_97' title="bbox 2207 4676 3806 4763; baseline -0.006 -27"><span class='ocrx_word' id='word_1_761' title='bbox 2207 4698 2243 4736; x_wconf 91' lang='lat' dir='ltr'><strong><em>a</em></strong></span> <span class='ocrx_word' id='word_1_762' title='bbox 2287 4681 2556 4737; x_wconf 88' lang='lat' dir='ltr'><em>charitate</em></span> <span class='ocrx_word' id='word_1_763' title='bbox 2584 4683 2700 4748; x_wconf 91' lang='lat' dir='ltr'><em>Dei,</em></span> <span class='ocrx_word' id='word_1_764' title='bbox 2753 4699 2872 4753; x_wconf 67' lang='lat' dir='ltr'><em>qua:</em></span> <span class='ocrx_word' id='word_1_765' title='bbox 2900 4684 2978 4738; x_wconf 88' lang='lat' dir='ltr'><em>est</em></span> <span class='ocrx_word' id='word_1_766' title='bbox 3008 4683 3068 4737; x_wconf 89' lang='lat' dir='ltr'><em>in</em></span> <span class='ocrx_word' id='word_1_767' title='bbox 3120 4681 3332 4738; x_wconf 84' lang='lat' dir='ltr'><em>Christo</em></span> <span class='ocrx_word' id='word_1_768' title='bbox 3377 4686 3527 4740; x_wconf 72' lang='lat' dir='ltr'><em>Iesu.</em></span> <span class='ocrx_word' id='word_1_769' title='bbox 3578 4676 3686 4730; x_wconf 90' lang='lat' dir='ltr'><em>Hoc</em></span> <span class='ocrx_word' id='word_1_770' title='bbox 3728 4680 3806 4763; x_wconf 47' lang='lat' dir='ltr'><em>per</em></span> 
     </span>
    </p>
   </div>
   <div class='ocr_carea' id='block_1_98' title="bbox 2207 4753 3803 4852">
    <p class='ocr_par' dir='ltr' id='par_1_98' title="bbox 2207 4753 3803 4852">
     <span class='ocr_line' id='line_1_98' title="bbox 2207 4753 3803 4852; baseline -0.01 -26"><span class='ocrx_word' id='word_1_771' title='bbox 2207 4770 2710 4842; x_wconf 86' lang='lat' dir='ltr'><em>exaggerationem</em></span> <span class='ocrx_word' id='word_1_772' title='bbox 2741 4769 2988 4839; x_wconf 86' lang='lat' dir='ltr'><em>adjecit;</em></span> <span class='ocrx_word' id='word_1_773' title='bbox 3022 4787 3088 4827; x_wconf 88' lang='lat' dir='ltr'><em>ac</em></span> <span class='ocrx_word' id='word_1_774' title='bbox 3118 4770 3167 4826; x_wconf 88' lang='lat' dir='ltr'><em>si</em></span> <span class='ocrx_word' id='word_1_775' title='bbox 3194 4770 3413 4828; x_wconf 87' lang='lat' dir='ltr'><em>diceret</em></span> <span class='ocrx_word' id='word_1_776' title='bbox 3441 4786 3457 4824; x_wconf 91' lang='lat'><em>:</em></span> <span class='ocrx_word' id='word_1_777' title='bbox 3488 4764 3593 4822; x_wconf 89' lang='lat' dir='ltr'><em>etsi</em></span> <span class='ocrx_word' id='word_1_778' title='bbox 3620 4764 3699 4852; x_wconf 76' lang='lat' dir='ltr'><em>est</em></span> 
     </span>
    </p>
   </div>
   <div class='ocr_carea' id='block_1_99' title="bbox 2212 4847 3805 4931">
    <p class='ocr_par' dir='ltr' id='par_1_99' title="bbox 2212 4847 3805 4931">
     <span class='ocr_line' id='line_1_99' title="bbox 2212 4847 3805 4931; baseline -0.005 -18"><span class='ocrx_word' id='word_1_779' title='bbox 2212 4876 2328 4929; x_wconf 88' lang='lat' dir='ltr'><em>qua</em></span> <span class='ocrx_word' id='word_1_780' title='bbox 2358 4858 2472 4914; x_wconf 88' lang='lat' dir='ltr'><em>alia</em></span> <span class='ocrx_word' id='word_1_781' title='bbox 2500 4866 2786 4928; x_wconf 89' lang='lat' dir='ltr'><em>creatura,</em></span> <span class='ocrx_word' id='word_1_782' title='bbox 2810 4876 2922 4914; x_wconf 89' lang='lat' dir='ltr'><em>non</em></span> <span class='ocrx_word' id='word_1_783' title='bbox 2948 4876 3054 4916; x_wconf 87' lang='lat' dir='ltr'><em>nos</em></span> <span class='ocrx_word' id='word_1_784' title='bbox 3076 4859 3290 4931; x_wconf 87' lang='lat' dir='ltr'><em>poterit</em></span> <span class='ocrx_word' id='word_1_785' title='bbox 3318 4871 3580 4931; x_wconf 85' lang='lat' dir='ltr'><em>separare</em></span> <span class='ocrx_word' id='word_1_786' title='bbox 3598 4869 3630 4908; x_wconf 90' lang='lat' dir='ltr'><em>a</em></span> <span class='ocrx_word' id='word_1_787' title='bbox 3655 4847 3805 4931; x_wconf 58' lang='lat' dir='ltr'><em>chat&#39;i&#39;</em></span> 
     </span>
    </p>
   </div>
   <div class='ocr_carea' id='block_1_100' title="bbox 2211 4930 3801 5027">
    <p class='ocr_par' dir='ltr' id='par_1_100' title="bbox 2211 4930 3801 5027">
     <span class='ocr_line' id='line_1_100' title="bbox 2211 4930 3801 5027; baseline -0.008 -24"><span class='ocrx_word' id='word_1_788' title='bbox 2211 4950 2330 5003; x_wconf 84' lang='lat' dir='ltr'><em>tate</em></span> <span class='ocrx_word' id='word_1_789' title='bbox 2364 4946 2482 5004; x_wconf 88' lang='lat' dir='ltr'><em>Dei.</em></span> <span class='ocrx_word' id='word_1_790' title='bbox 2508 4948 2643 5016; x_wconf 73' lang='lat' dir='ltr'><em>Quae</em></span> <span class='ocrx_word' id='word_1_791' title='bbox 2671 4957 2747 5003; x_wconf 88' lang='lat' dir='ltr'><em>est</em></span> <span class='ocrx_word' id='word_1_792' title='bbox 2775 4948 2836 5003; x_wconf 89' lang='lat' dir='ltr'><em>in</em></span> <span class='ocrx_word' id='word_1_793' title='bbox 2867 4930 3091 5004; x_wconf 86' lang='lat' dir='ltr'><em>Christo</em></span> <span class='ocrx_word' id='word_1_794' title='bbox 3122 4948 3247 5004; x_wconf 75' lang='lat' dir='ltr'><em>Iesu</em></span> <span class='ocrx_word' id='word_1_795' title='bbox 3292 4948 3452 5013; x_wconf 89' lang='lat' dir='ltr'><em>dicit,</em></span> <span class='ocrx_word' id='word_1_796' title='bbox 3482 4939 3733 5016; x_wconf 85' lang='lat' dir='ltr'><em>quoniam</em></span> <span class='ocrx_word' id='word_1_797' title='bbox 3756 4930 3801 5027; x_wconf 55' lang='lat' dir='ltr'><em>in</em></span> 
     </span>
    </p>
   </div>
   <div class='ocr_carea' id='block_1_101' title="bbox 2211 5026 3805 5108">
    <p class='ocr_par' dir='ltr' id='par_1_101' title="bbox 2211 5026 3805 5108">
     <span class='ocr_line' id='line_1_101' title="bbox 2211 5026 3805 5108; baseline -0.009 -18"><span class='ocrx_word' id='word_1_798' title='bbox 2211 5034 2339 5107; x_wconf 91' lang='lat' dir='ltr'><em>ipso</em></span> <span class='ocrx_word' id='word_1_799' title='bbox 2360 5052 2428 5091; x_wconf 86' lang='lat' dir='ltr'><em>ex</em></span> <span class='ocrx_word' id='word_1_800' title='bbox 2452 5041 2665 5092; x_wconf 87' lang='lat' dir='ltr'><em>natura</em></span> <span class='ocrx_word' id='word_1_801' title='bbox 2684 5044 2798 5104; x_wconf 88' lang='lat' dir='ltr'><em>est;</em></span> <span class='ocrx_word' id='word_1_802' title='bbox 2823 5036 3099 5108; x_wconf 88' lang='lat' dir='ltr'><em>quiaipse</em></span> <span class='ocrx_word' id='word_1_803' title='bbox 3119 5040 3208 5092; x_wconf 87' lang='lat' dir='ltr'><em>est</em></span> <span class='ocrx_word' id='word_1_804' title='bbox 3227 5034 3498 5101; x_wconf 87' lang='lat' dir='ltr'><em>charitas,</em></span> <span class='ocrx_word' id='word_1_805' title='bbox 3514 5036 3570 5088; x_wconf 88' lang='lat' dir='ltr'><em>et</em></span> <span class='ocrx_word' id='word_1_806' title='bbox 3586 5026 3805 5100; x_wconf 74' lang='lat' dir='ltr'><em>operatio</em></span> 
     </span>
    </p>
   </div>
   <div class='ocr_carea' id='block_1_102' title="bbox 2213 5111 3803 5196">
    <p class='ocr_par' dir='ltr' id='par_1_102' title="bbox 2213 5111 3803 5196">
     <span class='ocr_line' id='line_1_102' title="bbox 2213 5111 3803 5196; baseline -0.012 -15"><span class='ocrx_word' id='word_1_807' title='bbox 2213 5128 2321 5192; x_wconf 89' lang='lat' dir='ltr'><em>est,</em></span> <span class='ocrx_word' id='word_1_808' title='bbox 2354 5125 2632 5196; x_wconf 89' lang='lat' dir='ltr'><em>quoniam</em></span> <span class='ocrx_word' id='word_1_809' title='bbox 2666 5123 2982 5180; x_wconf 83' lang='lat' dir='ltr'><em>exinanivit</em></span> <span class='ocrx_word' id='word_1_810' title='bbox 3012 5124 3417 5196; x_wconf 87' lang='lat' dir='ltr'><em>semetipsum,</em></span> <span class='ocrx_word' id='word_1_811' title='bbox 3436 5125 3491 5178; x_wconf 88' lang='lat' dir='ltr'><em>et</em></span> <span class='ocrx_word' id='word_1_812' title='bbox 3519 5134 3615 5193; x_wconf 86' lang='lat' dir='ltr'><em>pro</em></span> <span class='ocrx_word' id='word_1_813' title='bbox 3640 5111 3803 5169; x_wconf 79' lang='lat' dir='ltr'><em>nostra</em></span> 
     </span>
    </p>
   </div>
  </div>
