3998 5278
182 401 296 462 317

786 401 1201 465 EXPOSITIO
1244 403 1323 463 ΙΝ
1366 399 1795 462 EPISTULAS
1839 398 2199 461 PAULL—
2229 400 2309 461 IN
2354 399 2601 463 EPIST.
2654 402 2757 462 AD
2803 398 2992 463 ROM.

3469 395 3588 456 218

185 531 375 589 salute
403 532 666 599 tradidit,
698 533 757 589 in
797 534 1015 590 sanctis
1046 550 1177 589 vero
1207 533 1333 589 sola
1362 534 1697 605 operatione
1727 548 1828 604 per
1858 536 1911 604 Α
1951 534 2100 605 optio
2126 543 2203 589 est
2232 535 2378 605 (331)
2418 534 2685 605 ﬁliorum.
2715 531 3049 588 Judaaorum
3080 533 3168 585 est
3194 528 3447 585 ﬁliorum
3480 529 3587 585 ad-

184 623 330 695 grati
340 640 436 678 am
470 623 572 679 Dei
605 625 773 695 (330).

255 715 441 778 Quam
496 718 560 767 ut
607 713 718 767 sibi
758 714 936 769 etiam
980 713 1171 768 inesse
1202 714 1553 779 ostenderet,
1585 712 1783 767 intulit
1818 729 1830 767 :

187 802 449 872 Optabam
479 804 627 857 enim
655 818 754 870 ego
786 805 899 872 ipse
926 805 1217 859 anathema
1255 820 1365 858 esse
1412 821 1445 857 a
1495 805 1707 859 Christo
1734 819 1835 874 pro

184 892 459 963 fratribus
480 894 634 957 meis,
655 896 762 947 etc.
785 892 855 947 Ut
879 898 1072 948 autem
1106 893 1217 947 sibi
1241 893 1459 948 arctius
1479 894 1831 958 crederetur,

186 980 472 1053 praemisit
527 981 971 1051 jusjurandum,
1034 983 1294 1038 dicens:
1362 984 1652 1038 Veritatem
1717 983 1835 1038 dico

185 1070 347 1140 (ΟΑΡ.
374 1069 464 1140 ΙΧ)
489 1085 501 1123 :
531 1074 610 1134 et,
633 1074 697 1123 ut
719 1070 908 1142 magis
931 1071 1104 1126 etiam
1128 1071 1237 1127 sibi
1265 1072 1410 1127 ﬁdes
1437 1072 1837 1128 accommoda-

185 1164 368 1226 retur,
400 1158 626 1214 addidit
660 1175 672 1214 :
722 1161 785 1215 In
823 1159 1037 1216 Christo
1067 1177 1174 1216 non
1206 1162 1461 1217 mentior.
1498 1163 1564 1215 Et
1595 1161 1835 1233 pulchre

183 1248 284 1311 ait,
315 1250 375 1301 in
409 1247 622 1303 Christo
644 1266 662 1303 :
695 1249 1033 1320 quicunque
1063 1250 1219 1304 enim
1249 1250 1550 1305 veritatem
1583 1250 1834 1321 loquun-

181 1342 299 1402 tur,
328 1336 388 1392 in
409 1336 641 1392 Christo
667 1338 1009 1409 loquuntur,
1036 1339 1313 1409 quoniam
1336 1338 1462 1410 ipse
1481 1344 1570 1394 est
1600 1338 1833 1394 veritas.

248 1425 371 1480 Cur
400 1431 597 1481 autem
645 1426 767 1481 hac
816 1428 1184 1498 praemiserit,
1214 1428 1471 1483 ostendit
1506 1445 1518 1482 :
1571 1428 1837 1496 Quoniam

182 1517 417 1571 tristitia
443 1524 522 1571 est
549 1516 692 1570 mihi
709 1533 932 1587 magna,
954 1519 1003 1571 et
1034 1519 1328 1573 continuus
1348 1518 1501 1573 dolor
1518 1517 1672 1572 cordi
1696 1533 1835 1572 meo.

184 1605 289 1661 Ubi
318 1605 703 1676 quaerendum
725 1610 835 1674 est,
860 1622 1040 1677 quare
1068 1606 1179 1660 sibi
1202 1607 1393 1661 inesse
1414 1606 1713 1661 tristitiam
1743 1623 1835 1661 as-

182 1694 345 1763 serit,
372 1710 508 1749 cum
540 1693 816 1749 Salomon
848 1695 1003 1750 dicat
1028 1711 1041 1749 :
1074 1695 1356 1767 Quidquid
1384 1696 1643 1750 acciderit
1662 1696 1835 1766 justo,

181 1799 289 1839 non
311 1784 660 1838 contristabit
677 1799 803 1838 eum
825 1783 1007 1853 (Prov.
1030 1800 1131 1853 x11,
1156 1784 1268 1852 21).
1294 1790 1379 1838 An
1414 1784 1463 1839 is
1489 1786 1690 1853 justus
1723 1800 1836 1838 non

188 1874 348 1929 erat?
380 1871 527 1935 Quia
550 1888 687 1943 ergo
715 1873 786 1928 de
806 1873 934 1943 ejus
956 1872 1193 1943 justitia
1216 1873 1417 1929 nullus
1442 1873 1690 1940 dubitat,
1714 1874 1842 1945 ipse

190 1961 341 2016 hanc
370 1961 752 2032 quaestionem
777 1961 979 2017 solvat.
1000 1962 1152 2017 Dicit
1173 1966 1369 2018 autem
1396 1962 1566 2017 alibi:
1593 1964 1841 2018 Tristitia

192 2050 387 2106 seculi
413 2051 530 2121 ejus
559 2060 787 2106 mortem
815 2060 1114 2121 operatur;
1145 2052 1376 2106 tristitia
1417 2068 1556 2118 vero,
1591 2067 1715 2122 quae
1758 2068 1839 2107 se-

199 2140 445 2194 cundum
470 2139 641 2193 Deum
687 2147 783 2207 est,
813 2140 1189 2210 paenitentiam
1238 2142 1298 2195 in
1318 2141 1549 2195 salutem
1589 2142 1841 2195 stabilem

200 2228 263 2297 (ll
290 2228 411 2283 Cor.
445 2243 545 2292 vn,
577 2229 686 2299 10).
720 2229 1088 2284 Tristabatur
1121 2245 1276 2300 ergo.
1312 2231 1412 2284 sed
1443 2229 1545 2283 illa
1574 2230 1837 2299 tristitia,

208 2332 321 2387 qua
352 2317 675 2372 secundum
708 2317 891 2372 Deum
924 2322 1033 2383 est,
1066 2318 1282 2389 quippe
1315 2336 1416 2388 pro
1450 2334 1689 2373 suorum
1727 2319 1837 2372 fra-

202 2408 337 2458 trem
368 2403 579 2459 salute.
614 2405 778 2460 Unde
808 2406 920 2461 sibi
953 2407 1212 2462 dolorem
1245 2408 1419 2462 etiam
1451 2407 1643 2462 inesse
1675 2407 1835 2474 dicit,

190 2496 381 2547 etnon
404 2510 835 2565 quemcunque,
860 2495 961 2550 sed
983 2494 1330 2549 continuum
1358 2511 1371 2551 :
1405 2496 1665 2567 Optabam
1686 2497 1839 2550 enim

185 2596 273 2651 ego
304 2583 426 2653 ipse
453 2583 751 2638 anathema
781 2600 890 2638 esse
936 2602 972 2638 a
1011 2583 1223 2638 Christo
1253 2600 1351 2655 pro
1378 2587 1651 2654 [ratribus
1678 2586 1833 2639 meis.

182 2669 555 2727 Incredibilis
584 2676 674 2726 est
714 2672 837 2727 haec
868 2672 1141 2728 Charitas.
1176 2674 1282 2728 Sed
1318 2674 1665 2737 notandum,
1700 2674 1839 2744 quia

179 2760 282 2825 ait,
316 2760 596 2830 optabam,
631 2778 768 2828 non,
813 2769 935 2832 apto
964 2778 983 2815 .·
1034 2766 1228 2832 potest
1273 2763 1429 2817 enim
1484 2762 1788 2818 subaudiri
1823 2779 1836 2818 :

178 2848 474 2920 Optabam
500 2854 660 2917 tunc,
676 2866 809 2905 cum
831 2866 1019 2905 essem
1042 2854 1423 2921 paternarum
1447 2868 1708 2905 mearum
1732 2857 1842 2905 tra-

176 2937 481 2993 ditionum
513 2938 836 3005 aemulator,
861 2956 1040 3008 supra
1071 2939 1290 2993 multos
1312 2946 1629 2993 coaetaneos
1656 2940 1713 2992 in
1744 2955 1839 3009 ge-

1944 624 2121 695 Optio,
2157 626 2434 695 quoniam
2485 624 2594 696 ipsi
2648 623 2837 695 primo
2877 620 3061 676 vocati
3106 623 3262 687 sunt,
3296 622 3360 673 ut
3391 622 3588 674 essent

1942 713 2196 784 adoptivi
2233 714 2335 768 ﬁlii
2386 714 2501 779 Dei,
2530 715 2697 783 juxta
2741 712 2886 767 illud
2922 726 2934 765 :
2984 709 3385 779 Primogenitus
3436 723 3588 761 meus

1944 804 2111 857 Israel
2136 802 2324 872 (Exod.
2358 820 2433 867 1v,
2464 804 2575 871 2‘2).
2612 803 2674 856 Et
2697 799 2981 856 Dominus
3012 815 3112 869 per
3134 796 3346 851 Isaiam
3373 811 3384 848 :
3420 796 3587 850 Filios

1943 894 2129 959 genui,
2152 901 2203 947 et
2223 894 2463 947 enutrivi
2476 912 2497 955 ;
2520 893 2629 962 ipsi
2649 898 2826 945 autem
2847 890 3244 944 contemnentes
3268 888 3587 955 spreverunt

1943 997 2029 1036 me
2058 982 2183 1053 (Isa.
2220 1000 2256 1047 ι,
2285 982 2360 1052 ‘2).
2387 983 2512 1035 Sive
2540 980 2795 1051 adeptivi
2831 978 2931 1032 lilii
2966 977 3061 1031 Dei
3096 975 3411 1029 dicuntur:
3445 989 3585 1041 quo-

1946 1070 2124 1137 niam,
2157 1070 2422 1125 veniente
2456 1069 2717 1131 Domino,
2751 1066 2919 1123 multi
2951 1081 3152 1121 eorum
3186 1062 3584 1130 crediderunt,

1945 1163 2003 1214 et
2032 1160 2162 1214 facti
2189 1164 2326 1215 sunt
2350 1158 2600 1230 adoptivi
2628 1156 2729 1211 lilii
2753 1156 2873 1212 Dei.
2898 1155 3060 1211 Unde
3083 1152 3218 1207 alibi
3247 1151 3417 1206 dicit:
3443 1151 3588 1205 Misit

1945 1250 2083 1303 Deus
2110 1250 2311 1303 Filium
2344 1266 2504 1302 suum
2533 1250 2589 1302 in
2624 1248 2765 1302 hunc
2793 1245 3079 1307 mundum,
3110 1243 3322 1313 factum
3365 1256 3434 1294 ea:
3463 1255 3586 1293 mu-

1945 1339 2097 1403 liere,
2134 1339 2344 1409 factum
2373 1339 2471 1393 sub
2505 1338 2635 1408 lege,
2666 1345 2725 1391 ut
2753 1352 2858 1400 eos,
2893 1336 2988 1404 qui
3016 1333 3117 1387 sub
3149 1332 3263 1402 lege
3292 1333 3469 1392 erant,
3502 1342 3587 1382 re-

1944 1427 2196 1493 dimeret,
2247 1433 2306 1482 ut
2361 1427 2707 1498 adoptionem
2765 1426 3005 1494 ﬁliorum
3067 1423 3168 1477 Dei
3223 1420 3590 1486 reciperemus

1948 1516 2087 1587 (Gal.
2124 1535 2196 1583 1v,
2240 1518 2308 1577 4).

2018 1609 2082 1661 Et
2111 1608 2307 1677 gloria.
2341 1605 2535 1660 Gloria
2559 1605 2660 1659 illa
2687 1604 2780 1659 hic
2800 1600 3181 1673 intelligenda
3202 1602 3311 1665 est,
3334 1613 3451 1668 qua
3479 1595 3587 1651 Ju-

1948 1696 2051 1751 daei
2085 1695 2414 1766 specialiter
2439 1694 2727 1765 assumpti
2760 1697 2899 1747 sunt
2926 1708 2992 1747 ex
3023 1688 3296 1745 omnibus
3317 1685 3590 1759 gentibus

1948 1785 2006 1839 in
2032 1784 2382 1856 peculiarem
2407 1782 2685 1855 populum
2705 1782 2830 1837 Dei:
2854 1781 3007 1835 unde
3034 1777 3301 1849 superius
3324 1776 3429 1830 ait:
3452 1774 3591 1841 Quid

1949 1876 2185 1946 amplius
2235 1882 2310 1929 est
2350 1873 2583 1930 Iudaeo?
2613 1872 2680 1927 Et
2710 1887 2888 1926 mox:
2945 1870 3180 1927 Mullum
3228 1882 3327 1937 per
3377 1878 3592 1919 omnem

1948 1966 2192 2030 modum,
2225 1969 2333 2019 etc.

2022 2055 2083 2108 Et
2136 2056 2457 2108 testamenta
2503 2053 2673 2121 (332).
2723 2050 2902 2106 Vetus
2954 2052 3012 2103 et
3062 2046 3283 2101 Novum
3336 2040 3595 2113 accipere

1949 2142 2270 2209 debemus;
2304 2143 2443 2195 dum
2494 2142 2648 2196 enim
2690 2139 2807 2193 illis
2849 2138 3029 2193 Vetus
3060 2137 3262 2190 datum
3293 2135 3400 2196 est,
3432 2130 3490 2184 in
3525 2144 3590 2183 eo

1950 2231 2433 2301 prmﬁgurabatur
2466 2230 2711 2286 Novum.

2019 2320 2082 2375 Et
2129 2320 2417 2390 legislatio.
2470 2316 2797 2389 Legislatio,
2847 2316 2905 2369 id
2960 2318 3049 2368 est
3104 2311 3249 2383 legis
3307 2307 3589 2364 constitu-

1946 2409 2047 2475 tio,
2080 2408 2315 2463 illorum
2347 2412 2471 2473 est;
2507 2406 2783 2479 quoniam
2823 2404 2939 2458 illis
2979 2400 3295 2457 constituta
3341 2400 3429 2453 est
3479 2396 3592 2463 lex,

1948 2498 2337 2569 quemadmod
2349 2514 2447 2551 um
2460 2498 2800 2556 viverent,et
2816 2495 2943 2564 ejus
2963 2490 3253 2545 mandatis
3268 2486 3587 2543 obedirent.

2018 2588 2081 2641 Et
2110 2588 2447 2658 obsequium.
2481 2585 2838 2656 Obsequium
2861 2582 3001 2636 dicit
3018 2579 3179 2634 illius
3203 2575 3424 2631 Veteris
3444 2575 3589 2629 Tes-

1946 2677 2190 2732 tamenti
2223 2676 2467 2741 cultum,
2497 2692 2611 2746 quo
2642 2673 2825 2729 Judaei
2858 2669 3331 2741 obsequebantur
3365 2666 3498 2733 Deo,
3531 2662 3591 2717 in

1949 2766 2260 2821 efferendis
2285 2764 2587 2819 sacrificiis
2617 2768 2672 2817 et
2704 2760 3003 2817 servandis
3035 2758 3162 2828 ejus
3194 2752 3516 2827 prazceptis.

2020 2858 2084 2909 Et
2108 2857 2405 2926 promissa.
2439 2852 2733 2908 Promissa
2777 2853 2945 2905 vocat
2990 2844 3431 2920 promissiones,
3464 2855 3590 2912 quae

1951 2943 2113 2997 factae
2146 2947 2285 2997 sunt
2314 2959 2417 3013 per
2447 2941 2758 3011 prophetas
2789 2944 2844 2994 et
2876 2935 3234 3010 patriarchas
3266 2933 3334 2987 de
3366 2931 3504 2998 Deo,
3530 2933 3595 2983 ut

173 3044 323 3083 nere
357 3043 488 3082 meo
520 3027 727 3096 {Gal.1,
754 3028 861 3095 14).
885 3028 955 3081 Et
984 3031 1075 3082 est
1104 3043 1315 3081 sensus
1342 3044 1354 3080 :
1388 3028 1675 3097 Optabam
1704 3031 1844 3081 tunc
1952 3029 2094 3083 illud
2122 3049 2133 3085 :
2167 3033 2256 3084 Sic
2282 3033 2384 3084 erit
2414 3046 2593 3084 semen
2621 3033 2777 3082 tuum
2808 3027 2959 3097 (Gen.
2993 3042 3083 3089 xv,
3114 3026 3169 3093 5)
3206 3041 3218 3078 :
3251 3021 3389 3076 item
3415 3036 3429 3075 :
3461 3018 3594 3072 Mul-

168 3113 451 3185 separari
502 3131 536 3169 a
583 3112 814 3169 Christo
856 3131 960 3185 pro
1005 3115 1253 3169 fratrum
1292 3132 1556 3169 meorum
1607 3114 1794 3169 salute
1826 3132 1838 3170 :
1953 3118 2206 3189 tiplicans
2224 3118 2597 3188 multiplicabo
2622 3133 2805 3171 semen
2831 3124 2987 3169 tuum
3019 3114 3166 3185 (Gen.
3200 3110 3448 3179 xv1,iO),
3482 3112 3590 3162 etc.

170 3202 411 3258 Aliter:
446 3204 571 3268 Qua
600 3202 922 3259 intentione
952 3204 1179 3275 Moyses
1209 3205 1431 3269 orabat,
1464 3204 1701 3259 dicens:
1741 3206 1840 3260 Do-
1875 3257 1914 3275 η
1953 3207 2023 3261 Et
2052 3206 2187 3261 item
2228 3221 2240 3259 :
2295 3211 2363 3261 In
2407 3207 2611 3260 semine
2653 3213 2743 3259 tuo
2785 3202 3172 3257 benedicentur
3200 3214 3384 3252 omnes
3414 3196 3596 3250 tribus

170 3293 368 3360 mine,
389 3257 493 3347 aut
513 3257 730 3347 dimitte
758 3257 901 3347 hanc
929 3257 1136 3348 noscam,
1158 3295 1381 3364 populo,
1776 3257 1843 3349 de
1872 3257 1915 3324 Ο
2138 3257 2647 3366 -ῐϐέηῖηχέέιςίῆ
2690 3257 2852 3348 Unde
2894 3291 3067 3347 etiam
3100 3289 3255 3344 dolet
3284 3284 3596 3356 Apostolus

176 3381 352 3450 libro,
383 3396 543 3451 quem
571 3382 793 3451 scripsit
820 3397 1021 3436 manus
1061 3393 1159 3436 tua
1189 3382 1380 3450 (Exod.
1414 3399 1591 3447 xxxn,
1624 3383 1751 3451 31);
1786 3388 1845 3438 et
1952 3385 2107 3455 quod
2141 3384 2432 3456 promissa
2453 3399 2581 3455 quae
2606 3382 2756 3437 facta
2786 3384 2924 3436 sunt
2956 3376 3239 3451 patribus,
3264 3390 3378 3429 non
3412 3369 3594 3427 secuti

176 3468 460 3525 Michwas
485 3485 498 3524 :
538 3469 757 3525 Utinam
784 3485 897 3525 non
927 3486 1100 3525 essem
1131 3471 1218 3525 vir
1246 3469 1452 3525 habens
1482 3473 1763 3540 spiritum,
1791 3475 1845 3526 et

175 3556 537 3614 mendacium
563 3559 741 3628 potius
770 3558 1021 3629 loquerer
1048 3560 1242 3630 (Mich.
1286 3575 1347 3626 ιι,
1396 3560 1527 3631 11);
1584 3564 1642 3615 et
1688 3563 1842 3631 Apo-

180 3646 379 3703 stolus
410 3646 652 3715 optabat
694 3663 729 3701 a
756 3647 982 3702 Christo
1014 3646 1138 3701 ﬁeri
1171 3647 1506 3713 anathema,
1539 3654 1605 3703 ut
1635 3648 1842 3705 fratres

183 3736 276 3791 sui
312 3735 387 3790 ad
424 3735 602 3789 ﬁdem
636 3735 1034 3791 conﬂuerent:
1065 3736 1291 3807 Moyses
1325 3736 1505 3803 enim,
1539 3737 1842 3793 charitatis

184 3826 324 3897 igne
357 3839 665 3894 accensus,
694 3828 759 3878 ut
789 3824 1021 3879 facilius
1051 3825 1282 3879 veniam
1317 3842 1421 3895 pro
1456 3825 1667 3895 populo
1694 3826 1842 3880 obti-

186 3929 327 3969 nere
381 3916 602 3985 posset,
636 3912 746 3968 hoc
793 3914 1036 3980 orabat;
1070 3911 1341 3968 similiter
1369 3918 1427 3968 et
1457 3913 1747 3979 Michzeas,
1780 3919 1846 3970 ut

185 4001 436 4071 excidia,
455 4005 513 4057 et
541 4000 750 4073 plaga,
773 4018 919 4073 quas
948 4001 1291 4073 praeviderat
1309 4005 1607 4069 venturas,
1631 4002 1843 4073 populo

186 4093 286 4146 Dei
338 4106 461 4145 non
508 4090 825 4146 evenirent.
861 4091 969 4146 Sed
1012 4091 1317 4146 sciendum
1368 4090 1509 4161 quia
1555 4092 1845 4146 anathema

184 4184 403 4246 Greece,
441 4179 646 4235 Latine
690 4180 954 4235 alienatio
987 4179 1202 4234 dicitur
1233 4196 1245 4233 :
1300 4178 1616 4250 aliquando
1640 4176 1842 4235 autem

188 4273 445 4325 mortem
476 4268 772 4340 signiﬁcat
800 4268 955 4326 sicut
992 4268 1052 4323 in
1083 4268 1275 4323 Veteri
1309 4269 1683 4324 Testamento
1720 4287 1733 4325 :
1786 4270 1842 4325 Si

188 4358 322 4431 quis
374 4357 507 4426 hoc,
540 4362 641 4413 aut
688 4357 833 4413 illud
866 4357 1083 4424 fecerit,
1117 4357 1432 4413 anathema
1462 4358 1576 4425 sit;
1628 4359 1684 4413 id
1730 4363 1842 4427 est,

190 4448 621 4503 condemnetur
649 4448 721 4503 ad
755 4452 1026 4503 mortem.
1060 4445 1344 4502 Similiter
1372 4463 1506 4518 ergo
1537 4447 1645 4502 hoc
1695 4447 1842 4516 loco,

193 4553 293 4607 pro
354 4540 543 4592 morte
589 4540 781 4608 potest
836 4536 1042 4607 accipi.
1088 4535 1337 4607 Optabat
1390 4536 1546 4591 enim
1604 4553 1844 4608 corpore

1952 3477 2095 3529 sunt
2143 3472 2267 3529 ﬁlii.

2022 3566 2270 3632 Quorum
2296 3565 2497 3634 patres,
2530 3560 2870 3633 patriarchae
2908 3558 3129 3614 scilicet
3173 3560 3229 3610 et
3275 3552 3593 3626 prophetae,

1951 3668 2018 3707 ex
2067 3653 2260 3723 quibus
2311 3652 2554 3706 Christus
2599 3650 2900 3706 secundum
2944 3663 3183 3703 carnem.
3218 3650 3368 3699 Bene
3413 3639 3594 3707 addit,

1949 3741 2247 3797 secundum
2284 3756 2527 3807 carnem,
2563 3739 2845 3810 quoniam
2876 3737 3201 3792 secundum
3231 3728 3597 3787 divinitatem

1954 3835 2087 3884 ante
2111 3830 2309 3884 omnia
2338 3828 2554 3884 saecula
2576 3828 2806 3898 genitus
2838 3830 2926 3881 est
2956 3843 2989 3881 a
3011 3826 3128 3881 Deo
3160 3824 3324 3878 Patre
3349 3839 3361 3889 ;
3395 3834 3599 3875 secun-

1955 3918 2095 3971 dum
2136 3933 2372 3973 carnem
2419 3934 2549 3971 vero
2604 3934 2673 3971 ex
2717 3915 2935 3971 Judaeis
2979 3919 3087 3981 est,
3119 3912 3397 3983 quoniam
3428 3909 3600 3963 beata

1952 4004 2131 4075 Virgo
2154 4002 2356 4069 Maria,
2381 4004 2450 4058 de
2471 4019 2588 4073 qua
2608 4018 2841 4057 carnem
2870 4001 3142 4071 sumpsit,
3171 4016 3240 4053 ex
3258 3999 3597 4053 Judaaorum

1955 4092 2134 4163 stirpe
2160 4091 2479 4146 descendit.
2514 4092 2603 4159 Et,
2637 4096 2702 4145 ut
2732 4090 3066 4145 ostenderet
3094 4089 3235 4158 quia
3281 4086 3341 4139 in
3388 4083 3595 4138 divini-

1951 4181 2089 4236 tatis
2113 4184 2324 4236 natura
2340 4197 2454 4235 non
2472 4196 2540 4235 ex
2552 4179 2783 4251 Virgine
2805 4178 3061 4249 sumpsit
3083 4174 3336 4239 initium,
3352 4171 3595 4242 adjecit:

1954 4270 2061 4337 Qui
2087 4272 2163 4326 est
2186 4285 2348 4341 super
2370 4271 2565 4325 omnia
2585 4270 2727 4324 Deus
2752 4267 3062 4323 benedictus
3091 4266 3151 4319 in
3170 4263 3385 4318 swcula.
3405 4264 3597 4317 Amen.

1954 4358 2219 4414 Christus
2248 4358 2426 4430 igitur
2454 4374 2631 4430 super
2658 4358 2857 4413 omnia
2887 4357 3037 4411 Deus
3071 4354 3410 4410 benedictus
3435 4370 3448 4420 ;
3480 4368 3595 4406 non

1951 4452 2147 4503 tamen
2180 4465 2247 4503 ex
2276 4464 2341 4503 eo
2373 4450 2529 4519 quod
2564 4463 2800 4503 carnem
2832 4445 3089 4518 sumpsit
3118 4442 3469 4514 exVirgine,
3496 4440 3596 4495 sed

1954 4537 2093 4609 quia
2125 4541 2257 4592 ante
2289 4538 2487 4593 omnia
2519 4536 2734 4593 saecula
2765 4537 2875 4591 fuit
2901 4537 3134 4608 genitus
3166 4551 3201 4589 a
3230 4534 3416 4588 Patre.

198 4627 372 4695 mori,
399 4630 463 4680 ut
493 4626 698 4682 fratres
723 4626 815 4682 sui
848 4627 1048 4681 anima
1074 4624 1478 4692 salvarentur;
1513 4642 1579 4680 ac
1612 4624 1661 4679 si
1690 4626 1846 4681 dice-
1875 4624 1922 4689 D
2026 4628 2328 4691 Praeterea,
2362 4626 2499 4696 quia
2537 4626 2649 4681 sibi
2702 4626 3046 4680 continuum
3096 4623 3355 4677 dolorem
3408 4620 3600 4675 inesse

196 4718 280 4770 ret
314 4740 329 4772 :
367 4715 643 4786 optabam
702 4714 1051 4787 sanguinem
1082 4730 1280 4770 meum
1330 4730 1433 4785 pro
1463 4714 1548 4770 eis
1578 4714 1844 4783 fundere,

198 4808 262 4858 ut
287 4803 407 4875 ipsi
438 4804 645 4877 spiritu
676 4804 952 4860 viverent.

269 4894 506 4951 Fratres
555 4911 693 4951 suos
731 4895 968 4950 Judaeos
997 4893 1174 4962 dicit;
1208 4893 1363 4948 unde
1394 4910 1529 4950 mox
1570 4895 1797 4949 addidit
1830 4912 1843 4948 :

204 4983 304 5050 Qui
332 4991 459 5039 sunt
508 4986 729 5055 cognati
771 4984 885 5039 mei
921 4982 1218 5039 secundum
1248 4998 1510 5044 carnem;
1543 4999 1658 5054 quo
1690 4984 1845 5039 dicto

202 5071 455 5127 ostendit
474 5088 571 5128 eos
589 5072 801 5145 spiritu
822 5088 938 5127 non
959 5070 1069 5127 sibi
1088 5087 1217 5128 esse
1232 5076 1525 5143 cognatos,
1542 5071 1612 5126 de
1630 5073 1845 5141 quibus

204 5159 390 5214 adhuc
441 5161 684 5217 subdit:
738 5161 846 5227 Qui
891 5152 1021 5215 sunt
1066 5162 1356 5217 Israelitae.
1388 5161 1492 5217 Ilis
1540 5160 1734 5216 verbis
1780 5177 1844 5216 se

206 5247 517 5278 Ῐακηηῖἶιη-νι
546 5250 795 5278 -.ΛΑ-..ΑΗ
821 5264 883 5278 nu
917 5249 1134 5278 nnm:nn
1166 5252 1397 5278 AL..an
1425 5269 1437 5278 ι
1476 5253 1708 5278 nclama-Ag
1744 5249 1813 5278 ’.Α

1957 4714 2183 4770 dixerat
2229 4730 2332 4785 pro
2380 4715 2626 4770 fratrum
2680 4730 2922 4769 suorum
2968 4711 3313 4785 perditione,
3345 4724 3416 4763 ne
3466 4708 3599 4778 quis

1958 4808 2191 4875 putaret
2233 4808 2578 4858 evacuatum
2631 4801 3101 4875 promissionem,
3135 4816 3260 4871 qua:
3314 4797 3461 4851 facta
3510 4799 3601 4851 est

1956 4892 2224 4958 Abrahae,
2277 4892 2477 4947 volens
2526 4892 2832 4948 ostendere
2879 4889 3194 4963 Apostolus
3254 4885 3393 4958 quia
3451 4888 3601 4939 Deus

1955 4988 2164 5055 potens
2186 4987 2276 5038 est
2302 4982 2487 5038 facere
2510 4999 2635 5055 quae
2658 4980 2949 5052 promisit,
2978 4981 3048 5036 ad
3076 4972 3601 5033 commendandam

1956 5074 2087 5143 ejus
2116 5072 2385 5145 gratiam,
2422 5071 2644 5127 addidit
2678 5087 2689 5124 :
2724 5070 2837 5125 Non
2868 5075 3053 5125 autem
3082 5060 3598 5136 (subintelligitur:

1955 5160 2066 5219 hoc
2098 5163 2224 5217 ideo
2258 5160 2409 5229 dico)
2442 5162 2583 5232 quod
2621 5160 2886 5215 exeiderit
2932 5159 3161 5215 verbum
3198 5154 3295 5207 Dei
3324 5150 3511 5221 (333);
3544 5148 3602 5202 id

2679 5248 2910 5278 Αιχηηιυη
2965 5249 3107 5278 Ι-ἠηια
3183 5241 3453 5278 nvnnnnfn

1956 5259 2042 5278 ιιι-ι
2104 5254 2252 5278 η.-Αιο¹
2308 5254 2617 5278 ἱῖηηννιῖηηῖη
