3998 5278
156 396 263 458 221

751 399 1169 464 EXPOSITIO
1213 399 1292 462 IN
1338 400 1772 464 EPISTOLAS
1817 400 2183 464 PAULL—
2210 399 2290 464 IN
2333 402 2584 465 EPIST.
2632 401 2736 464 AD
2782 400 2974 467 ROM.

3442 399 3563 464 222

157 533 285 588 dem
314 532 590 605 Apostolo
624 536 895 601 testante,
928 533 1030 606 qui
1062 533 1199 590 alibi
1229 535 1372 591 dicit
1404 552 1417 591 :
1448 534 1537 591 Sic
1572 536 1720 607 (341)
1752 537 1807 590 et
1834 538 1888 603 Α
1917 532 2011 591 lus
2038 536 2420 607 quaestionem
2445 536 2557 592 sibi
2578 534 3403 609 opposuit,subjungenszquid
3425 552 3559 610 ergo

160 624 217 677 in
245 621 345 677 hoc
374 630 609 694 tempore
638 624 889 694 reliquiae
916 624 1214 680 secundum
1243 624 1569 681 electionem
1614 628 1807 696 gratiae
1914 623 2155 679 dicemus
2175 625 2203 678 ‘?
2234 627 2379 697 (344)
2423 626 2682 699 Nunquid
2730 626 2998 696 iniquitas
3045 624 3189 696 apud
3240 625 3407 680 Deum
3425 627 3452 681 ‘P
3479 628 3557 681 Ac

156 717 322 768 salva?
346 712 510 785 factae
536 717 683 784 sunt,
706 712 789 769 ita
817 717 873 769 et
904 714 1357 787 praadestinatio,
1382 731 1560 786 quam
1594 730 1803 786 propo-

162 801 340 856 situm
374 805 559 856 vocat.

225 890 351 945 Non
383 906 519 961 ergo
568 907 635 945 ex
664 892 961 964 operibus,
992 909 1122 964 qua:
1154 892 1316 948 nulla
1361 897 1801 964 praecesserunt,

1915 714 1965 769 si
1997 714 2215 770 diceret
2249 734 2261 771 :
2294 715 2469 771 Nulla
2492 716 2601 771 hoc
2632 714 2941 787 iniquitate
2970 713 3064 769 Dei
3097 714 3312 769 factum
3344 715 3556 785 est,sed

1909 802 2146 874 justitia
2175 808 2232 860 et
2279 805 2689 871 miseratione;
2723 804 2968 859 alterum
3002 804 3158 859 enim
3200 820 3302 877 per
3330 803 3558 858 indebi-

1915 898 2034 948 tam
2063 895 2311 966 gratiam
2344 894 2519 966 elegit
2548 912 2562 962 ;
2597 894 2843 951 alterum
2863 892 3198 966 justissimo
3222 891 3446 964 judicio
3478 907 3563 947 re-

158 980 256 1036 sed
289 997 356 1035 ex
385 985 627 1036 vocante
658 982 845 1053 gratia
877 982 971 1037 Dei
1001 982 1225 1038 dictum
1259 987 1347 1039 est
1376 982 1427 1039 ei
1459 987 1587 1055 quia
1624 984 1807 1054 major
1917 984 2202 1054 probavit.

156 1072 352 1125 serviet
378 1071 734 1135 minori.Quo
758 1070 909 1126 dicto
933 1071 1093 1127 illius
1123 1071 1232 1127 loci
1257 1072 1522 1128 meminit
1545 1073 1641 1127 ubi
1670 1072 1806 1145 legi-

155 1164 251 1214 tur
280 1159 581 1230 quia,cum
615 1158 1023 1216 colliderentur
1053 1160 1271 1233 gemini
1303 1162 1361 1216 in
1397 1168 1558 1217 utero
1586 1162 1801 1218 Rebec-

154 1265 247 1316 cae,
282 1252 341 1303 et
378 1247 481 1302 illa
510 1248 651 1304 isset
701 1249 1003 1306 consulere
1058 1250 1393 1319 Dominum,
1424 1252 1726 1323 respondit
1752 1250 1802 1305 ei

154 1336 485 1394 Dominus:
520 1338 653 1393 Duze
707 1344 910 1411 gentes
958 1339 1111 1411 (Gen.
1162 1358 1294 1411 xxv,
1341 1341 1431 1410 22,
1463 1341 1553 1412 23)
1585 1348 1643 1395 et
1689 1342 1804 1395 duo

155 1426 352 1499 populi
386 1427 445 1481 in
476 1430 640 1483 utero
658 1432 877 1493 sunt,et
895 1428 1147 1501 populus
1171 1428 1455 1502 populum
1484 1430 1805 1502 superabit,

155 1520 205 1571 et
234 1516 429 1586 major
476 1517 685 1572 serviet
717 1517 950 1573 minori.
986 1519 1267 1590 Majorem
1317 1520 1467 1574 Esau
1508 1519 1668 1585 dicit,
1703 1518 1805 1590 qui

155 1604 261 1661 alio
295 1605 536 1661 nomine
584 1606 777 1662 dictus
809 1611 897 1662 est
943 1606 1131 1672 Edam,
1164 1624 1199 1662 a
1229 1624 1343 1679 quo
1374 1612 1501 1663 orta
1546 1611 1635 1663 est
1661 1623 1804 1680 gens

157 1696 589 1763 Idumaorum;
622 1696 907 1752 minorem
940 1712 1074 1752 vero
1100 1695 1302 1751 Jacob.

222 1784 357 1839 Haec
386 1799 524 1856 ergo
555 1784 861 1857 prophetia
869 1786 1043 1856 juxta
1071 1784 1375 1841 historiam
1398 1788 1540 1840 tunc
1561 1784 1805 1857 impleta

157 1877 257 1945 est,
291 1873 533 1945 quando
566 1872 817 1946 pepulus
844 1872 1310 1946 Judaaorum,qui
1340 1875 1412 1929 de
1443 1874 1668 1929 minore
1698 1874 1806 1928 fra-

158 1967 257 2029 tre,
286 1962 353 2017 id
386 1967 478 2018 est
506 1962 709 2029 Jacob,
732 1967 896 2018 ortus
927 1967 1035 2033 est,
1060 1980 1162 2035 per
1191 1962 1370 2019 David
1405 1979 1599 2035 regem
1630 1978 1805 2034 supe-

162 2052 298 2107 ravit
332 2051 769 2124 (3’42)p0pulum
802 2053 1277 2119 Idumazorum,et
1306 2069 1439 2108 eum
1472 2053 1583 2108 sibi
1617 2052 1803 2107 tribu-

160 2141 364 2197 tarium
386 2140 735 2213 fecit,usque
756 2142 828 2197 ad
857 2157 1052 2214 regem
1075 2142 1186 2198 sub
1209 2159 1327 2214 quo
1354 2141 1803 2207 rebellaverunt,

167 2234 216 2286 et
242 2231 542 2302 ejecerunt
562 2231 776 2302 jugum
809 2231 1106 2285 servitutis
1136 2231 1207 2286 de
1239 2229 1386 2285 collo
1419 2246 1544 2285 suo.
1576 2228 1757 2285 Aliter
1788 2246 1801 2283 :

175 2320 263 2374 Per
287 2320 572 2391 majorem
600 2320 837 2375 fratrem
864 2318 1115 2391 populus
1134 2319 1416 2375 Judaicus
1439 2319 1802 2392 designatur,

171 2409 259 2479 qui
285 2409 450 2480 prius
482 2409 641 2463 venit
667 2409 739 2463 ad
771 2407 983 2464 Christi
1017 2408 1447 2481 cognitionem;
1482 2425 1585 2480 per
1614 2407 1804 2463 mino-

163 2513 270 2552 rem
300 2514 466 2562 vero,
498 2497 955 2554 ecclesiasticus.
990 2497 1120 2553 Haec
1168 2514 1303 2569 ergo
1335 2497 1640 2570 prophetia
1692 2497 1802 2551 im-

156 2585 298 2658 pleta
357 2592 466 2656 est,
500 2585 777 2657 quoniam
826 2585 1081 2658 populus
1129 2587 1466 2642 Judceorum
1514 2591 1635 2642 toto
1666 2586 1804 2641 orbe

152 2678 444 2731 terrarum
475 2674 780 2746 dispersus
809 2675 985 2732 servit
1011 2674 1427 2732 ecclesiastico.
1459 2675 1673 2731 Aliter:
1697 2680 1807 2730 Per

153 2765 443 2833 majorem
489 2763 738 2819 carnalis
766 2763 1039 2836 populus,
1070 2781 1174 2836 per
1204 2765 1490 2821 minorem
1522 2762 1805 2837 spiritalis

151 2853 521 2926 designatur.
557 2852 721 2909 Sicut
769 2853 924 2909 enim
956 2853 1040 2908 illi
1073 2854 1189 2909 duo
1220 2854 1277 2908 in
1310 2859 1494 2920 utero,
1527 2853 1612 2909 ita
1657 2858 1714 2909 et
1744 2852 1804 2907 hi

144 2959 257 2997 uno
295 2943 512 2997 matris
566 2941 830 2997 Ecclesiae
861 2942 992 2997 sinu
1048 2942 1428 3008 clauduntur,
1460 2946 1517 2996 et
1563 2943 1715 2996 inter
1744 2956 1805 2996 se

139 3030 403 3086 invicem
435 3030 758 3097 dimicant;
790 3046 992 3085 verum
1024 3030 1279 3085 carnalis
1309 3031 1487 3085 servit
1535 3028 1804 3099 spiritali,

133 3118 435 3191 quoniam
470 3116 750 3188 spiritalis
779 3116 979 3172 omnia
1009 3117 1460 3189 adjudicat,ipse
1488 3133 1620 3172 vero
1651 3133 1685 3171 a
1713 3132 1806 3172 ns-

132 3209 309 3263 mine
344 3205 705 3277 dijudicatur
741 3206 789 3277 (ι
815 3209 934 3262 Cor.
970 3222 1031 3273 Π,
1066 3206 1152 3274 14,
1188 3206 1301 3276 15.)

1835 1917 1882 1982 Β

1988 1074 2057 1127 Et
2085 1073 2193 1129 hoc
2224 1074 2348 1129 vult
2378 1074 2531 1146 quod
2555 1074 2635 1129 ait
2658 1091 2670 1130 :
2696 1072 3075 1129 absit.Volens
3107 1077 3300 1127 autem
3335 1071 3560 1126 ratione

1917 1161 2162 1233 probare
2194 1164 2345 1234 quod
2396 1164 2639 1230 dixerat,
2667 1162 2880 1234 adjecit
2913 1180 2925 1217 :
2960 1165 3139 1233 Moysi
3184 1162 3335 1216 enim
3377 1160 3513 1216 dicit
3542 1177 3555 1216 :

1914 1252 2213 1307 Miserebor
2260 1253 2418 1322 cuius
2444 1254 2699 1308 misertus
2744 1252 2911 1325 fuero
2953 1252 3123 1323 (345),
3156 1258 3205 1305 et
3248 1251 3561 1305 misericor-

1913 1338 2065 1394 diam
2092 1341 2365 1411 prsesta-bo
2393 1342 2549 1414 cujus
2578 1342 2889 1397 miserebor.
2925 1341 3039 1396 Sed
3070 1339 3336 1410 nunquid
3389 1338 3560 1394 solvit

1914 1428 2008 1483 his
2037 1429 2225 1484 verbis
2258 1430 2408 1485 hanc
2440 1430 2820 1502 quaestionem
2841 1430 2869 1485 ‘I
2894 1430 3104 1501 Utique
3130 1428 3317 1500 magis
3347 1445 3475 1483 eam
3496 1427 3562 1482 1i-

1914 1536 2052 1593 gare
2081 1519 2500 1583 videtur.Quod
2530 1525 2726 1575 tamen
2761 1519 2842 1574 ita
2868 1522 3057 1591 potest
3083 1516 3323 1589 intelligi
3349 1533 3362 1572 :
3388 1518 3559 1586 cujus

1916 1609 2195 1664 misertus
2245 1608 2430 1674 fuero,
2481 1608 2745 1680 eligendo
2793 1612 2849 1663 et
2896 1606 3382 1678 praedestinando,
3431 1607 3558 1675 ejus

1915 1696 2256 1765 miserebor,
2290 1714 2393 1769 per
2421 1697 2671 1769 gratiam
2702 1696 2961 1752 vocando
2989 1714 3002 1763 ;
3029 1700 3085 1751 et
3115 1696 3287 1766 cujus
3318 1694 3557 1749 misere-

1912 1786 2147 1859 bor,per
2177 1786 2425 1859 gratiam
2452 1786 2802 1852 vocando,et
2834 1784 3292 1841 misericordiam
3320 1787 3555 1855 praesta-

1913 1875 2007 1943 bo,
2041 1877 2112 1930 ad
2144 1876 2320 1931 ﬁdem
2353 1876 2722 1948 perducendo
2754 1878 2811 1931 et
2832 1874 3234 1946 justiﬁcando.

1986 1964 2052 2019 Et
2081 1963 2218 2035 quia
2250 1963 2471 2019 dixerat
2498 1964 2674 2019 Jacob
2699 1980 2800 2036 per
2829 1962 3152 2019 indebitam
3175 1960 3424 2034 gratiam
3455 1960 3558 2017 Dei

1911 2051 2183 2119 electum,
2217 2069 2350 2108 mox
2398 2052 2728 2125 generalem
2759 2051 3134 2121 sententiam,
3168 2052 3239 2106 ad
3288 2051 3556 2105 eamdem

1912 2141 2159 2213 gratiam
2194 2140 3209 2211 commendandam,intulit,dicens:
3244 2141 3421 2210 Igitur
3447 2155 3558 2194 non

1913 2231 2158 2299 volentis,
2189 2248 2366 2303 neque
2394 2233 2686 2296 currentis,
2717 2230 2810 2286 sed
2838 2229 3148 2286 miserentis
3176 2232 3253 2284 est
3277 2230 3392 2284 Dei.

1984 2320 2135 2375 Sane
2166 2320 2469 2376 sciendum
2502 2320 2641 2393 quia
2670 2320 2822 2376 sicut
2853 2318 3052 2375 nullus
3082 2318 3288 2386 credit,
3321 2317 3434 2373 nisi
3466 2318 3556 2373 di-

1912 2408 2048 2465 vina
2074 2414 2314 2465 vocante
2363 2409 2570 2481 gratia,
2602 2408 2684 2464 ita
2714 2408 2913 2463 nullus
2943 2407 3146 2473 credit,
3181 2405 3295 2461 nisi
3332 2405 3552 2462 volens.

1914 2500 2027 2553 Cur
2055 2514 2192 2570 ergo
2222 2498 2364 2554 dicit
2390 2497 2703 2571 Apostolus
2734 2514 2747 2553 :
2782 2502 2903 2556 Non
2930 2498 3180 2563 volentis,
3213 2511 3387 2567 neque
3438 2512 3558 2550 cur-

1914 2589 2086 2643 rentis
2113 2597 2190 2643 est
2211 2588 2238 2642 ‘?
2267 2586 2520 2653 Scilicet,
2553 2587 2693 2659 quia
2724 2591 3062 2658 utrumque,
3090 2585 3149 2640 id
3182 2584 3558 2655 est,volunta-

1914 2679 2030 2731 tem
2062 2679 2120 2731 et
2148 2692 2386 2732 cursum
2421 2676 2493 2730 ad
2526 2676 2782 2730 divinam
2816 2674 3065 2747 gratiam
3097 2675 3310 2730 referre
3356 2672 3556 2729 voluit.

1914 2764 2040 2820 Non
2067 2769 2155 2820 est
2184 2765 2340 2820 enim
2371 2764 2615 2820 volentis
2645 2763 3068 2835 hominis,quia
3097 2763 3318 2819 bonum
3348 2761 3494 2818 velle
3525 2779 3560 2817 a

1915 2871 1978 2910 se
2006 2855 2133 2926 ipso
2163 2854 2376 2909 habere
2404 2870 2521 2909 non
2555 2857 2781 2925 potest;
2815 2870 2929 2909 non
2956 2856 3045 2908 est
3080 2851 3387 2922 currentis,
3419 2850 3560 2923 quia

1916 2959 2019 3013 per
2047 2959 2108 2997 se
2138 2959 2389 3009 currere,
2415 2942 2472 2997 id
2504 2946 2594 2997 est
2625 2942 2793 2998 bonis
2823 2942 3098 3014 Operibus
3132 2940 3410 3013 proﬁcere
3440 2956 3555 2994 non

1916 3035 2140 3101 potest;
2164 3032 2264 3086 sed
2295 3031 2627 3087 miserentis
2658 3032 2776 3099 Dei,
2811 3031 2980 3102 cujus
3010 3030 3197 3104 gratia
3230 3033 3558 3102 praeventus

1914 3119 2063 3189 (346)
2095 3120 2314 3173 bonum
2365 3119 2512 3174 velle
2558 3120 2787 3191 accipit,
2838 3124 2894 3175 et
2941 3120 3111 3190 cujus
3160 3116 3562 3174 misericordia

1914 3208 2154 3277 adjutus
2187 3208 2334 3263 bene
2363 3224 2595 3263 currere
2624 3208 2861 3263 sufﬁcit.

204 3296 289 3352 Ut
319 3302 517 3350 autem
549 3311 715 3350 suam
747 3296 1140 3350 narrationem
1173 3294 1509 3366 prophetico
1538 3295 1803 3350 testimo-
1834 3290 1879 3353 C
1986 3298 2405 3352 Verumtamen
2428 3296 2579 3352 sicut
2598 3295 2865 3352 voluntas
2889 3299 3090 3352 nostra
3109 3299 3165 3351 et
3185 3311 3394 3351 cursus
3416 3294 3563 3349 nihil

137 3386 234 3441 nio
269 3384 708 3454 comprobaret,
740 3383 1047 3454 subjunxit
1074 3383 1477 3439 testimonium
1509 3384 1803 3456 prophetas

139 3475 322 3547 longe
350 3472 716 3545 posterioris,
748 3473 945 3528 dicens
980 3490 993 3528 :
1027 3472 1180 3528 Sicut
1207 3475 1471 3544 scriptum
1501 3482 1579 3528 est
1598 3490 1617 3527 :
1637 3475 1804 3530 Iacob

139 3564 351 3629 dilexi,
407 3566 559 3617 Esau
606 3565 790 3617 autem
833 3562 959 3617 odio
1014 3562 1186 3617 habui
1236 3561 1485 3633 (Malach.
1533 3579 1573 3629 ι,
1616 3565 1672 3630 2,
1727 3564 1801 3635 3).

142 3650 422 3709 Ostendit
451 3651 606 3706 enim
640 3651 779 3723 quia
808 3651 963 3722 quod
996 3650 1053 3705 in
1086 3651 1398 3723 praesentia
1431 3651 1525 3707 Dei
1557 3668 1626 3707 ex
1654 3653 1804 3708 anti-

142 3759 257 3813 quo
290 3738 543 3796 consilio
575 3739 851 3795 manebat
880 3755 983 3810 per
1012 3739 1561 3811 gratiam,apertum
1593 3745 1682 3796 est
1702 3757 1806 3812 per

144 3829 519 3904 prophetam.

213 3920 330 3975 Sed
366 3917 748 3989 quaerendum
772 3920 861 3973 est
887 3916 1027 3988 quid
1060 3916 1344 3973 Dominus
1376 3918 1433 3973 in
1455 3918 1638 3973 Jacob
1669 3918 1808 3974 dile-

143 4009 314 4073 xerit,
344 4011 450 4063 aut
480 4006 621 4078 quid
654 4007 713 4061 in
744 4006 896 4061 Esau
928 4006 1060 4061 odio
1090 4006 1457 4061 habuerit.ln
1488 4007 1807 4078 Jacob,qui

146 4098 417 4153 nondum
448 4099 624 4151 natus
646 4093 792 4150 nihil
814 4110 984 4167 agere
1008 4094 1371 4166 potuit,nihil
1402 4094 1560 4151 aliud
1587 4094 1805 4163 dilexit,

147 4186 256 4243 nisi
291 4186 626 4259 gratuitum
656 4200 776 4240 suis
808 4184 1221 4241 misericordiae
1253 4185 1473 4240 donum
1500 4210 1515 4253 ;
1538 4184 1811 4241 similiter

148 4276 203 4331 in
233 4277 396 4331 Esau
431 4273 579 4330 nihil
608 4272 766 4329 aliud
801 4273 932 4329 odio
965 4273 1191 4341 habuit,
1218 4273 1333 4330 nisi
1364 4273 1645 4346 originale
1675 4291 1809 4346 pec-

150 4364 548 4435 catum,cujus
566 4362 774 4419 merito
792 4362 1067 4417 universa
1086 4362 1332 4418 humani
1360 4365 1590 4436 generis
1611 4380 1811 4420 massa

151 4454 436 4509 damnata
464 4456 572 4507 est.

218 4541 576 4613 (343)Genus
594 4555 854 4612 namque
874 4538 1200 4595 humanum
1224 4540 1442 4596 adeoin
1465 4540 1595 4612 ipsa
1616 4540 1808 4596 radice

1914 3386 2050 3442 boni
2080 3385 2306 3457 operari
2356 3390 2565 3458 potest,
2599 3385 2713 3441 nisi
2763 3384 2959 3440 divina
2988 3384 3176 3456 gratia
3226 3382 3563 3455 praeveniat,

1914 3474 1995 3531 ita
2019 3478 2076 3530 et
2104 3476 2293 3548 gratia
2340 3475 2439 3531 Dei
2470 3474 2616 3530 nihil
2647 3475 2707 3530 in
2739 3474 2908 3530 nobis
2940 3472 3075 3529 boni
3116 3478 3409 3545 operatur,
3446 3472 3563 3529 nisi

1912 3563 2273 3620 voluntatem
2305 3568 2566 3620 nostram
2599 3564 2805 3619 divina
2836 3562 3123 3619 voluntati
3144 3564 3491 3634 jungamus.

1986 3654 2149 3709 Sicut
2176 3671 2312 3727 ergo
2344 3654 2598 3709 dicimus
2633 3670 2646 3708 :
2680 3655 2794 3709 Non
2836 3654 3096 3716 voluntis,
3126 3668 3304 3723 neque
3330 3666 3566 3707 curren-

1915 3746 2002 3808 tis,
2034 3743 2127 3798 sed
2173 3745 2480 3799 miserentis
2509 3752 2589 3798 est
2617 3744 2734 3810 Dei,
2766 3742 2923 3797 itane
2974 3741 3163 3797 dicere
3194 3755 3511 3812 possumus
3546 3756 3560 3794 :

1914 3832 2040 3887 Non
2072 3832 2408 3888 miserentis
2456 3832 2579 3898 Dei,
2609 3833 2710 3887 sed
2755 3830 3024 3895 volentis,
3057 3836 3114 3886 et
3160 3828 3450 3885 currentis
3481 3833 3568 3885 est

1914 3920 2175 3975 hominis
2195 3920 2341 3976 ?Sed
2372 3920 2502 3989 quis
2524 3920 2632 3974 hoc
2662 3920 2856 3975 dicere
2882 3921 3095 3975 audeat
3118 3918 3435 3990 ‘INunquid
3461 3918 3570 3975 hoc

1916 4008 2101 4063 sensit
2125 4007 2439 4079 Apostolus
2462 4007 2817 4063 ?Absit.Imo
2847 4012 3037 4063 totum
3061 4008 3131 4062 ad
3164 4006 3334 4063 illum
3367 4007 3569 4062 referri

1915 4094 2116 4163 voluit,
2150 4096 2222 4151 de
2251 4112 2366 4167 quo
2398 4097 2684 4167 scripturn
2715 4099 2805 4150 est
2835 4112 2848 4149 :
2888 4096 3144 4151 Voluntas
3190 4104 3372 4151 autem
3401 4112 3436 4149 a
3466 4096 3568 4150 Do-

1916 4187 2068 4240 mino
2095 4194 2485 4257 prwparatur;
2515 4184 2641 4256 ipse
2671 4183 2888 4256 quippe
2919 4188 3225 4256 prieparat,
3258 4188 3316 4239 et
3345 4199 3567 4255 praepa-

1918 4278 2105 4330 ratam
2128 4275 2316 4345 juvat.

1987 4363 2263 4436 Sequitur
2311 4380 2324 4418 :
2378 4364 2526 4419 Dicit
2573 4365 2725 4419 enim
2776 4362 3061 4435 Scriptura
3102 4360 3407 4428 Pharaoni,
3457 4364 3567 4416 etc.

1916 4453 2152 4509 Dixerat
2180 4453 2452 4524 superius
2488 4471 2501 4509 :
2533 4453 2695 4510 Iacob
2724 4453 2900 4509 dilexi
2926 4470 2939 4520 ;
2965 4455 3268 4524 propterea
3299 4449 3568 4505 testimo-

1918 4543 2085 4598 nium
2126 4542 2320 4613 posuit
2369 4542 2681 4615 Scripturae
2731 4542 2977 4597 dicentis
3014 4559 3028 4598 ε
3061 4540 3369 4597 Miserebor
3413 4541 3569 4611 cujus

153 4632 503 4687 damnatum
534 4632 643 4695 est,
677 4633 763 4694 ut,
796 4628 844 4684 si
878 4627 1075 4685 nullus
1126 4629 1434 4685 hominum
1467 4630 1807 4697 salvaretur,
1841 4651 1888 4716 D
1917 4633 2176 4688 misertus
2229 4635 2409 4703 fuero,
2466 4640 2517 4688 et
2571 4633 3015 4687 misericordiam
3065 4631 3358 4703 praestabo,
3413 4630 3569 4699 cujus

156 4737 323 4776 nemo
350 4722 581 4790 justam
605 4719 763 4791 apud
782 4718 965 4774 Deum
990 4722 1187 4789 posset
1207 4718 1466 4775 invenire
1488 4718 1810 4792 querelam,

159 4809 251 4864 sed
286 4808 489 4880 potius
519 4806 651 4862 aliis
703 4806 1085 4879 pereuntibus
1132 4808 1382 4863 disceret
1432 4809 1573 4882 quia
1600 4812 1657 4865 et
1683 4808 1811 4881 ipse

160 4898 392 4968 periret,
425 4896 539 4952 nisi
570 4895 770 4951 divina
797 4897 986 4967 gratia
1015 4900 1333 4953 erueretur.

229 4986 461 5043 Poterat
489 4984 705 5056 aliquis
727 4985 799 5039 ad
828 4985 951 5049 haec
982 4986 1171 5042 dicere
1194 5002 1208 5042 :
1237 4985 1284 5041 si
1310 5003 1510 5042 verum
1538 4992 1627 5043 est
1652 4988 1807 5057 quod

165 5074 308 5138 dicis
339 5094 354 5143 ;
390 5090 524 5148 ergo
557 5075 799 5146 iniquus
846 5075 1021 5143 Deus,
1055 5076 1152 5148 qui
1189 5091 1257 5131 ex
1286 5078 1512 5147 perdita
1560 5076 1805 5133 humani

649 5163 896 5194 “I‘AIIICM

168 5166 389 5194 κρισξηε-ἶ,-
423 5181 613 5194 ’και-οισι
649 5164 896 5194 nl‘nnlum
1127 5182 1139 5194 ο
1176 5165 1422 5194 Αιιηκειω
1471 5165 1648 5194 μοι¹131¹1
1684 5166 1805 5194 πιεζο-

1919 4722 2255 4783 miserebor;
2286 4722 2441 4777 unde
2487 4725 2544 4777 et
2580 4721 2907 4794 generalem
2941 4720 3145 4776 intulit
3192 4717 3564 4782 sententiam,

1918 4811 2118 4866 dicens
2152 4827 2165 4866 :
2198 4811 2376 4880 Igitur
2402 4826 2516 4868 non
2562 4812 2810 4877 volentis,
2844 4814 2976 4881 etc.,
3011 4809 3167 4882 quod
3199 4807 3399 4876 utique
3429 4821 3567 4876 pro-

1918 4904 2049 4972 pter
2075 4917 2173 4956 eos
2204 4900 2286 4955 ait
2315 4899 2415 4971 qui
2446 4900 2643 4956 divina
2673 4900 2859 4972 gratia
2889 4898 3116 4955 liberati
3141 4895 3564 4968 justiﬁcantur.

1992 4991 2272 5055 Rursum,
2307 4988 2445 5059 quia
2473 4990 2698 5045 dixerat
2730 5014 2743 5045 :
2778 4991 2919 5044 Esau
2950 4988 3071 5044 odio
3103 4985 3570 5054 habui,pr0pter-

1919 5095 1989 5136 ea
2016 5081 2125 5138 hoc
2158 5078 2563 5137 testimonium
2614 5078 2815 5134 intulit
2849 5095 2862 5133 :
2897 5080 3043 5134 Dicit
3090 5076 3237 5130 enim
3283 5071 3575 5141 Scriptura

1927 5170 2199 5194 731-----“2
2236 5188 2248 5194 -
2286 5169 2420 5194 ηυξ...
2452 5170 2507 5194 ἔ..
2547 5171 2623 5194 ιαμ
2667 5169 2842 5194 .‘..-.....
2880 5164 3112 5194 -..ωλι-...ἓ
3143 5168 3193 5194 4η
3248 5164 3335 5194 ηιη
3415 5156 3571 5194 "una

2730 5185 2842 5194 annm
2880 5184 2992 5194 AM...
