3998 5278
160 338 280 399 225

754 334 1168 397 EXPOSITIO
1214 334 1292 395 IN
1339 336 1764 397 EPISTOLAS
1808 335 2072 399 PAULI.
2104 368 2184 384 -—
2213 339 2287 398 IN
2336 336 2580 399 EPIST.
2628 340 2730 398 AD
2778 339 2966 401 ROM.

3450 341 3569 403 226

155 469 871 544 Apostolus,subjungens
904 486 917 523 :
954 471 1019 525 Ut
1045 468 1343 524 ostenderet
1372 469 1599 523 divitias
1618 471 1815 538 gloria:
1843 472 1899 536 Α
1928 474 2048 525 toto
2081 471 2433 538 mundo,ubi
2467 471 2712 542 gentiles
2742 471 3326 544 babitabant,quibus
3347 475 3569 532 dictum

155 577 272 616 sum
303 577 366 616 ιη
394 576 534 617 vasa
565 558 981 625 misericordzze,
1031 573 1156 630 quae
1198 560 1541 629 przeparavit
1586 560 1643 612 in
1692 559 1813 630 glo-

156 666 327 706 riam.
392 649 613 705 Idcirco
660 648 818 703 enim
865 648 968 702 diu
1017 652 1348 718 peccatores
1380 652 1693 719 exspectat,
1729 653 1811 717 ut,

155 739 301 795 dum
324 757 443 795 non
463 741 902 804 convertuntur,
917 736 1079 807 juste
1102 736 1453 808 puniantur;
1486 752 1551 790 ac
1584 752 1687 807 per
1711 736 1815 790 hoc

154 828 345 884 sancti
373 826 706 899 intelligant
745 825 1023 897 quoniam
1063 824 1242 880 nullis
1275 825 1398 881 suis
1429 824 1677 891 meritis,
1711 825 1810 879 sed

154 917 286 973 sola
305 917 495 991 gratia
511 915 1062 987 Deijustificantur;
1098 931 1200 969 nec
1226 916 1295 969 de
1322 914 1492 970 bonis
1510 914 1812 985 operibus,

154 1008 327 1080 quasi
359 1006 631 1079 propriis,
677 1020 741 1061 se
768 1004 1066 1071 extollant,
1110 1005 1210 1059 sed
1258 1003 1376 1059 illis
1424 1003 1807 1076 pereuntibus

155 1100 483 1169 agnoscant
512 1095 652 1167 quia
679 1098 738 1150 et
767 1094 883 1166 ipsi
912 1109 1048 1149 cum
1079 1092 1164 1149 eis
1186 1092 1581 1165 perirent,nisi
1615 1092 1812 1147 divina

155 1184 351 1258 gratia
380 1184 792 1240 liberarentur.

227 1274 369 1330 Vasa
398 1272 788 1329 misericordia:
814 1275 982 1328 vocat
1032 1270 1265 1337 electos,
1298 1288 1446 1343 quos
1500 1270 1655 1326 Deus
1685 1270 1839 1325 sola.

158 1360 567 1419 misericordia
594 1361 729 1417 fecit
755 1378 893 1416 vasa
924 1362 982 1415 in
1013 1360 1315 1430 honorem,
1349 1376 1475 1431 qua:
1505 1365 1563 1415 et
1592 1375 1811 1431 praepa-

156 1452 303 1508 ravit
332 1453 392 1507 in
423 1451 672 1523 gloriam
706 1468 719 1505 :
752 1450 1032 1522 quoniam
1072 1466 1139 1504 ex
1170 1465 1367 1504 massa
1414 1448 1638 1519 perdita
1681 1447 1814 1503 illos

155 1541 354 1614 elegit,
387 1545 446 1597 et
465 1539 833 1612 justiﬁcavit,
868 1538 1087 1610 quibus
1111 1542 1168 1593 et
1196 1537 1319 1609 ipse
1356 1537 1734 1609 gloriﬁcetur,
1758 1541 1816 1593 et

156 1647 304 1704 quos
332 1629 671 1686 introducat
700 1628 772 1683 ad
805 1627 1076 1699 gloriam.

228 1718 399 1775 Unde
443 1722 500 1774 et
548 1716 878 1789 praemisit:
914 1717 978 1774 Ut
1004 1714 1307 1770 ostenderet
1351 1714 1573 1770 divitias
1620 1716 1815 1785 gloria:

159 1826 270 1864 suae
301 1827 323 1865 :
354 1806 589 1863 divitias
619 1806 837 1878 quippe
864 1805 1061 1877 gloriae
1094 1822 1210 1859 suae
1239 1804 1514 1871 ostendit,
1530 1821 1598 1858 ex
1620 1820 1816 1859 massa

157 1898 552 1971 perdita,vasa
570 1895 630 1950 in
653 1896 968 1962 honorem;
994 1894 1224 1949 bonitas
1242 1909 1498 1963 namque
1518 1894 1648 1963 ejus
1669 1893 1812 1948 adeo

161 1985 534 2058 omnipotens
563 1988 746 2052 est,ut
771 2000 915 2039 vasa
936 1983 1031 2037 ira
1051 1985 1110 2037 et
1138 1981 1523 2037 dissensionis
1548 1998 1814 2037 commu-

163 2081 286 2133 tare
314 2073 508 2130 valeat
531 2074 593 2130 in
623 2090 765 2129 vasa
793 2071 1204 2127 misericordia:
1234 2075 1292 2126 et
1321 2069 1501 2142 pacis.

236 2166 306 2220 Et
328 2170 393 2220 ut
421 2163 755 2219 ostenderet
780 2179 911 2234 qua:
942 2161 1152 2216 dixerit
1192 2176 1330 2216 vasa
1377 2158 1811 2225 misericordias,

171 2253 463 2324 subjunxit
496 2271 509 2308 :
543 2254 685 2321 Quos
714 2256 765 2307 et
792 2252 1001 2307 vocavit
1029 2266 1159 2316 nos;
1185 2249 1244 2305 id
1279 2253 1370 2304 est
1399 2266 1530 2317 nos,
1561 2265 1709 2321 quos
1758 2252 1815 2303 et

163 2342 411 2410 vocavit;
448 2358 515 2397 ac
546 2342 595 2397 si
627 2332 845 2396 diceret
879 2357 892 2395 :
925 2340 985 2394 in
1016 2355 1143 2406 nos,
1179 2355 1327 2409 quos
1360 2337 1725 2410 praeparavit,
1754 2337 1811 2391 id

158 2435 249 2486 est
299 2430 732 2504 praedestinavit
778 2428 838 2484 in
892 2427 1160 2501 gloriam,
1196 2432 1253 2483 et
1294 2428 1521 2483 vocavit
1552 2444 1653 2499 per
1682 2443 1812 2498 gra-

156 2520 325 2575 tiam.

227 2607 344 2665 Sed
371 2625 444 2664 ne
476 2610 780 2678 putaretur
822 2606 1052 2662 Iudaeos
1100 2607 1293 2663 solum
1344 2604 1668 2677 intelligere
1716 2622 1812 2660 vo-

164 2696 377 2765 luisse,
413 2696 689 2769 quoniam
722 2713 791 2752 ex
820 2695 1036 2751 Judteis
1067 2699 1229 2751 ortus
1263 2694 1638 2763 erat,addidit
1661 2698 1812 2750 :Non

151 2788 343 2842 solum
372 2803 441 2841 ea:
468 2786 691 2853 Iudaeis,
718 2785 815 2841 sed
842 2789 1008 2841 etiam
1043 2801 1112 2840 ac
1138 2784 1409 2854 gentibus.
1435 2781 1658 2846 Quibus
1689 2800 1813 2838 vcr-

144 2876 251 2932 bis
285 2876 546 2932 ostendit
575 2874 713 2945 quia
743 2890 859 2929 non
886 2872 972 2928 illi
1004 2878 1233 2928 tantum
1256 2872 1359 2926 ﬁlii
1382 2877 1522 2926 sunt
1548 2871 1815 2938 Abrahae,

145 2964 264 3036 qui
299 2982 369 3019 ex
399 2965 529 3034 ejus
559 2963 740 3032 stirpe
781 2962 1166 3027 descendunt,
1215 2960 1315 3014 sed
1366 2960 1700 3030 quicunque
1750 2975 1818 3013 ex

140 3052 450 3110 omnibus
484 3049 758 3122 gentibus
787 3049 1030 3121 vestigia
1058 3049 1191 3103 fidei
1221 3048 1466 3102 Abrahre
1488 3048 1813 3114 imitantur,

142 3143 588 3210 computantur
615 3138 674 3193 in
706 3137 844 3193 ﬁliis
873 3137 1141 3193 Abrahae.
1173 3137 1439 3192 Ostendit
1460 3136 1634 3192 etiam
1677 3138 1815 3208 quia

1926 564 2015 615 est
2048 576 2060 615 :
2094 562 2209 615 Non
2236 560 2385 631 plebs
2428 577 2549 615 mea
2595 577 2706 628 vos,
2758 559 2899 633 quia
2944 560 3100 616 idola
3139 561 3432 631 colebant;
3466 565 3570 622 sed

1926 648 2037 720 ipsi
2072 654 2270 720 postea
2304 648 2407 703 filii
2449 649 2548 704 Dei
2578 650 2763 705 vocati
2804 654 2963 713 sunt,
2996 651 3135 722 quia
3185 666 3255 706 ex
3297 655 3573 710 omnibus

1924 738 2199 810 gentibus
2227 738 2551 808 credentes,
2587 739 2688 793 lilii
2720 739 2820 794 Dei
2853 739 2985 795 facti
3018 744 3174 795 sunt.
3215 742 3333 796 Vivi
3371 747 3571 799 autem

1924 828 2025 881 Dei
2052 827 2213 893 dicit,
2247 844 2281 881 a
2310 826 2746 883 distinctionem
2780 833 3167 885 mortuorum.

1999 916 2182 986 Hujus
2212 915 2317 970 loci
2354 932 2595 970 sensum
2642 916 2925 972 Dominus
2972 918 3209 989 exponit
3244 919 3570 974 secundum

1925 1003 2172 1059 alterum
2222 1005 2567 1076 prophetam
2615 1005 2811 1060 dicens
2848 1022 2860 1059 :
2906 1011 3115 1062 Ponant
3160 1009 3464 1064 Jerusalem
3512 1010 3572 1063 in

1922 1097 2035 1148 toto
2064 1094 2188 1148 orbe
2217 1101 2530 1157 terrarum;
2555 1094 2881 1150 Jerusalem
2905 1112 3160 1167 namque
3190 1097 3251 1151 in
3282 1102 3402 1153 toto
3432 1097 3573 1153 orbe

1923 1182 2113 1251 posita
2128 1186 2219 1237 est
2232 1186 2433 1238 sancta
2449 1181 2703 1238 Ecclesia
2716 1199 2817 1254 per
2828 1188 3014 1239 totum
3034 1186 3321 1241 mundum
3335 1185 3573 1242 diﬂ'usa.

1994 1270 2063 1324 Et
2094 1269 2229 1341 quia
2259 1270 2521 1326 dixerat:
2550 1272 2665 1326 Non
2696 1273 2872 1327 solum
2897 1290 2967 1328 ex
2992 1274 3222 1342 Iudaeis,
3262 1275 3359 1330 sed
3403 1276 3574 1330 etiam

1922 1375 1992 1415 ea:
2014 1359 2287 1429 gentibus,
2320 1358 2517 1415 volens
2546 1361 2853 1416 ostendere
2901 1361 3041 1432 quia
3090 1363 3259 1434 pauci
3292 1362 3571 1419 credituri

1924 1452 2091 1503 erant
2111 1464 2177 1502 ex
2196 1447 2436 1514 Judaeis,
2453 1448 2677 1502 addidit
2699 1466 2711 1503 :
2738 1451 2907 1505 Isaias
2927 1460 3113 1506 autem
3132 1452 3404 1507 clamabat
3426 1453 3575 1524 (353)

1920 1553 2019 1607 pro
2069 1538 2233 1592 Israel
2264 1538 2371 1591 :Si
2415 1539 2586 1605 luerit
2632 1554 2894 1594 numerus
2935 1541 3179 1609 ﬁliorum
3220 1542 3387 1596 Israel
3433 1543 3576 1597 sicut

1922 1643 2094 1680 arena
2122 1627 2319 1695 maris,
2352 1625 2608 1695 reliquie:
2636 1627 2815 1683 sulm:
2840 1628 2992 1697 ﬁent.
3043 1629 3312 1684 Praevidit
3359 1630 3575 1702 quippe

1924 1714 2207 1787 propheta
2231 1732 2447 1787 paucos
2478 1733 2543 1770 ex
2571 1714 2792 1771 Judazis
2823 1716 3167 1784 credituros,
3192 1717 3407 1774 idcirco
3439 1718 3571 1801 reji-

1925 1805 2095 1875 quias
2123 1808 2352 1858 tantum
2377 1804 2523 1859 dixit
2553 1804 2881 1861 salvandas.

1998 1893 2159 1948 Unde
2205 1895 2540 1964 Apostolus,
2593 1897 2658 1947 ut
2700 1894 3021 1966 prophetici
3073 1896 3263 1952 cordis
3313 1897 3572 1953 dolorem

1923 1982 2275 2048 ostenderet,
2310 1982 2595 2052 prcemisit
2626 2000 2638 2037 :
2672 1985 2848 2037 Isaias
2877 1984 3178 2039 clamabat.

1995 2071 2101 2125 Per
2131 2085 2368 2125 arenam
2400 2087 2535 2141 ergo
2565 2070 2873 2142 increduli,
2899 2088 2999 2144 per
3029 2073 3310 2145 reliquias
3333 2075 3569 2130 creden—

1922 2164 2012 2215 tes
2044 2159 2447 2229 designantur.
2478 2158 2800 2231 Utrumque
2838 2162 2996 2215 enim
3042 2162 3284 2217 Abrahae
3324 2164 3574 2234 promis-

1924 2265 2055 2303 sum
2088 2252 2194 2317 est,
2230 2248 2455 2302 dicente
2489 2248 2733 2303 Domino
2762 2266 2773 2304 :
2799 2250 3174 2321 Mulliplicans
3191 2251 3575 2324 multiplicabo

1920 2354 2101 2392 semen
2130 2340 2281 2391 tuam
2310 2338 2453 2393 sicut
2481 2336 2673 2393 stellas
2710 2339 2854 2405 cwli,
2904 2342 2955 2392 et
2989 2340 3128 2394 sicut
3176 2356 3410 2396 arenam
3457 2358 3576 2412 quae

1920 2434 2001 2481 est
2028 2428 2088 2481 in
2122 2426 2306 2481 littore
2342 2428 2515 2481 maris
2565 2427 2721 2498 (Gen.
2767 2444 2917 2497 xxw,
2973 2429 3046 2499 4).
3093 2429 3200 2491 Qui
3249 2429 3406 2486 enim
3457 2429 3576 2486 illic

1924 2532 2024 2587 per
2056 2514 2279 2582 stellas,
2312 2515 2405 2570 hic
2439 2532 2540 2587 per
2570 2514 2847 2588 reliquias
2878 2516 3285 2572 ostenduntur.

1995 2605 2105 2659 Sed
2136 2605 2430 2675 quomodo
2464 2603 2719 2676 reliquias
2742 2604 2910 2660 salvas
2935 2604 3097 2659 factae
3121 2607 3570 2679 sunt,aperitur,

1924 2710 2056 2748 cum
2090 2693 2390 2748 subditur:
2414 2694 2639 2749 Verbum
2668 2695 2818 2748 enim
2846 2709 3235 2749 consummans
3255 2703 3303 2750 et
3326 2696 3575 2752 brevians

1929 2784 1987 2836 in
2019 2784 2274 2851 azquitate
2305 2780 2820 2854 (subintelligitur:
2870 2782 3059 2838 salvas
3090 2783 3261 2845 faciet
3288 2778 3565 2842 Dominus

1925 2869 2508 2941 reliquias).Verbum
2536 2871 2795 2926 Dominus
2816 2874 3436 2944 consummmavit,quia
3456 2892 3574 2930 om-

1926 2957 2025 3010 nia
2059 2957 2197 3028 legis
2231 2963 2513 3029 praeeepta
2546 2961 2801 3029 perfecit.
2828 2961 2989 3016 Unde
3020 2961 3174 3016 idem
3208 2962 3520 3033 Apostolus
3556 2983 3569 3022 :

1924 3046 2081 3100 Finis
2114 3047 2244 3115 legis
2274 3052 2357 3100 est
2388 3046 2631 3100 Christus
2682 3049 2857 3115 (Ilom.
2907 3066 2963 3113 x,
3014 3049 3087 3105 4i.
3139 3049 3392 3105 Verbum
3443 3051 3570 3107 bre-

1923 3133 2100 3189 viavit
2130 3135 2189 3188 in
2220 3134 2508 3206 (equitate,
2543 3134 2681 3205 quia
2710 3152 2835 3206 qua:
2884 3135 3055 3207 longe
3103 3135 3332 3208 lateque
3360 3139 3414 3192 in
3448 3138 3573 3212 lege

144 3248 266 3304 per
298 3208 447 3285 duos
478 3228 629 3283 ﬁlios
660 3228 1081 3293 Rebeccw,non
1110 3226 1421 3282 Judaicum
1453 3230 1509 3282 et
1538 3225 1815 3297 gentilem
1848 3208 1889 3274 C
1927 3223 2142 3278 diffusa
2173 3227 2331 3291 sunt,
2352 3222 2631 3278 Dominus
2660 3224 2861 3294 paucis
2893 3224 3080 3280 verbis
3110 3208 3572 3298 comprehendit,

145 3317 471 3393 populum,
505 3316 607 3372 sed
637 3317 966 3372 credentem
986 3320 1055 3375 et
1086 3314 1450 3371 incredulum
1493 3314 1815 3387 intelligere

145 3406 386 3475 voluit;
417 3422 522 3478 per
553 3406 873 3461 Rebeccam
921 3421 1175 3476 namque
1225 3408 1428 3465 sancta
1476 3404 1817 3476 designatur

152 3494 614 3559 Ecclesia.Quod
647 3496 842 3549 autem
866 3495 936 3549 de
957 3511 1026 3550 ea
1048 3493 1424 3566 legitur,quia
1445 3492 1591 3548 abiit
1611 3510 1816 3548 consu-

155 3586 281 3641 lere
299 3584 757 3651 Dominum,non
781 3583 1228 3656 intelligendum
1243 3589 1331 3639 est
1344 3583 1495 3655 quod
1514 3580 1817 3637 uxortanti

155 3664 511 3746 patriarcha:
534 3672 716 3727 Deum
742 3671 984 3727 localem
1009 3671 1404 3737 crediderit,et
1425 3687 1557 3726 eum
1582 3671 1816 3726 incessu

159 3763 382 3834 pedum
417 3761 625 3817 abierit
656 3760 993 3827 consulere;
1018 3760 1120 3815 sed
1154 3759 1467 3825 abiit,dicit
1497 3759 1815 3830 Scriptura,

159 3850 272 3907 hoc
286 3850 466 3915 est,in
481 3849 795 3904 virtutibus
809 3847 1374 3920 profecit.Moraliter
1388 3863 1488 3918 per
1499 3847 1817 3901 Rebeccam

164 3938 362 3994 fidelis
385 3955 626 4010 quisque
640 3938 839 3993 anima
853 3936 1327 4008 designatur;per
1344 3937 1490 3991 duos
1506 3936 1631 4006 ejus
1646 3934 1817 4006 ﬁlios,

166 4028 461 4085 exercitus
484 4028 760 4082 vitiorum
792 4031 965 4097 atque
994 4026 1300 4080 virtutum.
1330 4026 1486 4082 Unde
1516 4029 1645 4095 apte
1678 4023 1819 4079 dici-

164 4122 259 4172 tur
293 4133 308 4172 :
346 4117 518 4188 Major
545 4118 740 4172 serviet
766 4117 998 4186 minori,
1027 4115 1305 4187 quoniam
1352 4114 1461 4169 etsi
1512 4116 1699 4185 major
1746 4113 1823 4169 sit

163 4205 447 4262 vitiorum
481 4206 947 4277 exercitus,sa'pc
977 4207 1169 4260 tamen
1203 4204 1370 4258 illum
1403 4208 1640 4276 superat
1666 4219 1822 4259 exer-

168 4295 327 4351 citus
358 4294 663 4350 virtutum.
691 4295 846 4350 Sicut
875 4295 935 4348 in
959 4294 1089 4348 Osee
1120 4293 1252 4347 dicit
1282 4311 1300 4347 :
1337 4293 1541 4349 Vocabo
1574 4309 1680 4347 non
1702 4294 1816 4364 pte-

169 4385 286 4441 bem
315 4401 525 4449 meam,
556 4385 764 4455 plebem
796 4372 997 4449 meam,
1025 4390 1076 4437 et
1101 4400 1207 4437 non
1238 4383 1511 4453 dilectam,
1545 4381 1819 4448 dilectam,

166 4486 214 4529 et
240 4491 359 4530 non
388 4472 823 4529 misericordiam
847 4476 1207 4539 consecutam,
1240 4471 1675 4527 misericordiam
1694 4487 1821 4526 con-

1925 3312 2124 3367 dicens
2160 3330 2172 3367 :
2204 3313 2400 3382 Iugum
2432 3314 2579 3366 enim
2610 3328 2790 3367 meum
2818 3329 2981 3368 suave
3008 3321 3105 3381 est,
3137 3323 3188 3370 et
3217 3332 3353 3371 onus
3390 3332 3573 3373 meum

1926 3403 2036 3456 leue
2068 3410 2145 3465 est
2174 3401 2388 3472 (Matth.
2425 3419 2503 3467 x1,
2534 3402 2624 3469 29,
2659 3402 2769 3473 30).

2000 3490 2140 3557 Quia
2200 3493 2421 3545 verbum
2479 3491 2785 3546 breviatum
2845 3493 3010 3562 faciet
3080 3493 3352 3549 Dominus
3410 3511 3575 3566 super

1928 3582 2159 3634 terram.
2196 3579 2300 3634 Per
2327 3580 2569 3634 verbum
2598 3580 2921 3635 breviatum
2965 3581 3259 3654 Evangelii
3308 3584 3575 3640 doctrina

1928 3668 2234 3739 aptissime
2266 3668 2628 3741 intelligitur,
2663 3669 2940 3741 quoniam
2983 3687 3110 3741 quae
3161 3689 3262 3743 per
3306 3671 3573 3727 innume-

1928 3757 2143 3811 rabiles
2174 3758 2605 3812 observationes
2632 3758 2844 3830 populo
2867 3759 2965 3814 Dei
2991 3765 3278 3833 praecepta
3298 3764 3572 3829 sunt,Do-

1931 3845 2126 3898 minus
2169 3844 2226 3898 in
2260 3846 2492 3900 duobus
2519 3846 2819 3915 praeceptis
2852 3848 3139 3903 contineri
3172 3849 3448 3921 ostendit,
3481 3850 3572 3905 di-

1929 3948 2102 3986 cens:
2131 3932 2331 4002 Diliges
2368 3934 2663 3988 Dominum
2696 3938 2865 3989 Deum
2887 3939 3042 3989 tuum
3062 3952 3133 3990 ea:
3151 3941 3259 3992 toto
3281 3938 3442 3993 corde
3461 3932 3579 4006 tuo,

1927 4030 1979 4077 et
2012 4024 2070 4075 in
2100 4023 2251 4076 omni
2269 4030 2447 4076 mente
2464 4025 2639 4087 tua,et
2658 4038 2727 4077 ex
2746 4024 2996 4077 omnibus
3018 4026 3223 4079 viribus
3245 4028 3356 4081 tuis
3376 4030 3430 4080 et
3448 4042 3573 4097 pra-

1926 4112 2145 4165 :cimum
2174 4114 2329 4165 tuum
2356 4114 2496 4165 sicut
2526 4119 2577 4165 te
2607 4113 2785 4181 ipsum
2815 4111 3024 4182 (Matth.
3068 4130 3204 4179 xxu,
3249 4113 3361 4184 37).
3413 4114 3575 4170 Unde

1928 4204 1985 4254 et
2016 4200 2290 4254 continuo
2313 4200 2513 4255 subdit
2546 4218 2558 4255 :
2592 4202 2653 4255 In
2686 4200 2773 4255 his
2802 4200 3012 4257 duobus
3040 4202 3318 4258 paludatis
3345 4206 3457 4259 tota
3486 4204 3575 4259 lea:

1926 4290 2139 4361 pendet,
2173 4294 2226 4345 et
2250 4290 2538 4361 propheta?
2566 4289 2772 4361 (Matth.
2806 4293 3065 4363 xx11,!iO).
3096 4292 3226 4347 Sive
3245 4293 3573 4349 breviatum

1931 4380 2172 4433 verbum
2202 4378 2345 4434 dicit
2376 4378 2678 4433 dominicae
2698 4380 2830 4435 fidei
2856 4380 3274 4453 symbolum,in
3303 4399 3417 4455 quo
3439 4399 3575 4438 con-

1932 4467 2083 4522 stitit
2143 4468 2325 4523 totius
2382 4467 2647 4523 Ecclesia:
2707 4469 2869 4525 salus
2917 4475 3092 4541 atque
3140 4471 3434 4542 perfectio.
3478 4472 3581 4527 Est

169 4568 415 4618 secutam
454 4563 606 4632 (Osee
636 4580 696 4634 ιι,
727 4563 827 4630 24;
860 4564 1058 4617 lPetr.
1114 4580 1173 4627 11,
1225 4560 1333 4632 10).
1389 4560 1505 4615 Hoc
1556 4559 1821 4615 testimo-
1852 4578 1901 4641 Β
1932 4556 2090 4612 enim
2123 4556 2289 4626 quasi
2326 4556 2564 4628 signum
2594 4557 2896 4627 Ecclesiae;
2930 4576 3066 4615 nam
3099 4560 3253 4615 sicut
3292 4561 3581 4617 exercitus

171 4652 340 4708 nium
370 4652 556 4708 sancti
586 4651 834 4724 apostoli
867 4652 937 4706 de
963 4651 1261 4707 vocatione
1287 4650 1548 4722 gentium
1594 4648 1819 4705 intelle-

170 4746 400 4797 xerunt.
434 4740 675 4797 Gentilis
708 4741 865 4796 enim
895 4739 1148 4812 populus
1176 4757 1291 4794 non
1324 4746 1447 4795 erat
1486 4739 1652 4812 plebs
1698 4737 1817 4805 Dei,

175 4829 451 4901 quoniam
482 4829 654 4885 idolis
684 4829 1002 4896 serviebat;
1042 4829 1141 4884 sed
1179 4829 1363 4885 factus
1395 4834 1482 4884 est
1510 4829 1673 4902 plebs
1723 4827 1820 4883 Dei

178 4918 407 4986 dilecta,
449 4922 507 4974 et
553 4917 1016 4973 misericordiam
1047 4923 1379 4987 consecuta,
1414 4918 1690 4990 quoniam
1723 4934 1827 4989 per

180 5005 389 5064 Christi
420 5008 593 5063 {idem
615 5005 934 5078 justiﬁcari
965 5008 1198 5072 meruit,
1239 5012 1297 5062 et
1347 5012 1571 5064 tantam
1601 5005 1827 5078 accepit

183 5100 613 5167 potestatem,ut
640 5095 804 5150 illius
827 5094 926 5150 Dei
950 5096 1129 5163 fieret,
1156 5098 1326 5167 juxta
1356 5098 1599 5155 Joannis
1622 5111 1824 5151 vocem

186 5184 460 5242 dicentis:
495 5188 768 5259 Quotquot
796 5187 977 5239 autem
1027 5192 1346 5257 receperunt
1382 5206 1507 5245 eum
1556 5188 1737 5260 (Joan.
1782 5201 1823 5253 1,

1932 4645 2128 4719 aliquo
2160 4644 2327 4717 signo
2358 4646 2429 4700 ab
2461 4646 2708 4702 invicem
2739 4647 3262 4719 discernuntur,ita
3282 4648 3392 4703 hoc
3410 4647 3580 4719 signo

1932 4736 2348 4792 discernuntur
2376 4735 2577 4791 ﬁdeles
2610 4736 2681 4790 ab
2718 4735 3076 4793 inﬁdelibus.
3108 4736 3312 4801 Aliter,
3340 4734 3581 4790 verbum

1935 4826 2261 4882 breviatum
2286 4823 2424 4878 dicit
2452 4825 2806 4881 dominicam
2837 4827 3368 4895 orationem,quam
3392 4821 3586 4877 Domi-

1939 4934 2052 4973 nus
2083 4915 2209 4970 ideo
2242 4918 2360 4969 tam
2388 4913 2620 4969 brevem
2654 4914 3020 4987 docuit,quia
3051 4912 3212 4968 novit
3240 4911 3394 4965 Deus
3434 4925 3586 4979 quo-

1941 5006 2097 5061 niam
2130 5004 2390 5058 humana
2421 5003 2709 5077 fragilitas
2756 5001 2854 5057 diu
2905 5006 2966 5059 in
3020 5001 3223 5056 eadem
3267 4997 3590 5053 intentione

1942 5110 2177 5150 manere
2211 5108 2322 5147 non
2357 5097 2569 5162 potest,
2604 5095 2897 5164 quatenus
2931 5086 3340 5157 unusquisque
3377 5082 3593 5139 oratio-

1943 5184 2034 5240 nis
2065 5189 2327 5253 tempore
2358 5181 2594 5256 colligat
2616 5184 2871 5235 mentem
2903 5177 3175 5240 suam,et
3204 5171 3451 5243 repulsis
3470 5186 3597 5227 om-
