3998 5278
153 332 254 397 229

714 324 1125 390 EXPOSITIO
1170 328 1248 388 IN
1294 326 1719 389 EPISTULAS
1765 322 2025 389 PAULI.
2062 356 2136 371 --
2167 326 2244 386 IN
2289 324 2540 386 EPIST.
2584 327 2688 387 AD
2737 326 2923 389 ROM.

3404 332 3524 395 230

153 466 350 521 stanter
377 458 747 531 Evangelium
780 461 1267 532 praedicabatmisi
1300 478 1404 533 pro
1426 476 1628 517 eorum
1655 461 1768 515 ﬁde
1799 462 1850 525 Α
1951 461 2170 514 Volens
2202 464 2396 515 autem
2421 459 2734 531 Apostolus
2756 462 3212 533 ostendere,qua3
3229 470 3380 521 esset
3404 466 3525 523 haec

150 554 305 611 etiam
332 554 503 603 Deum
536 553 781 620 rogaret.

1871 549 2107 618 justitia
2138 548 2258 616 Dei,
2292 549 2516 603 addidit
2552 567 2563 604 :
2598 550 2749 604 Finis
2779 553 2927 605 enim
2962 550 3101 620 legis
3149 553 3397 609 Christus
3425 561 3525 624 est,

212 642 419 696 Fratres
448 641 643 692 autem
676 638 816 693 dicit
862 638 1128 711 gentiles,
1178 639 1455 710 quoniam
1487 638 1771 693 credendo
1879 637 1947 691 ad
1988 638 2263 708 justitiam
2328 639 2484 692 omni
2524 639 2780 693 credenti.
2828 640 2984 695 Finis
3044 640 3188 713 legis
3238 642 3529 713 Christus,

155 730 273 787 facti
302 731 431 783 sunt
462 725 567 780 filii
594 726 719 796 Dei,
771 745 837 783 ac
876 745 978 800 per
1012 728 1122 784 hoc
1168 730 1373 784 fratres
1420 734 1588 784 erant
1622 734 1771 799 Apo-

156 818 292 875 stoli.

219 903 591 978 lgiturvolens
617 906 921 961 ostendere
934 906 1210 978 quoniam
1232 906 1417 961 Judaei
1440 906 1777 977 ignoranter

155 994 468 1069 peccabant,
521 994 662 1049 dum
696 1011 988 1066 praecones
1037 996 1233 1068 gratiae
1264 999 1772 1067 persequerentur,

154 1082 373 1153 adjecit:
412 1082 816 1138 Testimonium
838 1085 989 1139 enim
1010 1085 1270 1155 perhibeo
1290 1085 1405 1139 illis
1429 1085 1584 1155 quod
1604 1099 1774 1139 a’mu-

158 1172 405 1228 lationem
434 1171 536 1225 Dei
565 1174 792 1243 habent,
823 1174 923 1229 sed
950 1190 1063 1229 non
1089 1175 1400 1230 secundum
1429 1174 1727 1229 scientiam
1758 1194 1777 1239 ;

156 1262 257 1317 acsi
279 1260 491 1316 diceret
524 1277 536 1315 :
570 1261 733 1331 Novi,
766 1265 823 1317 et
852 1262 1010 1331 scio;
1045 1264 1197 1335 apud
1230 1263 1362 1319 illos
1393 1263 1526 1318 talis
1556 1268 1613 1317 et
1650 1262 1777 1330 ipse

155 1350 243 1417 fui,
272 1366 395 1404 cum
428 1351 827 1421 persequebar
855 1351 1170 1408 Ecclesiam
1203 1353 1324 1407 Dei.
1356 1354 1547 1422 Hujus
1580 1356 1777 1406 autem

158 1440 250 1493 loci
278 1454 514 1494 sensum
548 1440 835 1495 Dominus
892 1442 1217 1496 secundum
1248 1442 1492 1497 Joannis
1522 1440 1777 1512 Evange-

156 1526 278 1582 lium
303 1527 764 1598 exponit,dicens
786 1546 799 1582 :
823 1532 975 1585 Venit
998 1529 1236 1597 hora,ut
1265 1531 1451 1585 omnis
1475 1529 1572 1602 qui
1602 1530 1781 1583 inter-

155 1617 253 1686 ﬁcit
269 1632 357 1672 vos
373 1616 699 1672 arbitretur
716 1635 775 1675 se
794 1621 1122 1691 obsequium
1149 1629 1432 1688 praestare
1452 1621 1590 1685 Deo;
1615 1618 1776 1673 item:

155 1710 256 1761 Hoc
279 1707 526 1780 faciunt,
559 1709 705 1779 quia
731 1725 845 1764 non
874 1717 1153 1765 noverunt
1182 1711 1436 1780 Patrem,
1483 1724 1663 1780 neque
1691 1722 1781 1762 me

158 1794 312 1867 (toan.
342 1812 455 1862 xvx,
490 1796 569 1866 2).

214 1885 308 1939 Sed
340 1886 724 1955 quaerendum
750 1888 821 1941 de
842 1904 959 1958 qua
980 1888 1224 1943 scientia
1254 1888 1347 1943 hic
1369 1888 1525 1942 dicat
1545 1889 1784 1958 Aposto-

160 1973 253 2028 lus.
307 1973 585 2046 Nunquid
645 1976 715 2029 de
771 1975 873 2030 illa
928 1993 1056 2048 quin
1114 1977 1239 2032 sine
1299 1977 1581 2032 charitate
1618 1976 1785 2029 inﬂat

161 2066 203 2131 (l
227 2064 335 2119 Cor.
366 2080 495 2130 vm,
532 2065 585 2135 1)
614 2065 642 2118 ?
672 2064 817 2119 Non.
852 2066 971 2120 Imo
1030 2067 1103 2121 de
1150 2066 1249 2121 illa
1305 2082 1432 2137 quae
1483 2065 1785 2120 charitatis

167 2168 325 2207 comes
351 2157 402 2207 et
436 2153 726 2224 magistra
755 2152 1107 2210 humilitatis
1155 2159 1261 2210 est.
1315 2156 1459 2210 Vere
1507 2171 1783 2226 namque,

175 2242 220 2293 et
240 2244 340 2295 tota
364 2241 617 2297 scientia
647 2241 870 2296 homini
903 2248 991 2298 est
1023 2244 1208 2309 scire;
1246 2244 1381 2315 quia
1424 2244 1569 2298 nihil
1603 2261 1705 2315 per
1726 2260 1787 2298 se

169 2332 342 2397 potest,
371 2335 430 2384 et
460 2330 608 2401 quia
637 2330 925 2402 quidquid
955 2337 1065 2397 est,
1119 2348 1183 2387 ex
1216 2332 1331 2387 Deo
1374 2337 1432 2387 et
1471 2350 1573 2404 per
1602 2333 1786 2388 Deum

164 2420 251 2470 est.
280 2421 433 2473 Hanc
465 2420 774 2474 scientiam
807 2420 991 2475 Judaei
1024 2438 1138 2476 non
1171 2421 1483 2492 habebant,
1509 2422 1787 2493 quoniam

162 2503 208 2558 in
234 2504 349 2576 lege
374 2506 816 2579 gloriabantur;
873 2509 1000 2566 ideo
1034 2511 1535 2582 persequebantur
1573 2528 1791 2582 przeco-

160 2610 248 2648 nes
275 2597 501 2667 gratiae.

212 2683 272 2737 Et
302 2688 591 2757 tanquam
624 2687 841 2743 diceret
874 2687 1088 2759 aliquis
1122 2707 1135 2744 :
1173 2689 1444 2755 Ostende,
1499 2689 1792 2761 Apostole,

153 2787 264 2841 quae
296 2774 377 2828 sit
408 2775 533 2830 haec
565 2775 831 2840 scientia,
864 2793 1038 2847 quam
1071 2782 1353 2848 tanquam
1387 2774 1589 2831 utilem
1636 2795 1794 2833 com-

148 2862 405 2927 mendas,
444 2867 504 2917 et
532 2880 709 2934 quam
738 2864 797 2918 in
827 2864 1043 2920 Judaeis
1076 2865 1236 2920 doles
1270 2882 1384 2920 non
1416 2881 1542 2920 esse
1572 2882 1584 2919 :
1618 2866 1795 2920 idcir-

146 2964 219 3016 co,
244 2952 623 3022 exponeudo,
650 2953 953 3021 subjunxit
977 2970 990 3007 :
1016 2958 1341 3022 Ignorantes
1372 2955 1522 3009 enim
1552 2955 1655 3008 Dei
1672 2955 1799 3023 jus-

137 3038 359 3103 titiam,
393 3048 454 3092 et
482 3055 649 3093 suam
669 3046 987 3109 quaerentes
1014 3048 1264 3096 statuere
1281 3042 1535 3111 justitiae
1563 3043 1662 3096 Dei
1688 3059 1802 3098 non

133 3135 262 3182 sunt
288 3126 567 3196 subjecti.

1886 742 1999 779 non
2028 726 2513 796 consumptionis,
2548 728 2647 782 sed
2673 730 3218 798 consummationis,
3250 734 3529 802 quoniam

1883 831 1998 868 non
2032 813 2214 887 legem
2267 815 2579 882 consumit,
2633 818 2731 871 sed
2775 818 3017 889 perﬁcit,
3065 821 3233 889 juxta
3284 822 3531 893 quodin

1884 901 2191 973 Evangelio
2231 901 2537 973 loquitur:
2574 905 2690 958 Non
2746 907 2873 959 veni
2927 908 3137 962 solvere
3195 909 3386 979 legem,
3434 909 3534 963 sed

1883 991 2110 1060 implere
2142 991 2310 1061 (360).

1956 1078 2114 1132 Finis
2145 1083 2233 1133 est
2263 1078 2549 1134 Christus.
2584 1082 2689 1143 Qui
2726 1082 2782 1135 in
2814 1082 2940 1153 ipso
2971 1084 3530 1157 credimus,quando

1884 1169 2099 1222 bonam
2159 1167 2311 1221 viam
2360 1168 2587 1240 ingredi
2622 1170 2960 1241 incipimus,
3017 1178 3073 1228 et
3114 1174 3309 1246 ipsum
3342 1175 3535 1231 solum

1885 1256 2233 1325 videbimus,
2267 1272 2399 1311 eum
2422 1258 2491 1311 ad
2528 1256 2691 1312 illum
2725 1261 3149 1330 perveniemus.
3185 1264 3344 1319 Finis
3375 1264 3538 1319 Chri-

1885 1350 2013 1400 stus
2044 1344 2276 1415 dicitur,
2308 1346 2585 1417 quoniam
2618 1348 2686 1401 ad
2722 1348 2888 1404 illum
2914 1351 3220 1407 referimus
3252 1353 3537 1425 quidquid

1887 1433 2158 1504 agimus;
2193 1439 2248 1488 et
2276 1451 2410 1489 cum
2444 1436 2512 1489 ad
2550 1436 2745 1507 ipsum
2778 1439 3359 1509 perveniemus,nihil
3385 1441 3541 1497 ultra

1888 1523 2041 1593 quod
2090 1539 2444 1593 quaeramus,
2472 1525 2842 1581 habebimus.

1962 1610 2117 1665 Finis
2167 1612 2362 1683 itaque
2403 1618 2618 1680 noster,
2652 1616 2926 1685 perfectio
2959 1622 3158 1674 nostra
3188 1636 3317 1676 esse
3348 1620 3539 1677 debet.

1888 1700 2167 1755 Perfectio
2220 1706 2415 1757 autem
2467 1709 2669 1758 nostra
2698 1704 2970 1760 Christus
3027 1711 3137 1775 est,
3173 1709 3451 1778 quoniam
3483 1710 3541 1765 in

1887 1789 2016 1860 ipso
2048 1789 2387 1861 perticimur
2438 1791 2610 1861 (361),
2670 1794 2839 1864 cujus
2891 1794 3101 1866 capitis
3134 1798 3397 1853 membra
3443 1816 3544 1853 su-

1896 1894 2049 1933 mus.
2083 1878 2253 1933 Recte
2284 1879 2462 1950 igitur
2507 1881 2643 1936 linis
2681 1882 2949 1938 Christus
2999 1884 3232 1953 dicitur,
3265 1888 3542 1957 quoniam

1895 1984 2065 2023 nemo
2097 1968 2224 2022 sine
2256 1968 2381 2039 ipso
2414 1971 2638 2040 perﬁcit
2668 1970 2875 2042 legem.

1969 2056 2127 2111 Finis
2156 2062 2349 2112 autem
2393 2057 2538 2130 legis
2569 2058 2835 2116 Christus
2868 2066 2955 2117 est
2986 2065 3143 2118 omni
3184 2066 3439 2121 credenti
3472 2067 3543 2121 ad

1889 2146 2221 2217 justitiam;
2271 2148 2548 2215 quoniam
2602 2148 2937 2221 quicunque
2968 2168 3069 2223 per
3111 2154 3284 2209 tinem
3334 2155 3546 2210 Christi

1890 2235 2271 2305 justiﬁcatur,
2307 2236 2363 2289 in
2394 2236 2521 2307 ipso
2551 2239 2867 2307 perficitur.

1972 2323 2174 2394 Igitur,
2233 2328 2298 2379 ut
2328 2325 2595 2395 aperiret,
2656 2343 2829 2397 quam
2862 2328 3072 2384 dixerit
3119 2330 3415 2400 justitiam
3444 2332 3548 2388 Ju-
3656 2366 3659 2367 ν

1900 2413 2178 2473 dazorum.
2212 2414 2513 2483 subjunxit
2545 2430 2556 2467 :
2592 2415 2792 2486 Moyses
2818 2418 2968 2471 enim
3015 2420 3253 2490 scripsit,
3285 2423 3549 2491 quoniam

1889 2502 2172 2573 justitiam
2250 2518 2369 2573 quae
2425 2520 2497 2557 ex
2548 2504 2662 2573 lege
2717 2512 2810 2571 est,
2871 2508 2966 2577 qui
2991 2509 3181 2578 fecerit
3223 2508 3379 2564 homo
3410 2512 3552 2565 vivet

1904 2592 1963 2644 in
1992 2592 2071 2645 eis
2102 2592 2271 2661 (362).
2333 2591 2438 2645 Ubi
2490 2593 2833 2660 notandum,
2868 2595 3008 2664 quia
3056 2612 3171 2651 non
3232 2597 3312 2652 ait
3344 2600 3401 2653 in
3459 2614 3548 2666 ea,

1904 2680 2004 2733 sed
2038 2682 2098 2733 in
2128 2682 2229 2744 eis,
2262 2679 2317 2733 id
2367 2685 2455 2734 est
2484 2679 2629 2752 legis
2688 2683 3014 2754 praeceptis,
3076 2686 3193 2741 sive
3251 2687 3547 2758 operibus.

1906 2767 2031 2839 lege
2061 2773 2168 2823 est.
2218 2785 2320 2840 pro
2369 2770 2644 2840 operibus
2676 2770 2821 2842 legis
2874 2773 3087 2843 posuit.
3122 2774 3253 2842 Qui,
3302 2792 3437 2849 ergo
3470 2778 3548 2833 fe-

1908 2857 2069 2911 Unde
2100 2862 2361 2929 apparet,
2413 2859 2687 2928 quoniam
2721 2860 2944 2933 Moyses
2968 2863 3286 2933 justitiam,
3321 2882 3446 2937 quae
3483 2884 3549 2921 ex

1911 2946 2034 3016 lege
2092 2952 2182 3000 est
2212 2963 2313 3015 pro
2359 2947 2632 3017 operibus
2689 2949 2834 3021 legis
2867 2951 3081 3021 posuit.
3115 2951 3224 3015 Qui
3276 2971 3412 3026 ergo
3472 2956 3550 3010 fe-

1910 3036 2071 3103 cerit,
2108 3052 2233 3106 qua:
2293 3052 2360 3088 ex
2418 3035 2541 3106 lege
2597 3041 2702 3103 est,
2756 3039 3071 3110 justitiam,
3132 3042 3187 3095 id
3237 3048 3325 3096 est
3380 3061 3555 3115 opera

1909 3125 2076 3196 legis,
2116 3124 2265 3177 vivet
2291 3124 2348 3176 in
2378 3123 2483 3190 eis,
2507 3124 2784 3194 quoniam
2818 3128 3121 3196 praemium
3154 3129 3398 3200 accipiet
3426 3132 3555 3187 vitae

194 3214 449 3271 Justitia
482 3214 587 3271 Dei
609 3220 844 3281 est,uon
878 3233 992 3288 qua
1022 3217 1167 3289 ipse,
1192 3219 1291 3273 sed
1325 3235 1441 3290 qua
1472 3218 1645 3273 homo
1668 3220 1797 3289 jus-
1830 3199 1872 3265 C
1911 3213 2232 3285 praesentis.
2293 3213 2484 3267 Timet
2542 3213 2697 3268 enim
2757 3231 2847 3280 ne,
2907 3215 2955 3269 si
3013 3216 3160 3287 (363)
3208 3199 3383 3289 opera
3412 3220 3556 3292 legis

139 3304 418 3375 tificatur,
453 3310 517 3359 et
547 3321 673 3375 quae
704 3304 925 3359 homini
953 3322 987 3359 a
1030 3306 1144 3361 Deo
1176 3308 1366 3362 datur.

195 3393 447 3450 Justitia
476 3410 617 3465 ergo
652 3392 746 3448 Dei
780 3398 868 3448 est
898 3393 1184 3465 Christus,
1220 3396 1338 3451 sive
1372 3396 1519 3452 ﬁdes
1555 3397 1794 3461 Christi,

136 3500 227 3553 per
254 3499 442 3554 quam
473 3482 842 3551 justificatur
870 3483 971 3553 qui
999 3484 1184 3539 credit
1214 3485 1271 3539 in
1305 3502 1465 3552 eum,
1489 3487 1591 3558 qui
1620 3487 1796 3558 justi-

138 3570 260 3627 ficat
289 3572 577 3643 impium.
610 3576 771 3626 Hanc
794 3572 1089 3641 justitiam
1126 3574 1221 3628 Dei
1257 3574 1627 3646 ignorabant,
1657 3592 1797 3647 quo-

140 3661 283 3715 niam
317 3661 526 3733 asgroti
560 3661 854 3716 medicum
897 3678 1009 3716 non
1059 3663 1415 3733 quaerebant,
1468 3668 1524 3719 et
1554 3665 1625 3719 de
1654 3664 1798 3735 legis

143 3750 408 3820 operibus
442 3748 783 3822 gloriantes,
845 3756 1175 3821 peccatores
1234 3768 1294 3807 se
1326 3752 1589 3807 conﬁteri
1634 3753 1795 3807 dedi-

145 3840 493 3907 gnabantur.
522 3838 851 3894 Gloriantes
874 3844 1065 3894 autem
1100 3839 1158 3894 in
1188 3839 1334 3911 legis
1365 3840 1799 3911 oporihus,gra-

146 3924 272 3981 tiam
294 3928 393 3982 Dei
431 3943 467 3981 a
500 3943 564 3981 se
593 3926 970 3998 repellebant.

206 4016 522 4071 Justitiam
549 4015 782 4070 illorum
802 4015 1070 4086 dicit,qui
1097 4033 1164 4071 ea
1184 4018 1581 4087 sejustiﬁcari
1606 4034 1801 4089 posse-

149 4106 399 4175 putabat,
435 4105 801 4160 existimantes
858 4121 919 4160 se
968 4105 1154 4177 legem
1208 4106 1333 4161 suis
1377 4107 1601 4162 meritis
1643 4124 1801 4164 acce-

150 4192 374 4261 pisse,et
404 4194 545 4250 suis
576 4194 800 4249 viribus
829 4193 1071 4266 implere
1094 4212 1285 4266 posse.
1320 4200 1478 4251 Hanc
1512 4197 1798 4268 justitiam

151 4284 391 4339 statuere
419 4283 736 4350 volebant;
772 4284 829 4337 id
860 4284 1172 4356 est,gratiae
1196 4285 1287 4340 Dei
1315 4286 1603 4357 praeferre,
1638 4288 1798 4342 ideo-

152 4384 238 4438 que
255 4373 507 4441 justitiae
539 4373 639 4427 Dei
666 4390 780 4427 non
800 4381 929 4428 sunt
958 4374 1209 4443 subjecti.

211 4461 350 4517 Hinc
374 4462 528 4518 alibi
560 4461 714 4517 idem
738 4462 1055 4533 Apostolus
1088 4462 1230 4517 dicit
1263 4478 1276 4517 :
1313 4463 1470 4530 Quod
1499 4467 1548 4518 si
1576 4481 1653 4519 ea:
1684 4468 1803 4536 lege

1907 3320 2021 3357 non
2071 3301 2264 3369 faciat,
2324 3301 2718 3372 cruciﬁgatur,
2778 3308 2879 3358 aut
2940 3303 3251 3377 lapidetur,
3305 3308 3391 3362 vel
3450 3309 3553 3364 ali-

1907 3392 2045 3463 quid
2078 3391 2421 3462 hujusmodi
2480 3392 2752 3462 patiatur.
2810 3392 2961 3448 Vivit
2993 3395 3211 3466 itaque,
3248 3397 3388 3468 quia
3417 3415 3556 3470 pra:-

1909 3482 2093 3536 mium
2153 3480 2382 3551 accipit,
2427 3498 2499 3536 ne
2557 3482 2815 3553 corporis
2874 3488 3058 3539 morte
3092 3486 3392 3556 puniatur.
3441 3493 3555 3544 lm-

1908 3569 2160 3641 pletores
2180 3572 2374 3624 autem
2401 3571 2744 3641 gratire,non
2772 3573 3075 3642 praesentis
3096 3574 3222 3628 vitae
3250 3576 3555 3647 praamium

1908 3658 2221 3729 accipiunt,
2265 3658 2365 3713 sed
2424 3664 2670 3725 aeternae,
2721 3660 2895 3728 juxta
2952 3661 3096 3717 illud
3134 3680 3146 3719 :
3183 3666 3318 3720 Cum
3347 3665 3558 3722 dederit

1907 3747 2115 3801 dilectis
2144 3748 2260 3801 suis
2289 3762 2562 3813 somnum,
2594 3764 2714 3803 ecce
2738 3749 3037 3806 hacreditas
3096 3756 3324 3809 Domini
3384 3755 3555 3826 (Psal.

1907 3851 2094 3902 cxxvn,
2127 3836 2181 3903 3)
2239 3850 2253 3890 :
2311 3838 2452 3888 Cum
2486 3835 2640 3890 enim
2699 3854 2973 3894 somnum
3032 3842 3236 3897 mortis
3266 3842 3431 3898 electi
3465 3861 3559 3899 ca-

1908 3923 2099 3995 piunt,
2146 3928 2285 3977 tunc
2317 3925 2387 3977 ad
2448 3924 2845 3981 hereditatem
2904 3933 3129 3983 aeterna:
3190 3932 3318 3985 vita:
3360 3948 3559 4002 perve-

1910 4012 2098 4067 niunt.

1982 4100 2092 4156 Sed
2162 4102 2385 4172 poterat
2432 4101 2646 4173 aliquis
2694 4103 2882 4159 dicere
2931 4121 2943 4159 :
3001 4105 3059 4161 Si
3112 4106 3339 4178 Moyses
3370 4107 3556 4165 dicit:

1908 4192 2214 4259 Justitiam,
2274 4207 2392 4261 qua:
2450 4207 2519 4246 ea:
2576 4193 2686 4263 lege
2742 4203 2836 4260 est,
2904 4196 3002 4265 qui
3054 4196 3248 4266 fecerit
3327 4198 3484 4253 homo
3542 4214 3558 4255 :

1912 4282 2050 4336 vivet
2079 4282 2140 4334 in
2170 4296 2236 4334 ea
2267 4281 2460 4352 (364):
2512 4282 2659 4353 (365)
2717 4299 2844 4354 quas
2898 4300 2966 4339 ex
3024 4284 3137 4341 fide
3168 4290 3257 4341 est
3306 4287 3560 4358 justitia,

1912 4370 2052 4441 quid
2075 4369 2216 4425 dicit
2240 4370 2267 4423 ‘?
2292 4370 2510 4426 Idcirco
2533 4373 2837 4442 subjunxit
2854 4375 3201 4445 Apostolus:
3230 4378 3357 4446 Quae
3377 4384 3565 4434 autem

1914 4476 1982 4513 ea:
2037 4458 2142 4529 ﬁde
2197 4464 2274 4513 est
2319 4460 2544 4530 justitia
2596 4462 2674 4515 sic
2726 4461 2859 4516 dicit
2887 4482 2909 4517 .·
2936 4468 3017 4520 Ne
3045 4465 3260 4521 dixeris
3313 4470 3373 4521 in
3407 4468 3565 4524 corde

154 4557 222 4603 est
231 4553 516 4620 justitia,
553 4567 688 4621 ergo
719 4551 976 4607 Christus
1031 4554 1209 4621 gratis
1250 4562 1515 4608 mortuus
1543 4558 1625 4609 est
1655 4555 1809 4627 (θαι,
1839 4562 1887 4627 D
1919 4557 2009 4603 tuo
2038 4550 2160 4618 quis
2192 4550 2431 4603 ascendit
2462 4551 2519 4603 in
2548 4551 2742 4604 caelum
2788 4552 2935 4625 (366)
2962 4554 2989 4608 ?
3038 4554 3096 4608 Id
3152 4559 3228 4610 est
3288 4556 3566 4612 Christum

158 4645 362 4708 Πρω).
413 4641 476 4696 Si
509 4644 708 4695 autem
741 4640 1008 4697 Christus
1041 4657 1153 4696 non
1186 4641 1367 4713 gratis
1399 4648 1664 4701 mortuus
1696 4650 1802 4714 est,

161 4724 291 4800 (359)
320 4729 382 4785 in
416 4729 525 4785 illo
557 4728 678 4784 solo
709 4729 929 4802 impius
954 4730 1333 4801 justiﬁcatur.

228 4889 363 4961 (359)
392 4891 550 4947 Nota
580 4890 1033 4961 pulcherrimam
1067 4892 1437 4948 sententiam.

402 4960 615 5038 Matth.
648 4980 701 5029 v,
740 4963 849 5038 1:7,,
883 4962 1052 5033 Vulg.
1084 4964 1184 5038 sed
1221 4965 1552 5038 adimplere.

229 5030 373 5115 (361)
400 5030 1114 5115 Autog._per/icimus,_'ve_l
1165 5036 1343 5092 etiam
1376 5030 1551 5095 'recte
1594 5038 1809 5111 legeris

167 5104 498 5177 Petjﬁcimus,
536 5104 583 5160 si
614 5109 791 5173 legem
821 5104 1243 5177 subintelligas.

231 5173 374 5260 (562.)
436 5178 605 5260 Levii:
661 5178 964 5260 nv1i1,.5;
1049 5173 1254 5260 Iziz‘ec/i.
1312 5198 1402 5252 xx,
1634 5179 1811 5252 Vulg.

459 5250 537 5278 Διίι
592 5248 772 5278 μαιεΛῦ
830 5250 885 5278 η’νι
922 5263 976 5278 Λιι-

1915 4638 2194 4705 deducere,
2217 4643 2325 4693 etc.
2352 4639 2684 4695 Praecedens
2712 4640 3118 4698 testimonium
3148 4644 3461 4715 Apostolus
3494 4646 3565 4700 de

1913 4727 2165 4783 Levitico
2213 4726 2494 4798 sumpsit;
2527 4727 2636 4784 hoc
2662 4735 2858 4784 autem
2899 4730 3373 4802 Deuteronomio,
3407 4731 3564 4801 quod

1918 4888 2125 4944 chielis
2156 4889 2329 4959 paulo
2363 4890 2634 4959 superius
2668 4890 2827 4945 citati
2860 4896 3078 4960 textus,
3112 4906 3141 4944 e
3174 4890 3391 4961 quibus
3418 4889 3572 4942 hanc

1921 4962 2275 5038 sententiam
2308 4961 2545 5017 haurire
2574 4962 2804 5038 videtur
2832 4962 3169 5038 Apostolus,
3196 4960 3414 5038 habent
3432 4961 3575 5038 vivet

1920 5035 1987 5110 in
2015 5036 2112 5110 eis,
2144 5032 2202 5110 id
2233 5034 2790 5110 est,_pra‘ceptis,_de
2825 5030 3079 5110 quibus“
3093 5030 3263 5102 paulo
3303 5030 3576 5110 superius

1919 5103 1989 5161 in
2022 5099 2211 5180 citatis
2232 5099 2492 5180 testibus
2530 5099 2748 5180 mentio
2767 5099 3259 5180 habeturﬁevera
3275 5099 3389 5154 alia
3402 5100 3579 5156 etiam

1927 5177 2286 5252 exemplaria
2317 5176 3055 5252 hujusEpistolzehabent
3086 5175 3267 5252 in‘c'is.

2011 5250 2152 5278 (DR')\
2191 5252 2243 5278 In
2281 5252 2462 5278 ηιςῦηηί
2519 5249 2639 5278 ιΛΛΛ
2670 5263 2740 5278 mn
2774 5249 2819 5278 (δέ
2853 5250 2961 5278 In":

2670 5263 2740 5278 mn
2774 5248 2819 5278 (δέ
2853 5250 3067 5278 Ιηηξιιῖη
