3998 5278
357 319 465 381 231

1374 319 1710 380 ΑΤΤΟΝ18
1756 316 2342 382 VERCELLENSIS
2387 317 2737 378 EPISGOPI

3643 319 3765 379 232

358 453 774 523 interpretatur
798 450 1198 524 recapitulatio
1224 451 1369 524 legis
1391 451 1559 521 (367).
1597 452 1754 506 Unde
1780 455 1836 506 et
1867 454 1998 522 apte
2029 453 2083 517 Α
2115 451 2243 505 bum
2271 451 2408 518 ﬁdei
2439 449 2598 518 dicit,
2647 450 2788 520 quia
2819 465 2919 520 per
2946 451 3074 521 ejus
3118 451 3295 506 ﬁdem
3324 450 3548 523 impius
3572 450 3728 521 justi
3756 481 3765 490 -

361 540 614 614 gratiam
646 539 940 613 Evangelii
971 541 1256 613 designat.

427 630 815 693 Quaerendum
839 633 928 684 est
949 634 1146 683 autem
1171 645 1286 700 qua
1313 627 1638 684 intentione
1653 628 1876 700 Moyses
1895 628 2002 683 hoc

356 721 524 788 dixit,
577 717 666 773 vel
716 734 834 789 qua
881 717 1197 788 Apostolus
1239 718 1298 771 in
1352 717 1753 772 testimonium
1799 733 2002 788 sump-

357 807 517 864 serit.
551 807 778 879 Moyses
809 805 919 860 hoc
953 805 1116 875 dixit,
1150 806 1357 861 docere
1386 805 1584 861 volens
1616 804 1769 860 ﬁlios
1805 805 2000 876 Israel,

331 897 498 970 ,quia
550 913 663 951 non
716 896 802 950 eis
854 911 1090 950 necesse
1140 900 1284 960 erat,
1337 899 1516 962 extra,
1569 895 1626 948 id
1657 894 2000 958 estacmlo,

355 986 442 1042 vel
475 987 706 1057 abysso,
741 984 1001 1039 divinum
1033 989 1220 1054 petere
1250 982 1844 1054 prmocptum,quippe
1866 999 2000 1037 cum

356 1076 544 1148 legem
580 1073 808 1129 Domini
842 1091 955 1145 pra:
990 1072 1177 1128 oculis
1209 1071 1508 1136 haberent,
1541 1071 1860 1126 dummodo
1889 1070 2001 1126 vel-

354 1165 478 1220 lent
508 1163 771 1235 implere.

427 1254 519 1307 Ait
547 1267 683 1321 ergo
737 1269 748 1306 :
794 1253 874 1306 Ne
919 1251 1150 1317 dixeris,
1203 1255 1335 1315 etc.,
1377 1265 1443 1304 ac
1488 1249 1536 1304 si
1591 1249 1853 1304 diceret:
1887 1249 1996 1316 Tu,

357 1342 692 1413 quicunque
724 1356 806 1404 es,
842 1338 1119 1404 Israelita,
1163 1355 1234 1393 ne
1283 1338 1497 1392 dixeris
1545 1337 1603 1391 in
1647 1338 1816 1392 corde
1847 1342 1947 1392 tuo
1982 1356 1994 1393 :

356 1430 496 1496 Quis
530 1428 789 1485 ascendit
819 1428 875 1482 in
909 1426 1142 1493 coelum,
1176 1432 1240 1482 ut
1268 1427 1401 1481 inde
1435 1425 1602 1481 nobis
1628 1425 1832 1480 afferat
1861 1425 1999 1480 divi-

357 1536 498 1574 num
541 1524 915 1588 praeceptum,
973 1520 1034 1570 ut
1082 1515 1416 1580 audiamus,
1468 1521 1524 1568 ct
1575 1513 1996 1585 intelligamus,

352 1613 409 1663 et
437 1607 788 1678 impleamus
816 1605 842 1659 ‘?
876 1612 991 1660 Aut
1020 1606 1140 1675 quis
1187 1603 1463 1659 descendit
1521 1605 1580 1657 in
1624 1604 1897 1672 abyssum,
1933 1607 1998 1658 ut

352 1697 519 1752 nobis
553 1696 762 1750 referat
791 1694 928 1765 quid
988 1694 1045 1747 in
1104 1693 1332 1747 inferno
1363 1696 1622 1764 agatum,
1655 1697 1711 1747 et
1741 1692 1998 1747 sciamus

351 1783 492 1858 quid
516 1802 621 1840 nos
645 1800 815 1855 agere
836 1783 1138 1854 oporteat?
1163 1781 1449 1848 Quoniam
1474 1798 1592 1852 prae
1605 1781 1788 1836 oculis
1814 1781 1996 1836 habes

351 1874 449 1930 Dei
482 1878 806 1946 praecepta;
841 1876 962 1927 esto
995 1875 1223 1926 tantum
1254 1870 1547 1941 impletor.
1588 1870 1749 1925 Unde
1780 1873 1837 1924 et
1867 1886 2000 1925 mox

311 1973 318 1982 '
351 1964 625 2020 subditur
660 1979 672 2018 :
702 1965 882 2033 Prope
909 1968 985 2018 est
1015 1961 1235 2016 verbum
1265 1962 1324 2014 in
1352 1975 1449 2015 ore
1505 1968 1596 2014 tuo
1653 1963 1704 2013 et
1752 1961 1811 2014 in
1842 1959 2000 2014 corde

350 2057 467 2109 tuo.

432 2141 659 2196 Verbum
691 2142 1043 2211 praeceptum
1072 2137 1169 2190 Dei
1200 2138 1365 2190 vocat
1389 2152 1402 2202 ;
1425 2151 1489 2189 ac
1520 2134 1567 2189 si
1599 2133 1846 2189 diceret:
1870 2133 2000 2188 Pro-

352 2247 425 2302 pe
483 2234 572 2284 est
599 2229 838 2283 verbum
892 2229 945 2280 in
978 2242 1074 2280 ore
1104 2231 1227 2290 tuo,
1281 2224 1418 2295 quia
1449 2223 1614 2295 legis,
1651 2228 1705 2277 et
1736 2223 1793 2277 in
1826 2223 1998 2278 corde

350 2324 476 2386 tuo,
505 2317 643 2388 quia
669 2315 989 2371 meditaris.

421 2405 735 2478 Apostolus
759 2411 952 2459 autem
973 2404 1079 2458 hoc
1098 2401 1498 2457 testimonium
1517 2400 1995 2472 sumpsit,voleus

348 2495 654 2552 ostendere
702 2492 996 2547 Christum
1050 2508 1248 2546 verum
1305 2495 1505 2554 Deum,
1546 2496 1601 2545 et
1653 2506 1852 2543 verum
1886 2489 1994 2544 bo-

350 2583 590 2649 minem,
621 2586 677 2636 et
706 2598 821 2636 non
853 2580 1094 2634 localem
1123 2597 1136 2644 ;
1172 2595 1275 2634 nec
1314 2580 1372 2633 in
1405 2578 1546 2633 caelo
1587 2583 1837 2644 tantum,
1892 2577 1992 2632 sed

350 2672 566 2743 ubique
615 2687 750 2726 eum
803 2685 1044 2740 regnare
1075 2685 1207 2722 cum
1249 2673 1460 2734 Patre;
1498 2684 1610 2721 non
1651 2671 1842 2720 tamen
1876 2683 1996 2720 cor-

348 2777 486 2832 pore
518 2760 819 2825 diffusum,
855 2758 954 2812 sed
987 2760 1271 2828 potestate
1302 2755 1633 2824 dilatatum,
1667 2760 1732 2809 ut
1761 2755 1837 2809 sit
1856 2771 1994 2809 sen-

355 2866 462 2904 sus
496 2867 507 2903 :
544 2849 690 2919 (368)
724 2849 832 2914 Tu,
866 2846 1201 2917 quicunque
1256 2862 1338 2911 es,
1386 2844 1596 2912 ﬁdelis,
1653 2861 1722 2898 ne
1777 2843 1994 2898 dixeris

346 2938 402 2991 in
430 2937 599 2991 corde
631 2941 729 2990 tuo
763 2952 776 2989 :
812 2934 950 2999 Quis
982 2935 1257 2989 ascendet
1284 2932 1343 2986 in
1384 2933 1591 2988 cmlum
1618 2934 1645 2987 ‘?
1695 2933 1748 2986 id
1779 2938 1888 2998 est,
1920 2948 1994 2986 ne

352 3025 555 3080 credas
578 3024 875 3080 Christum
898 3022 1089 3078 solum
1115 3029 1293 3078 Deum
1325 3027 1535 3090 esse,et
1556 3039 1669 3076 non
1696 3021 1991 3076 hominem

348 3116 587 3181 factum,
625 3118 680 3168 et
712 3129 846 3168 eum
893 3117 1121 3167 tantum
1154 3114 1211 3166 in
1245 3113 1385 3167 ccclo
1415 3111 1699 3178 habitare,
1736 3115 1792 3164 et
1819 3111 1989 3181 abys-

2115 540 2346 593 licetur.

2187 628 2433 696 Rursus,
2467 633 2534 683 ut
2563 627 2812 699 aperiret
2846 644 2976 698 quae
3022 633 3177 683 esset
3223 629 3351 699 ejus
3401 629 3766 701 praedicatio,

2115 717 2382 786 adjunxit
2415 735 2427 772 :
2463 719 2604 785 Quia
2629 718 2680 772 si
2726 717 3038 786 conﬁtearis
3087 721 3147 773 in
3202 733 3294 774 ore
3341 726 3432 774 tuo
3461 721 3765 775 Dominum

2109 807 2312 872 Jesum,
2365 810 2417 860 et
2461 807 2521 861 in
2568 806 2727 861 corde
2771 809 2862 861 tuo
2909 806 3228 875 credideris,
3258 809 3397 878 quia
3425 809 3566 864 Deus
3595 809 3766 865 illam

2109 896 2397 949 suscitavit
2425 912 2459 948 a
2487 897 2744 958 mortuis.
2775 896 2962 950 salvus
2993 898 3120 951 eris.

2181 982 2452 1037 Praevidit
2497 983 2831 1054 Apostolus,
2881 985 3158 1056 quoniam
3210 985 3392 1040 futuri
3438 992 3610 1042 erant
3658 988 3762 1059 qui

2111 1071 2407 1126 Christum
2457 1089 2554 1127 ore
2602 1074 3034 1140 conﬁterentur,
3069 1074 3169 1130 sed
3217 1075 3450 1130 credere
3481 1075 3714 1132 nollent
3747 1095 3763 1145 ;

2110 1159 2271 1226 item,
2323 1159 2424 1231 qui
2470 1177 2604 1216 eum
2637 1163 2809 1218 corde
2839 1163 3160 1230 crederent,
3211 1164 3312 1218 sed
3361 1168 3604 1236 propter
3633 1170 3764 1221 tor-

2110 1253 2328 1318 menta,
2360 1253 2417 1304 et
2447 1249 2734 1321 supplicia
2780 1251 3042 1306 conﬁteri
3079 1257 3454 1321 vererentur;
3505 1254 3764 1325 ideoque

2110 1343 2426 1409 utrumque
2457 1338 2634 1393 simul
2668 1339 2948 1410 posuit,id
2977 1340 3527 1411 est,credulitatem,
3561 1345 3763 1400 cordis

2109 1430 2167 1480 et
2187 1427 2306 1481 oris
2321 1426 2974 1498 confessionem,volens
2996 1429 3303 1485 ostendere
3320 1431 3459 1502 quia
3480 1437 3761 1489 neutrum

2108 1515 2235 1570 sine
2267 1519 2447 1570 altero
2479 1516 2698 1572 sufﬁcit
2728 1518 2798 1572 ad
2824 1517 3256 1588 perfectionem.
3289 1519 3436 1576 Hine
3467 1521 3761 1578 Dominus

2106 1604 2164 1658 in
2199 1603 2504 1675 Evangelia
2535 1604 2678 1660 dicit
2728 1621 2740 1658 :
2791 1607 2854 1661 Si
2899 1609 3023 1676 quis
3050 1610 3326 1678 confessus
3352 1611 3529 1679 fuerit
3554 1626 3645 1666 me
3671 1628 3763 1666 co-

2108 1707 2229 1746 ram
2258 1691 2596 1758 hominibus,
2627 1693 2925 1762 conﬁtebor
2954 1698 3005 1748 et
3051 1711 3145 1766 ego
3191 1711 3315 1750 eum
3367 1713 3552 1752 coram
3590 1703 3764 1755 Patre

2107 1796 2246 1848 meo,
2293 1782 2388 1850 qui
2415 1783 2582 1834 estin
2631 1783 2778 1835 caelis
2828 1783 3036 1853 (Matth.
3069 1802 3124 1852 x,
3175 1784 3287 1852 32).
3323 1785 3394 1839 Et
3423 1791 3584 1853 nota,
3619 1789 3763 1858 quia

2110 1885 2226 1923 non
2255 1869 2338 1924 ait
2366 1884 2381 1924 :
2417 1869 2909 1940 Credideris,quia
2940 1875 3113 1927 natus
3143 1877 3253 1942 est,
3276 1890 3490 1944 passus
3521 1881 3582 1931 et
3598 1892 3761 1931 mor-

2107 1961 2266 2027 tuus,
2299 1958 2399 2012 sed
2431 1959 2563 2028 quia
2591 1959 2728 2014 Deus
2756 1959 2919 2014 illum
2946 1962 3230 2016 suscitavit
3257 1979 3291 2016 a
3319 1967 3570 2018 mortuis.

2184 2046 2328 2103 Nam
2359 2051 2413 2101 et
2433 2046 2643 2118 pagani
2677 2047 2846 2102 illum
2865 2053 3162 2105 mortuum
3193 2051 3461 2114 credunt.
3491 2058 3554 2108 et
3585 2054 3761 2110 nobis

2109 2134 2217 2189 hoc
2244 2151 2348 2206 pro
2380 2134 2623 2190 crimine
2650 2135 2936 2205 objiciunt
2969 2155 2981 2193 :
3015 2155 3130 2193 non
3151 2154 3287 2210 ergo
3309 2144 3511 2196 nostra
3542 2141 3678 2198 laus
3701 2143 3759 2199 in

2107 2224 2215 2278 hoc
2247 2228 2354 2292 est,
2389 2223 2439 2277 si
2487 2240 2620 2279 eum
2671 2228 2899 2280 tantum
2949 2211 3252 2282 mortuum
3289 2229 3612 2296 credimus,
3643 2231 3759 2287 nisi

2107 2312 2500 2376 credamus,et
2531 2313 2998 2381 resurrexisse,et
3028 2331 3133 2370 nos
3165 2316 3234 2370 ad
3259 2318 3387 2387 ejus
3417 2318 3756 2390 exemplum

2107 2405 2540 2456 resurrecturos
2570 2417 2718 2456 esse.

2178 2489 2477 2543 Mortuum
2510 2494 2792 2555 autem,et
2824 2507 2927 2545 nos
2960 2490 3564 2564 credimus,quoniam
3590 2495 3762 2552 aliter

2105 2594 2239 2632 eum
2270 2577 2658 2632 resurrexisse
2689 2578 2922 2633 credere
2953 2596 3067 2633 non
3091 2579 3374 2635 valemus.

2181 2666 2462 2720 Utautem
2496 2665 2716 2722 arctius
2739 2668 3194 2737 commendaret,
3229 2671 3389 2740 quia,
3423 2686 3532 2727 nec
3567 2673 3758 2730 cordis

2104 2753 2417 2810 credulitas
2447 2755 2573 2809 sine
2604 2756 2720 2810 oris
2752 2756 3135 2826 confessione,
3170 2773 3273 2812 nec
3304 2759 3424 2814 haec
3471 2760 3605 2816 sine
3633 2761 3757 2830 illa,

2104 2845 2175 2898 ad
2209 2843 2456 2898 salutem
2491 2843 2633 2898 satis
2663 2847 2772 2913 est,
2804 2844 3032 2899 addidit
3063 2862 3076 2900 :
3112 2846 3281 2902 Corde
3331 2850 3483 2902 enim
3509 2850 3760 2906 creditur

2102 2932 2172 2986 ad
2204 2933 2506 3003 justitiam,
2561 2948 2654 2988 ore
2701 2935 2882 2987 autem
2932 2936 3202 3002 confessio
3258 2936 3321 3004 ﬁt
3374 2937 3438 2991 in
3493 2940 3752 2995 salutem.

2101 3021 2323 3084 Quibus
2352 3021 2544 3076 verbis
2575 3021 2850 3088 ostendit,
2883 3023 3164 3094 quoniam
3195 3025 3295 3095 qui
3323 3025 3625 3082 Christum
3669 3046 3754 3084 ve-

2101 3125 2233 3162 rum
2264 3109 2467 3173 Deum,
2521 3114 2577 3163 et
2605 3126 2803 3164 verum
2846 3109 3143 3166 hominem
3176 3113 3347 3168 corde
3377 3115 3751 3186 creditjusti-

347 3221 480 3258 sum
515 3205 642 3272 ejus
676 3202 984 3274 praesentia
1015 3218 1238 3256 vacare.
1272 3201 1436 3255 Unde
1467 3205 1522 3254 et
1551 3199 1986 3270 exponendo,de
2017 3185 2059 3250 C
2101 3196 2259 3252 ﬁcari
2291 3202 2566 3266 meretur,
2599 3197 3005 3268 quia,suorum
3038 3206 3410 3270 peccatorum
3443 3185 3749 3260 remissio-

345 3309 451 3347 suo
485 3291 708 3346 addidit
739 3309 750 3345 :
786 3292 896 3345 Hoc
923 3301 998 3344 est
1029 3290 1304 3344 Christum
1331 3289 1592 3343 deducere
1625 3304 1636 3342 :
1670 3304 1805 3341 nam
1839 3286 1985 3341 libro

345 3380 776 3436 Deuleronomii
809 3396 924 3432 non
958 3378 1224 3432 habetur.

413 3468 689 3539 Sequitur
722 3483 734 3520 :
771 3469 875 3521 Aut
904 3468 1024 3538 quis
1052 3465 1328 3521 descendet
1360 3468 1418 3520 in
1448 3465 1704 3535 abyssum
1732 3468 1756 3517 .9
1785 3465 1845 3519 1d
1877 3469 1985 3535 est,

351 3574 422 3613 ne
482 3558 683 3612 credas
742 3572 952 3626 purum
995 3555 1293 3610 hominem
1326 3554 1503 3609 fuisse
1532 3570 1792 3625 passum,
1828 3571 1986 3608 mor-

345 3651 640 3716 tuumque
671 3645 742 3698 ad
775 3643 1005 3698 inferna
1053 3642 1442 3709 descendisse,
1494 3642 1537 3696 it
1583 3642 1661 3696 ibi
1707 3659 1840 3696 eum
1897 3643 1990 3696 de-

345 3733 542 3799 tineri,
589 3731 918 3803 ccelumque
967 3732 1094 3801 ejus
1128 3731 1437 3802 praesentia
1489 3747 1710 3786 vacare.
1744 3731 1904 3786 Unde
1934 3735 1993 3786 et

343 3822 685 3893 exponendo
739 3821 1046 3891 subjunxit
1104 3837 1116 3875 :
1167 3820 1225 3875 Id
1254 3822 1330 3874 est
1361 3819 1644 3876 Christum
1673 3837 1708 3872 τι
1764 3821 1992 3874 mortuis

344 3927 612 3966 revocare.
650 3914 780 3982 ipse
811 3909 948 3964 enin
978 3924 1147 3965 verus
1183 3913 1353 3975 Deus,
1404 3913 1461 3963 et
1517 3910 1690 3964 homo
1723 3912 1830 3973 est,
1864 3908 1992 3963 ubi-

348 4017 460 4072 que
491 4003 668 4054 totus.
703 3997 909 4070 Igitur,
943 3997 1111 4069 quasi
1143 3997 1334 4052 dicere
1362 3996 1536 4052 vellet
1591 3996 1806 4068 aliquis
1859 4014 1872 4052 :
1932 3997 1992 4052 Si

354 4088 449 4143 lex
478 4086 612 4143 ﬁdei
643 4087 834 4143 dicere
863 4086 1150 4159 prohibet,
1182 4086 1315 4158 quis
1346 4089 1622 4142 ascendet
1673 4086 1730 4139 in
1762 4085 1992 4149 cmlum,

347 4178 509 4233 etcf?
541 4177 690 4241 Quid
723 4193 859 4248 ergo
909 4176 1246 4244 dicendum,
1289 4174 1594 4245 subjungit
1659 4173 1990 4244 Apostolus,

356 4267 555 4321 volens
582 4266 910 4332 ostendere,
943 4264 1236 4334 quomodo
1269 4263 1486 4332 ubique
1529 4262 1603 4316 sit
1635 4249 1788 4316 totus
1820 4262 1846 4314 ‘t
1904 4261 1996 4316 sed

345 4353 474 4424 quid
524 4354 660 4408 dicit
715 4352 1220 4423 Sriptura?Pr0pe
1274 4359 1351 4405 est
1405 4351 1626 4404 verbum
1656 4351 1714 4403 in
1759 4365 1850 4404 ore
1905 4357 1994 4405 tuo

344 4445 396 4496 et
427 4443 485 4495 in
515 4441 677 4495 corde
708 4445 801 4494 tuo
831 4439 991 4510 (Deut
1062 4457 1193 4504 xxx,
1230 4440 1316 4509 14)
1345 4456 1356 4504 ;
1391 4443 1666 4507 tanquam
1728 4438 1944 4493 diceret
1978 4455 1991 4492 :

2097 3303 2230 3341 nem
2262 3286 2658 3355 consequitur.
2709 3287 2818 3341 Sed
2870 3287 2940 3341 ad
2990 3290 3306 3359 perfectam
3337 3291 3595 3348 salutem
3630 3311 3744 3349 non

2097 3375 2333 3441 sufﬁcit,
2369 3374 2480 3428 nisi
2509 3379 2568 3429 et
2597 3391 2693 3430 ore
2717 3376 3063 3432 conﬁteatur
3095 3393 3108 3432 :
3142 3380 3423 3450 quoniam
3454 3380 3746 3437 Dominus

2098 3464 2157 3518 in
2188 3463 2497 3535 Evangelio
2529 3463 2670 3518 dicit
2722 3481 2733 3518 :
2787 3466 2893 3533 Qui
2921 3482 3006 3521 me
3034 3469 3314 3537 negaverit
3341 3485 3537 3525 coram
3564 3474 3752 3527 homi-

2095 3555 2260 3608 nibus
2305 3553 2512 3623 negabo
2561 3557 2610 3608 et
2657 3568 2759 3624 ego
2789 3569 2913 3608 eum
2944 3570 3130 3611 coram
3161 3557 3325 3613 Patre
3370 3575 3487 3615 meo
3535 3560 3755 3628 (Matth.

2096 3660 2154 3710 x,
2181 3643 2292 3710 33).

2170 3732 2460 3803 Scriptura
2489 3732 2635 3786 enim
2665 3731 2799 3786 dicit
2854 3749 2866 3786 :
2929 3733 3137 3800 Omnis,
3171 3737 3268 3804 qui
3295 3735 3467 3791 credit
3510 3739 3574 3792 in
3609 3753 3760 3804 eum,

2101 3836 2211 3874 non
2265 3820 2633 3890 confundetur
2677 3822 2805 3888 (Isa.
2865 3838 3062 3877 xxvm.
3118 3823 3227 3891 16).
3278 3824 3410 3888 Quae
3462 3828 3766 3883 sententia

2107 3907 2281 3979 paulo
2318 3910 2590 3980 superius
2621 3914 2708 3965 est
2737 3909 3017 3980 exposita.
3051 3913 3186 3976 Quae
3218 3929 3290 3968 ne
3339 3913 3488 3969 forte
3516 3916 3593 3970 de
3622 3916 3764 3971 solis

2100 3997 2320 4051 Judaais
2349 3997 2505 4052 dicta
2535 3997 2850 4065 videretur,
2898 4004 3202 4069 propterea
3233 4001 3510 4056 subditur
3570 4020 3584 4058 :
3643 4006 3766 4060 Non

2102 4087 2251 4140 enim
2281 4086 2566 4141 distinctio
2593 4086 2777 4142 Judaei
2831 4091 2883 4142 et
2908 4090 3109 4144 Grmci.
3145 4089 3324 4159 Cujus
3371 4090 3480 4146 loci
3514 4109 3764 4149 sensum

2104 4174 2475 4245 coapostolus
2507 4176 2634 4244 ejus
2669 4176 2874 4231 Petrus
2903 4178 3160 4248 exponit,
3204 4177 3404 4234 dicens
3436 4197 3448 4234 :
3486 4182 3766 4248 Quoniam

2105 4265 2167 4317 in
2197 4264 2348 4317 omni
2385 4267 2564 4332 gente,
2599 4281 2691 4334 qui
2717 4266 2873 4320 timet
2898 4270 3073 4320 Deum
3096 4274 3148 4322 et
3169 4275 3430 4337 operatur
3449 4269 3765 4340 justitiam,

2104 4361 2351 4422 acceptus
2379 4361 2457 4407 est
2491 4353 2579 4407 illi
2604 4353 2751 4424 (Act.
2785 4371 2840 4420 x,
2873 4354 2985 4426 36).

2175 4445 2363 4498 Ouare
2393 4446 2586 4496 autem
2619 4442 2919 4498 distinctio
2949 4460 3065 4498 non
3098 4443 3174 4498 sit
3203 4445 3391 4500 Judaei
3447 4452 3506 4502 et
3557 4448 3764 4517 Graeci,

348 4528 495 4592 Quia
526 4529 790 4583 Christus
820 4527 1077 4583 Verbum
1105 4527 1204 4582 Dei
1235 4527 1423 4582 Patris
1447 4527 1662 4597 ubique
1684 4530 1839 4581 totus
1869 4531 1991 4616 est;
2027 4553 2072 4616 D
2107 4531 2378 4601 superius
2400 4531 2712 4601 Apostolus
2736 4532 3155 4598 ostendit,cum
3180 4535 3482 4604 praemissa
3501 4535 3618 4592 hac
3635 4555 3768 4594 sen-

348 4617 564 4672 idcirco
597 4621 654 4671 et
684 4616 742 4670 in
775 4633 871 4670 ore
925 4622 1046 4687 tuo,
1080 4621 1136 4686 et
1167 4617 1224 4671 in
1279 4617 1449 4671 corde
1481 4621 1579 4670 tuo
1623 4633 1635 4670 :
1682 4616 1807 4688 ipse
1835 4615 1992 4671 enim

355 4711 411 4762 et
442 4706 589 4761 bene
645 4705 959 4777 cogitandi,
993 4711 1050 4760 et
1079 4706 1224 4760 bene
1281 4704 1553 4776 loquendi
1587 4705 1836 4776 gratiam
1891 4705 1993 4760 tri-

347 4793 494 4850 buit.
527 4794 796 4850 Christus
831 4811 1084 4864 namque
1115 4811 1230 4849 non
1264 4794 1455 4849 solum
1488 4793 1743 4848 Verbum
1776 4799 1864 4849 est
1895 4793 1993 4848 Dei

348 4884 555 4955 Patris,
606 4884 706 4939 sed
755 4884 930 4938 etiam
971 4882 1248 4950 Charitas,
1297 4887 1355 4939 et
1393 4883 1624 4948 veritas,
1659 4887 1714 4936 et
1765 4882 1994 4952 sapien-

344 4972 446 5028 tia.
511 4972 697 5043 lgitur
727 4973 880 5028 sicut
924 4973 1045 5026 haec
1094 4971 1309 5037 omnia,
1361 4971 1443 5026 ita
1472 4975 1528 5025 et
1557 4969 1844 5036 Christus,
1881 4987 1993 5025 non

344 5059 468 5086 1......
527 5062 622 5086 ..ι-..ει
661 5061 882 5086 ...ιι-ξιξ..
921 5061 1249 5086 ---λεκμιη-
1290 5060 1435 5086 Ioam

2103 4617 2344 4673 tentiola
2387 4618 2585 4674 intulit
2618 4636 2630 4675 :
2667 4621 2858 4676 Omnes
2906 4622 3053 4676 enim
3077 4628 3465 4692 peccaverunt,
3522 4635 3579 4681 et
3609 4632 3768 4698 egent

2103 4709 2282 4776 gloria
2358 4708 2457 4762 Dei
2525 4709 2715 4780 (Rom.
2793 4727 2897 4777 ιιι,
2955 4710 3079 4781 23).
3141 4711 3302 4767 Unde
3361 4712 3458 4768 hic
3519 4731 3766 4788 quoque

2104 4795 2516 4868 subjungitur:
2549 4798 2687 4852 Nam
2716 4798 2862 4853 idem
2893 4799 3162 4854 Dominus
3188 4803 3458 4874 omnium,
3489 4803 3765 4861 Christus

2103 4883 2452 4958 scilicet,qui
2475 4886 2739 4942 omnium
2765 4887 3405 4961 dominatur,quoniam
3431 4909 3536 4964 per
3560 4893 3761 4966 ipsum

2077 5000 2079 5003 -
2105 4973 2258 5028 facta
2285 4981 2422 5029 sunt
2453 4975 2840 5031 omnia.Dives
2865 4979 2925 5032 in
2955 4993 3138 5034 omnes
3169 4981 3270 5052 qui
3289 4981 3550 5038 invocant
3573 4984 3760 5050 illum,

2109 5079 2376 5086 ~---...-.._.-
2423 5081 2500 5086 -..ο
