3998 5278
123 404 230 465 233
713 398 1126 460 EXPOSITIO
1171 397 1246 456 ΙΝ
1292 394 1723 456 EPISTOLAS
1771 393 2025 454 PAULI.
2055 425 2129 438 —
2159 397 2235 454 IN
2283 395 2532 457 EPIST.
2579 398 2683 456 AD
2729 399 2917 460 ROM.
3400 405 3518 463 234

124 533 386 590 omnibus
429 531 670 586 haberet
719 532 873 603 quod
926 531 1207 585 tribueret
1240 546 1251 583 :
1290 544 1423 583 nam
1475 543 1592 598 quo
1642 543 1765 581 am-
1798 527 1848 592 Α
1881 525 1972 580 Sic
2002 530 2057 581 et
2087 526 2195 582 hoc
2226 526 2350 583 loco
2376 547 2388 583 :
2417 527 2678 600 praevidit
2706 529 2862 585 enim
2886 534 3124 586 sanctus
3147 532 3324 588 Isaias
3356 535 3521 607 spiri-

124 622 266 694 plius
294 619 500 674 tribuit
529 623 685 674 tanto
714 620 902 690 magis
941 619 1225 673 abundat.
1876 615 2092 670 talibus
2115 616 2298 670 oculis
2322 617 3082 688 i‘irzedicatoresingentibus
3099 620 3518 690 discurrentes,

188 709 393 764 Volens
427 714 622 763 autem
658 709 994 779 prophetico
1027 705 1367 761 testimonio
1391 704 1541 775 (Joel.
1577 722 1638 766 11,
1663 705 1764 771 32;
1876 708 1933 758 et
1963 704 2308 759 admirando
2342 706 2572 760 dicebat
2598 723 2609 762 :
2635 707 2808 775 Quam
2837 709 3066 780 speciosi
3093 708 3251 780 pedes
3279 725 3521 785 evange-

127 802 233 856 Act.
291 816 351 864 11,
400 797 490 864 21)
544 799 924 867 comprobare
977 797 1129 868 quod
1185 796 1428 862 dixerat,
1479 793 1707 847 addidit
1751 810 1762 848 :
1879 793 2172 848 timntium
2199 800 2430 864 pacem!
2463 796 2640 850 Pedes
2662 800 2859 851 autem
2892 814 3007 852 non
3041 798 3390 870 corporales,
3422 801 3524 857 sed

131 890 302 945 Omnis
349 889 499 940 enim
549 888 858 957 quicunque
901 887 1237 940 invocaverit
1284 899 1479 938 nomen
1532 883 1767 950 Domini,
1879 881 2170 952 spiritales
2199 881 2521 954 intelligere
2546 884 2826 939 debemus
2860 903 2872 940 :
2906 885 3081 942 habet
3099 886 3256 942 enim
3287 887 3528 945 interior

129 980 298 1034 salvus
324 979 446 1032 erit.
473 976 700 1045 Omnis,
733 976 894 1040 dicit,
926 975 982 1029 id
1014 981 1124 1040 est,
1147 981 1265 1028 tam
1297 973 1558 1035 Judaeus,
1594 987 1769 1043 quam
1882 970 2055 1025 homo
2087 988 2225 1026 suos
2258 972 2457 1042 pedes,
2490 973 2643 1028 sicut
2691 978 2747 1028 et
2778 991 2952 1029 nares
2980 981 3036 1030 et
3088 975 3310 1033 oculos.
3342 977 3525 1034 Pedes

133 1065 367 1139 gentilis.
401 1065 694 1119 lnvocatio
745 1068 963 1126 autem,
999 1081 1110 1119 non
1165 1062 1263 1117 illa
1292 1060 1634 1132 accipienda
1663 1063 1772 1128 est,
1881 1076 2016 1131 ergo
2042 1061 2210 1129 justi,
2236 1064 2377 1115 sunt
2405 1061 2695 1132 spiritales
2713 1063 2973 1133 affectus,
2997 1069 3054 1119 et
3074 1069 3278 1121 sancta
3299 1065 3526 1122 deside-

135 1173 247 1227 quae
276 1153 459 1209 verbis
491 1159 745 1222 tantum,
785 1158 841 1207 et
875 1169 986 1206 non
1043 1151 1317 1222 operibus
1344 1155 1595 1217 tenetur,
1626 1166 1771 1220 quo—
1884 1148 1988 1216 ria,
2023 1149 2237 1219 quibus
2290 1151 2696 1220 prmdicatores
2725 1152 2989 1223 gentium
3021 1153 3271 1208 salutem
3301 1154 3527 1211 deside-

133 1245 275 1300 niam
309 1243 591 1298 Dominus
635 1243 694 1296 in
727 1241 1034 1313 Evangelio
1080 1240 1221 1294 dicit
1256 1258 1267 1294 :
1304 1239 1420 1294 Non
1449 1240 1647 1302 omnis,
1679 1239 1776 1309 qui
1883 1239 2107 1292 rabant.
2143 1239 2251 1293 Sed
2285 1239 2340 1292 hi
2376 1239 2570 1309 pedes,
2603 1257 2772 1311 quem
2809 1241 2961 1296 viam
2993 1242 3528 1301 ambulant?Illam

135 1334 249 1387 dicit
277 1332 432 1398 mihi,
460 1332 712 1400 Domine,
739 1332 990 1396 Domine,
1009 1329 1240 1384 intrabit
1271 1330 1328 1382 in
1360 1344 1588 1398 regnum
1609 1329 1776 1381 coalo-
1884 1325 2123 1392 scilicet,
2157 1343 2281 1397 quae
2328 1328 2398 1381 de
2447 1344 2508 1382 se
2539 1327 2679 1382 dicit
2711 1345 2723 1382 :
2759 1329 2866 1396 Ego
2914 1346 3038 1385 sum
3086 1347 3196 1401 via,
3229 1332 3450 1404 veritas,
3481 1341 3533 1388 et

134 1440 262 1488 mm,
292 1421 380 1475 sed
411 1422 510 1490 qui
544 1420 1037 1490 facitvoiuntatem
1053 1419 1240 1472 Patris
1270 1419 1402 1482 mei,
1426 1416 1519 1486 qui
1551 1418 1609 1470 in
1629 1416 1776 1470 coriis
1884 1417 1996 1469 vita
2026 1416 2210 1483 (Joan.
2243 1433 2356 1482 x1v,
2389 1418 2465 1486 6).
2500 1416 2704 1472 Pacem
2750 1417 2913 1473 illam
2944 1419 3105 1487 dicit,
3135 1420 3205 1475 de
3237 1436 3354 1492 qua
3382 1421 3532 1476 scri-

135 1520 215 1580 est,
242 1513 348 1581 ipse
377 1511 614 1564 intrabit
646 1511 704 1563 in
749 1525 981 1578 regnum
1011 1507 1268 1562 caelorum
1297 1506 1500 1572 (Matth.
1533 1523 1629 1570 v11,
1661 1506 1775 1572 21).
1887 1508 2052 1574 ptum
2087 1508 2175 1558 est
2206 1521 2218 1558 :
2255 1504 2500 1560 Christus
2530 1512 2609 1560 est
2637 1522 2752 1576 pax
2778 1515 2984 1574 nostra,
3008 1510 3104 1579 qui
3130 1510 3263 1580 fecit
3290 1514 3537 1581 utraque

139 1599 322 1654 Omnis
349 1614 485 1669 ergo
514 1597 856 1668 quicunque
889 1595 1244 1650 invocaverit
1272 1595 1462 1650 verbis
1491 1593 1689 1658 simul,
1723 1597 1780 1648 et
1887 1608 2062 1647 unum
2095 1593 2310 1664 (Ephes.
2342 1610 2403 1662 ιι,
2441 1593 2549 1664 Ut).

143 1688 391 1759 operibus
424 1702 644 1742 nomen
679 1685 932 1755 Domini,
965 1686 1162 1740 salvus
1193 1685 1322 1739 erit.
1854 1717 1861 1722 -
1962 1681 2166 1752 Igitur,
2201 1685 2264 1735 ut
2293 1683 2626 1738 ostenderet
2656 1684 2797 1755 quid
2845 1685 2923 1741 sit
2970 1685 3370 1758 Evangelium,
3403 1687 3540 1743 sub-

205 1777 385 1832 Genus
415 1775 639 1847 quippe
668 1774 995 1830 humanum
1019 1772 1325 1845 originalis
1356 1772 1575 1844 peccati
1612 1786 1779 1842 mag-
1885 1768 2083 1840 junxit
2115 1787 2128 1826 :
2180 1771 2691 1841 Evangelizantium
2745 1773 2902 1828 bona.
2953 1773 3332 1848 Evangelium
3390 1775 3540 1848 (372)

149 1882 211 1919 na
239 1863 462 1919 miseria
492 1863 896 1936 premebatur,
929 1867 987 1917 et
1032 1862 1231 1917 divina
1260 1860 1664 1916 misericordia
1693 1858 1782 1913 in-
1813 1895 1862 1960 Β
1893 1857 2109 1930 quippe
2155 1858 2356 1914 Latino
2407 1875 2674 1916 sermone
2727 1861 2926 1916 bonum
2972 1865 3236 1918 nuntium
3277 1863 3492 1920 dicitur
3524 1881 3537 1919 :

153 1953 376 2024 digebat,
407 1969 471 2006 ac
506 1969 613 2022 per
643 1951 750 2006 hoc
781 1951 1064 2022 propheta
1095 1956 1328 2021 tempus
1360 1950 1555 2021 gratiae
1588 1948 1785 2020 przevi-
1814 1947 1861 1960 "
1893 1963 2030 2002 nam
2062 1947 2214 2002 bona
2245 1947 2508 2015 nuntiat;
2540 1948 2716 2004 vitam
2741 1949 2963 2006 scilicet
2991 1955 3125 2022 post
3146 1955 3416 2023 mortem,
3449 1968 3539 2008 re-

159 2041 296 2107 deus,
328 2040 562 2095 dicebat
595 2058 607 2094 :
644 2040 828 2095 Omnis
878 2041 1185 2112 quicunque
1228 2039 1558 2094 invocaverit
1587 2052 1782 2092 nomen
1894 2034 2090 2107 quiem
2124 2041 2254 2107 post
2282 2036 2564 2104 laborem,
2598 2039 2846 2110 patriam
2878 2045 3010 2112 post
3033 2039 3325 2096 exsilium.

161 2131 368 2200 Domini,
400 2130 589 2184 salvus
618 2133 726 2183 erit
759 2129 910 2200 (Joet.
945 2146 1005 2195 ιι,
1038 2129 1150 2195 32).
1966 2123 2205 2190 Verum,
2240 2125 2376 2195 quia
2423 2143 2539 2181 non
2588 2126 2853 2184 omnium
2903 2132 2993 2184 est
3034 2129 3200 2196 ﬁdes,
3241 2136 3544 2202 propterea

223 2217 516 2289 Apostolus
551 2223 748 2272 autem
782 2218 888 2272 hoc
923 2216 1331 2272 testimonium
1364 2216 1436 2272 ad
1480 2232 1785 2272 commen-
1898 2212 2174 2268 subditur
2206 2230 2218 2269 :
2252 2214 2355 2268 Sed
2384 2230 2494 2270 non
2519 2231 2704 2271 omnes
2733 2217 2995 2272 obediunt
3024 2218 3341 2289 Evangelia.
3374 2217 3546 2274 Vide-

174 2307 423 2362 dationem
476 2306 677 2378 gratiae
712 2306 815 2362 Dei
864 2305 1080 2377 posuit,
1114 2304 1314 2360 volens
1346 2306 1648 2361 ostendere
1680 2304 1787 2359 hoc
1897 2301 2052 2366 licet,
2088 2301 2225 2372 quia
2256 2319 2370 2358 non
2427 2319 2630 2360 omnes
2663 2305 2928 2360 credunt.
2967 2305 3144 2361 Isaias
3194 2306 3342 2362 enim
3370 2305 3552 2362 dicit:

173 2410 265 2448 non
292 2393 466 2449 solum
501 2395 575 2449 de
615 2393 850 2461 Judaeis,
888 2395 988 2449 sed
1039 2393 1213 2448 etiam
1246 2394 1315 2448 de
1345 2393 1616 2465 gentibus
1667 2393 1785 2448 dic-
1899 2391 2145 2457 Domine,
2178 2393 2302 2462 quis
2349 2393 2580 2448 credidit
2623 2393 2848 2449 auditui
2875 2393 3101 2450 nostra?
3142 2394 3294 2468 (lsai.
3331 2411 3447 2466 L111,
3481 2395 3506 2449 1
3537 2412 3550 2464 ;

170 2485 287 2536 tum.
321 2483 560 2554 Propter
593 2483 776 2554 igitur
819 2483 1002 2538 oratio
1039 2482 1342 2538 Dominica
1390 2483 1541 2538 facta
1583 2486 1691 2550 est,
1726 2488 1790 2536 ut
1897 2483 2063 2536 Joan.
2094 2497 2198 2546 x11,
2231 2481 2343 2551 38.)

167 2568 409 2627 homines
443 2571 788 2640 invocando,
824 2576 880 2626 et
909 2573 1131 2626 orando
1165 2571 1482 2626 salventur.
1974 2568 2102 2635 Quis
2135 2568 2447 2639 aliquando
2480 2586 2584 2641 pro
2615 2569 2962 2626 difﬁcultate
2989 2570 3248 2642 ponitur,
3273 2573 3340 2625 ut
3369 2568 3552 2642 illud]:

220 2657 354 2712 Illud
389 2665 586 2714 autem
613 2660 936 2730 sciendum,
957 2660 1097 2730 quia
1116 2659 1284 2715 multi
1316 2659 1618 2730 erant,qui
1643 2659 1792 2714 dice-
1904 2658 2036 2724 Quis
2067 2659 2124 2712 in
2156 2659 2392 2713 nubibus
2422 2659 2734 2728 aequabitur
2763 2661 2996 2715 Domino
3016 2659 3043 2714 ?
3069 2659 3249 2730 (Psal,
3283 2674 3552 2728 Lxxxvm,

161 2745 281 2800 bant
311 2747 693 2820 Evangelium
743 2749 882 2804 solis
910 2749 1132 2803 Judazis
1176 2766 1304 2803 esse
1334 2749 1790 2819 praedicandum,
1902 2747 1981 2817 7.)
2015 2746 2155 2801 Item
2191 2762 2204 2800 :
2236 2747 2367 2815 Quis
2412 2749 2618 2804 similis
2663 2749 2771 2804 Deo
2817 2750 2965 2804 inter
3003 2749 3146 2819 filios
3187 2747 3330 2803 Dei?
3359 2747 3557 2819 (Exodi

156 2849 387 2903 quorum
411 2854 666 2891 errorem
693 2837 1099 2891 utdestrueret
1118 2835 1429 2907 Apostolus
1456 2836 1790 2904 subjunxit:
1903 2851 1992 2900 xv,
2040 2834 2150 2905 11.)
2183 2835 2556 2905 (subauditur
2583 2837 2762 2905 enim,
2797 2835 3042 2908 nullus.)
3074 2836 3399 2909 Aliquando
3421 2852 3555 2892 vero

153 2924 418 2989 Quomodo
454 2941 582 2992 ergo
615 2927 961 2993 inrocabunt,
995 2926 1051 2978 in
1084 2941 1242 2994 quem
1266 2939 1377 2977 non
1405 2923 1797 2978 crediderunt?
1906 2940 2009 2993 pro
2042 2922 2300 2989 raritate,
2350 2929 2414 2978 ut
2469 2925 2578 2982 hoc
2624 2925 2786 2993 loco;
2839 2927 2999 2994 item,
3033 2927 3166 2995 Quis
3210 2925 3466 2982 ascendet
3495 2927 3556 2981 in

151 3011 282 3078 (370)
317 3013 547 3076 Quibus
577 3013 767 3066 verbis
789 3013 1086 3066 evidenter
1116 3011 1370 3066 ostendit
1393 3011 1798 3081 przedicatores
1907 3015 2144 3064 montem
2178 3012 2447 3065 Domini?
2475 3014 2645 3080 (Psal.
2678 3031 2840 3080 xx111,
2871 3014 2949 3084 3.)
2981 3019 3090 3070 etc.

149 3098 318 3152 etiam
339 3099 411 3151 ad
433 3105 635 3166 gentes
656 3099 904 3152 directos
928 3116 942 3162 ;
969 3099 1132 3152 aliter
1155 3099 1310 3152 enim
1336 3114 1449 3151 non
1474 3099 1794 3161 crederent,
1979 3098 2327 3152 Proeviderat
2357 3115 2566 3169 nempe
2616 3106 2854 3155 sanctus
2901 3102 3187 3172 propheta
3232 3117 3452 3173 paucos
3481 3102 3554 3157 ad

146 3189 192 3237 et
226 3185 559 3238 invocando
610 3202 722 3238 non
774 3185 1336 3256 salvarent11r(37l).
1395 3187 1636 3256 Propter
1688 3185 1796 3239 hoc
1843 3255 1873 3259 _
1912 3185 2383 3256 praedicationem
2407 3185 2805 3255 apostolorum
2833 3189 3196 3254 credituros;
3229 3189 3476 3259 ideoque
3496 3189 3556 3242 in

145 3272 332 3342 itaque
369 3273 592 3326 factum
619 3278 704 3327 est
732 3255 1797 3344 symbolum,uthomines,credendo,
1832 3255 1874 3321 (ἶ
1913 3255 2048 3329 voce
2077 3273 2340 3345 ipsorum
2393 3273 2621 3330 dicebat
2652 3293 2665 3330 :
2698 3277 2948 3343 Domine,
2982 3278 3104 3347 quis
3141 3255 3557 3332 credidit—audi-

140 3366 185 3414 et
211 3361 553 3415 invocando
603 3362 989 3416 salvarentur.
1022 3369 1085 3416 In
1135 3363 1226 3417 his
1252 3363 1408 3418 enim
1443 3364 1670 3418 duobus
1704 3363 1805 3418 illa
1911 3365 2001 3418 tui
2029 3368 2214 3418 nostro
2245 3363 2272 3416 ?
2303 3366 2392 3431 (ac
2423 3363 2471 3419 si
2505 3364 2740 3431 diceret,
2776 3367 3096 3436 perrarus.)

147 3449 248 3505 tria
275 3449 682 3517 continentur,
710 3452 875 3522 fides,
913 3456 1142 3522 spes,et
1174 3451 1430 3506 charitas
1464 3469 1475 3506 :
1509 3452 1653 3506 ﬁdes
1680 3468 1799 3507 cre-
1984 3453 2074 3518 Et,
2109 3452 2248 3524 quia
2278 3452 2538 3507 dixerat:
2573 3452 2805 3508 Auditui
2831 3453 3084 3524 credidit,
3100 3458 3404 3526 propterea
3427 3453 3563 3510 sub-

161 3538 251 3604 dit,
284 3555 444 3610 spes,
479 3544 537 3594 et
585 3539 840 3594 charitas
895 3545 1064 3594 orant
1094 3557 1320 3607 verum,
1353 3540 1490 3610 quia
1533 3539 1642 3594 illa;
1675 3541 1803 3596 sine
1904 3542 2110 3614 jungit
2144 3559 2156 3596 :
2192 3545 2330 3611 Ergo
2359 3541 2490 3612 ﬁdes
2542 3557 2614 3597 ea:
2664 3543 2876 3599 auditu.
2909 3543 3120 3599 Nullus
3167 3543 3323 3600 enim
3356 3543 3560 3609 credit,

167 3627 267 3681 fide
299 3645 430 3683 esse
461 3645 576 3683 non
607 3633 874 3699 possunt,
905 3633 962 3683 et
991 3629 1111 3682 haec
1143 3645 1278 3683 cum
1312 3627 1426 3683 illis
1459 3633 1604 3684 orat.
1916 3631 2029 3685 nisi
2061 3630 2280 3685 audiat.
2317 3630 2518 3702 Igitur,
2552 3631 2690 3702 quia
2718 3633 2957 3689 auditus
2989 3649 3106 3689 non
3136 3637 3226 3690 est
3253 3648 3323 3690 ex
3353 3631 3560 3701 nihilo,

228 3716 296 3770 Ut
322 3722 520 3771 autem
553 3718 774 3772 arctius
800 3718 1068 3788 probaret
1099 3717 1274 3772 etiam
1299 3719 1367 3772 ad
1393 3722 1594 3789 gentes
1623 3717 1802 3773 desti-
1914 3720 2014 3773 sed
2046 3718 2294 3789 alicujus
2325 3719 2406 3774 rei
2433 3724 2522 3774 est
2554 3737 2755 3791 sonus,
2775 3726 3080 3793 propterea
3109 3721 3383 3778 subditur
3416 3737 3429 3776 :
3455 3721 3564 3776 Au-

171 3809 323 3860 natos
354 3805 676 3877 apostolos,
710 3811 1023 3876 postquam
1055 3806 1256 3860 intulit
1285 3822 1298 3858 :
1337 3806 1603 3872 Quomodo
1621 3809 1802 3860 autem
1913 3807 2069 3862 ditus
2100 3811 2306 3872 autem,
2333 3824 2434 3878 per
2464 3809 2684 3863 verbum
2727 3811 2827 3864 Dei
2856 3811 3024 3882 (373),
3055 3810 3112 3865 id
3145 3815 3254 3879 est,
3287 3827 3391 3882 per
3419 3811 3561 3866 doc-

168 3893 369 3949 credent
397 3896 471 3962 ei,
507 3910 667 3964 quem
709 3910 821 3949 non.
851 3893 1196 3948 audierunt?
1235 3893 1457 3962 Adjecit
1490 3911 1501 3948 :
1537 3893 1806 3960 Quomodo
1913 3895 2130 3949 trinam
2161 3900 2214 3949 et
2246 3895 2717 3966 praedicationem
2748 3897 2872 3952 Dei.
3309 3918 3318 3928 ι

170 3991 334 4036 autem
363 3983 595 4038 audient
623 3985 741 4038 sine
776 3981 1159 4054 prwdit‘ante‘?
1211 3981 1480 4050 Quomodo
1509 3997 1634 4036 vero
1664 3997 1804 4051 prac-
1986 3982 2212 4037 Diceret
2243 3983 2386 4038 forte
2419 3983 2488 4038 ad
2525 3984 2648 4039 haec
2698 3984 2910 4056 aliquis
2942 3987 3102 4050 :.Qui
3148 4004 3264 4042 non
3292 3987 3560 4053 credunt,

167 4069 422 4140 dicabant,
455 4075 578 4128 nisi
607 4075 905 4128 mittantur
929 4073 957 4127 ’ἶ
1003 4071 1062 4126 Si
1095 4072 1251 4126 enim
1287 4071 1355 4126 ad
1409 4076 1606 4142 gentes
1638 4071 1804 4126 missi
1917 4070 2056 4141 quia
2096 4087 2208 4124 non
2239 4071 2570 4137 audierunt,
2605 4076 2909 4142 propterea
2940 4090 3054 4127 non
3087 4075 3354 4130 credunt.
3387 4076 3471 4130 Ob
3503 4075 3562 4129 id

173 4173 269 4213 non
297 4167 497 4218 essent
528 4162 958 4234 praedicatores,
983 4179 1097 4216 non
1130 4160 1213 4216 eis
1247 4160 1664 4232 praedicarent;
1691 4159 1806 4214 illis
1917 4159 2225 4230 subjungit
2252 4158 2598 4230 Apostolus:
2622 4159 2725 4213 Sed
2752 4157 2874 4214 dico
2905 4177 2924 4213 :
2953 4160 3210 4230 Nunquid
3240 4179 3347 4218 non
3379 4162 3568 4218 audie-

175 4261 270 4302 non
299 4252 778 4321 praedicantibus,
814 4255 1015 4323 gentes
1068 4268 1181 4304 non
1215 4250 1522 4316 audirent;
1557 4266 1670 4304 non
1703 4267 1806 4305 au-
1917 4255 2051 4304 runt
2073 4248 2099 4302 ‘I
2129 4251 2192 4302 Et
2221 4248 2439 4318 quidem
2469 4251 2528 4303 in
2559 4263 2778 4302 omnem
2808 4256 3020 4304 terram
3061 4251 3232 4306 exivit
3267 4266 3432 4307 sonus
3474 4268 3566 4308 eo-

180 4333 399 4407 dientes,
435 4355 814 4411 nequaquam
859 4339 1176 4405 crederent,
1213 4355 1325 4392 non
1374 4339 1674 4394 credentes
1706 4355 1806 4392 au-
1919 4355 2063 4408 rum,
2095 4345 2144 4391 et
2172 4338 2229 4391 in
2260 4336 2396 4406 ﬁnes
2427 4337 2571 4392 orbis
2600 4342 2765 4392 terrae
2795 4339 2960 4393 verba
2987 4354 3175 4394 eorum
3205 4340 3374 4411 (Psal.
3407 4357 3565 4409 xvm,
3641 4351 3644 4357 '

182 4424 298 4491 tem,
326 4429 663 4483 nullatenus
689 4429 1041 4497 invocarent,
1075 4433 1130 4482 et
1160 4427 1542 4482 salvarentur.
1565 4427 1688 4482 Non
1720 4443 1808 4481 er-
1917 4429 1993 4493 5).
2025 4428 2104 4480 Ac
2136 4425 2184 4481 si
2234 4431 2430 4497 aperte
2478 4425 2768 4481 diceretur
2800 4445 2812 4482 :
2847 4426 2904 4481 Si
2958 4426 3018 4482 in
3067 4444 3301 4484 omnem
3349 4433 3568 4485 terram

187 4525 242 4579 g0
270 4518 550 4584 gentium,
581 4519 678 4572 sed
731 4517 858 4586 ejus
890 4522 1046 4571 esset
1075 4516 1266 4587 culpa,
1301 4515 1399 4586 qui
1451 4532 1564 4569 non
1632 4515 1810 4570 desti-
1921 4515 2092 4570 exivit
2122 4531 2303 4570 sonus
2333 4532 2556 4582 eorum,
2581 4519 2638 4570 et
2667 4516 2841 4570 verba
2861 4515 3098 4572 illorum
3122 4535 3310 4590 usque
3331 4517 3390 4574 in
3423 4519 3570 4574 ﬁnes

192 4605 386 4659 naverit
413 4605 846 4678 praedicatores.
1845 4623 1894 4685 Β
1924 4604 2081 4660 orbis
2115 4604 2488 4670 devenerunt,
2519 4603 2624 4673 illi,
2650 4605 2750 4677 qui
2783 4604 2842 4660 in
2875 4606 3067 4662 medio
3098 4606 3572 4679 fuerunt,utique

251 4688 370 4758 Sed,
417 4695 620 4751 volens
671 4695 978 4749 ostendere
1028 4695 1166 4766 quia
1209 4699 1265 4749 et
1313 4692 1512 4748 directi
1566 4696 1725 4760 sunt,
1762 4697 1818 4748 et
1926 4693 2259 4749 audierunt.

200 4784 370 4843 gentes
399 4784 690 4840 credendo
743 4783 1172 4850 invocaverunt,
1206 4788 1262 4838 et
1293 4784 1462 4838 salvae
1487 4782 1647 4837 factae
1679 4786 1819 4837 sunt
1999 4783 2068 4836 Et
2097 4785 2236 4837 nota
2265 4782 2412 4853 quia
2443 4782 2594 4838 sicut
2623 4782 2738 4851 hic,
2773 4787 2829 4838 et
2856 4782 2916 4838 in
2943 4783 3330 4856 sequentibus
3358 4781 3576 4838 inveni-

205 4864 392 4926 addidit
420 4872 830 4929 testimonium
865 4873 1022 4926 Isaim
1055 4872 1302 4928 dicentis
1338 4889 1350 4926 :
1383 4876 1561 4942 Quam
1591 4874 1820 4944 speciosi
1929 4888 2084 4940 mus,
2109 4872 2402 4944 prophetae
2422 4871 2612 4928 verbis
2642 4871 2916 4944 praeteriti
2937 4872 3218 4944 temporis
3247 4875 3495 4927 utuntur
3516 4867 3578 4920 in

205 4955 338 5016 Pedes
365 4963 862 5032 evangelimntium
887 4977 1067 5032 pacem
1093 4968 1111 5016 !
1159 4965 1288 5034 (Isa.
1327 4979 1421 5028 LII,
1452 4964 1486 5015 7
1511 4980 1524 5029 ;
1580 4963 1815 5018 Nahum.
1929 4961 2106 5018 rebus
2136 4962 2370 5027 futuris,
2404 4961 2681 5031 quoniam
2704 4962 2885 5015 ﬁxum
2906 4959 3274 5016 immutabile
3297 4974 3426 5016 esse
3447 4970 3587 5026 p133-

211 5051 242 5104 I,
270 5041 360 5117 15.)
1930 5049 2225 5118 videbant,
2258 5049 2414 5122 quod
2448 5049 2708 5106 futurum
2744 5066 2871 5105 esse
2901 5049 3314 5120 praedicabant.

271 5133 422 5196 Quam
448 5139 733 5212 particula
761 5136 1104 5209 plerumque
1138 5161 1239 5215 pro
1293 5139 1684 5196 admiratione
1716 5157 1816 5211 po-
2006 5141 2210 5212 Igitur,
2245 5158 2316 5196 ne
2351 5139 2486 5210 quis
2519 5141 2735 5196 diceret
2788 5142 3027 5210 propter
3055 5138 3162 5191 hoc
3206 5135 3445 5189 Judazos
3475 5143 3598 5182 non

218 5215 362 5278 nitur.
393 5232 448 5278 ut
475 5236 556 5278 est.
586 5227 753 5278 illud.
795 5227 965 5278 Ouum
993 5233 1259 5278 amabilia
1295 5234 1427 5278 sunt
1456 5230 1797 5278 tabernaculi

1999 5231 2250 5278 Θάίάἶαρρ
2307 5228 2588 5270 nnnninm
2649 5229 2780 5262 ιῖηηι
2812 5225 3102 5258 ηιςᾹῖΑκῖσ-Ιν
3159 5239 3270 5250 ..ηε-κ
3314 5229 3575 5246 ,ο---.ιη
