3998 5278
315 269 430 329 235
1338 263 1677 326 ATTONIS
1720 264 2302 326 VEBCELLENSIS
2348 263 2697 327 EPISCOPI
3598 264 3724 326 236

316 400 456 472 quia
483 402 540 455 et
559 397 891 465 audierunt,
911 401 969 454 et
987 401 1414 470 cognoverunt;
1444 398 1544 453 sed
1568 402 1802 470 pr0pter
1821 414 1958 469 gen-
1993 400 2041 464 Αι
2072 414 2172 469 per
2195 398 2598 470 semetipsum,
2622 398 2829 454 deinde
2851 415 2952 472 per
2972 398 3300 471 apostolos:
3330 398 3434 456 sed
3454 396 3543 454 illi
3567 414 3725 454 nun-

314 486 509 542 tilium
568 485 950 543 invidentiam
1001 487 1233 541 credere
1291 485 1626 557 noluerunt,
1688 487 1958 543 addidit:

309 577 542 632 Primus
584 579 800 648 Moyses
847 575 981 631 dicit
1010 593 1028 629 :
1060 577 1172 645 Ego
1201 575 1271 630 ad
1299 577 1711 632 aemulationem
1754 593 1841 632 vos
1870 576 1962 631 ad-

312 665 511 721 ducam
566 667 629 721 in
673 681 785 722 non
828 670 1087 737 gentem;
1118 666 1179 720 in
1225 674 1443 734 gentem
1491 667 1870 737 insipientem,
1901 667 1961 719 in

313 755 461 813 iram
487 770 578 811 vos
606 757 823 811 mittam
851 757 1033 824 (Deut.
1068 773 1242 824 xxxn,
1275 758 1338 810 21
1373 781 1386 823 ;
1427 761 1580 811 Rom.
1616 773 1670 823 x,
1706 756 1813 825 19).

384 863 694 919 fEmulatio
724 863 1035 935 aliquando
1054 880 1156 935 pro
1185 863 1510 919 imitatione
1528 863 1781 934 ponitur,
1811 862 1963 917 sicut

316 956 407 1008 est
436 971 450 1010 :
485 946 849 1009 (Emulamini
876 952 1211 1008 charismata
1239 954 1471 1007 meliora
1501 952 1549 1023 (Ι
1578 951 1696 1007 Cor.
1722 967 1821 1020 xu,
1846 949 1957 1019 31).

314 1041 645 1114 Aliquando
678 1060 779 1116 pro
800 1042 919 1098 zelo
952 1041 1275 1108 invidiae,ut
1305 1041 1413 1096 hoc
1444 1040 1704 1110 loce,non
1724 1042 1959 1111 gentem,

314 1132 600 1204 populum
621 1137 789 1188 vocat
808 1130 1108 1204 gentilem,
1138 1131 1237 1203 qui
1262 1130 1536 1186 recedens
1567 1147 1601 1184 a
1632 1134 1745 1185 Deo
1775 1127 1962 1184 colen-

314 1222 409 1291 do,
444 1238 658 1278 nomen
689 1221 878 1294 gentis
907 1221 1130 1290 amisit,
1160 1224 1216 1277 et
1246 1220 1532 1292 insipiens
1561 1220 1749 1274 factus
1778 1221 1887 1273 est.

385 1328 615 1402 Moyses
630 1344 766 1403 ergo
787 1329 1109 1402 praevidens
1126 1327 1374 1400 gentiles
1386 1328 1457 1383 ad
1472 1327 1647 1381 ﬁdem
1663 1329 1958 1392 venturos;

314 1418 549 1475 Judaaos
578 1422 774 1475 autem
805 1418 1128 1474 invidentes
1152 1417 1212 1472 in
1244 1416 1587 1471 infidelitate
1614 1430 1959 1487 permansu-

315 1526 432 1580 ros,
467 1509 549 1564 ait
572 1508 629 1564 in
670 1524 808 1564 voce
857 1507 1085 1563 Domini
1122 1523 1134 1560 :
1167 1511 1276 1577 Ego
1313 1507 1387 1561 ad
1431 1506 1843 1562 cumulationem
1875 1520 1963 1559 vos

317 1598 605 1664 adducam,
637 1598 850 1653 ethEt
880 1601 969 1652 est
1015 1612 1225 1652 sensus
1260 1613 1273 1649 :
1307 1596 1449 1650 Cum
1480 1594 1742 1649 videritis
1772 1610 1960 1665 popu-

315 1687 443 1744 lum
474 1686 662 1755 illum,
684 1685 785 1758 qui
813 1685 1085 1742 recedens
1102 1702 1136 1739 a
1166 1689 1299 1749 Deo,
1318 1684 1605 1753 idolisque
1623 1682 1955 1749 immolans,

2070 503 2248 558 quam
2297 488 2691 543 crediderunt.
2745 488 2909 544 Unde
2957 488 3233 544 continuo
3284 488 3609 545 subditur:
3644 485 3728 543 Ad

2066 576 2330 646 populum
2358 593 2469 632 non
2483 577 2808 633 credentem.
2840 578 2910 633 Et
2930 578 3070 650 quia
3093 594 3209 634 non
3242 576 3435 633 solum
3458 593 3578 634 non
3603 592 3728 632 cre-

2070 664 2363 734 diderunt,
2416 667 2518 722 sed
2567 666 2742 722 etiam
2810 684 3104 739 prazcones
3170 667 3368 739 gratiae
3429 665 3729 738 persecuti

2071 758 2229 823 sunt,
2264 771 2397 810 mox
2443 755 2678 811 additur
2707 772 2721 811 :
2755 757 2821 811 Et
2866 756 3331 812 contradicentem
3360 755 3523 811 mihi.
3557 755 3726 827 Mag-

2071 859 2213 897 num
2246 844 2461 916 quippe
2492 844 2735 916 malum,
2773 849 2859 900 est
2909 863 3025 901 non
3055 847 3310 917 credere,
3360 846 3462 900 sed
3493 846 3724 899 incom-

2070 930 2406 1001 parabiliter
2436 935 2958 1005 majus,przecones
2975 934 3174 1007 gratiae
3206 932 3729 1007 persequi,quibus

2071 1020 2405 1092 quicunque
2437 1024 2737 1091 resistunt,
2772 1023 2882 1095 ipsi
2913 1024 3161 1079 Domino
3192 1024 3625 1080 contradicunt.

2141 1137 2299 1205 (Cap.
2332 1139 2449 1208 XI).
2481 1138 2614 1207 Sed,
2645 1154 2717 1195 ne
2743 1139 2888 1195 forte
2917 1139 3162 1212 gentiles
3193 1138 3632 1207 extollerentur,
3667 1144 3727 1195 et

2069 1226 2369 1282 crederent
2378 1229 2569 1282 totum
2583 1226 2752 1283 illum
2766 1228 3046 1299 p0pulum
3069 1227 3720 1300 crimineinfidelitatis,

2070 1318 2129 1369 et
2176 1316 2652 1372 contradictionis
2705 1317 3075 1389 damnatum,
3110 1317 3325 1388 adjecit
3350 1317 3673 1390 Apostolus
3705 1335 3720 1373 :

2072 1405 2198 1459 Dico
2227 1421 2352 1475 ergo
2380 1423 2398 1459 :
2430 1406 2682 1477 nunquid
2700 1404 2918 1478 repulit
2946 1408 3087 1462 Deus
3112 1408 3377 1477 populum
3403 1423 3569 1462 suum
3588 1410 3613 1460 ?
3641 1411 3726 1461 Ac

2071 1491 2119 1547 si
2150 1498 2349 1563 aperte
2369 1494 2525 1550 dicat
2558 1511 2571 1549 :
2607 1494 2786 1550 nolite
2805 1499 3010 1566 gentes
3039 1493 3261 1567 extolli,
3289 1511 3479 1567 neque
3499 1497 3724 1567 putetis

2070 1597 2303 1636 omnem
2334 1580 2494 1638 illam
2530 1581 2756 1649 plebem
2786 1582 3106 1655 repulsam,
3134 1582 3438 1655 quoniam,
3467 1582 3580 1641 etsi
3602 1601 3723 1641 non

2070 1686 2293 1741 omnes,
2317 1670 2487 1726 multi
2518 1676 2711 1728 tamen
2744 1686 2812 1727 ex
2839 1673 2924 1728 eis
2955 1673 3345 1729 crediderunt.
3370 1673 3439 1730 Et
3469 1673 3581 1730 hoc
3610 1678 3723 1744 est,

317 1778 508 1833 factus
537 1781 626 1832 est
655 1775 1044 1847 insipiens’ut
1074 1789 1285 1829 nomen
1303 1773 1493 1845 genus
1510 1771 1772 1828 amiserit
1792 1772 1961 1842 (37.4),
1992 1772 2041 1837 Β
2073 1761 2226 1831 quod
2242 1760 2537 1816 ait:Absit.
2554 1759 2716 1816 Unde
2728 1760 2925 1816 volens
2939 1760 3047 1817 hoc
3071 1761 3287 1819 arctius
3310 1764 3719 1835 comprobare,

319 1866 378 1921 in
410 1882 503 1921 me
535 1865 788 1935 credere,
820 1862 1178 1933 irascemini,
1210 1867 1267 1918 et
1296 1860 1743 1933 indignabimini
1768 1862 1957 1931 (375);

316 1956 375 2009 et
406 1953 625 2009 invidia
648 1952 978 2019 tabescetis,
1013 1969 1078 2007 ac
1108 1967 1212 2024 per
1240 1951 1350 2007 hoc
1380 1950 1439 2005 in
1470 1949 1813 2006 inﬁdelitate
1843 1966 1962 2004 ma-

315 2041 549 2098 nebitis.
575 2041 785 2096 Aliter:
818 2040 1077 2113 Populus
1097 2040 1361 2113 gentium
1379 2039 1544 2111 prius
1563 2038 1816 2111 populus
1837 2042 1961 2092 erat

316 2130 440 2196 Dei,
472 2130 573 2186 sed
623 2130 897 2185 recedens
927 2146 961 2184 a
990 2130 1128 2197 Deo,
1161 2133 1220 2184 et
1266 2129 1633 2185 daemonibus
1681 2128 1959 2194 serviens,

315 2220 601 2276 miserum
630 2235 842 2275 nomen
868 2218 1062 2290 gentis
1087 2219 1309 2289 accepit
1340 2235 1353 2273 :
1389 2235 1503 2273 non
1538 2221 1769 2289 gentem
1801 2232 1959 2288 ergo,

318 2307 604 2382 populum
638 2308 914 2380 gentilem
942 2308 1103 2375 dicit,
1137 2324 1203 2363 eo
1235 2308 1391 2378 quod
1424 2308 1577 2362 idola
1619 2306 1959 2372 deserendo,

316 2402 374 2453 et
401 2397 688 2454 credendo
718 2397 778 2451 in
810 2396 1130 2461 Christum,
1156 2395 1343 2451 factus
1376 2394 1450 2450 sit
1479 2393 1733 2467 populus
1763 2394 1885 2463 Dei,
1906 2397 1966 2448 et

316 2486 598 2544 miserum
631 2503 842 2542 nomen
871 2484 1061 2558 gentis
1091 2485 1373 2540 amiserit.

387 2595 665 2650 Prmterea
721 2592 923 2648 volens
973 2591 1279 2647 ostendere
1333 2588 1580 2663 gentiles
1626 2591 1813 2663 gratia
1867 2590 1962 2646 Dei

316 2687 658 2755 praeventos,
711 2686 777 2737 ut
830 2680 1150 2748 crederent,
1203 2680 1509 2750 subjunxit
1555 2679 1963 2736 testimonium

315 2773 476 2830 Isaiae
506 2771 755 2829 dicentis
773 2770 833 2825 in
862 2786 1111 2843 persona
1130 2768 1396 2840 Domini}:
1421 2769 1681 2825 Inventus
1710 2785 1831 2824 sum
1851 2785 1965 2825 non

318 2862 690 2934 quaerentibus
714 2876 819 2930 me,
844 2862 1031 2933 palam
1082 2860 1317 2930 apparat
1344 2858 1449 2925 his,
1482 2861 1578 2930 qui
1621 2874 1709 2913 me
1734 2874 1845 2915 non
1876 2861 1963 2913 in-

319 2951 691 3022 terrogabant.
724 2949 906 3006 Isaias
935 2949 1093 3004 enim
1123 2964 1327 3004 omnes
1358 2947 1572 3013 minas,
1608 2951 1666 3003 et
1695 2964 1964 3019 persecu-

317 3039 507 3095 tiones
534 3038 871 3095 Judaeorum
896 3040 1297 3106 contemnens,
1326 3040 1381 3092 et
1406 3035 1721 3107 pretiosius
1744 3035 1965 3091 habens

2071 1848 2455 1921 semetipsum
2486 1849 2819 1921 exemplum
2849 1851 3063 1922 posuit,
3096 1851 3296 1907 dicens
3328 1869 3341 1907 :
3376 1852 3518 1907 Nam
3540 1856 3593 1908 et
3623 1869 3723 1922 ego

2070 1940 2322 1993 Israelita
2349 1955 2473 1994 sum
2502 1954 2572 1993 ea:
2598 1940 2807 1994 semine
2836 1941 3091 2008 Abrahae,
3126 1941 3275 1996 tribu
3303 1942 3622 2014 Benjamin.
3657 1942 3727 1998 Et

2071 2032 2159 2083 est
2190 2044 2399 2083 sensus
2430 2044 2443 2082 :
2480 2029 2541 2082 In
2573 2028 2681 2083 hoc
2707 2029 3142 2100 comprobatur,
3164 2030 3443 2101 quoniam
3478 2049 3597 2087 non
3630 2047 3725 2088 re-

2072 2116 2223 2189 pulit
2253 2118 2538 2173 Dominus
2558 2117 2841 2189 populum
2863 2134 3038 2173 suum
3061 2119 3208 2191 (378)
3230 2137 3243 2185 ;
3268 2121 3407 2191 quia
3434 2125 3492 2175 et
3524 2137 3633 2193 ego
3655 2137 3726 2177 ex

2073 2207 2201 2278 ipsa
2229 2206 2395 2277 plebe
2425 2223 2557 2261 sum
2590 2206 2789 2261 doctor
2808 2207 3071 2278 gentium
3103 2208 3163 2262 in
3187 2208 3320 2276 ﬁde,
3353 2214 3411 2265 et
3427 2210 3673 2265 veritate
3708 2230 3722 2267 :

2074 2296 2173 2349 ubi
2197 2295 2669 2350 subaudiendum
2692 2302 2780 2349 est
2808 2312 2821 2351 :
2846 2296 2960 2351 Nec
2989 2313 3095 2368 ego
3128 2297 3421 2365 solus,sed
3444 2303 3501 2355 et
3527 2300 3724 2356 caeteri

2074 2383 2354 2451 ministri,
2387 2388 2443 2438 et
2474 2383 2789 2454 coapostoli
2840 2385 2953 2440 mei
2985 2402 3053 2440 ex
3084 2385 3181 2441 illo
3231 2385 3469 2458 populo,
3499 2387 3723 2461 Josepb

2065 2472 2287 2542 justus,
2337 2476 2395 2526 et
2442 2472 2625 2526 Maria
2668 2472 2851 2543 virgo,
2897 2489 3025 2543 quae
3055 2474 3281 2545 peperit
3309 2474 3628 2542 Christum,
3656 2494 3727 2533 ex

2075 2560 2174 2615 illo
2203 2562 2462 2617 Joannes
2495 2559 2721 2615 Domini
2751 2577 3095 2633 praecursor,
3120 2567 3177 2618 et
3197 2568 3467 2634 parentes
3487 2566 3620 2637 ejus
3643 2567 3728 2622 Si-

2075 2666 2265 2717 meon,
2299 2654 2357 2705 et
2387 2651 2574 2719 Anna,
2607 2649 2754 2705 alter
2783 2650 3023 2722 Joseph,
3068 2655 3125 2706 et
3154 2650 3476 2709 Nathanael
3509 2653 3632 2723 ille,
3662 2656 3726 2710 in

2074 2756 2188 2811 quo
2219 2738 2388 2794 dolus
2418 2755 2535 2794 non
2564 2742 2687 2794 erat
2715 2740 2905 2810 (Joan.
2940 2757 2980 2807 ι,
3012 2740 3124 2813 47),
3157 2741 3334 2797 turba
3363 2742 3563 2812 etiam,
3594 2760 3726 2815 quae

2074 2828 2452 2901 praecedebat,
2485 2831 2541 2883 et
2570 2828 2927 2899 sequebatur
2954 2828 3080 2898 ejus
3111 2829 3441 2901 iumentum
3478 2849 3491 2887 :
3525 2848 3597 2887 ex
3625 2832 3728 2890 illo

2074 2917 2458 2973 nihilominus
2488 2917 2725 2973 fuerunt
2750 2917 2865 2972 tria
2894 2916 3100 2989 millia,
3131 2923 3189 2975 et
3218 2920 3481 2992 quinque
3510 2922 3725 2993 millia,

2074 3024 2201 3078 quae
2232 3010 2364 3079 post
2391 3006 2519 3078 ejus
2549 3006 3034 3063 resurrectionem
3064 3007 3457 3066 crediderunt.

317 3127 697 3201 Evangelium
728 3125 941 3182 Christi
963 3142 1141 3198 quam
1170 3142 1250 3193 se,
1274 3126 1550 3180 audacter
1578 3125 1663 3180 eis
1692 3125 1967 3196 praedice-
1998 3137 2041 3203 α
2149 3121 2222 3177 Ut
2247 3126 2444 3178 autem
2470 3122 2795 3177 evidentius
2815 3122 3164 3195 probaretur
3192 3126 3349 3196 quod
3372 3125 3730 3196 dixerat,ad-

319 3218 422 3274 bat
450 3222 653 3291 gentes
679 3216 784 3273 Dei
833 3216 1020 3287 gratia
1068 3214 1523 3287 praeveniendas,
1554 3218 1619 3268 ut
1666 3215 1968 3271 crederent

320 3307 572 3380 ideoque
600 3304 884 3378 praemisit
909 3304 1222 3376 Apostolus
1250 3322 1262 3359 :
1299 3304 1493 3369 Isaias,
1517 3303 1703 3371 audet,
1734 3307 1785 3358 et
1813 3304 1966 3359 dicit.

393 3413 505 3469 Sed
536 3412 692 3484 quod
724 3412 805 3467 ait
835 3428 849 3465 :
881 3413 1134 3467 Inventus
1183 3428 1322 3479 sum,
1357 3427 1471 3466 non
1520 3409 1966 3481 intelligendum

322 3510 429 3571 est,
462 3502 620 3574 quod
651 3517 785 3557 eum
816 3501 980 3573 prius
1029 3504 1232 3574 gentes
1277 3500 1608 3555 invenerint
1650 3516 1661 3555 :
1698 3500 1797 3555 sed
1831 3499 1968 3571 quia

321 3590 599 3665 quaesita,
631 3592 688 3646 et
713 3589 954 3645 inventa:
981 3592 1140 3654 sunt,
1171 3588 1299 3642 ideo
1331 3602 1606 3658 quaerere,
1624 3589 1681 3641 et
1709 3585 1968 3641 invenire

322 3683 683 3737 meruerunt.
714 3679 881 3747 Nam,
911 3677 1205 3750 quomodo
1229 3676 1499 3731 inventus
1518 3674 1613 3747 sit,
1630 3674 1756 3746 ipse
1779 3675 1965 3731 mani-

324 3771 521 3835 festat,
552 3785 686 3825 cum
739 3767 880 3822 dicit
912 3783 925 3820 :
958 3766 1156 3821 Palam
1200 3764 1440 3837 apparui
1470 3764 1575 3832 his,
1606 3765 1702 3836 qui
1741 3781 1827 3820 me
1856 3780 1967 3819 non

313 3859 735 3930 interrogabant
767 3856 935 3928 (376).
968 3853 1168 3910 Palam
1202 3870 1455 3926 namque
1486 3853 1598 3922 his,
1633 3854 1730 3925 qui
1764 3872 1825 3910 se
1847 3872 1963 3912 non

311 3947 771 4020 interrogabant,
795 3943 1068 4017 apparuit
1094 3968 1107 4011 ;
1141 3942 1301 4015 quia,
1319 3960 1426 3999 sua
1446 3943 1634 4014 gratia
1662 3942 1794 3999 illos
1814 3961 1960 4016 prse-

310 4039 571 4105 veniens,
606 4035 795 4091 multa
825 4033 1013 4106 signa,
1046 4037 1103 4089 et
1133 4032 1399 4105 prodigia
1437 4033 1708 4100 ostendit,
1744 4033 1961 4104 quibus

304 4128 609 4183 crederent
639 4125 810 4196 (577).

374 4233 508 4304 Sed,
543 4248 616 4288 ne
664 4231 882 4286 diceret
934 4228 1147 4299 aliquis
1199 4227 1433 4282 Judaeos
1482 4231 1790 4298 pr0pterea
1839 4244 1956 4282 non

298 4319 649 4385 credidisse,
683 4317 823 4389 quia
874 4314 1063 4387 signa,
1100 4318 1157 4370 et
1209 4314 1495 4370 miracula
1526 4332 1640 4370 non
1685 4316 1954 4383 viderint,

295 4407 563 4463 subdidit
585 4423 597 4461 :
622 4404 714 4461 Ad
731 4404 896 4459 Israel
914 4411 1101 4458 autem
1124 4403 1258 4458 dicit
1275 4402 1689 4476 (subintellige,
1706 4404 1909 4476 Isaias)
1937 4423 1951 4463 :

2079 3211 2230 3266 didit
2262 3229 2275 3266 :
2308 3210 2425 3266 Non
2454 3211 2657 3282 repulit
2686 3211 2829 3266 Deus
2856 3212 3071 3282 plebem
3096 3230 3273 3283 suam,
3296 3230 3463 3286 quam
3489 3219 3731 3288 praesci-

2077 3302 2178 3355 vit.
2211 3299 2318 3354 Ubi
2360 3298 2682 3354 notandum
2726 3299 2865 3372 quia
2917 3317 3031 3357 non
3081 3300 3164 3356 ait
3214 3306 3444 3359 tantum
3469 3306 3733 3376 plebem;

2078 3390 2178 3445 sed
2231 3387 2457 3443 addidit
2501 3404 2679 3442 suam.
2715 3388 2783 3442 Et
2830 3392 2920 3443 est
2967 3405 3176 3445 sensus
3211 3406 3224 3445 :
3256 3390 3517 3465 Plebem,
3550 3411 3731 3467 quam

2078 3494 2139 3533 se
2164 3493 2331 3533 suam
2362 3477 2647 3532 facturum
2682 3477 2986 3549 prascivit,
3022 3495 3137 3533 non
3169 3481 3408 3551 repulit.

2148 3586 2258 3641 Sed
2285 3585 2665 3657 quaerendum
2686 3588 2982 3656 est,quare
3001 3586 3520 3659 dixerit,praescivit
3538 3608 3561 3649 :
3594 3608 3731 3648 cum

2076 3674 2438 3747 praescientia
2470 3677 2590 3729 tam
2616 3673 2676 3727 in
2710 3674 3068 3745 bono,quam
3086 3676 3147 3731 in
3179 3675 3332 3733 malo
3355 3678 3495 3750 poni
3517 3680 3732 3738 soleat.

2073 3763 2184 3819 Sed
2207 3763 2531 3830 sciendum,
2557 3761 2695 3834 quia
2715 3762 3075 3834 praescientia
3094 3762 3412 3836 aliquando
3442 3783 3547 3837 pro
3577 3785 3730 3841 pre-

2074 3852 2460 3909 destinatione
2504 3851 2761 3923 ponitur.
2795 3851 2889 3907 Sic
2920 3868 3056 3924 ergo
3106 3852 3215 3907 hoc
3244 3851 3393 3921 loco,
3419 3858 3729 3928 praesciuit,

2071 3941 2284 4014 inquit,
2314 3940 2371 3995 id
2402 3945 2491 3996 est
2521 3938 2973 4012 praedestinavit.
3004 3940 3150 3997 Hinc
3171 3943 3445 4016 superius
3471 3946 3729 4018 Aposto-

2070 4030 2163 4085 lus
2196 4030 2277 4085 ait
2309 4048 2322 4084 :
2359 4030 2498 4097 Quas
2523 4030 2892 4100 pra’scz'vit,et
2915 4030 3325 4101 praedestinavit
3353 4033 3532 4106 (379).
3561 4035 3730 4093 Hanc

2071 4118 2519 4191 prmscientiam,
2577 4118 2698 4173 sive
2747 4118 3317 4189 praedestinationem
3366 4122 3508 4180 alibi
3557 4129 3730 4182 vocat

2068 4207 2410 4264 electionem
2444 4206 2644 4262 dicens
2680 4224 2693 4261 :
2723 4206 2876 4263 Sicut
2921 4209 3081 4280 elegit
3120 4227 3220 4267 nos
3266 4213 3328 4267 in
3353 4214 3471 4284 ipso
3501 4215 3727 4287 (Ephes.

2066 4315 2105 4364 ι,
2136 4297 2210 4367 4).

2138 4403 2397 4475 Denique
2441 4402 2641 4459 volens
2690 4405 2999 4461 ostendere
3046 4406 3235 4478 gratia
3281 4406 3385 4463 Dei
3437 4408 3727 4481 reliquias
3817 4442 3827 4452 ο

295 4497 420 4552 Tota
469 4494 562 4549 die
615 4493 858 4565 expandi
902 4509 1103 4547 manus
1134 4508 1306 4563 meas,
1339 4496 1448 4548 etc.
1499 4493 1649 4565 (lsai.
1703 4510 1829 4561 mv,
1877 4495 1956 4567 2.)
1986 4503 2035 4567 Β
2066 4491 2339 4558 salvatas,
2390 4493 2660 4562 adjunxit
2692 4508 2704 4547 :
2737 4494 2820 4546 An
2868 4495 3090 4549 nescitis
3136 4496 3197 4549 in
3231 4497 3358 4552 Elia
3406 4498 3541 4569 quid
3588 4498 3727 4556 dicit

294 4584 405 4641 Ubi
435 4583 787 4649 notandum,
821 4582 959 4654 quia
987 4598 1102 4637 non
1135 4582 1237 4649 ait,
1262 4598 1482 4649 mense,
1514 4580 1601 4637 vel
1632 4599 1803 4654 anno,
1828 4584 1952 4654 sed,

296 4677 417 4730 tota
446 4674 559 4742 die,
591 4673 648 4729 id
682 4676 791 4738 est,
824 4671 983 4728 omni
1014 4676 1297 4744 tempore.
1329 4673 1519 4728 Manus
1549 4677 1768 4739 autem,
1790 4678 1956 4728 vocat

299 4779 497 4835 opera.
532 4762 703 4818 Omni
725 4766 987 4833 tempore
1021 4778 1235 4817 manus
1267 4778 1406 4818 suas
1430 4761 1685 4817 extendit
1712 4761 1952 4828 Judaais,

298 4869 416 4908 non
449 4851 641 4908 solum
676 4850 1065 4923 praedicando,
1099 4852 1198 4906 sed
1254 4851 1429 4906 etiam
1462 4849 1648 4905 multa
1679 4850 1866 4922 signa,
1899 4854 1956 4905 et

297 4941 566 5013 prodigia
619 4940 883 4995 faciendo
912 4956 923 4993 :
957 4939 1147 5010 primo
1179 4956 1279 5010 per
1328 4938 1711 5011 patriarchas,
1745 4937 1955 4993 dehinc

193 5050 199 5057 ο
295 5045 401 5100 per
418 5028 1053 5101 legislatorem,deinde
1076 5044 1179 5101 per
1195 5026 1610 5099 prophetas,ad
1627 5032 1951 5081 extremum

366 5204 515 5278 (374)
546 5205 609 5278 in
628 5211 839 5278 _autog.
873 5208 1083 5262 amisit.

2065 4581 2350 4651 Scriptura
2371 4584 2396 4634 .7
2424 4580 2602 4644 Quasi
2646 4581 2868 4637 diceret
2900 4600 2913 4638 :
2948 4582 3123 4639 Scitis
3176 4584 3400 4656 utique,
3434 4589 3725 4658 quoniam

2063 4669 2306 4742 legistis.
2325 4672 2458 4737 Aut,
2484 4670 2652 4741 quasi
2672 4670 2888 4727 diceret
2909 4671 3123 4743 aliquis
3149 4690 3161 4727 :
3188 4674 3335 4737 Quid
3360 4674 3550 4731 dicit?
3569 4678 3725 4734 Sub-

2061 4758 2199 4829 jecit
2251 4774 2265 4813 :
2321 4758 2589 4825 Quomodo
2654 4760 2802 4831 (380)
2876 4762 3194 4832 interpellat
3245 4763 3384 4819 Deus
3456 4764 3725 4822 adversus

2061 4846 2284 4901 Israel?
2321 4849 2569 4917 Domine,
2617 4849 2905 4920 prophetas
2956 4854 3074 4905 tuos
3124 4851 3462 4921 occiderunt,
3512 4855 3724 4911 altaria

2061 4939 2157 4990 tua
2185 4936 2549 5007 suﬂ‘oderunt,
2582 4943 2634 4991 et
2664 4954 2760 5007 ego
2787 4939 3007 4993 relictus
3031 4955 3152 4994 sum
3181 4941 3348 5008 solus,
3378 4950 3430 4996 et
3458 4951 3723 5015 quaerunt

2061 5026 2306 5080 animam
2332 5041 2529 5080 meam.
2564 5026 2654 5092 Et,
2686 5025 2853 5096 quasi
2885 5025 2945 5082 in
2977 5025 3217 5084 alterius
3250 5046 3522 5101 persona,
3540 5032 3721 5089 inter-

2131 5203 2277 5273 (378)
2309 5201 2502 5278 Verba
2530 5203 3043 5272 quoniam...suum,
3073 5204 3135 5258 in
3183 5221 3370 5278 marg.
3404 5209 3717 5278 superiora

3935 1583 3938 1753 l

3942 2422 3945 2617 Ὺ
