3998 5278
152 274 258 334 237

736 270 1148 333 EXPOSITIO
1195 271 1272 332 IN
1319 269 1750 331 EPISTOLAS
1795 269 2158 330 PAULL—
2187 269 2261 328 IN
2312 268 2556 328 EPIST.
2605 267 2706 327 AD
2753 269 2941 328 ROM.

3427 272 3546 333 238

154 407 309 476 rogat
339 419 402 458 se
432 402 648 474 ipsum,
675 403 1074 475 subjungens:
1109 403 1213 458 Sed
1242 402 1374 474 quid
1401 403 1536 458 dicit
1565 403 1654 456 illi
1684 417 1789 457 res-
1816 402 1870 467 Α
1898 409 2103 470 gratia,
2127 402 2248 470 jam
2296 417 2404 456 non
2451 417 2520 455 ea;
2560 400 2837 470 operibus,
2872 415 2986 470 quo
3019 400 3173 456 dicto
3204 404 3405 457 contra
3438 402 3542 457 Ju-

149 509 366 566 ponsum
395 491 644 546 divinum
666 495 692 546 7
725 493 937 564 Reliqui
982 495 1122 547 mihi
1168 497 1370 563 septem
1401 492 1584 546 millia
1615 492 1786 561 (381),

154 585 242 654 qui
267 599 378 635 non
409 586 772 636 curvaverant
797 597 976 649 genua
1007 590 1133 637 ante
1163 583 1320 637 Baat.

218 671 330 726 Hoc
363 670 696 741 exemplum
730 671 1036 725 manifeste
1069 675 1225 742 patet
1274 671 1330 724 in
1384 670 1530 725 libro
1563 669 1786 738 Regum

156 761 249 833 (III
273 763 392 828 Reg.
426 777 582 824 xvm,
627 760 739 830 40).
792 759 1030 830 Legitur
1059 760 1236 826 enim,
1277 760 1434 830 quia,
1469 775 1601 812 cum
1633 756 1787 811 occi-

159 849 326 904 disset
376 847 613 918 propria
653 865 831 901 manu
867 847 1020 901 Elias
1052 847 1338 918 propheta
1368 846 1788 918 quadragintos

159 937 454 1010 prophetes
487 935 646 1003 Baal,
681 938 832 991 facta
860 942 948 991 est
991 937 1300 991 vehemens
1334 934 1656 1006 persecutio
1690 935 1788 988 ad-

156 1042 338 1081 versus
369 1025 684 1096 prophetas
720 1025 969 1091 Domini,
994 1025 1135 1080 adeo
1170 1030 1232 1079 ut
1259 1025 1414 1079 Elias
1446 1023 1696 1094 fugiens,
1729 1023 1788 1076 in

153 1115 296 1186 jugis
326 1104 640 1180 montium,
673 1117 730 1168 et
760 1113 1020 1168 cavernis
1068 1119 1361 1184 petrarum
1394 1113 1666 1177 latitaret,
1701 1129 1789 1166 so-

161 1218 260 1274 que
291 1201 478 1258 solum
531 1219 598 1256 ex
643 1203 824 1258 servis
865 1201 1090 1256 Domini
1125 1203 1385 1257 crederet
1412 1200 1788 1256 remansisse.

162 1292 255 1347 Ubi
285 1291 470 1346 factus
503 1296 591 1346 est
621 1307 812 1346 sermo
846 1291 1074 1345 Domini
1106 1292 1176 1345 ad
1209 1307 1341 1344 eum
1375 1291 1611 1345 dicens:
1647 1289 1793 1358 Quid

160 1382 236 1435 hic
261 1382 394 1448 agis,
431 1381 554 1434 Elia
576 1379 604 1432 ?
639 1381 749 1434 Cui
780 1379 881 1434 ille
909 1381 1186 1450 respondit
1217 1397 1234 1432 :
1273 1381 1397 1434 Zelo
1428 1381 1642 1434 zelatus
1669 1395 1793 1431 sum

159 1487 249 1541 pro
277 1471 506 1524 Domino
536 1470 639 1524 Deo
669 1471 865 1533 Israel,
901 1470 1165 1538 quoniam
1213 1469 1320 1537 lilii
1363 1469 1528 1522 Israel
1558 1467 1791 1538 prophe-

160 1565 240 1615 tas
292 1567 402 1613 tuos
463 1558 801 1624 occiderunt,
850 1567 898 1612 et
956 1560 1156 1611 utteria
1214 1564 1304 1611 tua
1359 1555 1714 1627 suﬂoderunt,
1747 1564 1798 1611 et

163 1649 365 1703 relictus
394 1664 520 1702 sum
561 1662 653 1717 ego
695 1648 860 1716 solus,
892 1650 942 1701 et
990 1649 1249 1716 quaerunt
1297 1647 1542 1700 am'mam
1588 1662 1791 1699 meam.

166 1738 258 1793 Cui
285 1738 547 1792 Dominus
578 1754 596 1788 :
645 1737 866 1806 Reliqui
893 1736 1036 1806 (382)
1087 1736 1231 1788 mihi
1269 1743 1467 1805 septem
1496 1735 1682 1788 millia
1709 1735 1796 1788 vi-

165 1841 348 1890 rorum,
380 1825 481 1896 qui
505 1840 616 1878 non
644 1828 1013 1879 curvaverant
1042 1840 1226 1897 genua
1256 1827 1382 1877 ante
1412 1824 1552 1876 Baal
1586 1841 1603 1875 :
1647 1839 1711 1876 ac
1745 1822 1794 1876 si

167 1915 387 1970 diceret:
419 1918 509 1968 Ne
541 1917 710 1985 putes
743 1918 797 1968 te
825 1913 1019 1967 solum
1045 1929 1171 1967 esse
1202 1914 1434 1967 servum
1460 1910 1716 1978 fidelem,
1739 1914 1795 1965 et

169 2002 289 2056 bene
315 2002 706 2058 laborantem.
741 2003 1016 2072 quoniam
1054 2003 1194 2056 sunt
1233 1999 1378 2055 mihi
1427 2003 1483 2054 et
1531 1999 1650 2065 alii,
1689 2014 1794 2054 nec

176 2091 354 2160 pauci:
405 2090 493 2146 ibi
547 2091 724 2158 enim,
759 2090 856 2144 ubi
914 2095 970 2144 te
1018 2089 1209 2144 solum
1259 2092 1452 2160 putas,
1485 2087 1564 2143 ibi
1609 2087 1794 2142 habeo

175 2185 358 2250 septem
407 2177 620 2246 millia,
653 2195 779 2250 quae
830 2193 944 2232 non
999 2181 1386 2232 curvaverunt
1431 2193 1622 2248 genua
1662 2180 1796 2232 ante

172 2266 304 2322 Baal.
337 2267 434 2323 Ubi
473 2267 820 2332 notandum,
857 2266 996 2336 quia
1035 2283 1150 2320 non
1201 2265 1282 2320 ait
1314 2281 1327 2319 :
1383 2265 1603 2320 Relicta
1634 2268 1791 2331 sunt,

165 2359 249 2408 aut
276 2354 634 2427 reliquerunt
666 2371 727 2410 se
759 2353 928 2421 mihi,
952 2355 1078 2421 sed,
1105 2369 1210 2425 ego
1241 2355 1465 2424 reliqui.
1490 2354 1794 2424 Tanquam

164 2449 335 2513 aperte
358 2445 576 2499 diceret
600 2460 613 2498 :
648 2445 765 2515 Ego
785 2459 888 2498 eos
910 2442 1122 2498 salvavi
1151 2461 1164 2508 ;
1189 2459 1294 2513 ego
1327 2442 1615 2497 custodivi
1643 2460 1656 2509 ;
1689 2458 1795 2513 ego

160 2532 249 2586 feci
282 2537 345 2587 ut
376 2550 492 2587 non
526 2538 832 2587 curvarent
862 2549 1050 2599 genua
1081 2535 1213 2586 ante
1238 2531 1370 2585 Baal
1399 2550 1410 2596 ;
1446 2531 1693 2602 ideoque
1724 2547 1796 2585 ne

158 2618 408 2690 glorieris
465 2627 518 2675 te
564 2621 754 2676 solum
797 2637 925 2675 esse
978 2621 1036 2674 in
1069 2619 1322 2687 servitio,
1357 2620 1494 2690 quia
1526 2619 1710 2674 habeo
1740 2623 1797 2674 et

156 2707 286 2764 alios
316 2726 626 2764 conservos
656 2714 810 2774 tuos,
844 2725 1096 2780 quorum
1131 2713 1354 2763 mentes
1398 2707 1588 2762 inveni
1621 2708 1792 2778 (383),

152 2813 254 2852 non
277 2799 349 2852 de
383 2814 467 2862 se,
496 2815 608 2852 non
634 2798 703 2852 de
727 2796 887 2865 Baal,
913 2798 1010 2851 sed
1043 2798 1113 2851 de
1144 2814 1236 2851 me
1259 2801 1704 2868 praesumentes.
1730 2796 1797 2850 Et

147 2891 222 2956 tu,
256 2887 358 2957 qui
392 2885 542 2940 dicis
579 2902 591 2940 ε
627 2885 887 2939 Relictus
920 2902 1052 2939 sum
1087 2885 1269 2951 solus,
1303 2884 1413 2938 nisi
1447 2883 1636 2956 gratia
1668 2899 1799 2938 mea

141 2973 348 3045 plenus
381 2989 566 3042 esses,
607 2972 706 3026 ubi
738 2989 898 3028 esses
920 2971 946 3025 ‘t
978 2973 1048 3026 Et
1079 2977 1142 3026 tu
1174 2972 1410 3043 quidem
1442 2989 1632 3044 genua
1663 2976 1798 3027 ante

141 3061 271 3118 Baal
307 3062 595 3116 ﬂecteres.
630 3065 739 3116 Per
781 3061 1177 3116 curvationem
1209 3077 1491 3132 genuum,
1527 3061 1793 3132 quaedam

1897 490 2047 543 duros
2096 490 2266 560 (38(3),
2300 491 2400 560 qui
2458 489 2602 560 legis
2661 489 2934 560 operibus
2993 506 3052 546 se
3104 490 3314 546 salvari
3372 507 3544 562 posse

1897 578 2229 632 credebant.

1969 684 2164 739 Gratia
2204 689 2400 740 autem
2445 685 2598 739 dicta
2644 690 2752 752 est,
2785 701 2849 740 eo
2901 686 3056 756 quod
3104 686 3285 756 gratis
3333 687 3540 754 detur;

1899 772 2145 843 ideoque
2171 773 2476 844 subjungit
2501 792 2513 828 :
2547 774 2801 844 Alioquin
2823 776 3014 844 gratia
3036 775 3160 844 jam
3186 791 3296 830 non
3315 785 3396 831 est
3419 793 3545 844 gra-

1899 864 1996 916 tia.
2032 863 2092 916 Id
2127 865 2215 916 est
2251 879 2263 916 :
2310 863 2366 916 Si
2399 861 2519 916 ulla
2551 862 2756 916 merita
2785 869 3226 933 praecesserunt,
3260 879 3374 918 non
3405 880 3542 937 ergo

1901 951 2089 1022 gratia
2112 950 2206 1006 Dei
2231 949 2436 1005 salvati
2460 953 2620 1016 estis,
2649 951 2928 1021 quoniam
2956 967 3196 1019 merces,
3219 969 3335 1008 non
3361 952 3543 1025 gratis

1902 1041 2002 1094 sed
2037 1041 2360 1094 secundum
2393 1040 2667 1094 meritum
2701 1039 3078 1110 impenditur.

1973 1145 2175 1216 Igitur,
2227 1146 2392 1218 quasi
2445 1150 2728 1216 quaereret
2775 1145 3008 1217 aliquis,
3061 1164 3165 1202 cur
3213 1147 3387 1218 Deus,
3429 1164 3547 1203 non

1903 1250 2128 1301 omnes,
2161 1234 2260 1288 sed
2313 1233 2592 1306 reliquias
2636 1239 2865 1288 tantum
2913 1234 3101 1290 salvas
3133 1236 3333 1291 fecerit
3360 1237 3550 1308 gratia

1905 1339 2033 1387 sua,
2070 1321 2447 1392 quaestionem
2482 1322 2591 1376 sibi
2632 1322 2906 1393 opposuit
2934 1323 3270 1394 Apostolus,
3304 1329 3360 1378 et
3389 1341 3548 1394 quae-

1904 1411 2082 1464 rendo
2113 1410 2363 1478 subjecit
2396 1427 2407 1463 :
2452 1411 2582 1479 quid
2611 1426 2734 1480 ergo
2756 1414 2782 1464 μ
2812 1410 3206 1478 (subauditur,
3240 1412 3551 1482 dicemus.)

1906 1497 2056 1550 Nihil
2109 1497 2330 1567 utique,
2368 1490 2478 1551 nisi
2530 1499 2688 1568 quia,
2723 1499 2861 1568 quod
2907 1501 3185 1569 quaerebat
3213 1502 3404 1567 Israel,
3437 1515 3552 1556 non

1903 1594 1983 1641 est
2035 1589 2366 1641 consecutus.
2403 1587 2575 1640 Israel
2629 1587 2768 1640 dicit
2807 1587 3088 1658 populum
3125 1588 3291 1643 illum
3321 1589 3550 1644 Judan-

1906 1691 2060 1741 rum,
2085 1674 2185 1744 qui
2215 1675 2340 1729 suis
2367 1673 2592 1730 meritis
2625 1674 2810 1746 legem
2843 1676 3156 1747 accepisse,
3181 1682 3239 1732 et
3266 1693 3394 1732 eam
3426 1678 3552 1733 suis

1825 1768 1872 1832 Β
1905 1763 2125 1818 viribus
2157 1762 2417 1834 implere,
2451 1765 2696 1835 ejusque
2736 1763 3009 1835 Operibus
3032 1765 3347 1835 justificari
3379 1781 3550 1836 posse

1906 1853 2194 1919 credebat,
2220 1851 2468 1923 ideoque
2503 1851 2774 1919 salutem,
2800 1870 2976 1924 quam
3009 1855 3323 1925 quaerebat,
3347 1871 3550 1910 conse-

1907 1939 2006 2011 qui
2037 1956 2150 1994 non
2186 1939 2524 2010 promeruit.
2561 1939 2852 2011 Spiritalis
2900 1957 3032 1996 vero
3082 1942 3259 1996 Israel
3310 1941 3380 1996 de
3429 1941 3553 1996 sola

1905 2029 2093 2100 gratia
2124 2027 2218 2083 Dei
2248 2044 2634 2098 praesumens,
2669 2028 2919 2084 salutem
2950 2034 3302 2085 consecutus
3333 2033 3439 2086 est.

1977 2136 2141 2190 Unde
2174 2151 2304 2189 mox
2335 2133 2603 2205 sequitur
2637 2151 2650 2189 :
2687 2135 2888 2190 Electio
2918 2143 3103 2191 autem
3129 2140 3423 2192 consecuta
3451 2140 3551 2192 est.

1905 2224 2257 2279 Electionem
2285 2239 2558 2294 namque,
2583 2222 2860 2294 reliquias
2889 2227 3055 2280 vocat
3085 2240 3186 2294 per
3207 2222 3551 2280 electionem

1905 2313 2177 2368 salvatas.
2216 2313 2292 2366 De
2321 2310 2540 2366 carnali
2571 2315 2766 2366 autem
2801 2312 2973 2367 Israel
3005 2312 3315 2368 subditur:
3347 2314 3552 2369 Caeleri

1908 2418 2026 2457 vero
2057 2401 2319 2456 excaecati
2350 2401 2493 2470 (387)
2536 2405 2683 2467 sunt,
2716 2402 2856 2456 sicut
2899 2403 3162 2472 scriptum
3214 2410 3338 2457 est:
3390 2401 3552 2457 Dedit

1906 2492 2019 2546 illis
2053 2493 2188 2544 Deus
2218 2491 2487 2560 spiritum
2511 2493 2941 2560 compunctionis
2961 2492 3106 2559 388).
3140 2490 3551 2563 Compunctio,

1906 2587 2024 2635 tam
2049 2580 2104 2632 in
2133 2580 2286 2632 bona
2311 2578 2788 2645 sanctiﬁcatione,
2815 2596 2992 2650 quam
3020 2581 3078 2634 in
3103 2578 3256 2635 mala
3278 2580 3544 2651 ponitur:

1904 2671 2378 2738 compunguntur
2398 2668 2553 2722 enim
2586 2667 2854 2722 homines
2887 2670 2958 2722 ad
2992 2670 3233 2735 bonum,
3257 2685 3390 2723 cum
3415 2669 3545 2740 Spi-

1905 2757 2019 2811 ritu
2043 2755 2144 2810 Dei
2169 2755 2502 2826 compuncti
2525 2755 2745 2827 aliquid
2772 2756 2990 2811 bonum
3019 2761 3335 2827 operantur
3355 2774 3368 2823 ;
3391 2773 3547 2812 com-

1904 2849 2250 2917 punguntur
2299 2849 2353 2898 et
2401 2845 2472 2898 ad
2525 2843 2769 2914 malum,
2818 2861 2952 2899 cum
2997 2845 3214 2900 diaboli
3263 2845 3550 2901 instinctu

1907 2933 2144 3005 aliquod
2191 2931 2410 2988 malum
2461 2937 2767 3003 peragunt.

1978 3041 2111 3109 Sed,
2148 3040 2195 3095 si
2230 3039 2383 3094 Deus
2415 3038 2532 3094 illis
2566 3039 2841 3110 spiritum
2875 3039 3342 3110 compunctionis
3372 3041 3552 3109 dedit,

143 3151 351 3206 mentis
381 3150 670 3219 subiectio
696 3149 1144 3220 designatur,de
1173 3127 1286 3220 qna
1308 3149 1446 3204 alibi
1470 3127 1622 3204 idem
1647 3153 1792 3221 Apo-
1825 3129 1868 3196 (ἶ
1909 3133 1971 3184 Ut
2003 3147 2116 3221 99F
2150 3129 2469 3221 θνθάεἷνίξηῖν
2494 3144 2620 3221 (111³³
2653 3127 2885 3221 moi“?
2905 3127 3089 3221 ξυῙΡθι
3119 3128 3406 3221 Γυίξν-(Ιυίᾶ
3435 3146 3552 3221 ῐξοῐξ

145 3241 320 3296 stolus
348 3257 360 3294 :
397 3243 467 3293 In
497 3241 721 3294 nomine
741 3241 863 3294 Jcsu
896 3254 1052 3292 omne
1080 3255 1220 3309 genu
1249 3241 1504 3307 ﬂectatur
1531 3239 1796 3310 (Philipp.

149 3347 204 3394 ῃ,
229 3331 312 3398 10)
343 3346 354 3383 :
393 3327 496 3382 ubi
529 3345 630 3398 per
660 3345 917 3398 genuum
944 3327 1248 3382 ﬂexionem
1283 3327 1612 3382 humiliatio
1636 3345 1796 3383 men-

151 3419 216 3473 tis
247 3417 600 3486 ostenditur,
635 3433 750 3487 qua
791 3433 997 3471 omnes
1047 3421 1325 3470 creaturae
1367 3423 1478 3471 Deo
1533 3417 1798 3471 subdun-

157 3511 240 3561 tur
269 3507 438 3577 (384).
495 3505 578 3559 Illi
631 3522 766 3576 ergo
812 3510 944 3560 ante
987 3505 1121 3560 Baal
1171 3523 1362 3576 genua
1400 3510 1662 3574 curvant,
1699 3506 1798 3575 qui

162 3597 401 3666 quadam
435 3595 652 3649 mentis
685 3594 1067 3664 subjectione,
1102 3593 1159 3647 id
1202 3599 1291 3648 est
1331 3611 1642 3664 consensu,
1675 3593 1798 3648 dia-

161 3683 281 3739 bolo
311 3700 369 3740 se
407 3683 692 3739 subdunt.

226 3772 373 3842 Baal,
408 3772 536 3844 ipse
588 3775 678 3826 est
725 3775 781 3825 et
833 3769 989 3839 Beel,
1028 3770 1183 3824 idem
1232 3773 1288 3824 et
1335 3769 1710 3841 Beelphegor,
1744 3773 1802 3825 et

163 3859 361 3916 Belbrit
388 3879 401 3929 ;
457 3861 562 3915 sed
594 3858 732 3915 Baal
763 3858 956 3913 dictus
988 3862 1096 3925 est,
1132 3857 1270 3928 quia
1299 3856 1359 3911 in
1392 3855 1616 3912 excelso
1649 3858 1799 3912 cole-

163 3949 351 4016 batur;
386 3949 752 4021 Beelphegor
782 3964 938 4015 vero,
973 3946 1112 4018 quia
1152 3946 1210 4000 in
1254 3950 1451 4000 monte
1483 3945 1726 4017 Phegor.

226 4037 333 4093 Cur
363 4042 564 4094 autem
593 4036 912 4108 sumpserit
941 4035 1051 4090 hoc
1071 4033 1494 4102 testimonium,
1520 4035 1798 4105 aperitur,

167 4140 280 4180 cum
312 4126 590 4182 subditur
624 4144 636 4180 :
688 4125 777 4180 Sic
807 4140 933 4193 ergo
972 4127 1021 4178 et
1066 4127 1125 4178 in
1164 4123 1259 4178 hoc
1288 4131 1522 4193 tempore
1553 4123 1802 4194 reliquiae

171 4215 441 4270 secundum
473 4213 795 4270 electionem
823 4215 1018 4282 gratiae
1047 4213 1211 4266 salum
1240 4213 1412 4282 facta:
1448 4215 1595 4266 sunt.
1629 4213 1707 4266 Ac
1751 4211 1800 4267 si

171 4299 363 4359 diceret
394 4321 406 4360 :
453 4303 616 4358 Idem
648 4301 932 4358 Dominus
964 4300 1234 4355 Christus
1265 4305 1354 4355 est
1383 4301 1575 4368 modo,
1611 4301 1711 4370 qui
1744 4303 1802 4355 et

174 4390 313 4453 tunc.
347 4397 402 4448 et
451 4409 574 4463 qua
621 4391 808 4463 gratia
849 4389 981 4445 illos
1027 4388 1289 4456 salvavit,
1323 4389 1525 4443 eadem
1558 4387 1802 4442 salvavit

179 4476 452 4550 reliquias.

237 4567 300 4622 Et
327 4569 434 4625 hoc
467 4574 580 4636 est,
612 4570 765 4640 quod
817 4567 957 4622 dicit
986 4566 1132 4637 (385)
1168 4583 1180 4620 :
1235 4565 1545 4620 Secundum
1591 4565 1807 4620 electio-

184 4667 292 4710 nem
320 4661 534 4727 gratiae,
558 4659 614 4713 id
639 4663 727 4713 est
748 4654 1342 4729 praidestinationem.
1371 4654 1806 4710 Praedestinatio

188 4757 438 4816 namque,
461 4753 516 4803 et
540 4746 761 4812 electio,
787 4746 972 4817 gratia
995 4745 1088 4800 Dei
1113 4749 1218 4799 est.
1246 4743 1443 4797 Gratia
1473 4748 1692 4810 autem,
1722 4746 1810 4798 est

187 4827 360 4899 ipsum
385 4837 623 4903 donum,
650 4851 766 4907 quo
788 4835 1035 4905 quisque
1059 4833 1442 4903 justiﬁcatur,
1469 4832 1646 4886 nullis
1672 4849 1811 4901 pra:-

188 4920 510 4980 cedentibus
540 4925 783 4980 meritis.
819 4923 979 4979 Unde
1012 4941 1146 4979 mox
1176 4915 1494 4979 subditur‘:
1540 4922 1602 4976 Si
1631 4925 1811 4975 autem

253 5112 395 5191 (381)
420 5117 508 5173 III
537 5121 656 5189 Reg.
690 5135 808 5176 nx.
844 5118 928 5191 18.
952 5117 1119 5191 Vulg.
1154 5123 1279 5173 tum
1311 5117 1424 5183 hic,
1459 5121 1585 5173 tum
1623 5117 1681 5171 in
1715 5115 1812 5171 cit.

194 5178 586 5278 “Bignlftqsgn;
606 5178 741 5262 DOSt
770 5178 1159 5278 mifft'a‘habet
1187 5178 1451 5278 virorum.

1909 3218 2325 3274 crediderunt?
2358 3218 2478 3271 Imo
2510 3218 2658 3286 ejus,
2685 3217 2784 3288 qui
2813 3215 2992 3282 dedit,
3019 3232 3145 3272 esse
3173 3217 3416 3271 videtur.
3441 3218 3554 3272 Sed

1908 3308 2081 3362 absit.
2112 3307 2257 3360 Nam
2290 3306 2442 3376 quod
2469 3306 2631 3374 justo
2664 3310 2816 3359 Deus
2839 3303 3061 3374 judicio
3094 3304 3217 3359 fieri
3249 3305 3554 3377 permittit,

1910 3402 2188 3450 consueto
2243 3411 2404 3449 more
2451 3395 2904 3464 Scripturarum,
2939 3393 3063 3464 ipse
3104 3395 3290 3449 facere
3321 3395 3554 3450 dicitur.

1908 3485 2074 3539 Dedit
2105 3500 2240 3554 ergo
2274 3499 2287 3537 :
2341 3483 2478 3553 quia
2510 3483 2634 3537 dari
2667 3482 2952 3554 permisit,
2986 3483 3183 3553 oculos,
3217 3487 3275 3537 ut
3320 3499 3427 3538 non
3473 3484 3556 3538 vi-

1908 3574 2094 3634 deant,
2140 3580 2189 3626 et
2236 3588 2414 3637 aures,
2463 3575 2520 3625 ut
2570 3588 2677 3626 non
2725 3572 2975 3625 audiant.
3011 3570 3221 3626 Oculos
3261 3571 3371 3626 hoc
3409 3570 3555 3635 loco,

1907 3659 1995 3714 vel
2050 3676 2220 3714 aures
2273 3676 2386 3714 non
2439 3658 2767 3725 corporales
2815 3660 3097 3714 debemus
3138 3659 3420 3732 accipere,
3456 3661 3557 3717 sed

1910 3747 2225 3817 spiritales,
2249 3745 2464 3801 mentis
2489 3746 2728 3801 scilicet.
2753 3748 2921 3801 Dedit
2950 3763 3085 3817 ergo
3108 3752 3261 3803 Deus
3283 3747 3398 3804 illis
3424 3765 3560 3804 ocu-

1909 3835 2018 3903 los,
2041 3840 2107 3889 ut
2136 3851 2251 3889 non
2273 3835 2528 3899 videant,
2555 3833 2612 3887 id
2644 3839 2734 3888 est
2756 3851 2871 3889 non
2894 3834 3224 3907 intelligant
3245 3836 3555 3906 spiritalia.

1913 3923 2078 3978 Dedit
2099 3939 2290 3992 aures,
2319 3926 2384 3976 ut
2404 3937 2517 3976 non
2540 3921 2801 3990 audiant,
2826 3921 2881 3975 id
2905 3926 2994 3976 est
3015 3922 3228 3978 divinis
3250 3925 3558 3996 praeceptis

1910 4029 2026 4067 non
2052 4011 2348 4067 obedient.
2374 4011 2446 4065 Et
2476 4013 2634 4078 nota,
2659 4009 2798 4080 quia
2819 4026 2934 4064 non
2966 4009 3067 4077 ait,
3093 4025 3280 4080 usque
3309 4010 3368 4064 in
3391 4016 3556 4066 ceter-

1911 4117 2076 4164 num,
2101 4099 2222 4166 sed,
2247 4115 2419 4170 usque
2449 4100 2509 4152 in
2531 4097 2858 4154 hodiernum
2875 4097 3044 4163 diem,
3066 4113 3139 4152 ne
3161 4113 3322 4168 spem
3347 4097 3559 4154 salutis

1909 4205 2110 4244 eorum
2160 4188 2415 4244 adimere
2468 4187 2782 4242 videretur.
2839 4185 3107 4241 Firmiter
3160 4185 3317 4240 enim
3375 4187 3560 4242 credit

1911 4277 2183 4342 Ecclesia,
2219 4277 2357 4346 quia
2405 4275 2664 4346 reliquiae
2711 4274 2880 4330 salva:
2913 4275 3071 4340 fient,
3096 4275 3264 4344 juxta
3294 4274 3558 4330 testimo-

1911 4364 2074 4418 nium
2108 4364 2263 4434 quod
2297 4363 2568 4434 superius
2605 4363 2801 4434 posuit
2830 4361 3142 4434 Apostolus
3174 4361 3332 4418 Isaiae
3363 4362 3559 4419 dicen-

1914 4453 1989 4506 tis
2016 4469 2027 4506 :
2063 4452 2124 4506 Si
2152 4454 2319 4522 fuerit
2351 4468 2613 4507 numerus
2633 4452 2878 4521 ﬁliorum
2899 4453 3077 4509 Israel
3107 4457 3371 4524 tanquam
3391 4468 3564 4508 arena

1921 4541 2120 4607 maris,
2157 4542 2414 4610 reliquiw
2442 4540 2604 4594 solum
2634 4541 2762 4610 ﬁent
2793 4541 2946 4612 (lsai.
2978 4558 3033 4611 x,
3064 4543 3176 4609 22).

1987 4646 2266 4717 Sequitur
2299 4664 2310 4700 :
2363 4647 2425 4698 Et
2460 4645 2628 4700 David
2666 4645 2800 4700 dicit
2831 4665 2851 4700 .·
2893 4648 3016 4702 Fiat
3044 4663 3231 4701 mensa
3259 4661 3446 4700 eorum
3474 4661 3561 4700 co-

1917 4753 2038 4791 ram
2069 4737 2205 4807 ipsis
2238 4736 2296 4788 in
2328 4735 2600 4804 laqueum,
2634 4738 2685 4789 ct
2733 4735 2792 4788 in
2829 4739 3134 4802 captionem
3164 4734 3335 4805 (Psal.
3369 4748 3563 4799 LXVIII,

1915 4827 2028 4895 ‘23).
2063 4825 2179 4879 Hoc
2229 4821 2532 4894 propheta,
2569 4839 2681 4877 non
2736 4827 2993 4894 optantis
3039 4826 3189 4888 voto,
3225 4822 3325 4876 sed
3369 4818 3569 4874 futura

1920 4914 2294 4988 przedicentis
2325 4911 2556 4968 locutus
2589 4916 2697 4968 est.
2734 4912 2846 4968 Nec
2879 4913 3008 4970 ideo
3041 4913 3259 4966 factum
3290 4913 3398 4978 est,
3431 4906 3571 4978 quia

1925 5114 2276 5180 conferatur,
2311 5126 2437 5180 quae
2471 5111 2608 5166 alibi
2653 5111 2761 5164 hac
2809 5110 2879 5180 de
2931 5105 3173 5164 materia
3218 5106 3290 5161 ab
3339 5107 3576 5161 auctore

1927 5181 2378 5278 nost‘r/o‘srzppi‘uq
2406 5179 2463 5278 ip
2500 5183 2614 5262 hac.
2634 5179 2879 5278 epistola
2909 5181 3212 5278 qbse‘rvata
3240 5181 3396 5278 suqt.

1999 5259 2144 5278 lﬂﬁD\
2181 5249 2311 5278 Πξηι
2361 5254 2571 5278 ...ιδεμ-ηρ.-
2602 5249 2869 5278 ε...’,.η4ηη
2925 5251 3140 5278 ιλιι-³41111
3183 5253 3278 5278 11·ιῦ
