3998 5278
395 371 511 433 239

1413 369 1750 430 ATTONIS
1793 368 2376 430 VEBCELLENSIS
2422 368 2777 432 EPISCOPI

3678 365 3802 428 240

393 501 676 574 propheta
722 498 905 567 dixit;
939 499 1063 565 sed,
1095 497 1233 569 quia
1262 498 1524 554 futurum
1559 503 1682 554 erat
1731 503 1796 554 ut
1848 500 2033 566 ﬁeret,
2065 507 2121 571 Α
2149 503 2236 554 tes
2259 499 2502 572 gentiles
2525 499 2734 555 imitati
2755 503 2914 566 sunt,
2931 499 3029 554 sed
3052 499 3190 570 quia
3211 498 3542 571 exemplum
3564 513 3800 570 accepe-

392 591 520 646 ideo
551 589 659 644 hoc
690 587 972 660 propheta
1004 587 1289 659 praedixit.

465 683 577 733 Cur
600 694 733 748 ergo
757 676 1124 732 maledicitur
1146 677 1393 732 mensa?
1414 676 1666 744 Scilicet,
1691 677 1829 748 quia
1852 677 2040 733 multa

392 766 550 822 mala
569 770 874 838 patrantur
895 767 966 820 ad
992 781 1278 820 mensam.
1299 767 1386 819 Ad
1411 782 1678 821 mensam
1700 767 2038 821 innocentes

390 857 692 922 vocantur,
724 858 790 909 ut
817 853 1220 926 decipiantur;
1257 854 1328 909 ad
1358 870 1624 909 mensam
1654 853 1906 910 Absalon
1938 871 2031 909 oc-

392 942 534 998 cidit
554 946 783 998 Amnon
805 960 818 1010 ;
844 941 1242 1014 Holophernes
1261 942 1468 997 Judith
1492 943 1561 997 ad
1585 959 1850 997 mensam
1870 959 2034 998 voca-

390 1032 492 1100 vit,
518 1036 582 1087 ut
602 1031 891 1103 deciperet
915 1049 928 1100 ;
961 1032 1034 1087 ad
1061 1047 1326 1086 mensam
1350 1031 1610 1099 Herodis,
1636 1031 1883 1086 convivae
1905 1032 2032 1102 ejus

392 1125 568 1194 caput
616 1122 918 1176 obtinuere
964 1120 1229 1176 Joannis.
1279 1120 1628 1191 Spiritaliter
1681 1124 1876 1175 autem
1931 1137 2035 1191 per

393 1227 659 1266 mensam
687 1211 986 1281 Scriptura
1016 1215 1217 1265 sancta
1247 1209 1602 1279 designatur,
1636 1226 1762 1280 quae
1793 1208 2034 1280 spirita-

390 1298 546 1354 libus
577 1299 744 1366 cibis,
779 1303 835 1355 et
882 1299 1118 1370 potibus
1161 1305 1400 1354 onerata
1438 1303 1546 1368 est,
1581 1298 1794 1368 quibus
1826 1297 2034 1352 animae

391 1386 751 1455 reﬁciuntur,
774 1391 832 1443 et
861 1387 1008 1443 bene
1040 1403 1244 1443 mensa
1271 1387 1392 1442 haec
1420 1386 1755 1449 Judaeorum
1787 1402 1915 1441 esse
1944 1385 2032 1439 di-

390 1476 562 1542 citur,
577 1477 855 1548 quoniam
874 1475 998 1532 suis
1019 1476 1242 1532 meritis
1265 1492 1394 1531 eam
1411 1474 1704 1546 accepisse
1725 1475 2032 1546 putabant.

389 1565 471 1620 De
499 1565 608 1621 hac
628 1582 834 1622 mensa
861 1565 920 1620 in
945 1564 1172 1636 psalmo
1194 1564 1452 1619 Ecclesia
1481 1563 1743 1635 loquitur
1766 1580 1778 1618 :
1813 1563 2035 1618 Pura-sti

389 1655 450 1708 in
477 1661 758 1725 conspectu
785 1669 903 1710 meo
925 1670 1193 1721 mensam,
1217 1653 1478 1709 adversus
1506 1668 1614 1719 eos,
1637 1653 1732 1723 qui
1758 1653 2033 1708 trib-alant

386 1757 473 1798 me
501 1744 672 1814 (Psal.
703 1760 841 1814 xxu,
872 1743 962 1813 5);
991 1742 1215 1798 scilicet
1245 1743 1524 1798 adversus
1553 1741 1872 1797 haereticos.
1903 1741 2032 1796 Haec

387 1831 588 1902 itaque
609 1847 814 1888 mensa
827 1832 854 1887 ,Ι
861 1831 1041 1887 udaeis
1065 1831 1222 1887 facta
1243 1835 1330 1886 est
1350 1831 1409 1885 in
1429 1831 1725 1902 laqueum,
1741 1835 1796 1885 et
1817 1830 2034 1901 captio-

386 1935 545 1988 nem,
578 1920 855 1991 quoniam
888 1919 1074 1976 solam
1102 1920 1358 1975 litteram
1389 1925 1698 1992 sequentes
1730 1917 2028 1990 illaqueati

387 2012 547 2076 sunt,
570 2012 626 2064 et
649 2009 871 2080 decepti
900 2009 1121 2065 carnali
1147 2009 1464 2079 intellectu,
1480 2013 1545 2064 ut
1570 2026 1684 2065 non
1708 2009 2028 2076 crederent,

282 2145 287 2150 .
387 2101 444 2152 et
463 2096 522 2152 in
549 2097 1038 2170 laqueum,quem
1067 2098 1340 2170 gentibus
1366 2098 1797 2170 parabant,ipsi
1820 2096 2032 2152 incide-

386 2189 542 2240 runt.
567 2187 638 2241 Et
665 2187 813 2242 bene
838 2187 938 2254 ait,
959 2203 1145 2242 coram
1169 2189 1325 2258 ipsis,
1354 2187 1632 2258 quoniam
1659 2186 2028 2257 iniquitatem

387 2291 554 2330 suam
585 2275 804 2343 vident,
839 2279 896 2331 et
924 2276 1216 2332 declinare
1245 2275 1472 2332 nolunt.

458 2362 618 2424 Quod
646 2367 843 2419 autem
873 2365 1141 2436 sequitur
1172 2383 1186 2420 :
1230 2365 1294 2419 Et
1325 2367 1382 2418 in
1415 2364 1856 2430 retributionem,
1888 2365 1938 2417 et
1971 2364 2031 2418 in

384 2452 723 2522 scandalum,
743 2469 929 2508 unum
951 2457 1039 2509 est
1060 2470 1125 2509 ac
1149 2454 1199 2509 si
1221 2454 1467 2509 diceret:
1496 2453 1558 2507 In
1584 2452 2029 2508 retributionem

384 2540 644 2596 scandali
678 2558 691 2596 :
739 2558 874 2598 nam
905 2542 1044 2614 quia
1073 2543 1307 2598 credere
1339 2541 1674 2609 noluerunt,
1705 2541 1814 2596 hoc
1846 2540 1963 2596 illis
1998 2558 2032 2596 a

384 2631 496 2686 Deo
527 2630 880 2686 retributum
903 2637 1012 2699 est,
1040 2637 1108 2687 ut
1137 2648 1304 2688 sacra
1325 2631 1624 2702 Scriptura
1644 2635 1800 2686 esset
1831 2629 1945 2684 illis
1971 2630 2029 2684 in

381 2717 727 2794 scandalum
748 2737 760 2774 :
781 2720 1244 2791 quotiescunque
1266 2721 1422 2775 enim
1446 2719 1786 2790 spiritaliter
1806 2719 2027 2790 aliquid

379 2808 440 2864 in
461 2827 529 2866 ea
557 2810 924 2882 interpretari
949 2811 1168 2876 vident,
1192 2808 1681 2878 scandalizentur,
1701 2826 1766 2865 ac
1793 2825 1895 2880 per
1920 2808 2029 2863 hoc

385 2898 497 2968 ipsi
526 2898 636 2954 sibi
668 2904 809 2954 sunt
838 2898 1208 2954 scandalum.

456 2987 824 3042 Obscurentur
875 2988 1025 3042 oculi
1072 3003 1263 3042 eorum
1309 3003 1378 3042 ne
1421 2986 1662 3054 videant,
1712 2989 1763 3040 et
1809 2985 2030 3040 dorsum

384 3078 630 3146 ipsorum
679 3092 890 3147 semper
936 3079 1185 3132 incurva.
1220 3077 1336 3131 Hoc
1374 3076 1570 3144 etiam,
1607 3092 1722 3131 non
1751 3076 2025 3146 optando.

385 3165 484 3220 sed
517 3165 917 3237 prophetando
942 3165 1256 3221 Psalmista
1283 3166 1464 3220 dixit:
1499 3164 1802 3220 Obscurati
1835 3165 2028 3236 itaque

2059 1876 2108 1940 B

2149 595 2286 643 runt
2307 589 2378 643 ab
2410 589 2529 646 eis;
2564 589 2718 660 quod
2751 589 2799 642 si
2833 605 2947 644 non
2975 589 3298 655 crederent,
3322 588 3476 643 sicut
3509 586 3593 642 illi
3617 587 3804 659 perie-

2145 681 2304 746 runt,
2336 682 2393 732 et
2424 677 2536 749 ipsi
2568 678 2844 749 perirent.

2218 766 2456 838 Propter
2485 767 2639 838 quod
2673 766 2981 822 subditur:
3017 766 3167 834 Quod
3196 768 3247 821 si
3266 767 3539 822 delictum
3568 767 3800 822 illorum

2144 853 2358 911 divitiae
2386 858 2515 910 sunt
2543 856 2754 923 mundi,
2787 860 2838 910 et
2878 857 3174 912 diminutio
3205 872 3387 912 eorum
3417 857 3636 912 dicitur
3664 873 3797 927 gen-

2147 945 2311 1009 tium,
2341 953 2539 1014 quanto
2569 947 2744 1014 magis
2771 945 3055 1016 plenitudo
3089 949 3316 1000 eorum?
3345 943 3637 1000 Delicium
3666 945 3800 1000 illo-

2144 1049 2277 1087 rum
2311 1033 2514 1087 mundi
2555 1034 2768 1088 divitiae
2817 1039 2973 1105 sunt,
3007 1034 3285 1106 quoniam
3339 1034 3396 1088 in
3445 1033 3801 1089 inﬁdelitate

2146 1126 2574 1192 permanentes,
2607 1123 2815 1176 vastati
2862 1128 3000 1178 sunt
3052 1141 3084 1178 a
3139 1122 3437 1191 Romanis,
3472 1128 3529 1178 et
3583 1123 3800 1196 captivi

2143 1209 2301 1264 ducti
2328 1227 2429 1282 per
2445 1211 2706 1282 singulas
2727 1209 2896 1284 longe
2917 1213 3146 1283 lateque
3169 1212 3524 1284 provincias,
3539 1212 3800 1267 ferentes

2143 1315 2340 1353 secum
2362 1299 2540 1354 libros
2562 1300 2727 1371 legis,
2743 1305 2798 1355 et
2817 1301 3254 1371 prophetarum,
3271 1301 3487 1372 quibus
3508 1302 3797 1366 mundus,

2144 1386 2198 1440 id
2230 1391 2337 1456 est,
2363 1388 2568 1442 mundi
2599 1387 2955 1444 habitatores
2983 1389 3152 1443 ditati
3185 1395 3343 1444 sunt.
3376 1389 3604 1460 Ubique
3636 1389 3797 1445 enim

2143 1479 2345 1530 sancta
2376 1474 2633 1532 Ecclesia
2663 1477 2735 1531 ab
2767 1476 2884 1532 illis
2916 1478 3139 1549 accepit
3169 1477 3351 1534 libros
3381 1477 3548 1551 legis,
3573 1483 3630 1534 et
3659 1496 3799 1550 pro-

2142 1563 2470 1634 phetarum,
2495 1581 2598 1636 per
2625 1582 2773 1637 quos
2804 1567 3063 1622 ostendit
3093 1567 3428 1639 prophetias
3459 1567 3530 1622 de
3561 1566 3797 1623 Christo

2141 1652 2474 1723 praemissas
2495 1654 2623 1724 jam
2655 1671 2815 1710 essse
2852 1654 3146 1728 impletas.

2216 1740 2529 1797 Diminutio
2570 1759 2801 1816 quoque
2850 1760 3051 1800 eorum
3105 1743 3316 1801 divitiae
3367 1749 3508 1801 sunt
3559 1746 3793 1814 mundi,

2139 1830 2437 1901 quoniam,
2474 1848 2609 1886 cum
2641 1833 2810 1904 pauci
2844 1849 2913 1889 ex
2952 1833 3171 1890 Judaais
3201 1834 3577 1901 crediderint,
3612 1840 3672 1890 et
3722 1836 3796 1890 ab

2141 1917 2474 1975 inﬁdelibus
2502 1920 2726 1993 expulsi
2758 1922 2894 1990 sint,
2920 1923 2990 1977 ad
3025 1923 3286 1994 ipsorum
3317 1924 3793 1996 praedicationem

2141 2011 2341 2078 gentes
2391 2009 2523 2073 ﬁde,
2566 2010 2906 2082 cunctisque
2933 2010 3248 2067 virtutibus
3280 2012 3474 2067 ditata:
3506 2017 3667 2067 sunt.
3695 2013 3798 2067 Est

2139 2112 2274 2167 ergo
2298 2112 2536 2152 sensus:
2559 2098 2618 2153 Si
2641 2098 2712 2153 ad
2737 2115 3056 2171 paucorum
3077 2101 3438 2156 credentium
3452 2101 3794 2156 Judaeorum

2139 2185 2610 2254 praedicationem
2641 2192 2845 2259 gentes
2868 2189 3260 2258 crediderunt,
3286 2195 3341 2245 et
3371 2189 3607 2246 salvata:
3633 2193 3793 2257 sunt,

2140 2279 2357 2344 quanto
2389 2275 2578 2347 magis
2611 2276 2998 2349 salvarentur,
3022 2278 3072 2333 si
3104 2283 3207 2334 aut
3237 2295 3460 2349 omnes,
3486 2284 3590 2334 aut
3623 2278 3794 2334 multi

2138 2378 2205 2416 ex
2235 2362 2456 2418 Judzeis
2485 2365 2832 2420 crederent?

2207 2452 2316 2505 Sed
2348 2456 2615 2523 poterant
2643 2453 2891 2525 gentiles
2940 2454 3131 2512 dicere
3164 2473 3177 2509 :
3230 2473 3363 2512 cum
3404 2457 3675 2529 gentium
3711 2457 3791 2512 sis

2135 2540 2469 2612 Apostolus,
2495 2543 2597 2612 qui
2623 2542 2694 2597 ad
2717 2548 2773 2598 te
2791 2543 3008 2598 Judaiis
3027 2544 3402 2617 Evangelium
3425 2545 3747 2617 praedicare
3766 2544 3792 2598 ‘l

2137 2632 2450 2700 Propterea
2479 2631 2752 2686 subditur
2785 2649 2798 2687 :
2847 2633 2999 2687 Vobis
3029 2635 3174 2688 enim
3207 2635 3332 2689 dico
3361 2635 3615 2704 gentibus
3648 2634 3793 2705 (392)

2137 2717 2226 2787 (su
2239 2717 2651 2790 bintelligitur,
2667 2738 2793 2792 qua:
2817 2720 2936 2776 huic
2955 2721 3287 2793 loquimini)
3306 2723 3555 2793 quandiu
3572 2724 3794 2794 quidem

2135 2821 2230 2876 ego
2260 2823 2383 2861 sum
2405 2810 2651 2878 gentium
2671 2811 2974 2882 Apostolus,
3003 2812 3374 2866 ministerium
3404 2829 3590 2868 meum
3620 2818 3790 2868 hono-

2135 2893 2378 2963 riﬁcabo.

2209 2983 2598 3040 Ministerium
2639 3003 2834 3054 suum,
2868 2988 3296 3059 praedicationis
3328 2989 3590 3044 ofﬁcium
3624 2991 3788 3057 dicit,

2137 3073 2292 3142 quod
2317 3073 2645 3144 specialiter
2669 3076 2928 3148 suscepit
2957 3076 3014 3130 in
3038 3078 3331 3149 gentibus,
3353 3079 3523 3149 juxta
3547 3080 3704 3150 quod
3729 3079 3788 3134 in

2135 3160 2375 3216 Actibus
2401 3163 2802 3234 apostolorum
2827 3164 3078 3236 Spiritus
3101 3172 3338 3223 sanctus
3367 3166 3630 3238 loquitur
3655 3184 3668 3222 :
3703 3167 3787 3223 Se-

383 3257 521 3310 sunt
569 3251 721 3308 oculi
769 3270 970 3310 eorum
1026 3255 1181 3310 nube
1229 3255 1477 3309 carnalis
1517 3253 1932 3324 intelligentiae,
1964 3257 2029 3307 ut
2059 3241 2102 3307 C
2138 3252 2358 3316 gregale
2402 3253 2544 3306 mihi
2590 3255 2924 3318 Barnabam,
2967 3258 3017 3310 et
3061 3256 3302 3310 Paulum
3329 3257 3478 3326 (393)
3525 3258 3590 3312 in
3630 3271 3785 3327 Opus,

382 3341 668 3414 spiritalia
715 3359 832 3397 non
879 3343 1159 3408 viderent,
1193 3347 1251 3398 et
1292 3341 1630 3414 prophetiae
1682 3342 1752 3395 de
1797 3341 2026 3396 Christo

382 3431 742 3503 prmmissas,
764 3430 1035 3502 impletas
1064 3446 1191 3486 esse
1219 3447 1335 3484 non
1364 3431 1663 3485 crederent
1683 3430 1851 3500 (389).
1887 3435 2025 3484 Dor-

382 3536 514 3575 sum
537 3536 669 3574 vero
693 3519 881 3573 Judaei
913 3518 973 3573 in
999 3519 1202 3573 faciem
1225 3519 1451 3574 Christo
1472 3519 1779 3587 dederunt,
1805 3518 1942 3590 quia
1966 3519 2025 3572 in

380 3624 516 3662 eum
547 3608 779 3663 credere
809 3606 1108 3679 dedignati
1141 3612 1297 3662 sunt.
1332 3608 1389 3662 Si
1411 3601 1566 3680 ergo
1617 3609 1838 3663 dictum
1887 3613 1977 3663 est
2008 3624 2020 3663 :

379 3697 612 3753 Dorsum
653 3699 893 3768 ipsorum
935 3713 1145 3767 semper
1190 3696 1440 3763 incurva,
1477 3713 1541 3750 ac
1589 3697 1640 3751 si
1687 3697 1976 3752 diceretur
2010 3716 2023 3754 :

384 3784 458 3840 Ut
476 3801 781 3857 nunquam
804 3785 860 3839 in
887 3784 1119 3855 melius,
1145 3787 1243 3840 sed
1269 3801 1499 3856 semper
1521 3786 1576 3838 in
1601 3786 1767 3857 pejus
1790 3803 2025 3840 conver-

383 3878 606 3929 tantur.
627 3873 972 3929 Incurvatur
993 3873 1189 3944 itaque
1209 3874 1450 3928 dorsum
1473 3873 1727 3941 illorum,
1749 3879 1887 3945 quia
1910 3891 2025 3928 non

383 3961 663 4031 coelestia,
695 3963 795 4018 sed
843 3965 1074 4017 terrena
1119 3978 1351 4034 semper
1398 3962 1724 4034 acquirunt.
1778 3968 2025 4018 Dorsum

384 4050 600 4123 quippe
629 4051 952 4117 incurvare,
983 4055 1073 4106 est
1119 4067 1350 4122 semper
1396 4051 1670 4106 inferiora
1717 4052 2023 4123 respicere.

381 4138 594 4196 Volens
613 4139 793 4211 igitur
808 4140 1110 4194 ostendere
1129 4155 1328 4195 casum
1351 4139 1676 4195 inﬁdelium
1688 4141 2024 4197 Judaeorum

382 4245 753 4301 nequaquam
785 4245 1007 4299 vacare,
1040 4229 1256 4299 adjecit
1284 4227 1430 4299 (390)
1465 4247 1477 4284 :
1515 4231 1647 4283 Dico
1672 4245 1799 4297 ergo
1829 4247 1848 4282 :
1881 4231 2025 4284 Nun-

381 4318 512 4389 quid
530 4320 608 4372 sic
630 4317 992 4389 offenderunt,
1015 4325 1075 4372 ut
1093 4317 1348 4372 caderent
1367 4320 1392 4368 ?
1420 4315 1528 4370 Ubi
1551 4317 2023 4373 subaudiendum

379 4409 487 4470 est,
518 4405 868 4461 solummodo.
903 4405 969 4459 Et
999 4409 1086 4460 est
1116 4421 1327 4460 sensus
1361 4421 1373 4459 :
1421 4403 1610 4459 Nolite
1640 4405 1889 4475 gentiles
1920 4407 2022 4460 ad-

377 4507 581 4547 versus
608 4493 841 4548 Judaeos
873 4494 1020 4564 (391)
1068 4493 1367 4563 quoniam,
1402 4492 1510 4547 etsi
1541 4493 1926 4561 offenderunt,
1960 4499 2024 4549 ut

378 4581 672 4650 caderent,
699 4598 871 4637 casus
904 4587 1098 4638 tamen
1129 4581 1365 4637 illorum
1395 4599 1510 4637 non
1541 4587 1704 4637 vacat
1732 4600 1744 4636 :
1780 4581 1894 4639 illis
1927 4601 2020 4638 ca-
2051 4604 2100 4669 D

378 4669 673 4741 dentibus,
696 4670 860 4726 vobis
886 4672 1021 4726 data
1043 4676 1132 4726 est
1155 4671 1380 4726 occasio
1404 4671 1764 4742 resurgendi.
1787 4671 1948 4727 Unde
1967 4677 2024 4728 et

377 4759 650 4814 subditur
678 4775 690 4813 :
726 4759 826 4814 Sed
854 4761 1080 4814 illorum
1109 4761 1306 4815 delicto
1336 4762 1486 4814 salus
1514 4760 1784 4831 gentibus,
1811 4763 1869 4814 ut
1898 4761 2020 4815 illos

373 4848 723 4903 aemulentur.
749 4847 968 4903 Delicto
998 4865 1250 4919 namque
1280 4848 1640 4904 inﬁdelitatis
1661 4849 2019 4917 Judazorum,

377 4936 539 4992 salus
572 4937 723 4991 facta
752 4941 840 4991 est
871 4937 1166 5008 gentibus,
1194 4937 1466 5008 quoniam
1501 4936 1733 4992 illorum
1767 4936 2020 4992 inﬁdeli-

374 5029 514 5091 tate,
541 5025 815 5097 gentibus
847 5026 1072 5081 occasio
1104 5026 1377 5081 credendi
1409 5026 1543 5079 data
1574 5030 1680 5093 est,
1703 5030 1761 5079 et
1787 5025 2018 5080 sali/ate

375 5119 512 5150 anni

2135 3337 2275 3406 quod
2321 3339 2464 3406 elegi
2509 3356 2612 3395 eos.
2658 3342 2726 3395 Et
2775 3342 3060 3398 Dominus
3108 3344 3346 3398 Ananiae
3384 3362 3397 3400 :
3455 3345 3616 3416 Vade,
3652 3349 3789 3417 quia

2133 3441 2229 3480 vas
2277 3427 2555 3483 electionis
2596 3433 2672 3484 est
2719 3432 2881 3500 mihi,
2917 3435 2974 3486 ut
3014 3437 3197 3504 portet
3243 3449 3441 3489 nomen
3487 3450 3678 3490 meum
3726 3437 3787 3490 in

2133 3516 2381 3585 gentibus
2421 3517 2553 3586 (Act.
2600 3536 2675 3586 Ix,
2713 3519 2820 3590 15).

2206 3604 2504 3666 Quomodo
2528 3623 2662 3679 ergo
2686 3607 2793 3663 hoc
2815 3626 2989 3664 suum
3012 3610 3405 3665 ministerium
3429 3611 3785 3668 honoriﬁca-

2134 3692 2231 3747 bat
2250 3694 2276 3747 ‘I
2306 3694 2550 3760 Scilicet,
2578 3697 2715 3768 quia
2738 3715 2851 3752 non
2881 3697 3114 3754 illorum
3139 3704 3368 3754 tantum
3393 3717 3598 3757 curam
3620 3718 3786 3774 gere-

2135 3782 2252 3845 bat.
2278 3783 2334 3837 in
2372 3785 2585 3854 quibus
2610 3786 2937 3856 specialiter
2962 3787 3390 3858 praedicationis
3413 3790 3674 3845 ofﬁcium
3701 3808 3788 3846 ac-

2135 3878 2385 3943 ceperat,
2411 3875 2511 3929 sed
2538 3879 2594 3928 et
2613 3875 2830 3930 Judzeis
2862 3876 3148 3932 instanter
3173 3877 3552 3949 Evangelium
3581 3881 3788 3951 praedi-

2134 3959 2324 4016 cabat.

2203 4049 2318 4104 Cur
2344 4056 2539 4106 autem
2571 4052 2680 4107 hoc
2704 4053 2915 4108 faceret
2944 4053 3069 4125 ipse
3091 4055 3454 4123 manifestat,
3483 4073 3619 4112 cum
3651 4060 3789 4114 sub-

2125 4140 2325 4211 jungit
2352 4156 2364 4192 :
2390 4139 2453 4194 Si
2473 4141 2737 4211 quomodo
2765 4142 2839 4196 ad
2858 4143 3238 4198 mmulandum
3255 4160 3539 4214 provocem
3558 4163 3788 4202 carnem

2133 4245 2334 4282 meam.
2369 4228 2613 4284 Carnem
2645 4246 2834 4298 suam,
2870 4231 2927 4284 id
2961 4237 3069 4301 est,
3102 4231 3329 4303 plebem
3357 4234 3693 4303 Judaicam,
3718 4251 3790 4290 ex

2111 4333 2248 4386 «qua
2269 4317 2461 4372 carnis
2487 4317 2770 4390 originem
2793 4320 3068 4392 sumpsit,
3093 4321 3164 4376 ad
3186 4319 3582 4378 aemulandum
3616 4339 3702 4389 se,
3724 4324 3789 4380 id

2131 4408 2239 4468 est,
2272 4405 2625 4461 imitandum
2659 4423 2969 4478 provocare
2997 4408 3223 4465 volebat
3255 4427 3267 4464 :
3319 4414 3402 4478 ut,
3439 4410 3595 4467 sicut
3633 4411 3786 4484 ipse,

2129 4491 2208 4548 ita
2236 4498 2292 4548 et
2325 4493 2422 4549 illa
2453 4495 2729 4561 crederet,
2761 4501 2819 4552 et
2849 4496 3189 4554 salvaretur.
3225 4500 3295 4554 Et
3324 4498 3433 4554 hoc
3477 4504 3590 4569 est,
3625 4501 3785 4572 quod

2132 4581 2396 4650 sequitur
2428 4601 2440 4637 :
2501 4584 2563 4639 Ut
2604 4584 2788 4639 salvos
2816 4585 3021 4655 faciam
3051 4586 3260 4657 aliquos
3290 4603 3360 4640 ea:
3389 4587 3526 4641 illis.

2202 4669 2289 4735 Et,
2313 4674 2377 4724 ut
2409 4675 2603 4726 tamen
2627 4673 2898 4743 probaret
2919 4690 3033 4728 non
3059 4690 3264 4729 vacare
3290 4691 3492 4730 casum
3518 4674 3784 4742 illorum,

2128 4760 2388 4830 adjecit:
2448 4759 2511 4813 Si
2559 4763 2708 4815 enim
2757 4763 2981 4817 amissio
3029 4777 3239 4830 eorum,
3272 4763 3656 4820 reconciliatio
3706 4772 3791 4821 est

2128 4847 2340 4916 mundi,
2375 4864 2498 4918 quae
2525 4853 2845 4920 assumptio,
2878 4851 2994 4906 nisi
3023 4852 3134 4904 vita
3172 4868 3240 4904 ea:
3283 4853 3558 4907 mortuis?
3584 4853 3784 4907 Amis-

2130 4935 2352 4990 sionem
2373 4937 2706 4992 Judmorum
2738 4938 3122 5009 perditionem
3148 4945 3328 5008 vocat,
3353 4957 3479 5011 quae
3512 4942 3668 4995 facta
3691 4945 3784 4996 est

2129 5041 2231 5096 per
2252 5025 2672 5092 inﬁdelitatem,
2691 5043 2816 5097 quae
2840 5027 3230 5083 reconciliatio
3257 5029 3461 5083 mundi
3491 5029 3622 5096 fuit,
3643 5047 3784 5100 quo-

2126 5112 2280 5150 niam
2309 5114 2419 5150 ἶῖιῖο
2453 5114 2506 5150 in
2534 5114 2873 5150 ἶηίῖτῖοἶῖξοῦο
2897 5116 3372 5150 τπηνιηπτιηρηθῖικνιο
3414 5118 3673 5150 Μιῒηλιισ
3722 5117 3776 5150 ἶᾹ
