3998 5278
176 232 287 295 353

767 233 1185 296 EXPOSITIO
1228 234 1307 297 IN
1351 232 1779 297 EPISTOLAS
1824 232 2061 295 PAULI
2092 265 2171 279 -—
2199 233 2278 297 IN
2326 233 2577 298 EPIST.
2622 234 2726 296 AD
2777 233 2971 297 ROM.

3460 236 3579 297 254

172 364 555 439 praevenientes
586 340 1068 437 (subintelligitur
1100 367 1256 423 enim
1300 367 1416 433 hic,
1463 365 1615 422 sicut
1642 372 1698 423 et
1727 366 1822 421 in-
1851 367 1906 433 Α
1934 382 2067 421 vero
2099 367 2347 439 speciale
2378 368 2770 437 commendat,
2823 366 2977 439 quod
3027 365 3335 439 pracipuis
3363 366 3560 426 Christ

178 454 475 526 superiori,
495 455 717 523 estote).
741 458 932 509 Monet
954 472 1089 527 ergo
1116 472 1219 510 nos
1244 456 1549 527 Apostolus
1574 456 1818 511 invicem

178 543 483 618 praevenire
503 543 827 599 dilectionis
848 545 1159 613 honore,ut
1175 546 1548 601 fraternitatis
1565 545 1819 601 Charitas

177 634 231 688 in
265 631 429 687 nobis
463 632 650 703 magis
681 636 1083 689 confirmetur.

243 722 344 777 Sed
382 720 521 792 quid
556 720 667 775 sibi
698 721 842 790 vult,
897 724 1050 794 quod
1084 724 1395 779 subditur:
1437 723 1820 779 Sollicitudine

174 826 279 865 non
303 810 469 880 pigri,
502 825 633 863 cum
668 812 943 881 superius
967 812 1209 867 dixerit:
1242 814 1583 884 Quipra’est,
1619 816 1680 867 in
1709 814 1815 868 sol-

179 898 459 954 licitudine
484 900 679 969 praesit
704 904 728 951 γ
759 900 1001 955 Videtur
1033 901 1190 955 enim
1215 902 1303 956 bis
1327 901 1383 955 id
1407 918 1535 957 esse
1568 902 1812 957 dictum.

174 989 584 1042 Verumtamen
624 988 949 1057 sciendum,
1004 991 1142 1061 quia
1184 991 1455 1062 superius
1502 992 1816 1062 specialem

172 1077 435 1149 praecepit
463 1076 943 1143 sollicitudinem,
992 1096 1167 1149 quam
1223 1080 1329 1135 soli
1364 1080 1574 1135 debent
1606 1082 1818 1136 habere

173 1164 419 1238 pralati;
455 1165 550 1219 hic
581 1182 713 1220 vero
762 1168 1115 1237 generalem,
1168 1185 1344 1239 quam
1379 1185 1584 1224 omnes
1616 1170 1816 1224 fideles

173 1257 383 1325 oportet
418 1253 632 1309 habere
662 1255 903 1326 scilicet,
933 1261 997 1311 ut
1047 1256 1283 1312 solliciti
1323 1257 1539 1311 diaboli
1572 1257 1815 1313 insidias

172 1343 337 1397 vitent
368 1343 541 1414 (415).
578 1343 789 1398 Fidelis
822 1345 981 1399 enim
1013 1346 1266 1417 quisque
1302 1344 1520 1401 animal
1552 1346 1651 1401 Dei
1682 1350 1772 1401 est
1799 1364 1811 1401 :

174 1429 375 1484 animal
412 1435 605 1486 autem
640 1430 737 1486 Dei
769 1431 1065 1488 oculatum
1099 1450 1227 1489 esse
1256 1434 1441 1499 decet,
1474 1438 1538 1487 ut
1572 1435 1816 1489 circum-

173 1535 391 1590 quaque
424 1519 762 1592 prospiciat,
793 1538 865 1575 ne
896 1520 1125 1575 diabolo
1147 1522 1429 1593 capiatur.
1465 1526 1626 1577 Hanc
1658 1523 1815 1578 solli-

174 1607 481 1663 citudinem
508 1608 715 1663 beatus
740 1609 944 1664 Petrus
969 1609 1268 1681 apostolus
1290 1610 1477 1678 docet,
1502 1610 1810 1682 inquiens:

171 1697 395 1753 Solliciti
429 1700 610 1763 estote,
642 1701 693 1753 et
721 1700 953 1768 vigilate
986 1699 1154 1769 (416),
1189 1703 1296 1754 etc.

228 1788 441 1857 Spiritu
468 1789 759 1857 ferventes,
809 1788 1036 1844 Domino
1078 1790 1374 1844 servientes
1419 1789 1813 1861 (subauditur,

171 1876 369 1945 estote).
428 1875 648 1946 Spiritu
708 1876 990 1932 ferventes
1050 1894 1176 1933 esse
1236 1881 1531 1946 monetur,
1591 1882 1654 1932 ut
1686 1878 1819 1949 igne

173 1963 458 2020 charitatis
490 1964 740 2032 accensi,
793 1982 860 2020 ea
901 1981 1072 2038 agere
1120 1966 1488 2033 studeamus,
1543 1982 1667 2037 quae
1701 1967 1817 2022 Deo

178 2053 444 2125 placeant,
477 2071 548 2109 ne
581 2054 725 2109 forte
756 2054 985 2109 dicatur
1018 2056 1208 2123 nobis,
1257 2056 1409 2126 quod
1443 2054 1728 2111 Dominus
1760 2057 1818 2111 in

184 2142 507 2215 Apocalypsi
544 2143 825 2198 Laodicia:
877 2144 1025 2215 (417)
1058 2144 1326 2199 Ecclesiae
1377 2144 1582 2216 angelo
1639 2146 1815 2200 dicit:

184 2231 374 2286 Utinam
414 2248 556 2287 esses
604 2232 836 2299 calidus,
891 2235 985 2287 aut
1032 2233 1307 2304 frigidus:
1364 2234 1455 2288 sed
1504 2235 1633 2306 quia
1682 2236 1820 2305 tepi-

175 2318 259 2374 dus
310 2338 386 2389 es,
429 2323 693 2393 incipiam
744 2330 792 2377 te
822 2338 1070 2378 evomere
1115 2339 1189 2378 ex
1236 2339 1333 2377 ore
1361 2339 1479 2378 meo
1512 2324 1697 2395 (Apoc.
1733 2340 1820 2391 in,

182 2409 255 2474 15,
289 2411 401 2481 16).

192 2490 197 2495 ⁷
238 2498 345 2554 Sed
375 2499 520 2569 quid
548 2499 657 2554 sibi
678 2500 820 2567 vult,
850 2501 1005 2573 quod
1029 2517 1135 2556 nos
1158 2500 1251 2556 hic
1274 2500 1604 2573 specialiter
1624 2503 1822 2557 admo-

174 2592 264 2641 net
295 2605 429 2643 esse
463 2590 567 2643 Deo
594 2591 885 2645 servientes
904 2594 928 2642 ἱ)
959 2589 1052 2644 Sic
1096 2590 1249 2645 enim
1292 2591 1469 2645 verba
1500 2608 1705 2646 sonare
1735 2592 1818 2646 vi-

172 2675 403 2745 dentur,
437 2678 603 2748 quasi
636 2678 733 2749 qui
775 2695 842 2733 ea
890 2678 1043 2748 facit,
1095 2696 1222 2750 quae
1274 2680 1543 2748 superius
1575 2681 1819 2747 dixerat,

167 2780 280 2818 non
317 2766 533 2820 serviat
562 2766 699 2821 Deo.
728 2769 1000 2822 Attamen
1028 2768 1331 2821 sciendum
1367 2767 1506 2837 quia
1552 2768 1687 2821 licet
1718 2769 1818 2837 qui

162 2853 558 2923 praecedentia
601 2854 821 2907 faciunt
862 2854 978 2908 Deo
1028 2856 1303 2917 serviant,
1355 2854 1465 2909 hoc
1494 2854 1824 2923 specialiter

155 2939 487 3011 Apostolus
504 2942 913 2996 commendare
937 2941 1138 3008 voluit,
1162 2944 1269 2997 hoc
1291 2942 1627 3008 admonere,
1652 2942 1821 3013 quid-

157 3028 307 3100 quid
328 3027 583 3100 agimus,
604 3034 841 3101 pr0pter
858 3029 1089 3085 nullum
1109 3034 1401 3085 terrenum
1422 3033 1820 3099 commodum,

158 3117 261 3174 sed
298 3122 542 3188 prepter
569 3118 671 3174 Dei
723 3122 955 3174 tantum
1004 3119 1343 3175 servitutem
1373 3120 1725 3191 faciendum,
1759 3122 1815 3177 id

159 3210 268 3273 est,
306 3210 372 3260 ut
403 3204 486 3260 illi
520 3205 748 3278 placere
784 3207 1103 3278 possimus.

231 3296 336 3367 Spe
394 3295 707 3366 gaudentes.
760 3295 849 3350 Illi
899 3313 1000 3368 spe
1047 3298 1320 3368 gaudent,
1378 3298 1476 3369 qui
1534 3300 1816 3371 gaudium

164 3388 393 3440 cateruae
426 3384 808 3441 beatitudinis
854 3385 935 3440 ita
980 3385 1200 3441 habent
1238 3387 1295 3440 in
1346 3404 1469 3457 spe,
1498 3388 1665 3458 quasi
1689 3389 1816 3459 jam

165 3473 424 3528 habeant
446 3472 506 3527 in
531 3489 611 3529 re.
637 3474 849 3530 Etideo
872 3474 1159 3546 quidquid
1183 3476 1406 3531 adversi
1432 3477 1737 3547 patiuntur
1756 3478 1815 3532 in

166 3562 270 3617 hoc
302 3561 538 3629 smculo,
584 3564 870 3634 patienter
908 3564 1120 3617 ferunt.
1158 3565 1226 3617 Et
1273 3564 1344 3618 ob
1373 3565 1481 3619 hoc
1513 3566 1817 3636 subjunxit

169 3650 482 3721 Apostolus
509 3669 521 3707 :
554 3654 615 3707 In
648 3652 1014 3707 tribulatione
1039 3654 1323 3723 patientis.
1357 3653 1501 3708 Hinc
1532 3654 1811 3711 Jacobus:

172 3739 337 3796 Omne
361 3740 632 3809 gaudium
671 3742 976 3806 exstimate,
1008 3742 1209 3810 fratres
1251 3757 1376 3795 cum
1406 3744 1465 3795 in
1497 3745 1816 3798 tentationes

168 3832 345 3885 varias
367 3830 676 3885 incideritis
710 3830 849 3900 (Jac.
881 3848 921 3896 1,
952 3831 1029 3900 2).

234 3920 439 3991 Igitur,
469 3919 605 3990 quia
626 3918 747 3973 haec
770 3935 939 3973 nemo
963 3918 1241 3988 consequi
1266 3923 1473 3990 potest,
1502 3919 1612 3975 nisi
1640 3920 1817 3975 conti-

169 4024 278 4064 nua
309 4008 593 4073 oratione,
628 4007 967 4078 subjunxit;
995 4008 1247 4063 Orationi
1276 4010 1544 4064 instantes
1574 4010 1815 4081 (subau-

171 4097 339 4165 ditur,
371 4100 600 4164 estote).
630 4097 699 4151 Et
720 4102 874 4151 nota.
900 4096 1039 4167 quia
1060 4114 1174 4152 non
1198 4097 1278 4152 ait
1300 4102 1550 4169 tantum,
1584 4104 1815 4155 orantes

172 4187 332 4259 (418),
382 4187 754 4253 sed,oratio~ni
798 4189 1081 4241 instantes.
1107 4188 1231 4242 Non
1287 4189 1441 4243 enim
1496 4188 1713 4244 sufficit
1743 4191 1813 4245 ad

174 4280 397 4349 tempus
421 4275 615 4331 solum
644 4292 829 4341 orare,
855 4274 967 4330 nisi
991 4280 1047 4330 et
1070 4278 1342 4331 continue
1364 4294 1617 4331 oremus.
1653 4278 1815 4335 Unde

174 4363 226 4419 in
255 4365 564 4437 Evangelio
598 4364 882 4420 Dominus
912 4364 1090 4420 dicit:
1118 4365 1345 4421 Orantes
1376 4368 1528 4421 omni
1557 4375 1811 4438 tempore,

1929 456 2211 511 membris
2242 462 2327 512 est
2352 458 2769 514 exhibendum.

1998 564 2596 619 Animadvertendum
2645 581 2779 619 vero
2830 567 2938 632 est,
2991 580 3105 634 quo
3148 562 3324 617 verbo
3383 567 3581 620 utatur

1925 652 2276 723 Apostolus;
2310 652 2387 707 ait
2417 654 2573 707 enim
2599 670 2612 707 :
2647 653 3071 709 Necessitatibus
3094 654 3408 707 sanctorum
3436 669 3581 708 com-

1927 744 2292 808 municantes,
2324 742 2378 796 id
2404 746 2510 809 est,
2545 742 2961 814 participantes
2988 762 3001 810 ς
3037 758 3101 797 ac
3132 741 3182 797 si
3204 748 3400 813 aperte
3425 742 3579 798 dice-

1928 837 2047 886 ret:
2085 831 2184 898 Ea,
2218 848 2345 902 qua:
2392 838 2585 888 vestra
2615 838 2779 899 sunt,
2831 850 2946 888 non
2990 836 3271 904 tanquam
3303 834 3495 887 vestra
3525 836 3581 887 et

1928 922 2180 991 propria,
2210 922 2310 976 sed
2344 926 2627 991 tanquam
2681 921 2871 976 aliena
2912 926 2969 976 et
2999 920 3337 976 communia
3368 920 3579 975 Condi-

1926 1010 2071 1064 toris
2124 1011 2277 1066 dona
2326 1010 2607 1066 membris
2653 1010 2865 1065 Christi
2920 1009 3226 1081 pracipuis
3280 1009 3580 1081 impertire

1926 1100 2097 1169 (419).

1996 1190 2431 1258 Hospitalitatem
2468 1193 2762 1243 sectantes.
2811 1188 2959 1242 Nota
2990 1188 3130 1258 quia
3161 1204 3274 1242 non
3308 1188 3580 1259 praecepit

1926 1273 2243 1346 hospitales
2264 1278 2518 1342 esse,sed
2536 1276 2995 1348 hospitalitatem
3016 1275 3247 1331 sectari.
3262 1276 3579 1347 Hospitalis

1926 1364 2143 1435 quippe
2174 1370 2281 1431 est,
2317 1364 2415 1436 qui
2458 1366 2753 1420 venientes
2785 1368 2856 1420 ad
2909 1382 2969 1421 se
2999 1365 3261 1437 hospites
3292 1363 3579 1435 suscipit;

1924 1451 2382 1523 hospitalitatem
2404 1457 2678 1521 sectatur,
2695 1455 2796 1525 qui
2810 1453 2999 1524 villas,
3018 1457 3075 1509 et
3087 1453 3307 1526 plateas
3326 1451 3583 1511 civitatis

1925 1542 2150 1611 circuit,
2175 1560 2245 1597 ne
2267 1543 2413 1597 forte
2430 1542 2643 1615 aliquis
2661 1558 2988 1615 pauperum
3013 1544 3137 1598 sine
3152 1547 3302 1599 tecto
3321 1545 3578 1609 maneat,

1923 1630 2010 1685 vel
2042 1630 2220 1686 ullam
2252 1631 2579 1688 molestiam
2616 1634 2901 1704 patiatur.

1842 1738 1891 1803 B
1993 1738 2298 1794 Benedicite
2326 1740 2771 1810 persequentibus
2805 1755 2912 1795 vos.
2947 1739 3017 1812 Et
3048 1743 3139 1795 est
3168 1753 3377 1795 sensus
3408 1754 3421 1792 :
3447 1737 3579 1793 Jam

1928 1826 2183 1881 innovati
2201 1826 2362 1894 estis,
2372 1828 2498 1897 jam
2517 1827 2644 1881 novi
2664 1826 2920 1882 hominis
2933 1831 3172 1899 gustum
3192 1826 3577 1899 percepistiis,

1928 1916 2173 1986 ideoque
2222 1916 2487 1971 maledici
2536 1932 2663 1971 esse
2710 1933 2827 1971 non
2879 1916 3138 1971 debetis:
3176 1932 3309 1970 nam
3361 1932 3429 1969 ex
3459 1931 3577 1981 ore,

1929 2019 2044 2073 quo
2079 2003 2337 2073 procedit
2368 2003 2713 2072 benedictio,
2760 2002 3088 2059 maledictio
3121 2003 3428 2074 procedere
3462 2020 3577 2058 non

1928 2091 2121 2155 debet,
2156 2090 2306 2145 sicut
2334 2091 2487 2146 enim
2535 2092 2790 2146 Jacobus
2842 2092 2984 2146 dicit
3032 2092 3173 2163 (Jac.
3208 2108 3293 2159 111,
3328 2091 3414 2162 11)
3450 2108 3462 2158 ;
3498 2091 3580 2146 Ex

1931 2196 2046 2234 uno
2091 2180 2246 2235 fonte
2294 2180 2500 2248 dulcis,
2552 2185 2609 2235 et
2655 2196 2857 2235 amara
2907 2197 3061 2252 aqua
3111 2180 3421 2251 procedere
3461 2196 3577 2235 non

1930 2273 2144 2340 potest.

1999 2374 2307 2431 Benedicitc
2334 2383 2384 2430 et
2420 2377 2596 2431 nolite
2649 2376 2992 2431 maledicere.
3036 2374 3145 2429 Sed
3197 2374 3577 2446 quaerendum

1931 2482 2109 2536 quare
2141 2465 2460 2534 subjungat
2504 2464 2817 2537 Apostolus
2844 2482 2855 2519 :
2882 2462 3134 2519 Gundere
3177 2479 3303 2517 cum
3331 2461 3576 2530 gauden-

1930 2555 2079 2609 tibus
2104 2552 2398 2623 !Nunquid
2413 2554 2789 2624 gaudendum
2804 2560 2889 2609 est
2905 2570 3036 2607 cum
3063 2552 3177 2618 his,
3201 2551 3297 2620 qui
3317 2551 3387 2605 de
3408 2549 3578 2606 bonis

1928 2642 2373 2714 temporalibus,
2387 2642 2524 2696 etde
2538 2647 2723 2697 morte
2740 2659 2978 2697 suorum
2994 2638 3580 2695 inimicorumlaetan-

1928 2734 2025 2784 tur
2044 2732 2070 2783 ‘2
2086 2730 2268 2785 Absit.
2287 2730 2396 2785 Sed
2417 2731 2744 2798 sciendum,
2760 2731 2899 2801 quia
2911 2735 2998 2785 est
3014 2729 3296 2802 gaudium
3320 2727 3575 2796 carnale,

1930 2821 1999 2872 de
2026 2836 2139 2888 quo
2176 2819 2455 2874 Dominus
2497 2819 2673 2875 dicit:
2733 2822 2812 2875 Vae
2865 2820 3035 2885 vobis,
3068 2820 3165 2889 qui
3194 2818 3391 2873 ridetis
3422 2818 3576 2888 (Luc.

1929 2922 2005 2971 vr,
2036 2908 2125 2975 25)
2153 2922 2165 2958 :
2196 2911 2284 2960 est
2314 2910 2372 2961 et
2402 2907 2681 2976 spiritale,
2714 2908 2785 2961 de
2830 2924 2943 2977 quo
2976 2907 3112 2962 alibi
3145 2908 3298 2963 idem
3329 2909 3579 2978 Aposto-

1928 2993 2021 3049 lus
2052 3012 2063 3049 :
2094 2994 2327 3048 Gaudete
2358 2996 2417 3047 in
2438 2997 2663 3049 Domino
2691 3011 2903 3065 semper
2931 2996 3197 3066 (Philipp.
3224 3012 3308 3060 III,
3336 2995 3408 3066 1).
3432 2998 3575 3051 Cum

1850 3105 1891 3171 ρ
1931 3082 2047 3137 illis
2078 3098 2214 3153 ergo
2246 3082 2622 3154 gaudendum
2655 3086 2760 3149 est,
2796 3082 2895 3154 qui
2927 3082 3187 3171 debonis
3214 3082 3577 3155 spiritalibus

1929 3172 2206 3243 gaudent,
2240 3176 2295 3225 et
2326 3172 2396 3226 ad
2428 3172 2534 3227 hoc
2584 3171 2869 3240 laborant,
2922 3176 2987 3226 ut
3036 3170 3274 3227 nomina
3313 3171 3577 3242 ipsorum

1927 3260 2260 3314 scribantur
2290 3259 2348 3315 in
2383 3260 2544 3327 ccelo,
2582 3260 2796 3331 quibus
2826 3265 2882 3316 et
2913 3259 3197 3315 Dominus
3227 3259 3405 3327 dicit;
3440 3259 3577 3316 Gau-

1924 3347 2061 3412 dete,
2094 3352 2148 3402 et
2179 3350 2466 3415 exsultate,
2500 3351 2632 3419 quia
2661 3351 2889 3404 nomina
2918 3358 3094 3405 vestra
3121 3350 3327 3420 scripta
3354 3357 3483 3404 sunt
3513 3350 3575 3404 in

1923 3436 2055 3491 caelo
2092 3437 2283 3508 (Lucx,
2318 3440 2431 3507 20).

1995 3545 2149 3599 Flere
2197 3560 2322 3599 cum
2376 3545 2631 3613 ﬂentibus
2690 3545 3089 3615 (subauditur,
3137 3546 3401 3617 oportet).
3462 3545 3573 3600 Sed

1924 3632 2193 3704 nunquid
2214 3649 2346 3686 cum
2362 3632 2455 3689 his
2469 3634 2727 3689 flendum
2741 3638 2850 3700 est,
2865 3635 2963 3707 qui
2980 3631 3574 3705 damnatemporalia,

1925 3727 2025 3776 aut
2055 3726 2299 3775 mortem
2334 3723 2795 3793 propinquorum
2821 3724 3082 3779 deflent?
3112 3724 3237 3778 Non
3265 3742 3278 3791 ;
3304 3723 3404 3779 sed
3432 3739 3574 3778 cura

1923 3809 2015 3862 his
2048 3810 2168 3879 qui,
2228 3809 2313 3864 vel
2366 3827 2491 3877 sua,
2540 3810 2627 3864 vel
2677 3812 2926 3866 aliorum
2978 3812 3193 3867 deﬂent
3230 3815 3483 3883 peccata,
3518 3816 3576 3867 et

1923 3914 2117 3953 moras
2147 3897 2474 3953 Conditoris
2513 3899 2901 3954 diti'eruntur:
2952 3899 3141 3971 qualis
3173 3906 3297 3955 erat
3322 3900 3439 3969 ille,
3473 3900 3573 3970 qui

1925 3987 2191 4043 dicebat:
2230 3987 2437 4041 Lavabo
2478 4003 2580 4058 per
2626 3988 2876 4057 singulas
2921 3996 3098 4043 noctes
3138 3989 3337 4043 lectum
3364 4003 3569 4058 meum,

1925 4078 2185 4147 lacrymis
2216 4080 2451 4132 stratum
2481 4094 2663 4132 meum
2693 4078 2879 4148 rigabo
2908 4077 3079 4149 (Psal.
3115 4094 3191 4143 v1,
3221 4077 3299 4148 7).

1993 4184 2053 4239 Id
2080 4186 2255 4256 ipsum
2283 4186 2515 4239 invicem
2559 4186 2855 4240 sentientes
2903 4184 3298 4256 (subauditur,
3339 4182 3567 4254 estote).

1922 4277 2002 4330 Ac
2031 4274 2079 4329 si
2113 4279 2307 4346 aperte
2359 4274 2611 4329 diceret:
2652 4273 2839 4329 Nolite
2890 4272 3241 4329 dissidentes
3284 4287 3435 4341 esse,
3467 4274 3569 4329 sed

1924 4380 2050 4434 quae
2083 4364 2152 4418 de
2181 4362 2365 4428 vobis,
2397 4364 2596 4419 eadem
2630 4363 2839 4417 sentite
2870 4363 2942 4417 de
2974 4361 3268 4417 fratribus.
3302 4363 3418 4417 Non
3453 4364 3571 4417 alta

177 4459 229 4509 ut
254 4456 410 4524 digni
459 4454 779 4510 habeamini
807 4456 962 4525 (Luc.
1022 4470 1135 4521 xxx,
1181 4456 1292 4526 36),
1344 4459 1454 4509 etc.
1503 4455 1647 4512 Hinc
1678 4457 1816 4513 alibi
1847 4472 1893 4535 D
1923 4455 2193 4523 sapientes
2218 4452 2610 4522 (subauditur,
2634 4451 3020 4523 sitis).Altum
3040 4467 3241 4522 sapere
3260 4455 3347 4506 est
3369 4467 3571 4522 super-

178 4541 318 4600 idem
349 4544 700 4618 Apostolus:
758 4543 888 4599 Sine
935 4545 1343 4600 intermissione
1387 4552 1535 4601 orate
1566 4546 1610 4618 (Ι
1644 4545 1811 4602 Thess.

178 4647 228 4699 v,
256 4635 360 4705 17).

242 4723 663 4779 Necessitatibus
734 4726 1047 4778 sanctorum
1110 4724 1593 4780 communicantes.
1653 4725 1814 4788 Quie-

184 4812 415 4867 rendum
450 4816 538 4868 est
569 4829 672 4867 cur
691 4812 801 4866 hoc
822 4811 1138 4883 Apostolus
1158 4812 1516 4886 praaceperit,
1548 4830 1680 4869 cum
1713 4832 1813 4871 su-

188 4900 367 4968 perius
400 4902 642 4957 dixerit:
678 4900 785 4965 Qui
819 4901 1041 4971 tribuit,
1064 4902 1124 4959 in
1148 4901 1525 4973 simplicitate
1554 4903 1811 4977 tribuatI;

185 4988 400 5046 videtur
425 4992 576 5046 enim
610 5006 797 5046 unum
828 5005 972 5045 esse.
1006 4992 1078 5046 At
1115 4992 1445 5059 sciendum,
1478 4992 1615 5064 quia
1640 5009 1813 5066 supe-

186 5077 293 5134 rius
321 5081 578 5153 generale
599 5096 751 5153 opus
779 5077 1186 5139 misericordiae
1220 5082 1686 5139 commendavit:
1716 5083 1811 5139 hic

414 5240 470 5278 Tn
503 5244 679 5278 animo
733 5253 898 5278 mura
950 5239 1171 5278 laturo]:
1208 5243 1488 5278 Ἰοηνιῇιιιη
1511 5242 1603 5278 hin
1635 5245 1805 5278 πέπεικα

1925 4542 2077 4599 bire:
2115 4541 2235 4596 haec
2264 4540 2419 4596 euim
2452 4540 2743 4597 sententia
2770 4539 2903 4595 illos
2948 4540 3287 4613 spiritaliter
3315 4539 3571 4609 respicit,

1926 4633 2028 4703 qui
2058 4632 2129 4686 de
2161 4629 2283 4686 suis
2315 4630 2561 4698 meritis,
2587 4634 2644 4687 et
2663 4630 3003 4685 Judacorum
3024 4628 3348 4699 abjectione
3368 4626 3579 4697 gloria-

2118 4737 2163 4773 Γ.

2118 4737 2163 4773 r.

1925 4720 2108 4868 ΜαξΣὲ
2134 4806 2438 4863 humilibus
2471 4807 2886 4865 consentientes.
2941 4803 3203 4863 Humiles
3232 4801 3364 4856 illos
3392 4805 3581 4870 vocat,

1926 4901 1997 4957 de
2028 4898 2243 4973 quibus
2276 4897 2571 4956 Dominus
2601 4898 2660 4952 in
2693 4896 3007 4966 Evangelio
3056 4891 3232 4946 dicit:
3260 4889 3412 4943 Beati
3435 4903 3586 4958 pau-

1923 5007 2079 5059 peres
2109 4989 2312 5060 spiritu
2352 4987 2569 5057 (Matth.
2612 5005 2666 5055 v,
2715 4986 2790 5056 3),
2846 4983 2903 5039 id
2955 4987 3065 5047 est,
3110 4976 3361 5032 humiles
3391 4977 3587 5033 corde.

1922 5080 2025 5139 His
2057 5095 2165 5136 nos
2198 5077 2529 5149 Apostolus
2576 5071 3011 5136 consentientes
3041 5082 3167 5124 esse
3206 5066 3498 5133 admonet,
3529 5066 3593 5122 id

1920 5243 2218 5278 αηθηιΙοιηΙο(
