3998 5278
331 243 448 304 155

1338 245 1681 309 ATTONIS
1725 245 2308 309 VERCELLENSIS
2357 245 2713 308 EPISCOPI

3619 244 3732 305 256

334 380 440 445 est,
472 376 539 430 ut
565 373 625 430 in
685 374 993 449 colloquio,
1056 376 1411 445 affabilitate,
1471 384 1529 435 et
1580 395 1889 444 consensu,
1918 381 1975 434 et
2005 380 2056 444 Α
2158 378 2473 451 Sequitur:
2503 377 2563 433 Si
2591 379 2717 449 ﬁeri
2757 381 2949 449 potest,
3003 376 3143 449 quod
3193 392 3266 433 ex
3292 376 3445 432 vobis
3479 379 3581 447 est,
3615 394 3736 432 cum

331 464 389 519 in
417 465 711 535 omnibus,
745 467 962 537 quibus
994 468 1276 541 indigent,
1301 469 1697 524 subveniendo
1729 486 1970 524 consen-

332 552 571 609 tiamus.

404 644 607 714 Igitur,
643 647 708 698 ut
752 645 1085 699 ostenderet
1127 645 1265 716 quid
1298 652 1451 703 esset
1498 647 1615 702 alta
1663 664 1883 718 sapere,
1918 651 1976 703 et

334 734 624 803 quomodo
658 733 981 788 humilibus
1004 735 1329 790 consentire
1360 737 1698 803 debeamus,
1729 736 1972 805 subjun-

334 822 417 875 xit
439 839 450 875 :
476 823 653 877 Nolite
674 838 792 877 esse
806 823 1099 893 prudentes
1118 827 1268 894 apud
1290 828 1657 897 vosmetipsos:
1682 842 1797 896 quo
1820 826 1974 879 dicto

333 911 590 966 ostendit
618 928 744 966 esse
774 912 1092 981 prudentes
1124 914 1276 984 apud
1327 915 1691 983 semetipsos,
1728 914 1825 984 qui
1860 913 1977 968 alta

336 999 591 1069 sapiunt.
626 1002 692 1054 Et
724 1005 878 1064 nota,
914 1001 1050 1071 quia
1090 1019 1203 1057 non
1254 1004 1335 1057 ait
1364 1007 1625 1058 tantum:
1663 1005 1838 1058 Nolite
1867 1018 1979 1057 esse

333 1088 647 1157 prudentes,
680 1106 752 1143 ne
781 1090 1140 1145 contrarium
1172 1091 1465 1146 videretur
1495 1092 1719 1146 Domini
1750 1096 1976 1147 senten-

333 1178 447 1244 tiae,
482 1178 582 1248 qui
628 1177 748 1233 ait:
798 1182 976 1235 Estote
1020 1181 1313 1251 prudentes
1337 1198 1355 1239 ;
1404 1182 1505 1236 sed
1544 1182 1792 1251 abjecit:
1827 1180 1978 1250 Apud

334 1270 681 1338 vosmetipsos
707 1269 909 1337 (Matth.
940 1287 993 1335 x,
1028 1271 1134 1340 16).
1189 1271 1357 1341 Apud
1398 1270 1617 1341 seipsos
1664 1271 1976 1341 prudentes

337 1361 493 1425 sunt,
524 1356 624 1426 qui
656 1374 716 1413 se
742 1375 845 1429 pro
898 1375 1005 1414 sua
1034 1359 1343 1430 prudentia
1375 1360 1622 1430 jactant,
1659 1359 1757 1431 qui
1806 1376 1975 1413 suam

334 1445 812 1517 imprudentiam,
849 1448 1016 1517 quasi
1066 1465 1359 1503 summam
1393 1449 1762 1519 prudentiam
1794 1449 1976 1519 depu-

332 1538 488 1601 tant;
506 1535 604 1606 qui
619 1537 689 1591 de
704 1537 925 1591 meritis
939 1537 1508 1606 prazsumunt,alioru
1520 1553 1691 1608 mque
1705 1537 1977 1607 abjectio-

334 1640 407 1678 ne
420 1624 775 1694 gloriantur:
791 1625 874 1679 illi
888 1625 1281 1697 videlicet,qui
1298 1626 1492 1682 carnis
1504 1643 1604 1699 seq
1616 1644 1688 1681 uu
1699 1630 1834 1681 ntur
1847 1643 1979 1697 pru-

337 1713 619 1780 dentiam,
651 1714 722 1767 de
754 1730 871 1785 qua
893 1714 1163 1785 superius
1185 1715 1264 1769 ait
1291 1714 1639 1785 Apostolus:
1672 1714 1979 1770 Prudentia
2009 1753 2055 1816 B

334 1803 523 1857 carnis
550 1817 700 1856 mors
729 1806 805 1856 est
859 1804 1029 1858 (Rom.
1074 1821 1195 1871 vm,
1243 1805 1317 1876 6),
1371 1804 1425 1858 id
1469 1810 1575 1871 est,
1610 1804 1707 1876 qui
1743 1804 1977 1860 inimico

334 1890 517 1945 vicem
549 1892 821 1958 reddunt,
846 1891 1211 1946 maledicenti
1238 1908 1297 1947 se
1321 1892 1710 1959 maledicunt;
1737 1892 1980 1963 ideoque

337 1979 677 2049 subjunxit:
729 1981 910 2035 Nulli’
964 1982 1176 2035 malum
1226 1998 1327 2051 pro
1382 1982 1529 2036 malo
1578 1981 1871 2036 recidentes.
1922 1981 1978 2034 Si

335 2067 489 2124 enim
522 2067 743 2121 malum
777 2074 866 2123 est
900 2068 1117 2122 malum
1148 2068 1319 2123 alicui
1352 2069 1583 2136 inferre,
1616 2069 1978 2139 incompara-

337 2156 530 2211 biliter
562 2158 754 2226 majus
785 2162 873 2211 est
906 2156 1127 2211 malum
1171 2175 1271 2228 pro
1325 2157 1477 2212 malo
1526 2159 1801 2213 reddere:
1835 2157 1978 2212 illud

337 2246 493 2299 enim
523 2247 854 2316 frequenter
902 2245 1231 2316 ignorantia
1281 2236 1525 2309 fitfhoc
1574 2263 1708 2301 vero
1755 2263 1983 2317 semper

338 2332 552 2387 studio.
588 2333 688 2387 His
719 2350 854 2405 ergo
876 2335 1066 2388 verbis
1109 2335 1217 2389 hoc
1269 2336 1434 2390 docet
1463 2335 1793 2405 Apostolus,
1828 2336 1981 2406 quod

338 2421 622 2477 Dominus
653 2422 709 2475 in
743 2423 1039 2491 Evangelio
1067 2440 1077 2478 :
1109 2426 1175 2479 Si
1202 2427 1325 2495 quis
1355 2430 1405 2479 te
1428 2427 1752 2495 percusserit
1783 2426 1841 2478 in
1870 2440 1983 2478 una

339 2511 594 2575 maxilla,
621 2511 809 2581 praebe
836 2514 890 2566 ei
918 2516 969 2566 et
998 2513 1232 2568 alteram
1277 2514 1489 2578 (Matth.
1519 2531 1572 2582 ν,
1606 2514 1675 2567 39
1701 2531 1713 2581 ;
1742 2517 1871 2567 Luc.
1904 2529 1980 2579 v1,

338 2600 452 2666 29),
486 2600 606 2663 Quo
638 2599 694 2653 in
723 2617 951 2672 genere,
987 2607 1051 2656 ut
1074 2603 1279 2657 beatus
1304 2603 1659 2674 Augustinus
1689 2600 1850 2670 dicit,
1886 2617 1985 2657 sex

340 2693 478 2743 sunt
508 2688 843 2743 differentia)
872 2708 883 2749 :
912 2690 1063 2745 bona
1087 2708 1189 2762 pro
1218 2691 1388 2746 malis
1421 2691 1694 2758 reddere;
1724 2708 1837 2745 non
1862 2691 1985 2745 red-

341 2778 476 2832 dere
535 2778 688 2833 mala
739 2795 842 2850 pro
894 2779 1101 2845 malis;
1151 2780 1302 2835 bona
1350 2797 1452 2851 pro
1502 2780 1669 2836 nobis
1701 2781 1981 2847 reddere;

344 2866 498 2921 mala
530 2884 632 2938 pro
664 2867 835 2923 malis
862 2887 874 2935 ;
912 2886 1025 2923 non
1058 2869 1293 2923 reddere
1324 2870 1477 2925 bona
1509 2886 1610 2942 pro
1643 2870 1847 2937 bonis;
1882 2869 1983 2924 sed

344 2954 500 3009 mala
530 2971 633 3027 pro
654 2956 844 3011 bonis.
869 2957 1126 3020 Quorum
1150 2958 1264 3012 duo
1298 2957 1799 3029 primajustorum
1822 2961 1982 3025 sunt,

346 3048 403 3099 et
431 3043 592 3116 prius
624 3044 870 3101 melius:
902 3046 1015 3100 duo
1044 3063 1177 3101 vero
1206 3047 1414 3102 ultima
1436 3048 1834 3118 reproborum,
1884 3046 1983 3101 sed

2080 469 2335 524 omnibus
2366 468 2678 523 hominibus
2705 483 2898 538 pacem
2944 468 3218 522 habentes.
3268 466 3387 522 Pax
3425 468 3577 521 duos
3603 483 3737 522 con-

2073 558 2293 629 jungit,
2329 558 2576 629 Ideoque
2607 574 2735 628 pax,
2785 557 2897 611 nisi
2929 557 3078 611 inter
3122 557 3291 623 duos,
3326 572 3454 612 esse
3485 572 3602 611 non
3637 572 3738 627 po-

2080 649 2213 701 test.
2243 646 2404 701 Unde
2434 647 2586 700 idem
2609 646 2914 717 Apostolus
2940 664 2951 701 :
2988 645 3234 701 Christus
3275 654 3352 701 est
3378 662 3493 717 paa:
3523 655 3737 711 nostra,

2083 736 2179 804 qui
2204 736 2337 804 fecit
2363 741 2600 805 utraque
2660 752 2831 789 unum
2876 736 3090 806 (Ephes.
3140 753 3201 803 II,
3253 736 3361 806 14).
3412 734 3741 789 Przevidens

2082 839 2237 893 ergo,
2274 824 2409 893 quia
2454 840 2563 894 pax
2610 824 2951 878 inconvulsa
3009 825 3223 879 servari
3286 841 3400 877 non
3445 828 3645 895 potest
3675 839 3743 876 ex

2084 917 2245 982 parte
2270 912 2662 979 inimicorum,
2696 930 2897 968 eorum
2933 912 3219 980 videlicet,
3252 913 3350 984 qui
3384 930 3418 966 a
3450 913 3624 966 bonis
3658 928 3743 965 re-

2086 1001 2895 1072 prehenduntur,temperavit
2918 1019 3084 1057 suam
3106 1001 3701 1066 locutionem,dicens
3728 1019 3740 1055 :

2084 1090 2145 1143 Si
2172 1088 2303 1159 fieri
2329 1098 2522 1162 potest,
2557 1088 3088 1145 Praevideba‘tenim
3125 1090 3279 1161 quod
3306 1089 3430 1143 ﬁeri
3462 1106 3581 1144 non
3615 1106 3748 1160 pos-

2085 1183 2190 1244 set,
2227 1178 2474 1250 ideoque
2523 1178 2864 1249 subjunxit;
2928 1179 3075 1246 Quod
3124 1195 3192 1234 ea:
3247 1180 3397 1234 vobis
3439 1183 3563 1246 est;
3593 1196 3660 1233 ac
3691 1178 3742 1232 si

2085 1267 2511 1338 apertediceret
2535 1285 2547 1323 :
2575 1267 2721 1331 Quia
2737 1284 2802 1322 ex
2826 1268 3195 1323 inimicorum
3220 1272 3381 1339 parte
3398 1266 3745 1322 inconvulsa

2085 1356 2303 1411 servari
2335 1373 2450 1411 non
2480 1358 2862 1429 potest,quod
2894 1372 2962 1411 ex
2986 1356 3151 1412 vobis
3176 1362 3283 1426 est,
3320 1356 3377 1411 id
3410 1360 3519 1424 est,
3555 1372 3745 1426 quan-

2083 1448 2210 1499 tum
2243 1445 2313 1499 ad
2345 1461 2445 1500 vos
2475 1450 2582 1511 est,
2616 1462 2684 1500 ex
2714 1450 2903 1501 vestra
2947 1445 3166 1501 scilicet
3194 1450 3357 1518 parte
3395 1444 3747 1501 inconvulsa

2084 1537 2363 1603 servetur,
2408 1538 2471 1588 ut
2516 1550 2747 1606 semper
2790 1534 3023 1590 illorum
3073 1533 3415 1590 desideretis
3463 1533 3741 1589 salutem.

2088 1623 2312 1686 Quibus
2342 1623 2533 1679 verbis
2581 1640 2955 1696 nequaquam
2988 1623 3444 1679 ecclesiasticam
3478 1622 3745 1693 discipli-

2085 1729 2221 1767 nam
2248 1712 2541 1767 interdicit
2566 1730 2579 1779 ;
2606 1714 2661 1767 id
2685 1717 2793 1779 est,
2817 1718 2882 1767 ut
2905 1730 3037 1768 cum
3064 1713 3333 1768 videmus
3357 1712 3609 1782 aliquem
3634 1712 3747 1765 fra-

2087 1805 2234 1855 trem
2260 1800 2509 1871 lapsum,
2528 1818 2642 1856 non
2661 1818 2793 1857 eum
2813 1803 3204 1873 corrigamus:
3225 1802 3617 1874 oportetenim
3635 1801 3744 1854 hoc

2088 1905 2276 1959 agere,
2313 1888 2361 1943 si
2415 1890 2653 1944 forsitan
2705 1889 2874 1944 illum
2922 1890 3232 1945 emendare
3274 1890 3593 1961 possimus.
3630 1889 3744 1943 Sed

2089 1979 2585 2047 quemadmodum
2607 1995 2737 2033 cum
2764 1978 3039 2032 omnibus
3061 1977 3398 2032 hominibus
3416 1994 3619 2049 pacem
3646 1976 3746 2029 ha-

2087 2067 2222 2121 bere
2255 2068 2572 2138 possimus,
2630 2069 2755 2139 ipse
2803 2068 3161 2131 manifestat,
3212 2083 3344 2120 cum
3392 2065 3745 2135 subjungit:

2087 2158 2200 2211 Non
2222 2173 2311 2211 vos
2324 2160 2575 2227 metipsos
2591 2156 2955 2227 defendentes,
2977 2154 3403 2223 charissimi,sed
3422 2154 3547 2209 date
3567 2156 3749 2209 locum

2088 2248 2205 2300 iraa.
2240 2246 2328 2300 Ira
2352 2246 2411 2299 in
2446 2247 2552 2300 hoc
2586 2246 2731 2311 loco,
2768 2245 3035 2317 quamvis
3066 2244 3323 2299 hominis
3352 2244 3538 2315 possit
3572 2243 3747 2297 intel-

2089 2333 2211 2407 ligi,
2237 2335 2657 2405 congruentius
2685 2340 2879 2389 tamen
2904 2334 3227 2406 accipimus
3248 2334 3395 2388 iram
3420 2333 3609 2401 Dei,id
3636 2336 3752 2403 est,

2088 2424 2425 2478 vindictam.
2460 2424 2605 2477 Cum
2629 2440 2764 2495 ergo
2789 2425 3181 2494 nosmetipsos
3213 2440 3325 2478 non
3349 2421 3751 2491 defendimus,

2091 2513 2320 2567 duobus
2352 2512 2541 2566 modis
2570 2510 2763 2568 locum
2810 2513 2908 2567 irai
2934 2514 3181 2579 damus;
3226 2510 3312 2566 vel
3348 2509 3487 2582 quia
3518 2510 3608 2564 ira
3637 2509 3753 2563 ini-

2092 2600 2226 2655 mici
2261 2602 2522 2665 sedatur,
2556 2602 2696 2656 dum
2740 2601 2851 2657 sibi
2905 2600 3187 2655 ultionem
3227 2601 3389 2655 reddi
3424 2616 3540 2655 non
3567 2600 3753 2667 videt,

2090 2689 2175 2746 vel
2208 2690 2346 2760 quia
2376 2706 2477 2761 pro
2507 2706 2701 2745 amore
2732 2689 2831 2745 Dei
2859 2690 3147 2760 patienter
3179 2688 3420 2743 adversa
3448 2687 3755 2743 sustinen-

2093 2783 2200 2845 tes,
2235 2779 2425 2834 locum
2459 2784 2572 2834 Deo
2605 2778 3017 2849 relinquimus,
3066 2783 3131 2832 ut
3162 2778 3286 2848 ipse
3318 2794 3419 2849 pro
3454 2776 3630 2831 nobis
3660 2774 3755 2830 ul-

2093 2869 2362 2924 ciscatur.
2394 2872 2664 2923 Attamen
2714 2884 2831 2922 non
2882 2884 2949 2922 ea
3004 2866 3326 2921 intentione
3374 2864 3601 2919 malum
3634 2881 3754 2919 non

2094 2957 2279 3012 facere
2310 2958 2456 3028 (422)
2506 2957 2805 3028 debemus,
2852 2961 2917 3011 ut
2965 2956 3118 3011 Deus
3176 2955 3380 3027 puniat
3408 2953 3756 3023 inimicum,

2095 3046 2193 3102 sed
2224 3047 2464 3111 instare,
2498 3049 2561 3099 ut
2607 3046 2677 3099 ad
2711 3062 2909 3116 pacem
2943 3047 3330 3108 convertatur,
3387 3046 3444 3097 et
3470 3042 3755 3097 salvetur.

344 3133 635 3205 posterius
667 3139 755 3188 est
786 3136 1042 3189 deterius
1068 3153 1080 3189 :
1124 3135 1223 3189 illa
1269 3153 1401 3190 vero
1452 3136 1645 3189 media
1674 3133 1988 3190 mediocria
2018 3118 2061 3185 Ο
2170 3135 2280 3190 Sed
2314 3135 2499 3190 oritur
2522 3136 2787 3206 quazstio,
2811 3151 2942 3188 cum
2967 3132 3251 3189 Dominus
3280 3132 3471 3186 dicat:
3528 3133 3762 3202 Diligite

345 3227 507 3288 sunt,
540 3227 596 3276 et
626 3223 789 3293 prius
825 3223 989 3277 bonis
1022 3224 1438 3294 propinquum,
1472 3225 1761 3295 posterius
1794 3222 1986 3279 malis.

346 3310 711 3365 Mediocriter
744 3310 899 3364 enim
939 3311 1095 3376 boni,
1124 3312 1273 3366 bona
1300 3329 1402 3383 pro
1433 3312 1603 3367 bonis
1632 3313 1902 3379 reddunt,
1936 3318 1993 3367 et

349 3397 719 3453 mediocriter
748 3399 907 3466 mali,
940 3400 1096 3455 mala
1126 3417 1227 3470 pro
1272 3400 1464 3456 malis.
1510 3400 1654 3455 Nam
1687 3406 1745 3456 et
1768 3401 1856 3456 lex
1884 3401 1992 3457 hoc

349 3486 433 3541 eis
465 3487 743 3558 praecipit,
777 3488 1009 3543 dicens:
1053 3490 1252 3560 Diliges
1299 3492 1538 3544 amicum
1580 3496 1760 3561 tuum,
1795 3494 1843 3545 et
1874 3491 1993 3546 odio

351 3577 573 3631 habebis
606 3577 899 3632 inimicum
921 3581 1075 3632 tuum
1098 3580 1248 3633 Levii
1272 3595 1283 3633 :
1310 3595 1423 3648 XIX,
1454 3580 1549 3645 18;
1578 3579 1762 3634 Matth.
1795 3597 1847 3633 v.
1883 3580 1991 3648 43).

351 3666 523 3719 Jubet
546 3665 759 3737 quippe
780 3665 1058 3721 talionem
1084 3684 1185 3738 pro
1208 3666 1419 3722 talione
1438 3668 1695 3736 reddere,
1719 3672 1774 3724 et
1791 3673 1997 3723 cestera

354 3753 691 3822 hujusmodi
723 3755 889 3825 (420).
926 3755 1209 3811 Dominus
1241 3756 1418 3827 igitur
1440 3757 1644 3812 nolens
1678 3756 1997 3829 discipulos

356 3859 494 3898 suos
526 3842 583 3896 in
616 3842 710 3898 his
756 3859 1012 3907 manere,
1063 3848 1127 3899 ut
1156 3862 1253 3900 eos
1301 3847 1371 3900 ad
1404 3846 1610 3901 altiora
1642 3852 1995 3917 provocaret,

356 3932 632 4003 praecepit
655 3948 669 3986 :
704 3934 932 4003 Diligite
954 3934 1206 3988 inimicos
1228 3940 1450 4001 vestros,
1477 3936 1770 4004 benefacite
1800 3935 1885 3989 his
1907 3935 2001 4006 qui

354 4038 447 4077 vos
478 4021 707 4076 oderunt
738 4022 943 4092 (Matth.
994 4039 1046 4089 v,
1100 4024 1204 4089 44;
1257 4028 1384 4078 Luc.
1429 4040 1508 4089 vx,
1557 4025 1668 4090 26).
1704 4023 1774 4078 Ut
1804 4028 1999 4078 autem

358 4111 689 4165 ostenderet
702 4111 797 4181 qui
816 4111 1068 4181 suntqui
1083 4111 1304 4165 malum
1322 4128 1422 4182 pro
1436 4112 1588 4166 malo
1601 4129 1714 4166 non
1731 4113 2001 4176 reddunt,

361 4199 666 4269 subjpnxit
691 4216 704 4255 :
727 4200 1079 4255 Providentes
1098 4204 1237 4254 bona
1254 4216 1362 4254 non
1383 4202 1559 4255 solum
1576 4217 1756 4255 coram
1774 4202 1900 4264 Deo,
1915 4201 2005 4255 sed

363 4288 721 4342 etiamcoram
739 4289 888 4358 (421)
912 4290 1245 4344 hominibus.
1269 4289 1611 4359 Quicunque
1633 4306 1820 4343 mores
1844 4306 2001 4355 suos,

362 4380 420 4431 et
448 4378 704 4430 actiones
736 4377 818 4431 ita
860 4384 1237 4449 componunt,
1289 4379 1584 4443 ordinant,
1616 4382 1680 4432 ut
1710 4395 1742 4431 a
1771 4379 2006 4434 nemine

2097 3223 2352 3280 inimicas
2382 3233 2602 3289 vestros,
2658 3229 2713 3278 et
2740 3222 3073 3295 Apostolus.
3116 3224 3232 3278 Non
3264 3238 3354 3277 vos
3382 3221 3758 3293 defendentes,

2097 3312 2433 3379 charissimi,
2469 3313 2568 3367 sed
2590 3312 2714 3367 date
2736 3311 2916 3366 locum
2944 3313 3044 3365 ira
3066 3329 3085 3365 :
3108 3327 3232 3374 cur,
3258 3311 3413 3366 sicut
3438 3310 3498 3364 in
3530 3313 3759 3381 Apoca-

2098 3401 2246 3474 lypsi
2278 3400 2525 3472 legitur:
2562 3400 2750 3455 Sancti
2771 3400 2868 3454 sub
2889 3416 2988 3455 ara
3014 3403 3119 3456 Dei
3136 3401 3419 3456 clamant:
3455 3400 3760 3471 Usquequo.

2100 3491 2576 3558 Dominezsanctus
2628 3492 2681 3543 et
2732 3504 2921 3556 uerax,
2963 3505 3074 3544 non
3113 3489 3333 3561 judicas
3388 3492 3441 3543 et
3497 3489 3762 3542 vindicas

2099 3580 2427 3649 sanguinem
2455 3582 2701 3633 nostrum
2730 3579 2911 3649 (Apoc.
2963 3596 3039 3649 v1,
3077 3579 3162 3649 10)
3183 3579 3211 3633 ?
3240 3578 3319 3632 Ne
3350 3592 3486 3649 ergo
3519 3580 3762 3631 contra-

2102 3669 2256 3723 rium
2280 3667 2566 3735 videatur,
2590 3667 2895 3723 sciendum
2920 3678 3029 3731 est,
3054 3667 3192 3737 quia
3214 3667 3399 3721 sancti
3423 3683 3540 3719 non
3566 3666 3760 3719 vindi-

2103 3762 2256 3811 ctam
2290 3773 2531 3811 suorum
2564 3757 2935 3811 inimicorum
2960 3756 3294 3811 desiderant
3317 3755 3387 3809 ad
3419 3755 3758 3809 damnatio-

2104 3862 2258 3911 nem,
2293 3846 2391 3899 sed
2427 3846 2499 3898 ad
2531 3845 2966 3900 conversionem
2993 3869 3006 3911 ;
3039 3844 3159 3899 haec
3190 3849 3279 3899 est
3308 3843 3465 3899 enim
3497 3842 3763 3897 vindicta

2106 3933 2412 4005 sanguinis
2436 3932 2692 3997 illorum,
2712 3932 2798 3987 vel
2822 3937 2974 3988 certe
3000 3936 3205 4004 Optant
3225 3932 3377 3987 diem
3395 3931 3760 4003 judicii,quo

2107 4038 2309 4077 eorum
2332 4038 2615 4075 numerus
2631 4021 2964 4092 impleatur,
2983 4022 3549 4093 etmalipuniantur,
3565 4026 3635 4076 ut
3649 4037 3761 4076 non

2107 4111 2191 4167 eis
2220 4111 2389 4164 liceat
2420 4109 2672 4180 amplius
2705 4126 2961 4180 peccare.

2182 4199 2365 4272 Igitur
2384 4198 2581 4254 volens
2604 4216 2771 4253 suam
2797 4198 3187 4254 narrationem
3202 4197 3464 4270 exemplo
3487 4198 3760 4269 probare,

2112 4290 2361 4354 subjecit
2384 4306 2396 4344 :
2422 4288 2845 4359 Sicutseriptum
2859 4288 3020 4357 est,in
3035 4288 3183 4344 libro
3203 4288 3423 4343 scilicet
3446 4288 3761 4357 cujusdam

2113 4378 2433 4449 sapientis;
2466 4378 2595 4432 Mihi
2626 4379 2957 4445 uingictam;
2991 4393 3084 4447 ego
3127 4378 3453 4445 retribuam,
3484 4376 3624 4430 dicit
3653 4377 3764 4430 Do—

365 4465 707 4537 reprehendi
744 4466 988 4536 possint,
1024 4466 1081 4520 hi
1114 4484 1307 4522 coram
1342 4468 1454 4523 Deo
1485 4470 1635 4523 bona
1667 4468 2002 4539 provident;
2034 4486 2082 4550 D
2112 4470 2297 4523 minus
2326 4469 2502 4537 (Deut.
2562 4483 2736 4530 xxxu,
2769 4466 2880 4536 35).
2940 4466 3070 4520 Haec
3112 4467 3286 4520 verba
3336 4464 3567 4519 Domini
3600 4466 3761 4532 sunt,

365 4554 464 4625 qui
496 4571 628 4609 vero
654 4554 756 4622 ita,
783 4560 847 4608 ut
867 4554 1041 4610 etiam
1065 4557 1379 4612 imitabiles
1409 4558 1738 4627 ostendant,
1763 4557 1821 4611 hi
1852 4558 2005 4611 bona

364 4644 671 4715 provident
699 4642 873 4698 etiam
904 4661 1099 4699 coram
1123 4644 1495 4713 hominibus:
1535 4644 1737 4718 quales
1769 4646 2007 4700 fuerunt

363 4736 636 4803 parentes
668 4733 1042 4802 praecursoris
1092 4734 1315 4788 Domini
1366 4734 1549 4789 nostri
1589 4734 1915 4801 Zacharias,
1950 4738 2007 4788 et

363 4821 681 4889 Elisabeth,
717 4821 787 4875 de
819 4822 1033 4892 quibus
1055 4823 1301 4894 legitur:
1336 4824 1473 4891 Quia
1504 4828 1660 4878 erant
1676 4824 1817 4893 justi
1844 4824 2005 4876 ambo

362 4912 689 4976 anteDeum,
716 4910 1028 4965 incedentes
1055 4913 1115 4965 in
1162 4912 1413 4966 omnibus
1440 4912 1734 4975 mandatis,
1766 4914 1815 4965 et
1848 4911 2005 4979 iusti-

362 5000 706 5069 ﬁcationibus
733 5001 954 5054 Domini
981 5002 1107 5054 sine
1139 5001 1361 5070 querela
1393 5000 1541 5070 (Luc.
1575 5017 1611 5069 ι,
1643 4999 1720 5069 6).

437 5174 586 5243 (420)
617 5174 791 5227 Exod.
824 5193 937 5241 xxr,
996 5177 1087 5229 23.
1121 5176 1190 5228 24
1249 5179 1306 5230 et

484 5262 494 5273 -
532 5244 676 5278 nnnl'
730 5262 821 5278 νιν
878 5249 933 5278 04
971 5266 980 5275 .
1020 5247 1191 5278 ιπηιιιπ
1250 5264 1282 5278 υ

1363 5191 1566 5246 seqq.;
1624 5172 1801 5228 Levit.
1855 5190 2005 5246 xxiv,

362 5246 434 5278 ΟΠ
484 5262 494 5273 ·
532 5244 676 5278 nnnl'
730 5262 821 5278 νιν
878 5249 933 5278 04
971 5266 980 5275 Ι
1020 5252 1145 5278 lJnH

1250 5264 1282 5278 υ
1335 5248 1400 5278 QQ
1450 5245 1502 5278 7‘7
1552 5246 1591 5278 ιὶ
1645 5246 1855 5278 Ληίτηοῦ
1908 5245 1984 5278 lik

2114 4558 2361 4626 ideoque
2383 4555 2857 4610 subaudiendum
2887 4558 3011 4609 est:
3065 4554 3206 4609 Mihi
3236 4554 3551 4608 vindictam
3587 4552 3763 4608 relin-

2115 4646 2307 4716 quite;
2349 4660 2449 4713 ego
2481 4643 2823 4710 retribuam,
2874 4644 2929 4697 id
2965 4647 3072 4709 est,
3131 4646 3383 4697 vestram
3418 4641 3763 4714 patientiam

2115 4734 2521 4797 remunerabo,
2579 4731 2669 4787 vel
2728 4748 2830 4802 pro
2906 4732 3070 4786 vobis
3132 4730 3413 4786 ultionem
3473 4731 3760 4785 reddam:

2114 4827 2363 4893 utroque
2394 4822 2548 4876 enim
2582 4823 2753 4875 modo
2786 4819 3028 4892 intelligi
3060 4824 3269 4891 potest.

2187 4912 2319 4976 Sed,
2355 4910 2492 4981 quia
2520 4910 2745 4963 dixerat
2769 4925 2780 4962 :
2814 4910 2950 4964 Mihi
2971 4908 3288 4978 vin-dictam,
3315 4912 3450 4978 etc.,
3474 4910 3541 4962 ut
3570 4910 3763 4962 osten-

2116 5001 2278 5056 deret
2307 5000 2447 5071 quid
2480 5014 2650 5070 agere
2701 4997 3067 5064 deberemus,
3122 4997 3374 5068 adjecit:
3417 4996 3479 5052 Si
3505 4996 3766 5052 esurierit

2116 5180 2333 5239 torum,
2367 5188 2566 5278 qgosﬁe
2589 5171 2876 5278 cq‘ntrario
2902 5171 3153 5278 diligerg
3164 5170 3758 5278 precipiebat.‘Le\'it.

2118 5265 2209 5278 νυν
2274 5248 2333 5278 1⁸7
2382 5250 2399 5278 4
2472 5262 2481 5271 ·
2554 5261 2632 5278 .vn
2727 5260 2862 5278 ννητ
2934 5264 2943 5278 ι
3059 5260 3070 5271 ·
3160 5250 3253 5278 nisi
3312 5260 3428 5278 vvn
3518 5274 3555 5278 __

2118 5265 2209 5278 vnn
2274 5248 2333 5278 1'7
2382 5248 2481 5278 4Ω·
2522 5248 2668 5278 mvnﬂ
2727 5260 2862 5278 ννητ
2920 5248 2943 5278 ἦ
3001 5248 3070 5278 ἦ·
3113 5248 3253 5278 Ποιιῦ
3312 5260 3428 5278 vvn
3486 5248 3555 5278 Α-.

3312 5260 3428 5278 vvn
