  <div class='ocr_page' id='page_1' title='image "/cluster/home/n/w/nwhite01/storage/ocr_20150623/134/hvd.32044015471741/128.png"; bbox 0 0 3998 5278; ppageno 0'>
   <div class='ocr_carea' id='block_1_1' title="bbox 130 362 231 423">
    <p class='ocr_par' dir='ltr' id='par_1_1' title="bbox 130 362 231 423">
     <span class='ocr_line' id='line_1_1' title="bbox 130 362 231 423; baseline -0.03 -1"><span class='ocrx_word' id='word_1_1' title='bbox 130 362 231 423; x_wconf 81' lang='grc'>261</span> 
     </span>
    </p>
   </div>
   <div class='ocr_carea' id='block_1_2' title="bbox 709 351 1790 418">
    <p class='ocr_par' dir='ltr' id='par_1_2' title="bbox 709 351 1790 418">
     <span class='ocr_line' id='line_1_2' title="bbox 709 351 1790 418; baseline -0.002 -2"><span class='ocrx_word' id='word_1_2' title='bbox 709 355 1129 418; x_wconf 88' lang='lat' dir='ltr'><strong>EXPOSITIO</strong></span> <span class='ocrx_word' id='word_1_3' title='bbox 1172 354 1252 415; x_wconf 87' lang='grc' dir='ltr'><strong>ΙΝ</strong></span> <span class='ocrx_word' id='word_1_4' title='bbox 1299 351 1744 415; x_wconf 67' lang='grc' dir='ltr'><strong>ΕΡΙΞΤΟΕΑΞ</strong></span> <span class='ocrx_word' id='word_1_5' title='bbox 1789 356 1790 359; x_wconf 57' lang='grc'><em>“</em></span> 
     </span>
    </p>
   </div>
   <div class='ocr_carea' id='block_1_3' title="bbox 1922 351 2935 418">
    <p class='ocr_par' dir='ltr' id='par_1_3' title="bbox 1922 351 2935 415">
     <span class='ocr_line' id='line_1_3' title="bbox 1922 351 2935 415; baseline 0 -2"><span class='ocrx_word' id='word_1_6' title='bbox 1922 351 2144 413; x_wconf 76' lang='lat' dir='ltr'><strong>ILL—</strong></span> <span class='ocrx_word' id='word_1_7' title='bbox 2175 353 2251 413; x_wconf 86' lang='lat' dir='ltr'><strong>IN</strong></span> <span class='ocrx_word' id='word_1_8' title='bbox 2295 352 2544 414; x_wconf 89' lang='lat' dir='ltr'><strong>EPIST.</strong></span> <span class='ocrx_word' id='word_1_9' title='bbox 2592 355 2696 413; x_wconf 89' lang='lat' dir='ltr'><strong>AD</strong></span> <span class='ocrx_word' id='word_1_10' title='bbox 2744 354 2935 415; x_wconf 83' lang='lat' dir='ltr'><strong>ROM.</strong></span> 
     </span>
    </p>
   </div>
   <div class='ocr_carea' id='block_1_4' title="bbox 3421 356 3540 416">
    <p class='ocr_par' dir='ltr' id='par_1_4' title="bbox 3421 356 3540 416">
     <span class='ocr_line' id='line_1_4' title="bbox 3421 356 3540 416; baseline -0.008 0"><span class='ocrx_word' id='word_1_11' title='bbox 3421 356 3540 416; x_wconf 73' lang='lat'><strong>262</strong></span> 
     </span>
    </p>
   </div>
   <div class='ocr_carea' id='block_1_5' title="bbox 127 484 3543 570">
    <p class='ocr_par' dir='ltr' id='par_1_5' title="bbox 127 484 3543 570">
     <span class='ocr_line' id='line_1_5' title="bbox 127 484 3543 570; baseline -0 -22"><span class='ocrx_word' id='word_1_12' title='bbox 127 496 329 570; x_wconf 80' lang='lat' dir='ltr'><strong>propter</strong></span> <span class='ocrx_word' id='word_1_13' title='bbox 356 490 762 555; x_wconf 71' lang='lat' dir='ltr'><strong>conscientiam,</strong></span> <span class='ocrx_word' id='word_1_14' title='bbox 795 490 853 544; x_wconf 88' lang='lat' dir='ltr'><strong>id</strong></span> <span class='ocrx_word' id='word_1_15' title='bbox 880 492 969 544; x_wconf 88' lang='lat' dir='ltr'><strong>est</strong></span> <span class='ocrx_word' id='word_1_16' title='bbox 1030 492 1265 561; x_wconf 83' lang='lat' dir='ltr'><strong>propter</strong></span> <span class='ocrx_word' id='word_1_17' title='bbox 1316 488 1444 559; x_wconf 86' lang='lat' dir='ltr'><strong>ejus</strong></span> <span class='ocrx_word' id='word_1_18' title='bbox 1503 502 1784 542; x_wconf 74' lang='lat' dir='ltr'><strong>amorem</strong></span> <span class='ocrx_word' id='word_1_19' title='bbox 1814 484 2267 553; x_wconf 75' lang='lat' dir='ltr'><strong>Adilectionem</strong></span> <span class='ocrx_word' id='word_1_20' title='bbox 2325 486 2570 558; x_wconf 80' lang='lat' dir='ltr'><strong>proximi</strong></span> <span class='ocrx_word' id='word_1_21' title='bbox 2632 485 2945 557; x_wconf 77' lang='lat' dir='ltr'><strong>pertinent,</strong></span> <span class='ocrx_word' id='word_1_22' title='bbox 3006 486 3134 541; x_wconf 91' lang='lat' dir='ltr'><strong>ideo</strong></span> <span class='ocrx_word' id='word_1_23' title='bbox 3192 489 3543 559; x_wconf 80' lang='lat' dir='ltr'><strong>generaliter</strong></span> 
     </span>
    </p>
   </div>
   <div class='ocr_carea' id='block_1_6' title="bbox 132 576 1785 655">
    <p class='ocr_par' dir='ltr' id='par_1_6' title="bbox 132 576 1785 655">
     <span class='ocr_line' id='line_1_6' title="bbox 132 576 1785 655; baseline -0.007 -14"><span class='ocrx_word' id='word_1_24' title='bbox 132 585 287 655; x_wconf 87' lang='lat' dir='ltr'><strong>cujus</strong></span> <span class='ocrx_word' id='word_1_25' title='bbox 312 579 585 652; x_wconf 76' lang='lat' dir='ltr'><strong>praecepti</strong></span> <span class='ocrx_word' id='word_1_26' title='bbox 618 578 793 633; x_wconf 85' lang='lat' dir='ltr'><strong>vultis</strong></span> <span class='ocrx_word' id='word_1_27' title='bbox 823 595 950 634; x_wconf 87' lang='lat' dir='ltr'><strong>esse</strong></span> <span class='ocrx_word' id='word_1_28' title='bbox 982 577 1315 649; x_wconf 87' lang='lat' dir='ltr'><strong>impletores</strong></span> <span class='ocrx_word' id='word_1_29' title='bbox 1344 594 1356 631; x_wconf 93' lang='lat'><strong>:</strong></span> <span class='ocrx_word' id='word_1_30' title='bbox 1382 582 1439 631; x_wconf 90' lang='lat' dir='ltr'><strong>et</strong></span> <span class='ocrx_word' id='word_1_31' title='bbox 1470 593 1641 647; x_wconf 63' lang='lat' dir='ltr'><strong>plura</strong></span> <span class='ocrx_word' id='word_1_32' title='bbox 1662 576 1785 647; x_wconf 88' lang='lat' dir='ltr'><strong>qui-</strong></span> 
     </span>
    </p>
   </div>
   <div class='ocr_carea' id='block_1_7' title="bbox 130 667 1785 739">
    <p class='ocr_par' dir='ltr' id='par_1_7' title="bbox 130 667 1785 739">
     <span class='ocr_line' id='line_1_7' title="bbox 130 667 1785 739; baseline -0.005 -10"><span class='ocrx_word' id='word_1_33' title='bbox 130 675 249 730; x_wconf 95' lang='lat' dir='ltr'><strong>dem</strong></span> <span class='ocrx_word' id='word_1_34' title='bbox 282 673 473 724; x_wconf 90' lang='lat' dir='ltr'><strong>mente</strong></span> <span class='ocrx_word' id='word_1_35' title='bbox 506 668 761 739; x_wconf 89' lang='lat' dir='ltr'><strong>idipsum</strong></span> <span class='ocrx_word' id='word_1_36' title='bbox 794 668 982 723; x_wconf 90' lang='lat' dir='ltr'><strong>facere</strong></span> <span class='ocrx_word' id='word_1_37' title='bbox 1013 667 1260 736; x_wconf 83' lang='lat' dir='ltr'><strong>debetis,</strong></span> <span class='ocrx_word' id='word_1_38' title='bbox 1291 684 1401 722; x_wconf 83' lang='lat' dir='ltr'><strong>non</strong></span> <span class='ocrx_word' id='word_1_39' title='bbox 1441 667 1519 721; x_wconf 90' lang='lat' dir='ltr'><strong>ad</strong></span> <span class='ocrx_word' id='word_1_40' title='bbox 1573 668 1785 721; x_wconf 85' lang='lat' dir='ltr'><strong>oculum</strong></span> 
     </span>
    </p>
   </div>
   <div class='ocr_carea' id='block_1_8' title="bbox 128 754 1785 829">
    <p class='ocr_par' dir='ltr' id='par_1_8' title="bbox 128 754 1785 829">
     <span class='ocr_line' id='line_1_8' title="bbox 128 754 1785 829; baseline -0.005 -11"><span class='ocrx_word' id='word_1_41' title='bbox 128 762 485 825; x_wconf 80' lang='lat' dir='ltr'><strong>servientes,et</strong></span> <span class='ocrx_word' id='word_1_42' title='bbox 513 758 671 829; x_wconf 89' lang='lat' dir='ltr'><strong>quasi</strong></span> <span class='ocrx_word' id='word_1_43' title='bbox 701 757 1013 813; x_wconf 83' lang='lat' dir='ltr'><strong>hominibus</strong></span> <span class='ocrx_word' id='word_1_44' title='bbox 1040 756 1310 827; x_wconf 73' lang='lat' dir='ltr'><strong>placentes</strong></span> <span class='ocrx_word' id='word_1_45' title='bbox 1342 754 1508 826; x_wconf 87' lang='lat' dir='ltr'><strong>(Ephe</strong></span> <span class='ocrx_word' id='word_1_46' title='bbox 1539 772 1579 811; x_wconf 82' lang='grc' dir='ltr'><strong>ς.</strong></span> <span class='ocrx_word' id='word_1_47' title='bbox 1606 773 1684 821; x_wconf 73' lang='lat' dir='ltr'><strong>vr,</strong></span> <span class='ocrx_word' id='word_1_48' title='bbox 1711 756 1785 827; x_wconf 85' lang='lat'><strong>6),</strong></span> 
     </span>
    </p>
   </div>
   <div class='ocr_carea' id='block_1_9' title="bbox 132 846 1788 918">
    <p class='ocr_par' dir='ltr' id='par_1_9' title="bbox 132 846 1788 918">
     <span class='ocr_line' id='line_1_9' title="bbox 132 846 1788 918; baseline -0.005 -12"><span class='ocrx_word' id='word_1_49' title='bbox 132 851 220 907; x_wconf 88' lang='lat' dir='ltr'><strong>sed</strong></span> <span class='ocrx_word' id='word_1_50' title='bbox 254 848 385 917; x_wconf 91' lang='lat' dir='ltr'><strong>Deo,</strong></span> <span class='ocrx_word' id='word_1_51' title='bbox 420 846 520 918; x_wconf 90' lang='lat' dir='ltr'><strong>qui</strong></span> <span class='ocrx_word' id='word_1_52' title='bbox 553 847 760 917; x_wconf 90' lang='lat' dir='ltr'><strong>probat</strong></span> <span class='ocrx_word' id='word_1_53' title='bbox 792 847 967 901; x_wconf 86' lang='lat' dir='ltr'><strong>corda</strong></span> <span class='ocrx_word' id='word_1_54' title='bbox 996 846 1372 916; x_wconf 76' lang='lat' dir='ltr'><strong>vestra(437).</strong></span> <span class='ocrx_word' id='word_1_55' title='bbox 1397 846 1464 899; x_wconf 87' lang='lat' dir='ltr'><strong>Et</strong></span> <span class='ocrx_word' id='word_1_56' title='bbox 1487 864 1519 915; x_wconf 92' lang='lat' dir='ltr'><strong>q</strong></span> <span class='ocrx_word' id='word_1_57' title='bbox 1543 846 1788 900; x_wconf 62' lang='lat' dir='ltr'><strong>‘uoniam</strong></span> 
     </span>
    </p>
   </div>
   <div class='ocr_carea' id='block_1_10' title="bbox 132 935 1792 1013">
    <p class='ocr_par' dir='ltr' id='par_1_10' title="bbox 132 935 1792 1013">
     <span class='ocr_line' id='line_1_10' title="bbox 132 935 1792 1013; baseline -0.004 -19"><span class='ocrx_word' id='word_1_58' title='bbox 132 936 434 1013; x_wconf 65' lang='lat' dir='ltr'><strong>praemisit:</strong></span> <span class='ocrx_word' id='word_1_59' title='bbox 461 935 556 990; x_wconf 83' lang='lat' dir='ltr'><strong>Dei</strong></span> <span class='ocrx_word' id='word_1_60' title='bbox 583 937 836 990; x_wconf 89' lang='lat' dir='ltr'><strong>minister</strong></span> <span class='ocrx_word' id='word_1_61' title='bbox 864 937 962 1000; x_wconf 84' lang='lat' dir='ltr'><strong>est,</strong></span> <span class='ocrx_word' id='word_1_62' title='bbox 996 935 1205 990; x_wconf 71' lang='lat' dir='ltr'><strong>vindex</strong></span> <span class='ocrx_word' id='word_1_63' title='bbox 1236 936 1299 989; x_wconf 88' lang='lat' dir='ltr'><strong>in</strong></span> <span class='ocrx_word' id='word_1_64' title='bbox 1330 937 1417 989; x_wconf 88' lang='lat' dir='ltr'><strong>ira</strong></span> <span class='ocrx_word' id='word_1_65' title='bbox 1446 937 1497 989; x_wconf 88' lang='lat' dir='ltr'><strong>ei</strong></span> <span class='ocrx_word' id='word_1_66' title='bbox 1525 966 1532 985; x_wconf 76' lang='grc' dir='ltr'>ι</span> <span class='ocrx_word' id='word_1_67' title='bbox 1556 937 1649 1007; x_wconf 65' lang='lat' dir='ltr'><strong>qui</strong></span> <span class='ocrx_word' id='word_1_68' title='bbox 1678 952 1792 988; x_wconf 88' lang='lat' dir='ltr'><strong>ma-</strong></span> 
     </span>
    </p>
   </div>
   <div class='ocr_carea' id='block_1_11' title="bbox 134 1024 1793 1097">
    <p class='ocr_par' dir='ltr' id='par_1_11' title="bbox 134 1024 1793 1097">
     <span class='ocr_line' id='line_1_11' title="bbox 134 1024 1793 1097; baseline -0.004 -13"><span class='ocrx_word' id='word_1_69' title='bbox 134 1032 241 1084; x_wconf 85' lang='lat' dir='ltr'><strong>lum</strong></span> <span class='ocrx_word' id='word_1_70' title='bbox 266 1028 394 1097; x_wconf 86' lang='lat' dir='ltr'><strong>agit,</strong></span> <span class='ocrx_word' id='word_1_71' title='bbox 456 1025 673 1081; x_wconf 87' lang='lat' dir='ltr'><strong>idcirco</strong></span> <span class='ocrx_word' id='word_1_72' title='bbox 732 1025 1071 1095; x_wconf 81' lang='lat' dir='ltr'><strong>subjunxit:</strong></span> <span class='ocrx_word' id='word_1_73' title='bbox 1126 1024 1251 1079; x_wconf 84' lang='lat' dir='ltr'><strong>Ideo</strong></span> <span class='ocrx_word' id='word_1_74' title='bbox 1300 1026 1448 1077; x_wconf 87' lang='lat' dir='ltr'><strong>enim</strong></span> <span class='ocrx_word' id='word_1_75' title='bbox 1474 1032 1528 1078; x_wconf 87' lang='lat' dir='ltr'><strong>et</strong></span> <span class='ocrx_word' id='word_1_76' title='bbox 1582 1026 1793 1078; x_wconf 86' lang='lat' dir='ltr'><strong>tributa</strong></span> 
     </span>
    </p>
   </div>
   <div class='ocr_carea' id='block_1_12' title="bbox 130 1112 1788 1191">
    <p class='ocr_par' dir='ltr' id='par_1_12' title="bbox 130 1112 1788 1191">
     <span class='ocr_line' id='line_1_12' title="bbox 130 1112 1788 1191; baseline -0.003 -19"><span class='ocrx_word' id='word_1_77' title='bbox 130 1118 430 1191; x_wconf 60' lang='lat' dir='ltr'><strong>prmstatis;</strong></span> <span class='ocrx_word' id='word_1_78' title='bbox 462 1114 521 1168; x_wconf 91' lang='lat' dir='ltr'><strong>id</strong></span> <span class='ocrx_word' id='word_1_79' title='bbox 557 1118 745 1177; x_wconf 88' lang='lat' dir='ltr'><strong>est,ne</strong></span> <span class='ocrx_word' id='word_1_80' title='bbox 777 1114 1167 1185; x_wconf 85' lang='lat' dir='ltr'><strong>persequendi</strong></span> <span class='ocrx_word' id='word_1_81' title='bbox 1198 1114 1517 1168; x_wconf 63' lang='lat' dir='ltr'><strong>occasione!</strong></span> <span class='ocrx_word' id='word_1_82' title='bbox 1540 1129 1589 1168; x_wconf 75' lang='lat'><strong>11</strong></span> <span class='ocrx_word' id='word_1_83' title='bbox 1622 1112 1788 1168; x_wconf 88' lang='lat' dir='ltr'><strong>detis.</strong></span> 
     </span>
    </p>
   </div>
   <div class='ocr_carea' id='block_1_13' title="bbox 132 1203 1792 1274">
    <p class='ocr_par' dir='ltr' id='par_1_13' title="bbox 132 1203 1792 1274">
     <span class='ocr_line' id='line_1_13' title="bbox 132 1203 1792 1274; baseline -0.004 -13"><span class='ocrx_word' id='word_1_84' title='bbox 132 1206 355 1262; x_wconf 80' lang='lat' dir='ltr'><strong>Ministri</strong></span> <span class='ocrx_word' id='word_1_85' title='bbox 376 1205 525 1260; x_wconf 85' lang='lat' dir='ltr'><strong>enim</strong></span> <span class='ocrx_word' id='word_1_86' title='bbox 554 1205 655 1258; x_wconf 94' lang='lat' dir='ltr'><strong>Dei</strong></span> <span class='ocrx_word' id='word_1_87' title='bbox 686 1211 833 1267; x_wconf 85' lang='lat' dir='ltr'><strong>sunt,</strong></span> <span class='ocrx_word' id='word_1_88' title='bbox 870 1205 927 1256; x_wconf 87' lang='lat' dir='ltr'><strong>in</strong></span> <span class='ocrx_word' id='word_1_89' title='bbox 960 1204 1058 1257; x_wconf 87' lang='lat' dir='ltr'><strong>hoc</strong></span> <span class='ocrx_word' id='word_1_90' title='bbox 1089 1205 1269 1274; x_wconf 85' lang='lat' dir='ltr'><strong>ipsum</strong></span> <span class='ocrx_word' id='word_1_91' title='bbox 1303 1204 1502 1257; x_wconf 64' lang='lat' dir='ltr'><strong>serviet</strong></span> <span class='ocrx_word' id='word_1_92' title='bbox 1531 1207 1648 1257; x_wconf 75' lang='lat' dir='ltr'><strong>tles.</strong></span> <span class='ocrx_word' id='word_1_93' title='bbox 1685 1203 1792 1257; x_wconf 92' lang='lat' dir='ltr'><strong>Mi-</strong></span> 
     </span>
    </p>
   </div>
   <div class='ocr_carea' id='block_1_14' title="bbox 135 1291 1796 1364">
    <p class='ocr_par' dir='ltr' id='par_1_14' title="bbox 135 1291 1796 1364">
     <span class='ocr_line' id='line_1_14' title="bbox 135 1291 1796 1364; baseline -0.004 -11"><span class='ocrx_word' id='word_1_94' title='bbox 135 1297 334 1353; x_wconf 88' lang='lat' dir='ltr'><strong>nistros</strong></span> <span class='ocrx_word' id='word_1_95' title='bbox 367 1293 471 1348; x_wconf 91' lang='lat' dir='ltr'><strong>Dei</strong></span> <span class='ocrx_word' id='word_1_96' title='bbox 501 1292 792 1364; x_wconf 86' lang='lat' dir='ltr'><strong>principes</strong></span> <span class='ocrx_word' id='word_1_97' title='bbox 823 1296 1009 1357; x_wconf 89' lang='lat' dir='ltr'><strong>vocat,</strong></span> <span class='ocrx_word' id='word_1_98' title='bbox 1061 1292 1279 1363; x_wconf 85' lang='lat' dir='ltr'><strong>quibus</strong></span> <span class='ocrx_word' id='word_1_99' title='bbox 1330 1310 1362 1347; x_wconf 90' lang='lat' dir='ltr'><strong>a</strong></span> <span class='ocrx_word' id='word_1_100' title='bbox 1411 1291 1490 1346; x_wconf 83' lang='lat' dir='ltr'><strong>De</strong></span> <span class='ocrx_word' id='word_1_101' title='bbox 1510 1310 1553 1347; x_wconf 57' lang='grc' dir='ltr'><strong>ιο</strong></span> <span class='ocrx_word' id='word_1_102' title='bbox 1587 1291 1796 1347; x_wconf 90' lang='lat' dir='ltr'><strong>collata</strong></span> 
     </span>
    </p>
   </div>
   <div class='ocr_carea' id='block_1_15' title="bbox 135 1381 1796 1455">
    <p class='ocr_par' dir='ltr' id='par_1_15' title="bbox 135 1381 1796 1455">
     <span class='ocr_line' id='line_1_15' title="bbox 135 1381 1796 1455; baseline -0.003 -14"><span class='ocrx_word' id='word_1_103' title='bbox 135 1390 212 1442; x_wconf 86' lang='lat' dir='ltr'><strong>est</strong></span> <span class='ocrx_word' id='word_1_104' title='bbox 240 1387 497 1455; x_wconf 82' lang='lat' dir='ltr'><strong>potestas</strong></span> <span class='ocrx_word' id='word_1_105' title='bbox 528 1382 599 1437; x_wconf 87' lang='lat' dir='ltr'><strong>ad</strong></span> <span class='ocrx_word' id='word_1_106' title='bbox 632 1381 981 1452; x_wconf 83' lang='lat' dir='ltr'><strong>exigendum</strong></span> <span class='ocrx_word' id='word_1_107' title='bbox 1013 1382 1321 1437; x_wconf 91' lang='lat' dir='ltr'><strong>tributum.</strong></span> <span class='ocrx_word' id='word_1_108' title='bbox 1356 1381 1441 1437; x_wconf 90' lang='lat' dir='ltr'><strong>Un</strong></span> <span class='ocrx_word' id='word_1_109' title='bbox 1475 1382 1548 1437; x_wconf 87' lang='lat' dir='ltr'><strong>de</strong></span> <span class='ocrx_word' id='word_1_110' title='bbox 1607 1387 1663 1436; x_wconf 90' lang='lat' dir='ltr'><strong>et</strong></span> <span class='ocrx_word' id='word_1_111' title='bbox 1694 1397 1796 1452; x_wconf 83' lang='lat' dir='ltr'><strong>ge-</strong></span> 
     </span>
    </p>
   </div>
   <div class='ocr_carea' id='block_1_16' title="bbox 136 1470 1797 1541">
    <p class='ocr_par' dir='ltr' id='par_1_16' title="bbox 136 1470 1797 1541">
     <span class='ocr_line' id='line_1_16' title="bbox 136 1470 1797 1541; baseline -0.002 -12"><span class='ocrx_word' id='word_1_112' title='bbox 136 1472 396 1529; x_wconf 82' lang='lat' dir='ltr'><strong>neraliter</strong></span> <span class='ocrx_word' id='word_1_113' title='bbox 427 1487 527 1527; x_wconf 88' lang='lat' dir='ltr'><strong>eos</strong></span> <span class='ocrx_word' id='word_1_114' title='bbox 560 1470 894 1536; x_wconf 82' lang='lat' dir='ltr'><strong>exhortans,</strong></span> <span class='ocrx_word' id='word_1_115' title='bbox 927 1471 1215 1541; x_wconf 85' lang='lat' dir='ltr'><strong>subjecit:</strong></span> <span class='ocrx_word' id='word_1_116' title='bbox 1249 1472 1449 1527; x_wconf 68' lang='lat' dir='ltr'><strong>Reddit.</strong></span> <span class='ocrx_word' id='word_1_117' title='bbox 1478 1489 1496 1526; x_wconf 69' lang='grc' dir='ltr'>ε</span> <span class='ocrx_word' id='word_1_118' title='bbox 1524 1489 1651 1541; x_wconf 87' lang='lat' dir='ltr'><strong>ergo</strong></span> <span class='ocrx_word' id='word_1_119' title='bbox 1681 1488 1797 1527; x_wconf 83' lang='lat' dir='ltr'><strong>om-</strong></span> 
     </span>
    </p>
   </div>
   <div class='ocr_carea' id='block_1_17' title="bbox 136 1560 1793 1631">
    <p class='ocr_par' dir='ltr' id='par_1_17' title="bbox 136 1560 1793 1631">
     <span class='ocr_line' id='line_1_17' title="bbox 136 1560 1793 1631; baseline -0.001 -14"><span class='ocrx_word' id='word_1_120' title='bbox 136 1564 277 1617; x_wconf 83' lang='lat' dir='ltr'><strong>nibus</strong></span> <span class='ocrx_word' id='word_1_121' title='bbox 308 1560 495 1615; x_wconf 86' lang='lat' dir='ltr'><strong>debita</strong></span> <span class='ocrx_word' id='word_1_122' title='bbox 512 1577 536 1624; x_wconf 87' lang='lat'><strong><em>;</em></strong></span> <span class='ocrx_word' id='word_1_123' title='bbox 566 1560 713 1631; x_wconf 75' lang='lat'>(438)</span> <span class='ocrx_word' id='word_1_124' title='bbox 746 1562 840 1615; x_wconf 87' lang='lat' dir='ltr'><strong>cui</strong></span> <span class='ocrx_word' id='word_1_125' title='bbox 868 1561 1153 1627; x_wconf 85' lang='lat' dir='ltr'><strong>tributum,</strong></span> <span class='ocrx_word' id='word_1_126' title='bbox 1186 1561 1454 1616; x_wconf 83' lang='lat' dir='ltr'><strong>tributum</strong></span> <span class='ocrx_word' id='word_1_127' title='bbox 1478 1583 1525 1620; x_wconf 73' lang='grc' dir='ltr'><strong>ιε</strong></span> <span class='ocrx_word' id='word_1_128' title='bbox 1557 1563 1647 1615; x_wconf 87' lang='lat' dir='ltr'><strong>cui</strong></span> <span class='ocrx_word' id='word_1_129' title='bbox 1676 1577 1793 1616; x_wconf 89' lang='lat' dir='ltr'><strong>vec-</strong></span> 
     </span>
    </p>
   </div>
   <div class='ocr_carea' id='block_1_18' title="bbox 138 1649 1799 1720">
    <p class='ocr_par' dir='ltr' id='par_1_18' title="bbox 138 1649 1799 1720">
     <span class='ocr_line' id='line_1_18' title="bbox 138 1649 1799 1720; baseline -0.001 -14"><span class='ocrx_word' id='word_1_130' title='bbox 138 1651 277 1720; x_wconf 88' lang='lat' dir='ltr'><strong>tigal,</strong></span> <span class='ocrx_word' id='word_1_131' title='bbox 304 1650 557 1718; x_wconf 80' lang='lat' dir='ltr'><strong>vectigal.</strong></span> <span class='ocrx_word' id='word_1_132' title='bbox 590 1650 921 1717; x_wconf 88' lang='lat' dir='ltr'><strong>Tributum,</strong></span> <span class='ocrx_word' id='word_1_133' title='bbox 957 1653 1020 1704; x_wconf 92' lang='lat' dir='ltr'><strong>ut</strong></span> <span class='ocrx_word' id='word_1_134' title='bbox 1049 1649 1290 1720; x_wconf 86' lang='lat' dir='ltr'><strong>quidam</strong></span> <span class='ocrx_word' id='word_1_135' title='bbox 1340 1650 1448 1706; x_wconf 73' lang='lat' dir='ltr'><strong>V0]!</strong></span> <span class='ocrx_word' id='word_1_136' title='bbox 1475 1655 1590 1720; x_wconf 76' lang='lat' dir='ltr'><strong>Jnt,</strong></span> <span class='ocrx_word' id='word_1_137' title='bbox 1626 1668 1659 1705; x_wconf 89' lang='lat' dir='ltr'><strong>a</strong></span> <span class='ocrx_word' id='word_1_138' title='bbox 1690 1652 1799 1705; x_wconf 81' lang='lat' dir='ltr'><strong>tri-</strong></span> 
     </span>
    </p>
   </div>
   <div class='ocr_carea' id='block_1_19' title="bbox 138 1738 1801 1811">
    <p class='ocr_par' dir='ltr' id='par_1_19' title="bbox 138 1738 1801 1811">
     <span class='ocr_line' id='line_1_19' title="bbox 138 1738 1801 1811; baseline -0.001 -16"><span class='ocrx_word' id='word_1_139' title='bbox 138 1739 334 1795; x_wconf 84' lang='lat' dir='ltr'><strong>buendo</strong></span> <span class='ocrx_word' id='word_1_140' title='bbox 364 1738 600 1794; x_wconf 89' lang='lat' dir='ltr'><strong>dicitur.</strong></span> <span class='ocrx_word' id='word_1_141' title='bbox 634 1738 734 1794; x_wconf 89' lang='lat' dir='ltr'><strong>Est</strong></span> <span class='ocrx_word' id='word_1_142' title='bbox 759 1738 916 1793; x_wconf 90' lang='lat' dir='ltr'><strong>enim</strong></span> <span class='ocrx_word' id='word_1_143' title='bbox 966 1754 1199 1809; x_wconf 89' lang='lat' dir='ltr'><strong>census,</strong></span> <span class='ocrx_word' id='word_1_144' title='bbox 1232 1743 1333 1794; x_wconf 89' lang='lat' dir='ltr'><strong>aut</strong></span> <span class='ocrx_word' id='word_1_145' title='bbox 1371 1755 1444 1794; x_wconf 64' lang='lat' dir='ltr'><strong>re:</strong></span> <span class='ocrx_word' id='word_1_146' title='bbox 1476 1740 1664 1795; x_wconf 82' lang='lat' dir='ltr'><strong>iditus</strong></span> <span class='ocrx_word' id='word_1_147' title='bbox 1698 1740 1801 1811; x_wconf 88' lang='lat' dir='ltr'><strong>qui</strong></span> 
     </span>
    </p>
   </div>
   <div class='ocr_carea' id='block_1_20' title="bbox 142 1826 1801 1900">
    <p class='ocr_par' dir='ltr' id='par_1_20' title="bbox 142 1826 1801 1900">
     <span class='ocr_line' id='line_1_20' title="bbox 142 1826 1801 1900; baseline -0.002 -16"><span class='ocrx_word' id='word_1_148' title='bbox 142 1828 379 1900; x_wconf 77' lang='lat' dir='ltr'><strong>exigitur</strong></span> <span class='ocrx_word' id='word_1_149' title='bbox 408 1844 442 1883; x_wconf 85' lang='lat' dir='ltr'><strong>a</strong></span> <span class='ocrx_word' id='word_1_150' title='bbox 474 1826 818 1893; x_wconf 89' lang='lat' dir='ltr'><strong>colonis,vel</strong></span> <span class='ocrx_word' id='word_1_151' title='bbox 841 1827 1149 1883; x_wconf 89' lang='lat' dir='ltr'><strong>territoriis</strong></span> <span class='ocrx_word' id='word_1_152' title='bbox 1175 1852 1189 1895; x_wconf 88' lang='lat'><strong>;</strong></span> <span class='ocrx_word' id='word_1_153' title='bbox 1224 1843 1421 1883; x_wconf 82' lang='lat' dir='ltr'><strong>revera</strong></span> <span class='ocrx_word' id='word_1_154' title='bbox 1480 1834 1674 1885; x_wconf 85' lang='lat' dir='ltr'><strong>autem</strong></span> <span class='ocrx_word' id='word_1_155' title='bbox 1697 1828 1801 1883; x_wconf 89' lang='lat' dir='ltr'><strong>tri-</strong></span> 
     </span>
    </p>
   </div>
   <div class='ocr_carea' id='block_1_21' title="bbox 140 1914 1803 1986">
    <p class='ocr_par' dir='ltr' id='par_1_21' title="bbox 140 1914 1803 1986">
     <span class='ocr_line' id='line_1_21' title="bbox 140 1914 1803 1986; baseline -0.001 -15"><span class='ocrx_word' id='word_1_156' title='bbox 140 1918 332 1971; x_wconf 87' lang='lat' dir='ltr'><strong>butum</strong></span> <span class='ocrx_word' id='word_1_157' title='bbox 349 1933 381 1970; x_wconf 85' lang='grc' dir='ltr'><em>α</em></span> <span class='ocrx_word' id='word_1_158' title='bbox 395 1914 643 1970; x_wconf 82' lang='lat' dir='ltr'><strong>tribubus</strong></span> <span class='ocrx_word' id='word_1_159' title='bbox 665 1914 899 1969; x_wconf 87' lang='lat' dir='ltr'><strong>dicitur.</strong></span> <span class='ocrx_word' id='word_1_160' title='bbox 918 1915 1163 1969; x_wconf 84' lang='lat' dir='ltr'><strong>Romani</strong></span> <span class='ocrx_word' id='word_1_161' title='bbox 1178 1914 1449 1986; x_wconf 86' lang='lat' dir='ltr'><strong>siquiden</strong></span> <span class='ocrx_word' id='word_1_162' title='bbox 1476 1933 1497 1971; x_wconf 68' lang='grc' dir='ltr'><strong><em>λ</em></strong></span> <span class='ocrx_word' id='word_1_163' title='bbox 1514 1917 1803 1971; x_wconf 90' lang='lat' dir='ltr'><strong>mundum</strong></span> 
     </span>
    </p>
   </div>
   <div class='ocr_carea' id='block_1_22' title="bbox 142 2003 1804 2077">
    <p class='ocr_par' dir='ltr' id='par_1_22' title="bbox 142 2003 1804 2077">
     <span class='ocr_line' id='line_1_22' title="bbox 142 2003 1804 2077; baseline 0 -17"><span class='ocrx_word' id='word_1_164' title='bbox 142 2006 317 2061; x_wconf 80' lang='lat' dir='ltr'><strong>intres</strong></span> <span class='ocrx_word' id='word_1_165' title='bbox 337 2007 531 2077; x_wconf 87' lang='lat' dir='ltr'><strong>partes</strong></span> <span class='ocrx_word' id='word_1_166' title='bbox 547 2003 1374 2071; x_wconf 86' lang='lat' dir='ltr'><strong>diviserunt,Asiam,Africam</strong></span> <span class='ocrx_word' id='word_1_167' title='bbox 1390 2010 1438 2059; x_wconf 80' lang='lat' dir='ltr'><strong>et</strong></span> <span class='ocrx_word' id='word_1_168' title='bbox 1465 2010 1804 2077; x_wconf 71' lang='lat' dir='ltr'><strong>:Europam,</strong></span> 
     </span>
    </p>
   </div>
   <div class='ocr_carea' id='block_1_23' title="bbox 144 2093 1808 2167">
    <p class='ocr_par' dir='ltr' id='par_1_23' title="bbox 144 2093 1808 2167">
     <span class='ocr_line' id='line_1_23' title="bbox 144 2093 1808 2167; baseline 0.001 -20"><span class='ocrx_word' id='word_1_169' title='bbox 144 2095 345 2165; x_wconf 87' lang='lat' dir='ltr'><strong>quibus</strong></span> <span class='ocrx_word' id='word_1_170' title='bbox 364 2093 461 2165; x_wconf 91' lang='lat' dir='ltr'><strong>qui</strong></span> <span class='ocrx_word' id='word_1_171' title='bbox 486 2096 769 2164; x_wconf 71' lang='lat' dir='ltr'><strong>praeerant</strong></span> <span class='ocrx_word' id='word_1_172' title='bbox 791 2093 1009 2147; x_wconf 89' lang='lat' dir='ltr'><strong>tribuni</strong></span> <span class='ocrx_word' id='word_1_173' title='bbox 1032 2094 1411 2164; x_wconf 80' lang='lat' dir='ltr'><strong>vocabantur,</strong></span> <span class='ocrx_word' id='word_1_174' title='bbox 1466 2100 1523 2149; x_wconf 87' lang='lat' dir='ltr'><strong>et</strong></span> <span class='ocrx_word' id='word_1_175' title='bbox 1544 2095 1643 2167; x_wconf 91' lang='lat' dir='ltr'><strong>qui</strong></span> <span class='ocrx_word' id='word_1_176' title='bbox 1677 2112 1808 2150; x_wconf 87' lang='lat' dir='ltr'><strong>cen-</strong></span> 
     </span>
    </p>
   </div>
   <div class='ocr_carea' id='block_1_24' title="bbox 147 2181 1810 2255">
    <p class='ocr_par' dir='ltr' id='par_1_24' title="bbox 147 2181 1810 2255">
     <span class='ocr_line' id='line_1_24' title="bbox 147 2181 1810 2255; baseline 0.001 -18"><span class='ocrx_word' id='word_1_177' title='bbox 147 2198 261 2237; x_wconf 84' lang='lat' dir='ltr'><strong>sum</strong></span> <span class='ocrx_word' id='word_1_178' title='bbox 299 2181 626 2248; x_wconf 86' lang='lat' dir='ltr'><strong>solvebant,</strong></span> <span class='ocrx_word' id='word_1_179' title='bbox 661 2182 976 2236; x_wconf 86' lang='lat' dir='ltr'><strong>tributarii.</strong></span> <span class='ocrx_word' id='word_1_180' title='bbox 1010 2181 1437 2255; x_wconf 73' lang='lat' dir='ltr'><strong>Vectigalaute)</strong></span> <span class='ocrx_word' id='word_1_181' title='bbox 1467 2185 1810 2239; x_wconf 77' lang='lat' dir='ltr'><strong>:navehendo</strong></span> 
     </span>
    </p>
   </div>
   <div class='ocr_carea' id='block_1_25' title="bbox 155 2270 1808 2338">
    <p class='ocr_par' dir='ltr' id='par_1_25' title="bbox 155 2270 1808 2338">
     <span class='ocr_line' id='line_1_25' title="bbox 155 2270 1808 2338; baseline 0.002 -13"><span class='ocrx_word' id='word_1_182' title='bbox 155 2271 350 2327; x_wconf 83' lang='lat' dir='ltr'><strong>dictum</strong></span> <span class='ocrx_word' id='word_1_183' title='bbox 373 2277 459 2325; x_wconf 89' lang='lat' dir='ltr'><strong>est</strong></span> <span class='ocrx_word' id='word_1_184' title='bbox 489 2288 503 2338; x_wconf 89' lang='lat'><strong>;</strong></span> <span class='ocrx_word' id='word_1_185' title='bbox 544 2275 631 2325; x_wconf 90' lang='lat' dir='ltr'><strong>est</strong></span> <span class='ocrx_word' id='word_1_186' title='bbox 647 2270 799 2325; x_wconf 89' lang='lat' dir='ltr'><strong>enim</strong></span> <span class='ocrx_word' id='word_1_187' title='bbox 826 2288 1035 2326; x_wconf 88' lang='lat' dir='ltr'><strong>census</strong></span> <span class='ocrx_word' id='word_1_188' title='bbox 1060 2271 1295 2327; x_wconf 83' lang='lat' dir='ltr'><strong>ﬁscalis.</strong></span> <span class='ocrx_word' id='word_1_189' title='bbox 1330 2273 1397 2327; x_wconf 90' lang='lat' dir='ltr'><strong>Et</strong></span> <span class='ocrx_word' id='word_1_190' title='bbox 1418 2291 1438 2328; x_wconf 76' lang='grc' dir='ltr'>ε</span> <span class='ocrx_word' id='word_1_191' title='bbox 1468 2280 1536 2328; x_wconf 65' lang='lat' dir='ltr'><strong>ist</strong></span> <span class='ocrx_word' id='word_1_192' title='bbox 1565 2291 1808 2330; x_wconf 88' lang='lat' dir='ltr'><strong>sensus:</strong></span> 
     </span>
    </p>
   </div>
   <div class='ocr_carea' id='block_1_26' title="bbox 144 2360 1813 2431">
    <p class='ocr_par' dir='ltr' id='par_1_26' title="bbox 144 2360 1813 2431">
     <span class='ocr_line' id='line_1_26' title="bbox 144 2360 1813 2431; baseline 0.002 -17"><span class='ocrx_word' id='word_1_193' title='bbox 144 2360 298 2430; x_wconf 80' lang='lat' dir='ltr'><strong>juxta</strong></span> <span class='ocrx_word' id='word_1_194' title='bbox 312 2360 605 2431; x_wconf 90' lang='lat' dir='ltr'><strong>propriam</strong></span> <span class='ocrx_word' id='word_1_195' title='bbox 630 2360 975 2430; x_wconf 88' lang='lat' dir='ltr'><strong>dignitatem</strong></span> <span class='ocrx_word' id='word_1_196' title='bbox 991 2362 1265 2416; x_wconf 90' lang='lat' dir='ltr'><strong>omnibus</strong></span> <span class='ocrx_word' id='word_1_197' title='bbox 1288 2362 1435 2416; x_wconf 73' lang='lat' dir='ltr'><strong>debii</strong></span> <span class='ocrx_word' id='word_1_198' title='bbox 1460 2380 1512 2418; x_wconf 76' lang='lat' dir='ltr'><strong>ta</strong></span> <span class='ocrx_word' id='word_1_199' title='bbox 1532 2364 1813 2419; x_wconf 80' lang='lat' dir='ltr'><strong>solvitezsi</strong></span> 
     </span>
    </p>
   </div>
   <div class='ocr_carea' id='block_1_27' title="bbox 144 2448 1812 2523">
    <p class='ocr_par' dir='ltr' id='par_1_27' title="bbox 144 2448 1812 2523">
     <span class='ocr_line' id='line_1_27' title="bbox 144 2448 1812 2523; baseline 0.004 -22"><span class='ocrx_word' id='word_1_200' title='bbox 144 2448 446 2520; x_wconf 85' lang='lat' dir='ltr'><strong>imperator</strong></span> <span class='ocrx_word' id='word_1_201' title='bbox 476 2452 585 2516; x_wconf 90' lang='lat' dir='ltr'><strong>est,</strong></span> <span class='ocrx_word' id='word_1_202' title='bbox 610 2448 658 2503; x_wconf 88' lang='lat' dir='ltr'><strong>si</strong></span> <span class='ocrx_word' id='word_1_203' title='bbox 684 2465 782 2517; x_wconf 65' lang='lat' dir='ltr'><strong>rex</strong></span> <span class='ocrx_word' id='word_1_204' title='bbox 804 2452 912 2518; x_wconf 88' lang='lat' dir='ltr'><strong>est,</strong></span> <span class='ocrx_word' id='word_1_205' title='bbox 933 2449 980 2503; x_wconf 90' lang='lat' dir='ltr'><strong>si</strong></span> <span class='ocrx_word' id='word_1_206' title='bbox 1006 2449 1294 2520; x_wconf 89' lang='lat' dir='ltr'><strong>princeps,</strong></span> <span class='ocrx_word' id='word_1_207' title='bbox 1320 2452 1369 2505; x_wconf 88' lang='lat' dir='ltr'><strong>si</strong></span> <span class='ocrx_word' id='word_1_208' title='bbox 1396 2470 1427 2505; x_wconf 88' lang='lat' dir='ltr'><strong>n</strong></span> <span class='ocrx_word' id='word_1_209' title='bbox 1462 2452 1727 2523; x_wconf 64' lang='lat' dir='ltr'><strong>magister,</strong></span> <span class='ocrx_word' id='word_1_210' title='bbox 1762 2452 1812 2507; x_wconf 90' lang='lat' dir='ltr'><strong>si</strong></span> 
     </span>
    </p>
   </div>
   <div class='ocr_carea' id='block_1_28' title="bbox 140 2536 1813 2610">
    <p class='ocr_par' dir='ltr' id='par_1_28' title="bbox 140 2536 1813 2610">
     <span class='ocr_line' id='line_1_28' title="bbox 140 2536 1813 2610; baseline 0.002 -19"><span class='ocrx_word' id='word_1_211' title='bbox 140 2537 424 2604; x_wconf 90' lang='lat' dir='ltr'><strong>dominus,</strong></span> <span class='ocrx_word' id='word_1_212' title='bbox 451 2537 497 2591; x_wconf 89' lang='lat' dir='ltr'><strong>si</strong></span> <span class='ocrx_word' id='word_1_213' title='bbox 524 2546 704 2608; x_wconf 89' lang='lat' dir='ltr'><strong>paler,</strong></span> <span class='ocrx_word' id='word_1_214' title='bbox 731 2536 817 2591; x_wconf 87' lang='lat' dir='ltr'><strong>vel</strong></span> <span class='ocrx_word' id='word_1_215' title='bbox 845 2537 1130 2609; x_wconf 89' lang='lat' dir='ltr'><strong>quidquid</strong></span> <span class='ocrx_word' id='word_1_216' title='bbox 1164 2538 1430 2610; x_wconf 80' lang='lat' dir='ltr'><strong>hujusmc</strong></span> <span class='ocrx_word' id='word_1_217' title='bbox 1464 2540 1535 2594; x_wconf 63' lang='lat' dir='ltr'><strong>idi</strong></span> <span class='ocrx_word' id='word_1_218' title='bbox 1565 2558 1576 2595; x_wconf 92' lang='lat'><strong>:</strong></span> <span class='ocrx_word' id='word_1_219' title='bbox 1612 2541 1668 2595; x_wconf 91' lang='lat' dir='ltr'><strong>id</strong></span> <span class='ocrx_word' id='word_1_220' title='bbox 1702 2546 1813 2606; x_wconf 90' lang='lat' dir='ltr'><strong>est,</strong></span> 
     </span>
    </p>
   </div>
   <div class='ocr_carea' id='block_1_29' title="bbox 134 2623 1811 2699">
    <p class='ocr_par' dir='ltr' id='par_1_29' title="bbox 134 2623 1811 2699">
     <span class='ocr_line' id='line_1_29' title="bbox 134 2623 1811 2699; baseline 0.005 -22"><span class='ocrx_word' id='word_1_221' title='bbox 134 2623 603 2696; x_wconf 82' lang='lat' dir='ltr'><strong>imperatoribus,</strong></span> <span class='ocrx_word' id='word_1_222' title='bbox 628 2626 885 2697; x_wconf 88' lang='lat' dir='ltr'><strong>regibus,</strong></span> <span class='ocrx_word' id='word_1_223' title='bbox 910 2626 1296 2699; x_wconf 88' lang='lat' dir='ltr'><strong>principibus,</strong></span> <span class='ocrx_word' id='word_1_224' title='bbox 1321 2629 1433 2685; x_wconf 86' lang='lat' dir='ltr'><strong>trib</strong></span> <span class='ocrx_word' id='word_1_225' title='bbox 1471 2634 1575 2685; x_wconf 88' lang='lat' dir='ltr'><strong>uta</strong></span> <span class='ocrx_word' id='word_1_226' title='bbox 1598 2634 1655 2685; x_wconf 88' lang='lat' dir='ltr'><strong>et</strong></span> <span class='ocrx_word' id='word_1_227' title='bbox 1685 2648 1811 2686; x_wconf 86' lang='lat' dir='ltr'><strong>vec-</strong></span> 
     </span>
    </p>
   </div>
   <div class='ocr_carea' id='block_1_30' title="bbox 137 2714 1812 2786">
    <p class='ocr_par' dir='ltr' id='par_1_30' title="bbox 137 2714 1812 2786">
     <span class='ocr_line' id='line_1_30' title="bbox 137 2714 1812 2786; baseline 0.005 -20"><span class='ocrx_word' id='word_1_228' title='bbox 137 2714 373 2786; x_wconf 83' lang='lat' dir='ltr'><strong>tigalia;</strong></span> <span class='ocrx_word' id='word_1_229' title='bbox 408 2714 689 2785; x_wconf 88' lang='lat' dir='ltr'><strong>magistro</strong></span> <span class='ocrx_word' id='word_1_230' title='bbox 724 2719 778 2769; x_wconf 87' lang='lat' dir='ltr'><strong>et</strong></span> <span class='ocrx_word' id='word_1_231' title='bbox 798 2715 969 2786; x_wconf 90' lang='lat' dir='ltr'><strong>patri,</strong></span> <span class='ocrx_word' id='word_1_232' title='bbox 999 2715 1281 2771; x_wconf 89' lang='lat' dir='ltr'><strong>honorem</strong></span> <span class='ocrx_word' id='word_1_233' title='bbox 1306 2735 1319 2784; x_wconf 91' lang='lat'><strong>;</strong></span> <span class='ocrx_word' id='word_1_234' title='bbox 1344 2718 1435 2772; x_wconf 68' lang='lat' dir='ltr'><strong>do:</strong></span> <span class='ocrx_word' id='word_1_235' title='bbox 1470 2719 1614 2773; x_wconf 87' lang='lat' dir='ltr'><strong>nino</strong></span> <span class='ocrx_word' id='word_1_236' title='bbox 1642 2719 1812 2774; x_wconf 86' lang='lat' dir='ltr'><strong>timo-</strong></span> 
     </span>
    </p>
   </div>
   <div class='ocr_carea' id='block_1_31' title="bbox 132 2802 1812 2875">
    <p class='ocr_par' dir='ltr' id='par_1_31' title="bbox 132 2802 1812 2875">
     <span class='ocr_line' id='line_1_31' title="bbox 132 2802 1812 2875; baseline 0.004 -19"><span class='ocrx_word' id='word_1_237' title='bbox 132 2818 269 2858; x_wconf 87' lang='lat' dir='ltr'><strong>rem.</strong></span> <span class='ocrx_word' id='word_1_238' title='bbox 308 2804 385 2858; x_wconf 83' lang='lat' dir='ltr'><strong>Et</strong></span> <span class='ocrx_word' id='word_1_239' title='bbox 416 2802 524 2857; x_wconf 90' lang='lat' dir='ltr'><strong>hoc</strong></span> <span class='ocrx_word' id='word_1_240' title='bbox 555 2807 644 2857; x_wconf 88' lang='lat' dir='ltr'><strong>est</strong></span> <span class='ocrx_word' id='word_1_241' title='bbox 674 2804 828 2873; x_wconf 90' lang='lat' dir='ltr'><strong>quod</strong></span> <span class='ocrx_word' id='word_1_242' title='bbox 860 2804 1168 2858; x_wconf 89' lang='lat' dir='ltr'><strong>subditur:</strong></span> <span class='ocrx_word' id='word_1_243' title='bbox 1202 2807 1306 2859; x_wconf 81' lang='lat' dir='ltr'><strong>Cui</strong></span> <span class='ocrx_word' id='word_1_244' title='bbox 1336 2808 1431 2861; x_wconf 88' lang='lat' dir='ltr'><strong>tim</strong></span> <span class='ocrx_word' id='word_1_245' title='bbox 1474 2810 1812 2875; x_wconf 89' lang='lat' dir='ltr'><strong>orem,timo-</strong></span> 
     </span>
    </p>
   </div>
   <div class='ocr_carea' id='block_1_32' title="bbox 127 2890 1818 2965">
    <p class='ocr_par' dir='ltr' id='par_1_32' title="bbox 127 2890 1818 2965">
     <span class='ocr_line' id='line_1_32' title="bbox 127 2890 1818 2965; baseline 0.004 -21"><span class='ocrx_word' id='word_1_246' title='bbox 127 2907 235 2947; x_wconf 86' lang='lat' dir='ltr'><strong>rem</strong></span> <span class='ocrx_word' id='word_1_247' title='bbox 262 2909 284 2954; x_wconf 82' lang='lat'><strong>,°</strong></span> <span class='ocrx_word' id='word_1_248' title='bbox 319 2892 416 2946; x_wconf 87' lang='lat' dir='ltr'><strong>cui</strong></span> <span class='ocrx_word' id='word_1_249' title='bbox 446 2890 724 2959; x_wconf 81' lang='lat' dir='ltr'><strong>honorem,</strong></span> <span class='ocrx_word' id='word_1_250' title='bbox 757 2892 1034 2946; x_wconf 81' lang='lat' dir='ltr'><strong>honorem.</strong></span> <span class='ocrx_word' id='word_1_251' title='bbox 1067 2892 1177 2947; x_wconf 90' lang='lat' dir='ltr'><strong>Sed</strong></span> <span class='ocrx_word' id='word_1_252' title='bbox 1213 2894 1349 2964; x_wconf 90' lang='lat' dir='ltr'><strong>quia</strong></span> <span class='ocrx_word' id='word_1_253' title='bbox 1387 2894 1442 2949; x_wconf 93' lang='lat' dir='ltr'><strong>lo</strong></span> <span class='ocrx_word' id='word_1_254' title='bbox 1480 2911 1661 2965; x_wconf 87' lang='lat' dir='ltr'><strong>ngum</strong></span> <span class='ocrx_word' id='word_1_255' title='bbox 1696 2901 1818 2951; x_wconf 87' lang='lat' dir='ltr'><strong>erat</strong></span> 
     </span>
    </p>
   </div>
   <div class='ocr_carea' id='block_1_33' title="bbox 126 2978 1820 3051">
    <p class='ocr_par' dir='ltr' id='par_1_33' title="bbox 126 2978 1820 3051">
     <span class='ocr_line' id='line_1_33' title="bbox 126 2978 1820 3051; baseline 0.002 -16"><span class='ocrx_word' id='word_1_256' title='bbox 126 2997 224 3051; x_wconf 92' lang='lat' dir='ltr'><strong>per</strong></span> <span class='ocrx_word' id='word_1_257' title='bbox 256 2978 504 3051; x_wconf 86' lang='lat' dir='ltr'><strong>singula</strong></span> <span class='ocrx_word' id='word_1_258' title='bbox 526 2995 893 3047; x_wconf 87' lang='lat' dir='ltr'><strong>enumerare,</strong></span> <span class='ocrx_word' id='word_1_259' title='bbox 945 2979 1071 3033; x_wconf 91' lang='lat' dir='ltr'><strong>ideo</strong></span> <span class='ocrx_word' id='word_1_260' title='bbox 1119 2982 1437 3051; x_wconf 88' lang='lat' dir='ltr'><strong>generalite</strong></span> <span class='ocrx_word' id='word_1_261' title='bbox 1479 2999 1504 3036; x_wconf 89' lang='lat' dir='ltr'><strong>r</strong></span> <span class='ocrx_word' id='word_1_262' title='bbox 1549 2984 1820 3039; x_wconf 87' lang='lat' dir='ltr'><strong>universa</strong></span> 
     </span>
    </p>
   </div>
   <div class='ocr_carea' id='block_1_34' title="bbox 1897 575 3533 647">
    <p class='ocr_par' dir='ltr' id='par_1_34' title="bbox 1897 575 3533 647">
     <span class='ocr_line' id='line_1_34' title="bbox 1897 575 3533 647; baseline 0.003 -17"><span class='ocrx_word' id='word_1_263' title='bbox 1897 575 2195 630; x_wconf 89' lang='lat' dir='ltr'><strong>subdidit:</strong></span> <span class='ocrx_word' id='word_1_264' title='bbox 2234 577 2294 629; x_wconf 85' lang='lat' dir='ltr'><strong>Et</strong></span> <span class='ocrx_word' id='word_1_265' title='bbox 2316 577 2367 630; x_wconf 96' lang='lat' dir='ltr'><strong>si</strong></span> <span class='ocrx_word' id='word_1_266' title='bbox 2395 576 2535 646; x_wconf 89' lang='lat' dir='ltr'><strong>quod</strong></span> <span class='ocrx_word' id='word_1_267' title='bbox 2564 583 2642 630; x_wconf 86' lang='lat' dir='ltr'><strong>est</strong></span> <span class='ocrx_word' id='word_1_268' title='bbox 2692 575 2848 630; x_wconf 86' lang='lat' dir='ltr'><strong>aliud</strong></span> <span class='ocrx_word' id='word_1_269' title='bbox 2877 578 3204 631; x_wconf 86' lang='lat' dir='ltr'><strong>mandatum</strong></span> <span class='ocrx_word' id='word_1_270' title='bbox 3230 578 3533 647; x_wconf 87' lang='lat' dir='ltr'><strong>(subaudi-</strong></span> 
     </span>
    </p>
   </div>
   <div class='ocr_carea' id='block_1_35' title="bbox 1898 664 3542 736">
    <p class='ocr_par' dir='ltr' id='par_1_35' title="bbox 1898 664 3542 736">
     <span class='ocr_line' id='line_1_35' title="bbox 1898 664 3542 736; baseline 0.004 -17"><span class='ocrx_word' id='word_1_271' title='bbox 1898 669 2012 730; x_wconf 86' lang='lat' dir='ltr'><strong>tur,</strong></span> <span class='ocrx_word' id='word_1_272' title='bbox 2048 665 2115 718; x_wconf 91' lang='lat' dir='ltr'><strong>ad</strong></span> <span class='ocrx_word' id='word_1_273' title='bbox 2140 664 2508 719; x_wconf 85' lang='lat' dir='ltr'><strong>dilectionem</strong></span> <span class='ocrx_word' id='word_1_274' title='bbox 2536 664 2783 736; x_wconf 85' lang='lat' dir='ltr'><strong>proximi</strong></span> <span class='ocrx_word' id='word_1_275' title='bbox 2812 665 3151 736; x_wconf 88' lang='lat' dir='ltr'><strong>pertinens),</strong></span> <span class='ocrx_word' id='word_1_276' title='bbox 3178 668 3237 721; x_wconf 86' lang='lat' dir='ltr'><strong>in</strong></span> <span class='ocrx_word' id='word_1_277' title='bbox 3258 667 3359 722; x_wconf 89' lang='lat' dir='ltr'><strong>hoc</strong></span> <span class='ocrx_word' id='word_1_278' title='bbox 3381 669 3542 725; x_wconf 87' lang='lat' dir='ltr'><strong>verbo</strong></span> 
     </span>
    </p>
   </div>
   <div class='ocr_carea' id='block_1_36' title="bbox 1898 753 3539 826">
    <p class='ocr_par' dir='ltr' id='par_1_36' title="bbox 1898 753 3539 826">
     <span class='ocr_line' id='line_1_36' title="bbox 1898 753 3539 826; baseline 0.003 -19"><span class='ocrx_word' id='word_1_279' title='bbox 1898 755 2261 824; x_wconf 87' lang='lat' dir='ltr'><strong>instauratur,</strong></span> <span class='ocrx_word' id='word_1_280' title='bbox 2296 753 2352 807; x_wconf 91' lang='lat' dir='ltr'><strong>id</strong></span> <span class='ocrx_word' id='word_1_281' title='bbox 2386 760 2492 823; x_wconf 89' lang='lat' dir='ltr'><strong>est,</strong></span> <span class='ocrx_word' id='word_1_282' title='bbox 2528 754 2586 807; x_wconf 90' lang='lat' dir='ltr'><strong>in</strong></span> <span class='ocrx_word' id='word_1_283' title='bbox 2644 756 2816 809; x_wconf 88' lang='lat' dir='ltr'><strong>verbo</strong></span> <span class='ocrx_word' id='word_1_284' title='bbox 2874 754 3201 811; x_wconf 87' lang='lat' dir='ltr'><strong>dilectionis</strong></span> <span class='ocrx_word' id='word_1_285' title='bbox 3242 756 3539 826; x_wconf 89' lang='lat' dir='ltr'><strong>impletur.</strong></span> 
     </span>
    </p>
   </div>
   <div class='ocr_carea' id='block_1_37' title="bbox 1900 842 3541 913">
    <p class='ocr_par' dir='ltr' id='par_1_37' title="bbox 1900 842 3541 913">
     <span class='ocr_line' id='line_1_37' title="bbox 1900 842 3541 913; baseline 0.002 -16"><span class='ocrx_word' id='word_1_286' title='bbox 1900 842 2062 897; x_wconf 90' lang='lat' dir='ltr'><strong>Unde</strong></span> <span class='ocrx_word' id='word_1_287' title='bbox 2090 847 2145 897; x_wconf 90' lang='lat' dir='ltr'><strong>et</strong></span> <span class='ocrx_word' id='word_1_288' title='bbox 2178 842 2452 897; x_wconf 89' lang='lat' dir='ltr'><strong>continuo</strong></span> <span class='ocrx_word' id='word_1_289' title='bbox 2512 842 2708 913; x_wconf 89' lang='lat' dir='ltr'><strong>ipsum</strong></span> <span class='ocrx_word' id='word_1_290' title='bbox 2755 844 2995 898; x_wconf 88' lang='lat' dir='ltr'><strong>verbum</strong></span> <span class='ocrx_word' id='word_1_291' title='bbox 3044 844 3265 909; x_wconf 87' lang='lat' dir='ltr'><strong>intulit,</strong></span> <span class='ocrx_word' id='word_1_292' title='bbox 3300 844 3541 901; x_wconf 89' lang='lat' dir='ltr'><strong>dicens:</strong></span> 
     </span>
    </p>
   </div>
   <div class='ocr_carea' id='block_1_38' title="bbox 1901 931 3543 1003">
    <p class='ocr_par' dir='ltr' id='par_1_38' title="bbox 1901 931 3543 1003">
     <span class='ocr_line' id='line_1_38' title="bbox 1901 931 3543 1003; baseline 0.002 -18"><span class='ocrx_word' id='word_1_293' title='bbox 1901 931 2111 1001; x_wconf 80' lang='lat' dir='ltr'><strong>Diliges</strong></span> <span class='ocrx_word' id='word_1_294' title='bbox 2163 933 2477 1001; x_wconf 64' lang='lat' dir='ltr'><strong>proximum</strong></span> <span class='ocrx_word' id='word_1_295' title='bbox 2533 940 2688 985; x_wconf 81' lang='lat' dir='ltr'><strong>tuum</strong></span> <span class='ocrx_word' id='word_1_296' title='bbox 2740 934 2885 987; x_wconf 80' lang='lat' dir='ltr'><strong>sicut</strong></span> <span class='ocrx_word' id='word_1_297' title='bbox 2930 936 2981 987; x_wconf 89' lang='lat' dir='ltr'><strong>te</strong></span> <span class='ocrx_word' id='word_1_298' title='bbox 3011 934 3213 1003; x_wconf 85' lang='lat' dir='ltr'><strong>ipsum.</strong></span> <span class='ocrx_word' id='word_1_299' title='bbox 3249 933 3320 988; x_wconf 89' lang='lat' dir='ltr'><strong>Ut</strong></span> <span class='ocrx_word' id='word_1_300' title='bbox 3349 938 3543 989; x_wconf 89' lang='lat' dir='ltr'><strong>autem</strong></span> 
     </span>
    </p>
   </div>
   <div class='ocr_carea' id='block_1_39' title="bbox 1901 1020 3548 1095">
    <p class='ocr_par' dir='ltr' id='par_1_39' title="bbox 1901 1020 3548 1095">
     <span class='ocr_line' id='line_1_39' title="bbox 1901 1020 3548 1095; baseline 0.002 -21"><span class='ocrx_word' id='word_1_301' title='bbox 1901 1021 2234 1074; x_wconf 88' lang='lat' dir='ltr'><strong>ostenderet</strong></span> <span class='ocrx_word' id='word_1_302' title='bbox 2289 1021 2581 1091; x_wconf 90' lang='lat' dir='ltr'><strong>quomodo</strong></span> <span class='ocrx_word' id='word_1_303' title='bbox 2641 1020 2881 1091; x_wconf 86' lang='lat' dir='ltr'><strong>impleat</strong></span> <span class='ocrx_word' id='word_1_304' title='bbox 2937 1020 3145 1092; x_wconf 88' lang='lat' dir='ltr'><strong>legem,</strong></span> <span class='ocrx_word' id='word_1_305' title='bbox 3207 1021 3306 1093; x_wconf 92' lang='lat' dir='ltr'><strong>qui</strong></span> <span class='ocrx_word' id='word_1_306' title='bbox 3355 1022 3548 1095; x_wconf 90' lang='lat' dir='ltr'><strong>diligit</strong></span> 
     </span>
    </p>
   </div>
   <div class='ocr_carea' id='block_1_40' title="bbox 1900 1108 3548 1180">
    <p class='ocr_par' dir='ltr' id='par_1_40' title="bbox 1900 1108 3548 1180">
     <span class='ocr_line' id='line_1_40' title="bbox 1900 1108 3548 1180; baseline 0.003 -19"><span class='ocrx_word' id='word_1_307' title='bbox 1900 1108 2254 1179; x_wconf 80' lang='lat' dir='ltr'><strong>proximum,</strong></span> <span class='ocrx_word' id='word_1_308' title='bbox 2286 1108 2589 1177; x_wconf 82' lang='lat' dir='ltr'><strong>subjunxit</strong></span> <span class='ocrx_word' id='word_1_309' title='bbox 2618 1126 2629 1161; x_wconf 91' lang='lat'><strong>:</strong></span> <span class='ocrx_word' id='word_1_310' title='bbox 2667 1110 2892 1163; x_wconf 84' lang='lat' dir='ltr'><strong>Dilectio</strong></span> <span class='ocrx_word' id='word_1_311' title='bbox 2920 1112 3167 1180; x_wconf 68' lang='lat' dir='ltr'><strong>proximi</strong></span> <span class='ocrx_word' id='word_1_312' title='bbox 3196 1112 3408 1165; x_wconf 84' lang='lat' dir='ltr'><strong>malum</strong></span> <span class='ocrx_word' id='word_1_313' title='bbox 3437 1128 3548 1167; x_wconf 87' lang='lat' dir='ltr'><strong>non</strong></span> 
     </span>
    </p>
   </div>
   <div class='ocr_carea' id='block_1_41' title="bbox 1902 1197 3552 1270">
    <p class='ocr_par' dir='ltr' id='par_1_41' title="bbox 1902 1197 3552 1270">
     <span class='ocr_line' id='line_1_41' title="bbox 1902 1197 3552 1270; baseline 0.001 -17"><span class='ocrx_word' id='word_1_314' title='bbox 1902 1201 2175 1269; x_wconf 85' lang='lat' dir='ltr'><strong>operatur.</strong></span> <span class='ocrx_word' id='word_1_315' title='bbox 2210 1197 2555 1268; x_wconf 87' lang='lat' dir='ltr'><strong>Quicunque</strong></span> <span class='ocrx_word' id='word_1_316' title='bbox 2587 1203 2783 1252; x_wconf 91' lang='lat' dir='ltr'><strong>sancte</strong></span> <span class='ocrx_word' id='word_1_317' title='bbox 2814 1203 2871 1252; x_wconf 90' lang='lat' dir='ltr'><strong>et</strong></span> <span class='ocrx_word' id='word_1_318' title='bbox 2901 1199 2991 1269; x_wconf 90' lang='lat' dir='ltr'><strong>pie</strong></span> <span class='ocrx_word' id='word_1_319' title='bbox 3022 1199 3102 1253; x_wconf 87' lang='lat' dir='ltr'><strong>ita</strong></span> <span class='ocrx_word' id='word_1_320' title='bbox 3131 1200 3460 1270; x_wconf 80' lang='lat' dir='ltr'><strong>proximum</strong></span> <span class='ocrx_word' id='word_1_321' title='bbox 3485 1205 3552 1255; x_wconf 89' lang='lat' dir='ltr'><strong>ut</strong></span> 
     </span>
    </p>
   </div>
   <div class='ocr_carea' id='block_1_42' title="bbox 1904 1286 3549 1357">
    <p class='ocr_par' dir='ltr' id='par_1_42' title="bbox 1904 1286 3549 1357">
     <span class='ocr_line' id='line_1_42' title="bbox 1904 1286 3549 1357; baseline 0.002 -16"><span class='ocrx_word' id='word_1_322' title='bbox 1904 1305 1965 1343; x_wconf 91' lang='lat' dir='ltr'><strong>se</strong></span> <span class='ocrx_word' id='word_1_323' title='bbox 1995 1287 2206 1357; x_wconf 83' lang='lat' dir='ltr'><strong>diligit,</strong></span> <span class='ocrx_word' id='word_1_324' title='bbox 2236 1286 2512 1357; x_wconf 87' lang='lat' dir='ltr'><strong>peccandi</strong></span> <span class='ocrx_word' id='word_1_325' title='bbox 2571 1286 2934 1342; x_wconf 88' lang='lat' dir='ltr'><strong>occasionem</strong></span> <span class='ocrx_word' id='word_1_326' title='bbox 2994 1304 3109 1343; x_wconf 90' lang='lat' dir='ltr'><strong>non</strong></span> <span class='ocrx_word' id='word_1_327' title='bbox 3170 1289 3377 1355; x_wconf 87' lang='lat' dir='ltr'><strong>habet;</strong></span> <span class='ocrx_word' id='word_1_328' title='bbox 3413 1306 3549 1344; x_wconf 88' lang='lat' dir='ltr'><strong>nam</strong></span> 
     </span>
    </p>
   </div>
   <div class='ocr_carea' id='block_1_43' title="bbox 1905 1375 3550 1449">
    <p class='ocr_par' dir='ltr' id='par_1_43' title="bbox 1905 1375 3550 1449">
     <span class='ocr_line' id='line_1_43' title="bbox 1905 1375 3550 1449; baseline 0.002 -18"><span class='ocrx_word' id='word_1_329' title='bbox 1905 1376 2044 1447; x_wconf 86' lang='lat' dir='ltr'><strong>quia</strong></span> <span class='ocrx_word' id='word_1_330' title='bbox 2073 1393 2186 1430; x_wconf 90' lang='lat' dir='ltr'><strong>non</strong></span> <span class='ocrx_word' id='word_1_331' title='bbox 2219 1375 2343 1430; x_wconf 91' lang='lat' dir='ltr'><strong>vult</strong></span> <span class='ocrx_word' id='word_1_332' title='bbox 2372 1379 2437 1429; x_wconf 89' lang='lat' dir='ltr'><strong>ut</strong></span> <span class='ocrx_word' id='word_1_333' title='bbox 2466 1393 2572 1431; x_wconf 87' lang='lat' dir='ltr'><strong>sua</strong></span> <span class='ocrx_word' id='word_1_334' title='bbox 2622 1392 2764 1431; x_wconf 85' lang='lat' dir='ltr'><strong>uxor</strong></span> <span class='ocrx_word' id='word_1_335' title='bbox 2813 1383 3239 1448; x_wconf 89' lang='lat' dir='ltr'><strong>corrumpatur,</strong></span> <span class='ocrx_word' id='word_1_336' title='bbox 3270 1379 3393 1449; x_wconf 88' lang='lat' dir='ltr'><strong>ipse</strong></span> <span class='ocrx_word' id='word_1_337' title='bbox 3435 1396 3550 1434; x_wconf 89' lang='lat' dir='ltr'><strong>non</strong></span> 
     </span>
    </p>
   </div>
   <div class='ocr_carea' id='block_1_44' title="bbox 1907 1463 3553 1540">
    <p class='ocr_par' dir='ltr' id='par_1_44' title="bbox 1907 1463 3553 1540">
     <span class='ocr_line' id='line_1_44' title="bbox 1907 1463 3553 1540; baseline 0.004 -22"><span class='ocrx_word' id='word_1_338' title='bbox 1907 1464 2228 1535; x_wconf 88' lang='lat' dir='ltr'><strong>corrumpit</strong></span> <span class='ocrx_word' id='word_1_339' title='bbox 2257 1463 2519 1531; x_wconf 86' lang='lat' dir='ltr'><strong>alterius,</strong></span> <span class='ocrx_word' id='word_1_340' title='bbox 2555 1465 2692 1535; x_wconf 88' lang='lat' dir='ltr'><strong>quia</strong></span> <span class='ocrx_word' id='word_1_341' title='bbox 2724 1481 2837 1519; x_wconf 89' lang='lat' dir='ltr'><strong>non</strong></span> <span class='ocrx_word' id='word_1_342' title='bbox 2870 1465 2992 1519; x_wconf 89' lang='lat' dir='ltr'><strong>vult</strong></span> <span class='ocrx_word' id='word_1_343' title='bbox 3031 1467 3235 1536; x_wconf 86' lang='lat' dir='ltr'><strong>occidi,</strong></span> <span class='ocrx_word' id='word_1_344' title='bbox 3271 1484 3375 1522; x_wconf 91' lang='lat' dir='ltr'><strong>nec</strong></span> <span class='ocrx_word' id='word_1_345' title='bbox 3426 1467 3553 1540; x_wconf 86' lang='lat' dir='ltr'><strong>ipse</strong></span> 
     </span>
    </p>
   </div>
   <div class='ocr_carea' id='block_1_45' title="bbox 1908 1552 3555 1626">
    <p class='ocr_par' dir='ltr' id='par_1_45' title="bbox 1908 1552 3555 1626">
     <span class='ocr_line' id='line_1_45' title="bbox 1908 1552 3555 1626; baseline 0.004 -20"><span class='ocrx_word' id='word_1_346' title='bbox 1908 1554 2112 1625; x_wconf 70' lang='lat' dir='ltr'><strong>quaerit</strong></span> <span class='ocrx_word' id='word_1_347' title='bbox 2136 1552 2399 1608; x_wconf 89' lang='lat' dir='ltr'><strong>occidere</strong></span> <span class='ocrx_word' id='word_1_348' title='bbox 2429 1553 2781 1624; x_wconf 82' lang='lat' dir='ltr'><strong>proximum.</strong></span> <span class='ocrx_word' id='word_1_349' title='bbox 2817 1554 2911 1608; x_wconf 91' lang='lat' dir='ltr'><strong>Sic</strong></span> <span class='ocrx_word' id='word_1_350' title='bbox 2942 1559 2993 1609; x_wconf 90' lang='lat' dir='ltr'><strong>et</strong></span> <span class='ocrx_word' id='word_1_351' title='bbox 3030 1572 3133 1626; x_wconf 88' lang='lat' dir='ltr'><strong>per</strong></span> <span class='ocrx_word' id='word_1_352' title='bbox 3161 1560 3387 1611; x_wconf 66' lang='lat' dir='ltr'><strong>caetera.</strong></span> <span class='ocrx_word' id='word_1_353' title='bbox 3424 1558 3555 1614; x_wconf 89' lang='lat' dir='ltr'><strong>Pro-</strong></span> 
     </span>
    </p>
   </div>
   <div class='ocr_carea' id='block_1_46' title="bbox 1907 1641 3556 1717">
    <p class='ocr_par' dir='ltr' id='par_1_46' title="bbox 1907 1641 3556 1717">
     <span class='ocr_line' id='line_1_46' title="bbox 1907 1641 3556 1717; baseline 0.002 -20"><span class='ocrx_word' id='word_1_354' title='bbox 1907 1643 2130 1697; x_wconf 82' lang='lat' dir='ltr'><strong>ximum</strong></span> <span class='ocrx_word' id='word_1_355' title='bbox 2166 1657 2400 1697; x_wconf 89' lang='lat' dir='ltr'><strong>omnem</strong></span> <span class='ocrx_word' id='word_1_356' title='bbox 2432 1641 2727 1697; x_wconf 87' lang='lat' dir='ltr'><strong>hominem</strong></span> <span class='ocrx_word' id='word_1_357' title='bbox 2776 1642 2916 1697; x_wconf 89' lang='lat' dir='ltr'><strong>dicit</strong></span> <span class='ocrx_word' id='word_1_358' title='bbox 2972 1660 3101 1698; x_wconf 89' lang='lat' dir='ltr'><strong>cum</strong></span> <span class='ocrx_word' id='word_1_359' title='bbox 3152 1661 3266 1715; x_wconf 92' lang='lat' dir='ltr'><strong>quo</strong></span> <span class='ocrx_word' id='word_1_360' title='bbox 3320 1662 3556 1717; x_wconf 90' lang='lat' dir='ltr'><strong>peccare</strong></span> 
     </span>
    </p>
   </div>
   <div class='ocr_carea' id='block_1_47' title="bbox 1909 1748 2247 1804">
    <p class='ocr_par' dir='ltr' id='par_1_47' title="bbox 1909 1748 2247 1804">
     <span class='ocr_line' id='line_1_47' title="bbox 1909 1748 2247 1804; baseline -0.009 -17"><span class='ocrx_word' id='word_1_361' title='bbox 1909 1748 2247 1804; x_wconf 89' lang='lat' dir='ltr'><strong>possumus.</strong></span> 
     </span>
    </p>
   </div>
   <div class='ocr_carea' id='block_1_48' title="bbox 1982 1819 3559 1894">
    <p class='ocr_par' dir='ltr' id='par_1_48' title="bbox 1982 1819 3559 1894">
     <span class='ocr_line' id='line_1_48' title="bbox 1982 1819 3559 1894; baseline 0.004 -19"><span class='ocrx_word' id='word_1_362' title='bbox 1982 1821 2275 1875; x_wconf 84' lang='lat' dir='ltr'><strong>Plenitudo</strong></span> <span class='ocrx_word' id='word_1_363' title='bbox 2308 1836 2439 1890; x_wconf 89' lang='lat' dir='ltr'><strong>ergo</strong></span> <span class='ocrx_word' id='word_1_364' title='bbox 2467 1820 2599 1889; x_wconf 85' lang='lat' dir='ltr'><strong>legis</strong></span> <span class='ocrx_word' id='word_1_365' title='bbox 2621 1826 2697 1874; x_wconf 85' lang='lat' dir='ltr'><strong>est</strong></span> <span class='ocrx_word' id='word_1_366' title='bbox 2724 1819 2959 1875; x_wconf 84' lang='lat' dir='ltr'><strong>dilectio.</strong></span> <span class='ocrx_word' id='word_1_367' title='bbox 2998 1820 3055 1875; x_wconf 92' lang='lat' dir='ltr'><strong>Si</strong></span> <span class='ocrx_word' id='word_1_368' title='bbox 3096 1821 3355 1878; x_wconf 86' lang='lat' dir='ltr'><strong>charitas</strong></span> <span class='ocrx_word' id='word_1_369' title='bbox 3386 1824 3559 1894; x_wconf 82' lang='lat' dir='ltr'><strong>juxta</strong></span> 
     </span>
    </p>
   </div>
   <div class='ocr_carea' id='block_1_49' title="bbox 1917 1908 3558 1980">
    <p class='ocr_par' dir='ltr' id='par_1_49' title="bbox 1917 1908 3558 1980">
     <span class='ocr_line' id='line_1_49' title="bbox 1917 1908 3558 1980; baseline 0.005 -18"><span class='ocrx_word' id='word_1_370' title='bbox 1917 1927 2115 1965; x_wconf 88' lang='lat' dir='ltr'><strong>vocem</strong></span> <span class='ocrx_word' id='word_1_371' title='bbox 2140 1908 2394 1980; x_wconf 84' lang='lat' dir='ltr'><strong>Apostoli</strong></span> <span class='ocrx_word' id='word_1_372' title='bbox 2429 1908 2728 1979; x_wconf 89' lang='lat' dir='ltr'><strong>plenitudo</strong></span> <span class='ocrx_word' id='word_1_373' title='bbox 2754 1909 2899 1980; x_wconf 86' lang='lat' dir='ltr'><strong>legis</strong></span> <span class='ocrx_word' id='word_1_374' title='bbox 2930 1915 3040 1975; x_wconf 88' lang='lat' dir='ltr'><strong>est,</strong></span> <span class='ocrx_word' id='word_1_375' title='bbox 3058 1915 3114 1964; x_wconf 92' lang='lat' dir='ltr'><strong>et</strong></span> <span class='ocrx_word' id='word_1_376' title='bbox 3134 1910 3286 1966; x_wconf 89' lang='lat' dir='ltr'><strong>sicut</strong></span> <span class='ocrx_word' id='word_1_377' title='bbox 3303 1912 3558 1972; x_wconf 89' lang='lat' dir='ltr'><strong>Joannes</strong></span> 
     </span>
    </p>
   </div>
   <div class='ocr_carea' id='block_1_50' title="bbox 1919 1999 3552 2074">
    <p class='ocr_par' dir='ltr' id='par_1_50' title="bbox 1919 1999 3552 2074">
     <span class='ocr_line' id='line_1_50' title="bbox 1919 1999 3552 2074; baseline -0.005 -20"><span class='ocrx_word' id='word_1_378' title='bbox 1919 2000 2076 2068; x_wconf 87' lang='lat' dir='ltr'><strong>dicit,</strong></span> <span class='ocrx_word' id='word_1_379' title='bbox 2112 1999 2370 2053; x_wconf 81' lang='lat' dir='ltr'><strong>Charitas</strong></span> <span class='ocrx_word' id='word_1_380' title='bbox 2400 2001 2539 2053; x_wconf 82' lang='lat' dir='ltr'><strong>Deus</strong></span> <span class='ocrx_word' id='word_1_381' title='bbox 2568 2002 2645 2051; x_wconf 84' lang='lat' dir='ltr'><strong>est</strong></span> <span class='ocrx_word' id='word_1_382' title='bbox 2678 2000 2858 2067; x_wconf 83' lang='lat' dir='ltr'><strong>(Joan.</strong></span> <span class='ocrx_word' id='word_1_383' title='bbox 2894 2016 2967 2066; x_wconf 82' lang='lat' dir='ltr'><strong>1v,</strong></span> <span class='ocrx_word' id='word_1_384' title='bbox 3000 1999 3108 2069; x_wconf 85' lang='grc'>16),</span> <span class='ocrx_word' id='word_1_385' title='bbox 3162 2018 3297 2073; x_wconf 85' lang='lat' dir='ltr'><strong>ergo</strong></span> <span class='ocrx_word' id='word_1_386' title='bbox 3345 2009 3402 2057; x_wconf 86' lang='lat' dir='ltr'><strong>et</strong></span> <span class='ocrx_word' id='word_1_387' title='bbox 3436 2003 3552 2074; x_wconf 77' lang='lat' dir='ltr'><strong>ple-</strong></span> 
     </span>
    </p>
   </div>
   <div class='ocr_carea' id='block_1_51' title="bbox 1920 2087 3561 2158">
    <p class='ocr_par' dir='ltr' id='par_1_51' title="bbox 1920 2087 3561 2158">
     <span class='ocr_line' id='line_1_51' title="bbox 1920 2087 3561 2158; baseline 0.003 -15"><span class='ocrx_word' id='word_1_388' title='bbox 1920 2089 2123 2143; x_wconf 88' lang='lat' dir='ltr'><strong>nitudo</strong></span> <span class='ocrx_word' id='word_1_389' title='bbox 2154 2088 2299 2158; x_wconf 86' lang='lat' dir='ltr'><strong>legis</strong></span> <span class='ocrx_word' id='word_1_390' title='bbox 2332 2088 2483 2143; x_wconf 91' lang='lat' dir='ltr'><strong>Deus</strong></span> <span class='ocrx_word' id='word_1_391' title='bbox 2514 2092 2619 2153; x_wconf 90' lang='lat' dir='ltr'><strong>est,</strong></span> <span class='ocrx_word' id='word_1_392' title='bbox 2656 2087 2755 2158; x_wconf 90' lang='lat' dir='ltr'><strong>qui</strong></span> <span class='ocrx_word' id='word_1_393' title='bbox 2788 2087 2969 2143; x_wconf 82' lang='lat' dir='ltr'><strong>dixit:</strong></span> <span class='ocrx_word' id='word_1_394' title='bbox 3030 2090 3147 2142; x_wconf 85' lang='lat' dir='ltr'><strong>Non</strong></span> <span class='ocrx_word' id='word_1_395' title='bbox 3198 2093 3321 2146; x_wconf 81' lang='lat' dir='ltr'><strong>veni</strong></span> <span class='ocrx_word' id='word_1_396' title='bbox 3349 2090 3561 2149; x_wconf 85' lang='lat' dir='ltr'><strong>solvere</strong></span> 
     </span>
    </p>
   </div>
   <div class='ocr_carea' id='block_1_52' title="bbox 1923 2176 3559 2249">
    <p class='ocr_par' dir='ltr' id='par_1_52' title="bbox 1923 2176 3559 2249">
     <span class='ocr_line' id='line_1_52' title="bbox 1923 2176 3559 2249; baseline 0.003 -16"><span class='ocrx_word' id='word_1_397' title='bbox 1923 2181 2088 2249; x_wconf 82' lang='lat' dir='ltr'><strong>legem</strong></span> <span class='ocrx_word' id='word_1_398' title='bbox 2116 2177 2206 2231; x_wconf 84' lang='lat' dir='ltr'><strong>sed</strong></span> <span class='ocrx_word' id='word_1_399' title='bbox 2232 2177 2534 2248; x_wconf 85' lang='lat' dir='ltr'><strong>adimplere</strong></span> <span class='ocrx_word' id='word_1_400' title='bbox 2562 2176 2785 2244; x_wconf 85' lang='lat' dir='ltr'><strong>(Matth.</strong></span> <span class='ocrx_word' id='word_1_401' title='bbox 2819 2193 2870 2243; x_wconf 89' lang='lat' dir='ltr'><strong>v,</strong></span> <span class='ocrx_word' id='word_1_402' title='bbox 2916 2178 3021 2245; x_wconf 92' lang='grc'><strong>17).</strong></span> <span class='ocrx_word' id='word_1_403' title='bbox 3052 2178 3283 2233; x_wconf 89' lang='lat' dir='ltr'><strong>Poterat</strong></span> <span class='ocrx_word' id='word_1_404' title='bbox 3314 2180 3559 2238; x_wconf 80' lang='lat' dir='ltr'><strong>fortasse</strong></span> 
     </span>
    </p>
   </div>
   <div class='ocr_carea' id='block_1_53' title="bbox 1924 2265 3559 2336">
    <p class='ocr_par' dir='ltr' id='par_1_53' title="bbox 1924 2265 3559 2336">
     <span class='ocr_line' id='line_1_53' title="bbox 1924 2265 3559 2336; baseline 0.002 -14"><span class='ocrx_word' id='word_1_405' title='bbox 1924 2269 1991 2322; x_wconf 87' lang='lat' dir='ltr'><strong>ad</strong></span> <span class='ocrx_word' id='word_1_406' title='bbox 2027 2266 2145 2320; x_wconf 73' lang='lat' dir='ltr'><strong>hmo</strong></span> <span class='ocrx_word' id='word_1_407' title='bbox 2172 2266 2387 2336; x_wconf 89' lang='lat' dir='ltr'><strong>aliquis</strong></span> <span class='ocrx_word' id='word_1_408' title='bbox 2419 2266 2646 2320; x_wconf 90' lang='lat' dir='ltr'><strong>dicere:</strong></span> <span class='ocrx_word' id='word_1_409' title='bbox 2686 2266 2977 2335; x_wconf 88' lang='lat' dir='ltr'><strong>Apostole,</strong></span> <span class='ocrx_word' id='word_1_410' title='bbox 3039 2265 3171 2335; x_wconf 89' lang='lat' dir='ltr'><strong>quis</strong></span> <span class='ocrx_word' id='word_1_411' title='bbox 3220 2266 3279 2321; x_wconf 90' lang='lat' dir='ltr'><strong>in</strong></span> <span class='ocrx_word' id='word_1_412' title='bbox 3329 2271 3559 2326; x_wconf 88' lang='lat' dir='ltr'><strong>mortali</strong></span> 
     </span>
    </p>
   </div>
   <div class='ocr_carea' id='block_1_54' title="bbox 1924 2352 3561 2426">
    <p class='ocr_par' dir='ltr' id='par_1_54' title="bbox 1924 2352 3561 2426">
     <span class='ocr_line' id='line_1_54' title="bbox 1924 2352 3561 2426; baseline 0.001 -15"><span class='ocrx_word' id='word_1_413' title='bbox 1924 2372 2161 2426; x_wconf 89' lang='lat' dir='ltr'><strong>corpore</strong></span> <span class='ocrx_word' id='word_1_414' title='bbox 2192 2355 2544 2409; x_wconf 88' lang='lat' dir='ltr'><strong>constitutus</strong></span> <span class='ocrx_word' id='word_1_415' title='bbox 2578 2356 2767 2423; x_wconf 89' lang='lat' dir='ltr'><strong>potest</strong></span> <span class='ocrx_word' id='word_1_416' title='bbox 2796 2352 3037 2423; x_wconf 89' lang='lat' dir='ltr'><strong>implere</strong></span> <span class='ocrx_word' id='word_1_417' title='bbox 3070 2356 3221 2425; x_wconf 84' lang='lat' dir='ltr'><strong>quod</strong></span> <span class='ocrx_word' id='word_1_418' title='bbox 3275 2356 3459 2424; x_wconf 88' lang='lat' dir='ltr'><strong>dicis;</strong></span> <span class='ocrx_word' id='word_1_419' title='bbox 3504 2359 3561 2413; x_wconf 91' lang='lat' dir='ltr'><strong>id</strong></span> 
     </span>
    </p>
   </div>
   <div class='ocr_carea' id='block_1_55' title="bbox 1924 2441 3563 2517">
    <p class='ocr_par' dir='ltr' id='par_1_55' title="bbox 1924 2441 3563 2517">
     <span class='ocr_line' id='line_1_55' title="bbox 1924 2441 3563 2517; baseline 0.001 -16"><span class='ocrx_word' id='word_1_420' title='bbox 1924 2451 2033 2509; x_wconf 91' lang='lat' dir='ltr'><strong>est,</strong></span> <span class='ocrx_word' id='word_1_421' title='bbox 2066 2449 2129 2498; x_wconf 90' lang='lat' dir='ltr'><strong>ut</strong></span> <span class='ocrx_word' id='word_1_422' title='bbox 2162 2444 2487 2516; x_wconf 84' lang='lat' dir='ltr'><strong>proximum</strong></span> <span class='ocrx_word' id='word_1_423' title='bbox 2522 2442 2819 2512; x_wconf 85' lang='lat' dir='ltr'><strong>diligendo</strong></span> <span class='ocrx_word' id='word_1_424' title='bbox 2849 2441 3078 2496; x_wconf 91' lang='lat' dir='ltr'><strong>nullum</strong></span> <span class='ocrx_word' id='word_1_425' title='bbox 3109 2442 3329 2499; x_wconf 88' lang='lat' dir='ltr'><strong>malum</strong></span> <span class='ocrx_word' id='word_1_426' title='bbox 3363 2462 3563 2517; x_wconf 87' lang='lat' dir='ltr'><strong>opere-</strong></span> 
     </span>
    </p>
   </div>
   <div class='ocr_carea' id='block_1_56' title="bbox 1923 2529 3566 2604">
    <p class='ocr_par' dir='ltr' id='par_1_56' title="bbox 1923 2529 3566 2604">
     <span class='ocr_line' id='line_1_56' title="bbox 1923 2529 3566 2604; baseline 0.001 -15"><span class='ocrx_word' id='word_1_427' title='bbox 1923 2537 2066 2590; x_wconf 80' lang='lat' dir='ltr'><strong>tur?</strong></span> <span class='ocrx_word' id='word_1_428' title='bbox 2094 2534 2342 2604; x_wconf 89' lang='lat' dir='ltr'><strong>Ideoque</strong></span> <span class='ocrx_word' id='word_1_429' title='bbox 2376 2530 2681 2602; x_wconf 88' lang='lat' dir='ltr'><strong>subjungit</strong></span> <span class='ocrx_word' id='word_1_430' title='bbox 2709 2529 3022 2602; x_wconf 88' lang='lat' dir='ltr'><strong>Apostolus</strong></span> <span class='ocrx_word' id='word_1_431' title='bbox 3050 2547 3062 2586; x_wconf 86' lang='lat'><strong>:</strong></span> <span class='ocrx_word' id='word_1_432' title='bbox 3095 2532 3159 2585; x_wconf 84' lang='lat' dir='ltr'><strong>Et</strong></span> <span class='ocrx_word' id='word_1_433' title='bbox 3215 2534 3311 2589; x_wconf 89' lang='lat' dir='ltr'><strong>hoc</strong></span> <span class='ocrx_word' id='word_1_434' title='bbox 3338 2537 3566 2591; x_wconf 82' lang='lat' dir='ltr'><strong>scientes</strong></span> 
     </span>
    </p>
   </div>
   <div class='ocr_carea' id='block_1_57' title="bbox 1923 2620 3567 2695">
    <p class='ocr_par' dir='ltr' id='par_1_57' title="bbox 1923 2620 3567 2695">
     <span class='ocr_line' id='line_1_57' title="bbox 1923 2620 3567 2695; baseline 0.001 -16"><span class='ocrx_word' id='word_1_435' title='bbox 1923 2628 2132 2692; x_wconf 82' lang='lat' dir='ltr'><strong>tempus</strong></span> <span class='ocrx_word' id='word_1_436' title='bbox 2161 2622 2305 2691; x_wconf 76' lang='grc'>(439)</span> <span class='ocrx_word' id='word_1_437' title='bbox 2341 2620 2733 2692; x_wconf 90' lang='lat' dir='ltr'><strong>(subauditur,</strong></span> <span class='ocrx_word' id='word_1_438' title='bbox 2767 2636 2894 2674; x_wconf 90' lang='lat' dir='ltr'><strong>esse</strong></span> <span class='ocrx_word' id='word_1_439' title='bbox 2924 2620 3171 2691; x_wconf 91' lang='lat' dir='ltr'><strong>aptum).</strong></span> <span class='ocrx_word' id='word_1_440' title='bbox 3206 2621 3274 2677; x_wconf 88' lang='lat' dir='ltr'><strong>Et</strong></span> <span class='ocrx_word' id='word_1_441' title='bbox 3313 2639 3567 2695; x_wconf 81' lang='lat' dir='ltr'><strong>congrue</strong></span> 
     </span>
    </p>
   </div>
   <div class='ocr_carea' id='block_1_58' title="bbox 1924 2708 3564 2782">
    <p class='ocr_par' dir='ltr' id='par_1_58' title="bbox 1924 2708 3564 2782">
     <span class='ocr_line' id='line_1_58' title="bbox 1924 2708 3564 2782; baseline 0.001 -15"><span class='ocrx_word' id='word_1_442' title='bbox 1924 2713 2032 2767; x_wconf 91' lang='lat' dir='ltr'><strong>hoc</strong></span> <span class='ocrx_word' id='word_1_443' title='bbox 2059 2718 2290 2780; x_wconf 89' lang='lat' dir='ltr'><strong>tempus</strong></span> <span class='ocrx_word' id='word_1_444' title='bbox 2313 2714 2515 2780; x_wconf 88' lang='lat' dir='ltr'><strong>aptum</strong></span> <span class='ocrx_word' id='word_1_445' title='bbox 2535 2725 2661 2763; x_wconf 89' lang='lat' dir='ltr'><strong>esse</strong></span> <span class='ocrx_word' id='word_1_446' title='bbox 2682 2708 2821 2762; x_wconf 91' lang='lat' dir='ltr'><strong>dicit</strong></span> <span class='ocrx_word' id='word_1_447' title='bbox 2842 2708 2913 2763; x_wconf 88' lang='lat' dir='ltr'><strong>ab</strong></span> <span class='ocrx_word' id='word_1_448' title='bbox 2940 2709 3160 2765; x_wconf 90' lang='lat' dir='ltr'><strong>bonum</strong></span> <span class='ocrx_word' id='word_1_449' title='bbox 3182 2714 3564 2782; x_wconf 88' lang='lat' dir='ltr'><strong>operandum,</strong></span> 
     </span>
    </p>
   </div>
   <div class='ocr_carea' id='block_1_59' title="bbox 1927 2798 3566 2873">
    <p class='ocr_par' dir='ltr' id='par_1_59' title="bbox 1927 2798 3566 2873">
     <span class='ocr_line' id='line_1_59' title="bbox 1927 2798 3566 2873; baseline 0.004 -19"><span class='ocrx_word' id='word_1_450' title='bbox 1927 2801 2063 2873; x_wconf 86' lang='lat' dir='ltr'><strong>quia</strong></span> <span class='ocrx_word' id='word_1_451' title='bbox 2086 2804 2216 2872; x_wconf 89' lang='lat' dir='ltr'><strong>post</strong></span> <span class='ocrx_word' id='word_1_452' title='bbox 2232 2799 2381 2853; x_wconf 90' lang='lat' dir='ltr'><strong>hanc</strong></span> <span class='ocrx_word' id='word_1_453' title='bbox 2401 2799 2578 2852; x_wconf 89' lang='lat' dir='ltr'><strong>vitam</strong></span> <span class='ocrx_word' id='word_1_454' title='bbox 2620 2801 2852 2868; x_wconf 84' lang='lat' dir='ltr'><strong>tempus</strong></span> <span class='ocrx_word' id='word_1_455' title='bbox 2900 2798 3011 2853; x_wconf 91' lang='lat' dir='ltr'><strong>erit</strong></span> <span class='ocrx_word' id='word_1_456' title='bbox 3059 2799 3375 2872; x_wconf 89' lang='lat' dir='ltr'><strong>unicuique</strong></span> <span class='ocrx_word' id='word_1_457' title='bbox 3397 2821 3429 2857; x_wconf 83' lang='lat' dir='ltr'><strong>a</strong></span> <span class='ocrx_word' id='word_1_458' title='bbox 3452 2803 3566 2860; x_wconf 90' lang='lat' dir='ltr'><strong>Deo</strong></span> 
     </span>
    </p>
   </div>
   <div class='ocr_carea' id='block_1_60' title="bbox 1926 2886 3567 2963">
    <p class='ocr_par' dir='ltr' id='par_1_60' title="bbox 1926 2886 3567 2963">
     <span class='ocr_line' id='line_1_60' title="bbox 1926 2886 3567 2963; baseline 0.002 -20"><span class='ocrx_word' id='word_1_459' title='bbox 1926 2888 2239 2958; x_wconf 90' lang='lat' dir='ltr'><strong>recipiendi</strong></span> <span class='ocrx_word' id='word_1_460' title='bbox 2271 2888 2423 2958; x_wconf 89' lang='lat' dir='ltr'><strong>quod</strong></span> <span class='ocrx_word' id='word_1_461' title='bbox 2456 2886 2654 2958; x_wconf 86' lang='lat' dir='ltr'><strong>gessit.</strong></span> <span class='ocrx_word' id='word_1_462' title='bbox 2690 2886 2850 2941; x_wconf 90' lang='lat' dir='ltr'><strong>Unde</strong></span> <span class='ocrx_word' id='word_1_463' title='bbox 2872 2887 3157 2944; x_wconf 82' lang='lat' dir='ltr'><strong>Dominus</strong></span> <span class='ocrx_word' id='word_1_464' title='bbox 3187 2904 3289 2960; x_wconf 89' lang='lat' dir='ltr'><strong>per</strong></span> <span class='ocrx_word' id='word_1_465' title='bbox 3317 2892 3567 2963; x_wconf 90' lang='lat' dir='ltr'><strong>prophe-</strong></span> 
     </span>
    </p>
   </div>
   <div class='ocr_carea' id='block_1_61' title="bbox 1927 2976 3569 3047">
    <p class='ocr_par' dir='ltr' id='par_1_61' title="bbox 1927 2976 3569 3047">
     <span class='ocr_line' id='line_1_61' title="bbox 1927 2976 3569 3047; baseline 0.004 -17"><span class='ocrx_word' id='word_1_466' title='bbox 1927 2982 2046 3031; x_wconf 87' lang='lat' dir='ltr'><strong>tam</strong></span> <span class='ocrx_word' id='word_1_467' title='bbox 2072 2994 2082 3030; x_wconf 92' lang='lat'><strong>:</strong></span> <span class='ocrx_word' id='word_1_468' title='bbox 2126 2979 2378 3046; x_wconf 85' lang='lat' dir='ltr'><strong>Tempore</strong></span> <span class='ocrx_word' id='word_1_469' title='bbox 2406 2984 2623 3045; x_wconf 83' lang='lat' dir='ltr'><strong>accepto</strong></span> <span class='ocrx_word' id='word_1_470' title='bbox 2653 2976 2920 3031; x_wconf 73' lang='lat' dir='ltr'><strong>exaudiui</strong></span> <span class='ocrx_word' id='word_1_471' title='bbox 2950 2984 3025 3047; x_wconf 88' lang='lat' dir='ltr'><strong>te,</strong></span> <span class='ocrx_word' id='word_1_472' title='bbox 3057 2986 3108 3032; x_wconf 88' lang='lat' dir='ltr'><strong>et</strong></span> <span class='ocrx_word' id='word_1_473' title='bbox 3164 2980 3225 3032; x_wconf 88' lang='lat' dir='ltr'><strong>in</strong></span> <span class='ocrx_word' id='word_1_474' title='bbox 3259 2978 3346 3035; x_wconf 85' lang='lat' dir='ltr'><strong>die</strong></span> <span class='ocrx_word' id='word_1_475' title='bbox 3375 2983 3569 3037; x_wconf 84' lang='lat' dir='ltr'><strong>salutis</strong></span> 
     </span>
    </p>
   </div>
   <div class='ocr_carea' id='block_1_62' title="bbox 124 3064 1790 3141">
    <p class='ocr_par' dir='ltr' id='par_1_62' title="bbox 124 3067 1778 3141">
     <span class='ocr_line' id='line_1_62' title="bbox 124 3067 1778 3141; baseline 0.001 -17"><span class='ocrx_word' id='word_1_476' title='bbox 124 3067 869 3140; x_wconf 79' lang='lat' dir='ltr'><strong>complectens,subjunxit</strong></span> <span class='ocrx_word' id='word_1_477' title='bbox 893 3084 905 3121; x_wconf 91' lang='lat'><strong>:</strong></span> <span class='ocrx_word' id='word_1_478' title='bbox 929 3068 1151 3122; x_wconf 84' lang='lat' dir='ltr'><strong>Nemini</strong></span> <span class='ocrx_word' id='word_1_479' title='bbox 1179 3070 1455 3141; x_wconf 83' lang='lat' dir='ltr'><strong>quidquan</strong></span> <span class='ocrx_word' id='word_1_480' title='bbox 1492 3087 1509 3124; x_wconf 81' lang='grc' dir='ltr'>ι</span> <span class='ocrx_word' id='word_1_481' title='bbox 1537 3069 1778 3126; x_wconf 87' lang='lat' dir='ltr'><strong>debeatis</strong></span> 
     </span>
    </p>
   </div>
   <div class='ocr_carea' id='block_1_63' title="bbox 1922 3064 3568 3141">
    <p class='ocr_par' dir='ltr' id='par_1_63' title="bbox 1928 3064 3568 3141">
     <span class='ocr_line' id='line_1_63' title="bbox 1928 3064 3568 3141; baseline -0.004 -23"><span class='ocrx_word' id='word_1_482' title='bbox 1928 3065 2120 3135; x_wconf 84' lang='lat' dir='ltr'><strong>adjuvi</strong></span> <span class='ocrx_word' id='word_1_483' title='bbox 2150 3069 2201 3118; x_wconf 90' lang='lat' dir='ltr'><strong>te</strong></span> <span class='ocrx_word' id='word_1_484' title='bbox 2230 3065 2383 3133; x_wconf 85' lang='lat' dir='ltr'><strong>(lsai.</strong></span> <span class='ocrx_word' id='word_1_485' title='bbox 2416 3080 2566 3129; x_wconf 77' lang='lat' dir='ltr'><strong>xux,</strong></span> <span class='ocrx_word' id='word_1_486' title='bbox 2590 3064 2653 3117; x_wconf 88' lang='grc'>81</span> <span class='ocrx_word' id='word_1_487' title='bbox 2684 3082 2697 3129; x_wconf 89' lang='lat'><strong>;</strong></span> <span class='ocrx_word' id='word_1_488' title='bbox 2732 3066 2784 3119; x_wconf 81' lang='lat' dir='ltr'><strong><em>II</em></strong></span> <span class='ocrx_word' id='word_1_489' title='bbox 2814 3064 2933 3119; x_wconf 84' lang='lat' dir='ltr'><strong>Cor.</strong></span> <span class='ocrx_word' id='word_1_490' title='bbox 2966 3082 3045 3130; x_wconf 83' lang='lat' dir='ltr'><strong>v1,</strong></span> <span class='ocrx_word' id='word_1_491' title='bbox 3082 3065 3160 3132; x_wconf 85' lang='lat'><strong>2),</strong></span> <span class='ocrx_word' id='word_1_492' title='bbox 3208 3069 3359 3137; x_wconf 90' lang='lat' dir='ltr'><strong>quod</strong></span> <span class='ocrx_word' id='word_1_493' title='bbox 3394 3086 3568 3141; x_wconf 81' lang='lat' dir='ltr'><strong>eXpo-</strong></span> 
     </span>
    </p>
   </div>
   <div class='ocr_carea' id='block_1_64' title="bbox 121 3150 1790 3231">
    <p class='ocr_par' dir='ltr' id='par_1_64' title="bbox 121 3155 1790 3228">
     <span class='ocr_line' id='line_1_64' title="bbox 121 3155 1790 3228; baseline 0.001 -16"><span class='ocrx_word' id='word_1_494' title='bbox 121 3158 171 3212; x_wconf 91' lang='lat' dir='ltr'><strong>id</strong></span> <span class='ocrx_word' id='word_1_495' title='bbox 212 3162 340 3212; x_wconf 88' lang='lat' dir='ltr'><strong>est.</strong></span> <span class='ocrx_word' id='word_1_496' title='bbox 390 3155 665 3210; x_wconf 89' lang='lat' dir='ltr'><strong>omnibus</strong></span> <span class='ocrx_word' id='word_1_497' title='bbox 706 3155 876 3225; x_wconf 85' lang='lat' dir='ltr'><strong>juxta</strong></span> <span class='ocrx_word' id='word_1_498' title='bbox 923 3155 1271 3228; x_wconf 88' lang='lat' dir='ltr'><strong>dignitatem</strong></span> <span class='ocrx_word' id='word_1_499' title='bbox 1318 3159 1463 3215; x_wconf 72' lang='lat' dir='ltr'><strong>debil</strong></span> <span class='ocrx_word' id='word_1_500' title='bbox 1494 3162 1545 3214; x_wconf 88' lang='lat' dir='ltr'><strong>ta</strong></span> <span class='ocrx_word' id='word_1_501' title='bbox 1576 3160 1790 3215; x_wconf 90' lang='lat' dir='ltr'><strong>reddite</strong></span> 
     </span>
    </p>
   </div>
   <div class='ocr_carea' id='block_1_65' title="bbox 1922 3150 3568 3231">
    <p class='ocr_par' dir='ltr' id='par_1_65' title="bbox 1932 3150 3568 3227">
     <span class='ocr_line' id='line_1_65' title="bbox 1932 3150 3568 3227; baseline 0.004 -21"><span class='ocrx_word' id='word_1_502' title='bbox 1932 3169 2076 3207; x_wconf 87' lang='lat' dir='ltr'><strong>nens</strong></span> <span class='ocrx_word' id='word_1_503' title='bbox 2105 3150 2416 3222; x_wconf 89' lang='lat' dir='ltr'><strong>Apostolus</strong></span> <span class='ocrx_word' id='word_1_504' title='bbox 2446 3152 2561 3205; x_wconf 89' lang='lat' dir='ltr'><strong>ait:</strong></span> <span class='ocrx_word' id='word_1_505' title='bbox 2600 3152 2727 3205; x_wconf 84' lang='lat' dir='ltr'><strong>Ecce</strong></span> <span class='ocrx_word' id='word_1_506' title='bbox 2755 3168 2901 3206; x_wconf 88' lang='lat' dir='ltr'><strong>nunc</strong></span> <span class='ocrx_word' id='word_1_507' title='bbox 2949 3160 3159 3223; x_wconf 84' lang='lat' dir='ltr'><strong>tempus</strong></span> <span class='ocrx_word' id='word_1_508' title='bbox 3216 3157 3568 3227; x_wconf 86' lang='lat' dir='ltr'><strong>acceptabile,</strong></span> 
     </span>
    </p>
   </div>
   <div class='ocr_carea' id='block_1_66' title="bbox 121 3224 3573 3317">
    <p class='ocr_par' dir='ltr' id='par_1_66' title="bbox 121 3224 3573 3317">
     <span class='ocr_line' id='line_1_66' title="bbox 121 3224 3573 3317; baseline 0.001 -20"><span class='ocrx_word' id='word_1_509' title='bbox 121 3246 376 3309; x_wconf 86' lang='lat' dir='ltr'><strong>Verum,</strong></span> <span class='ocrx_word' id='word_1_510' title='bbox 411 3244 549 3315; x_wconf 90' lang='lat' dir='ltr'><strong>quia</strong></span> <span class='ocrx_word' id='word_1_511' title='bbox 571 3244 792 3299; x_wconf 90' lang='lat' dir='ltr'><strong>bonum</strong></span> <span class='ocrx_word' id='word_1_512' title='bbox 816 3224 1119 3300; x_wconf 73' lang='lat' dir='ltr'><strong>charitatis</strong></span> <span class='ocrx_word' id='word_1_513' title='bbox 1151 3264 1264 3301; x_wconf 90' lang='lat' dir='ltr'><strong>non</strong></span> <span class='ocrx_word' id='word_1_514' title='bbox 1298 3264 1455 3304; x_wconf 75' lang='lat' dir='ltr'><strong>same</strong></span> <span class='ocrx_word' id='word_1_515' title='bbox 1500 3248 1534 3317; x_wconf 86' lang='lat' dir='ltr'><strong>l,</strong></span> <span class='ocrx_word' id='word_1_516' title='bbox 1561 3250 1657 3303; x_wconf 88' lang='lat' dir='ltr'><strong>sed</strong></span> <span class='ocrx_word' id='word_1_517' title='bbox 1688 3224 1821 3304; x_wconf 55' lang='lat' dir='ltr'><strong>con;</strong></span> <span class='ocrx_word' id='word_1_518' title='bbox 1851 3224 1893 3290; x_wconf 67' lang='grc' dir='ltr'>ί)</span> <span class='ocrx_word' id='word_1_519' title='bbox 1932 3258 2048 3297; x_wconf 82' lang='lat' dir='ltr'><strong>ecce</strong></span> <span class='ocrx_word' id='word_1_520' title='bbox 2078 3256 2228 3295; x_wconf 87' lang='lat' dir='ltr'><strong>nunc</strong></span> <span class='ocrx_word' id='word_1_521' title='bbox 2254 3240 2367 3295; x_wconf 88' lang='lat' dir='ltr'><strong>dies</strong></span> <span class='ocrx_word' id='word_1_522' title='bbox 2395 3240 2589 3294; x_wconf 86' lang='lat' dir='ltr'><strong>salutis</strong></span> <span class='ocrx_word' id='word_1_523' title='bbox 2620 3239 2803 3309; x_wconf 70' lang='lat' dir='ltr'><strong>(Ibid)</strong></span> <span class='ocrx_word' id='word_1_524' title='bbox 2834 3240 2917 3294; x_wconf 91' lang='lat' dir='ltr'><strong>Ad</strong></span> <span class='ocrx_word' id='word_1_525' title='bbox 2951 3241 3088 3311; x_wconf 91' lang='lat' dir='ltr'><strong>quid</strong></span> <span class='ocrx_word' id='word_1_526' title='bbox 3124 3224 3573 3301; x_wconf 35' lang='lat' dir='ltr'><strong>autem&#39;dixerit</strong></span> 
     </span>
    </p>
   </div>
   <div class='ocr_carea' id='block_1_67' title="bbox 125 3329 3575 3403">
    <p class='ocr_par' dir='ltr' id='par_1_67' title="bbox 125 3329 3575 3403">
     <span class='ocr_line' id='line_1_67' title="bbox 125 3329 3575 3403; baseline 0.001 -14"><span class='ocrx_word' id='word_1_527' title='bbox 125 3337 303 3390; x_wconf 85' lang='lat' dir='ltr'><strong>tinue</strong></span> <span class='ocrx_word' id='word_1_528' title='bbox 337 3333 701 3389; x_wconf 89' lang='lat' dir='ltr'><strong>reddendum</strong></span> <span class='ocrx_word' id='word_1_529' title='bbox 734 3336 841 3399; x_wconf 90' lang='lat' dir='ltr'><strong>est,</strong></span> <span class='ocrx_word' id='word_1_530' title='bbox 878 3332 1117 3389; x_wconf 87' lang='lat' dir='ltr'><strong>intulit:</strong></span> <span class='ocrx_word' id='word_1_531' title='bbox 1151 3336 1274 3391; x_wconf 83' lang='lat' dir='ltr'><strong>Nisi</strong></span> <span class='ocrx_word' id='word_1_532' title='bbox 1303 3342 1362 3391; x_wconf 87' lang='lat' dir='ltr'><strong>ut</strong></span> <span class='ocrx_word' id='word_1_533' title='bbox 1394 3340 1484 3395; x_wconf 81' lang='lat' dir='ltr'><strong>inv</strong></span> <span class='ocrx_word' id='word_1_534' title='bbox 1518 3338 1661 3392; x_wconf 66' lang='lat' dir='ltr'><strong>&#39;ieem</strong></span> <span class='ocrx_word' id='word_1_535' title='bbox 1689 3338 1820 3393; x_wconf 90' lang='lat' dir='ltr'><strong>dili-</strong></span> <span class='ocrx_word' id='word_1_536' title='bbox 1932 3330 2041 3385; x_wconf 82' lang='lat' dir='ltr'><strong>hoc</strong></span> <span class='ocrx_word' id='word_1_537' title='bbox 2075 3335 2304 3400; x_wconf 70' lang='lat' dir='ltr'><strong>tempus</strong></span> <span class='ocrx_word' id='word_1_538' title='bbox 2338 3333 2563 3400; x_wconf 68' lang='lat' dir='ltr'><strong>aptum,</strong></span> <span class='ocrx_word' id='word_1_539' title='bbox 2593 3329 2851 3400; x_wconf 69' lang='lat' dir='ltr'><strong>aperitur</strong></span> <span class='ocrx_word' id='word_1_540' title='bbox 2905 3346 3039 3384; x_wconf 77' lang='lat' dir='ltr'><strong>cum</strong></span> <span class='ocrx_word' id='word_1_541' title='bbox 3086 3332 3390 3388; x_wconf 80' lang='lat' dir='ltr'><strong>subditur:</strong></span> <span class='ocrx_word' id='word_1_542' title='bbox 3434 3336 3575 3403; x_wconf 84' lang='lat' dir='ltr'><strong>Quia</strong></span> 
     </span>
    </p>
   </div>
   <div class='ocr_carea' id='block_1_68' title="bbox 120 3416 3571 3499">
    <p class='ocr_par' dir='ltr' id='par_1_68' title="bbox 120 3416 3571 3499">
     <span class='ocr_line' id='line_1_68' title="bbox 120 3416 3571 3499; baseline 0 -20"><span class='ocrx_word' id='word_1_543' title='bbox 120 3426 265 3494; x_wconf 84' lang='lat' dir='ltr'><strong>gatis</strong></span> <span class='ocrx_word' id='word_1_544' title='bbox 287 3440 311 3484; x_wconf 88' lang='lat'><em>;</em></span> <span class='ocrx_word' id='word_1_545' title='bbox 348 3439 414 3476; x_wconf 88' lang='lat' dir='ltr'><strong>ac</strong></span> <span class='ocrx_word' id='word_1_546' title='bbox 447 3422 495 3476; x_wconf 91' lang='lat' dir='ltr'><strong>si</strong></span> <span class='ocrx_word' id='word_1_547' title='bbox 530 3421 783 3477; x_wconf 90' lang='lat' dir='ltr'><strong>diceret:</strong></span> <span class='ocrx_word' id='word_1_548' title='bbox 810 3421 925 3477; x_wconf 89' lang='lat' dir='ltr'><strong>Hoc</strong></span> <span class='ocrx_word' id='word_1_549' title='bbox 949 3422 1277 3480; x_wconf 86' lang='lat' dir='ltr'><strong>dilectionis</strong></span> <span class='ocrx_word' id='word_1_550' title='bbox 1313 3427 1505 3483; x_wconf 90' lang='lat' dir='ltr'><strong>bonun</strong></span> <span class='ocrx_word' id='word_1_551' title='bbox 1542 3442 1567 3481; x_wconf 76' lang='lat'><strong>1</strong></span> <span class='ocrx_word' id='word_1_552' title='bbox 1595 3443 1827 3499; x_wconf 89' lang='lat' dir='ltr'><strong>semper</strong></span> <span class='ocrx_word' id='word_1_553' title='bbox 1934 3421 2069 3474; x_wconf 76' lang='grc' dir='ltr'><em>Ιῑονα</em></span> <span class='ocrx_word' id='word_1_554' title='bbox 2099 3420 2317 3488; x_wconf 69' lang='lat' dir='ltr'><strong>estjam</strong></span> <span class='ocrx_word' id='word_1_555' title='bbox 2348 3433 2445 3472; x_wconf 76' lang='grc' dir='ltr'><strong>ποις</strong></span> <span class='ocrx_word' id='word_1_556' title='bbox 2474 3416 2539 3472; x_wconf 72' lang='lat' dir='ltr'><strong>de</strong></span> <span class='ocrx_word' id='word_1_557' title='bbox 2574 3433 2757 3473; x_wconf 70' lang='grc' dir='ltr'><strong>δοτηήο</strong></span> <span class='ocrx_word' id='word_1_558' title='bbox 2807 3434 3031 3487; x_wconf 79' lang='lat' dir='ltr'><strong>surgere</strong></span> <span class='ocrx_word' id='word_1_559' title='bbox 3048 3436 3068 3480; x_wconf 63' lang='grc' dir='ltr'><strong>ν·</strong></span> <span class='ocrx_word' id='word_1_560' title='bbox 3111 3436 3178 3475; x_wconf 75' lang='lat' dir='ltr'><strong>ac</strong></span> <span class='ocrx_word' id='word_1_561' title='bbox 3223 3420 3273 3475; x_wconf 85' lang='lat' dir='ltr'><strong>Si</strong></span> <span class='ocrx_word' id='word_1_562' title='bbox 3322 3422 3571 3478; x_wconf 85' lang='lat' dir='ltr'><strong>diceret:</strong></span> 
     </span>
    </p>
   </div>
   <div class='ocr_carea' id='block_1_69' title="bbox 122 3506 1790 3588">
    <p class='ocr_par' dir='ltr' id='par_1_69' title="bbox 122 3510 1790 3588">
     <span class='ocr_line' id='line_1_69' title="bbox 122 3510 1790 3588; baseline 0.002 -20"><span class='ocrx_word' id='word_1_563' title='bbox 122 3513 291 3568; x_wconf 84' lang='lat' dir='ltr'><strong>vobis</strong></span> <span class='ocrx_word' id='word_1_564' title='bbox 326 3511 577 3566; x_wconf 87' lang='lat' dir='ltr'><strong>invicem</strong></span> <span class='ocrx_word' id='word_1_565' title='bbox 610 3510 950 3581; x_wconf 78' lang='lat' dir='ltr'><strong>persolvetis</strong></span> <span class='ocrx_word' id='word_1_566' title='bbox 975 3528 1210 3569; x_wconf 89' lang='lat' dir='ltr'><strong>necesse</strong></span> <span class='ocrx_word' id='word_1_567' title='bbox 1230 3519 1336 3586; x_wconf 87' lang='lat' dir='ltr'><strong>est,</strong></span> <span class='ocrx_word' id='word_1_568' title='bbox 1362 3518 1498 3588; x_wconf 91' lang='lat' dir='ltr'><strong>quia</strong></span> <span class='ocrx_word' id='word_1_569' title='bbox 1562 3533 1677 3588; x_wconf 90' lang='lat' dir='ltr'><strong>quo</strong></span> <span class='ocrx_word' id='word_1_570' title='bbox 1700 3533 1790 3571; x_wconf 90' lang='lat' dir='ltr'><strong>am</strong></span> 
     </span>
    </p>
   </div>
   <div class='ocr_carea' id='block_1_70' title="bbox 1922 3506 3579 3588">
    <p class='ocr_par' dir='ltr' id='par_1_70' title="bbox 1935 3506 3579 3581">
     <span class='ocr_line' id='line_1_70' title="bbox 1935 3506 3579 3581; baseline 0.003 -21"><span class='ocrx_word' id='word_1_571' title='bbox 1935 3508 2043 3562; x_wconf 92' lang='lat' dir='ltr'><strong>Diu</strong></span> <span class='ocrx_word' id='word_1_572' title='bbox 2076 3506 2311 3578; x_wconf 89' lang='lat' dir='ltr'><strong>quidem</strong></span> <span class='ocrx_word' id='word_1_573' title='bbox 2338 3506 2607 3577; x_wconf 84' lang='lat' dir='ltr'><strong>jacuistis</strong></span> <span class='ocrx_word' id='word_1_574' title='bbox 2638 3506 2696 3560; x_wconf 89' lang='lat' dir='ltr'><strong>in</strong></span> <span class='ocrx_word' id='word_1_575' title='bbox 2729 3523 2935 3562; x_wconf 88' lang='lat' dir='ltr'><strong>somno</strong></span> <span class='ocrx_word' id='word_1_576' title='bbox 2966 3506 3351 3577; x_wconf 83' lang='lat' dir='ltr'><strong>infidelitatis,</strong></span> <span class='ocrx_word' id='word_1_577' title='bbox 3378 3526 3579 3581; x_wconf 88' lang='lat' dir='ltr'><strong>corpo-</strong></span> 
     </span>
    </p>
   </div>
   <div class='ocr_carea' id='block_1_71' title="bbox 126 3596 3574 3674">
    <p class='ocr_par' dir='ltr' id='par_1_71' title="bbox 126 3596 3574 3674">
     <span class='ocr_line' id='line_1_71' title="bbox 126 3596 3574 3674; baseline 0.001 -19"><span class='ocrx_word' id='word_1_578' title='bbox 126 3602 284 3673; x_wconf 88' lang='lat' dir='ltr'><strong>plius</strong></span> <span class='ocrx_word' id='word_1_579' title='bbox 319 3599 608 3667; x_wconf 85' lang='lat' dir='ltr'><strong>redditur,</strong></span> <span class='ocrx_word' id='word_1_580' title='bbox 636 3604 799 3655; x_wconf 86' lang='lat' dir='ltr'><strong>tanto</strong></span> <span class='ocrx_word' id='word_1_581' title='bbox 831 3600 1019 3672; x_wconf 86' lang='lat' dir='ltr'><strong>magis</strong></span> <span class='ocrx_word' id='word_1_582' title='bbox 1039 3608 1303 3674; x_wconf 77' lang='lat' dir='ltr'><strong>augetur.</strong></span> <span class='ocrx_word' id='word_1_583' title='bbox 1328 3607 1398 3660; x_wconf 89' lang='lat' dir='ltr'><strong>Et</strong></span> <span class='ocrx_word' id='word_1_584' title='bbox 1430 3612 1495 3661; x_wconf 86' lang='lat' dir='ltr'><strong>ut</strong></span> <span class='ocrx_word' id='word_1_585' title='bbox 1554 3606 1825 3661; x_wconf 89' lang='lat' dir='ltr'><strong>ostende-</strong></span> <span class='ocrx_word' id='word_1_586' title='bbox 1937 3597 2018 3652; x_wconf 85' lang='lat' dir='ltr'><strong>ris</strong></span> <span class='ocrx_word' id='word_1_587' title='bbox 2043 3597 2305 3667; x_wconf 76' lang='lat' dir='ltr'><strong>ignaviae,</strong></span> <span class='ocrx_word' id='word_1_588' title='bbox 2344 3602 2399 3651; x_wconf 84' lang='lat' dir='ltr'><strong>et</strong></span> <span class='ocrx_word' id='word_1_589' title='bbox 2428 3600 2768 3651; x_wconf 59' lang='lat' dir='ltr'><strong>ceterorum</strong></span> <span class='ocrx_word' id='word_1_590' title='bbox 2799 3596 3094 3652; x_wconf 86' lang='lat' dir='ltr'><strong>vitiorum.</strong></span> <span class='ocrx_word' id='word_1_591' title='bbox 3150 3599 3298 3653; x_wconf 83' lang='lat' dir='ltr'><strong>Hora</strong></span> <span class='ocrx_word' id='word_1_592' title='bbox 3336 3604 3425 3655; x_wconf 88' lang='lat' dir='ltr'><strong>est</strong></span> <span class='ocrx_word' id='word_1_593' title='bbox 3449 3600 3574 3670; x_wconf 83' lang='lat' dir='ltr'><strong>jam</strong></span> 
     </span>
    </p>
   </div>
   <div class='ocr_carea' id='block_1_72' title="bbox 128 3685 3581 3765">
    <p class='ocr_par' dir='ltr' id='par_1_72' title="bbox 128 3685 3581 3765">
     <span class='ocr_line' id='line_1_72' title="bbox 128 3685 3581 3765; baseline 0.001 -20"><span class='ocrx_word' id='word_1_594' title='bbox 128 3695 212 3745; x_wconf 87' lang='lat' dir='ltr'><strong>ret</strong></span> <span class='ocrx_word' id='word_1_595' title='bbox 242 3692 540 3761; x_wconf 87' lang='lat' dir='ltr'><strong>quantum</strong></span> <span class='ocrx_word' id='word_1_596' title='bbox 574 3690 793 3743; x_wconf 89' lang='lat' dir='ltr'><strong>bonum</strong></span> <span class='ocrx_word' id='word_1_597' title='bbox 825 3688 904 3743; x_wconf 90' lang='lat' dir='ltr'><strong>sit</strong></span> <span class='ocrx_word' id='word_1_598' title='bbox 935 3688 1185 3763; x_wconf 88' lang='lat' dir='ltr'><strong>dilectio,</strong></span> <span class='ocrx_word' id='word_1_599' title='bbox 1205 3694 1491 3765; x_wconf 85' lang='lat' dir='ltr'><strong>subjecit:</strong></span> <span class='ocrx_word' id='word_1_600' title='bbox 1552 3696 1658 3762; x_wconf 86' lang='lat' dir='ltr'><strong>Qui</strong></span> <span class='ocrx_word' id='word_1_601' title='bbox 1676 3697 1830 3749; x_wconf 85' lang='lat' dir='ltr'><strong>enim</strong></span> <span class='ocrx_word' id='word_1_602' title='bbox 1938 3701 2194 3756; x_wconf 76' lang='lat' dir='ltr'><strong>surgere.</strong></span> <span class='ocrx_word' id='word_1_603' title='bbox 2229 3685 2344 3739; x_wconf 81' lang='lat' dir='ltr'><strong>Cur</strong></span> <span class='ocrx_word' id='word_1_604' title='bbox 2375 3690 2569 3739; x_wconf 83' lang='lat' dir='ltr'><strong>autem</strong></span> <span class='ocrx_word' id='word_1_605' title='bbox 2598 3686 2723 3755; x_wconf 83' lang='lat' dir='ltr'><strong>jam</strong></span> <span class='ocrx_word' id='word_1_606' title='bbox 2754 3685 2893 3741; x_wconf 81' lang='lat' dir='ltr'><strong>hora</strong></span> <span class='ocrx_word' id='word_1_607' title='bbox 2951 3686 3047 3753; x_wconf 85' lang='lat' dir='ltr'><strong>sit,</strong></span> <span class='ocrx_word' id='word_1_608' title='bbox 3105 3688 3393 3743; x_wconf 80' lang='lat' dir='ltr'><strong>ostendit:</strong></span> <span class='ocrx_word' id='word_1_609' title='bbox 3423 3689 3581 3743; x_wconf 82' lang='lat' dir='ltr'><strong>Nunc</strong></span> 
     </span>
    </p>
   </div>
   <div class='ocr_carea' id='block_1_73' title="bbox 128 3776 3579 3849">
    <p class='ocr_par' dir='ltr' id='par_1_73' title="bbox 128 3776 3579 3849">
     <span class='ocr_line' id='line_1_73' title="bbox 128 3776 3579 3849; baseline 0.001 -18"><span class='ocrx_word' id='word_1_610' title='bbox 128 3778 319 3848; x_wconf 85' lang='lat' dir='ltr'><strong>diligit</strong></span> <span class='ocrx_word' id='word_1_611' title='bbox 346 3779 686 3849; x_wconf 72' lang='lat' dir='ltr'><strong>proximum,</strong></span> <span class='ocrx_word' id='word_1_612' title='bbox 722 3779 893 3846; x_wconf 82' lang='lat' dir='ltr'><strong>legem</strong></span> <span class='ocrx_word' id='word_1_613' title='bbox 924 3780 1191 3848; x_wconf 82' lang='lat' dir='ltr'><strong>implevit.</strong></span> <span class='ocrx_word' id='word_1_614' title='bbox 1937 3776 2089 3828; x_wconf 85' lang='lat' dir='ltr'><strong>enim</strong></span> <span class='ocrx_word' id='word_1_615' title='bbox 2116 3776 2339 3845; x_wconf 83' lang='lat' dir='ltr'><strong>prepior</strong></span> <span class='ocrx_word' id='word_1_616' title='bbox 2365 3778 2439 3829; x_wconf 85' lang='lat' dir='ltr'><strong>est</strong></span> <span class='ocrx_word' id='word_1_617' title='bbox 2470 3782 2661 3829; x_wconf 85' lang='lat' dir='ltr'><strong>nostra</strong></span> <span class='ocrx_word' id='word_1_618' title='bbox 2688 3776 2857 3840; x_wconf 88' lang='lat' dir='ltr'><strong>salus,</strong></span> <span class='ocrx_word' id='word_1_619' title='bbox 2880 3790 3046 3846; x_wconf 88' lang='lat' dir='ltr'><strong>quam</strong></span> <span class='ocrx_word' id='word_1_620' title='bbox 3073 3792 3199 3831; x_wconf 88' lang='lat' dir='ltr'><strong>cum</strong></span> <span class='ocrx_word' id='word_1_621' title='bbox 3226 3777 3579 3833; x_wconf 85' lang='lat' dir='ltr'><strong>credidimus.</strong></span> 
     </span>
    </p>
   </div>
   <div class='ocr_carea' id='block_1_74' title="bbox 203 3862 3581 3942">
    <p class='ocr_par' dir='ltr' id='par_1_74' title="bbox 203 3862 3581 3942">
     <span class='ocr_line' id='line_1_74' title="bbox 203 3862 3581 3942; baseline 0 -21"><span class='ocrx_word' id='word_1_622' title='bbox 203 3867 323 3921; x_wconf 89' lang='lat' dir='ltr'><strong>Sed</strong></span> <span class='ocrx_word' id='word_1_623' title='bbox 362 3882 491 3921; x_wconf 90' lang='lat' dir='ltr'><strong>cum</strong></span> <span class='ocrx_word' id='word_1_624' title='bbox 524 3866 807 3921; x_wconf 90' lang='lat' dir='ltr'><strong>Dominus</strong></span> <span class='ocrx_word' id='word_1_625' title='bbox 840 3866 900 3920; x_wconf 93' lang='lat' dir='ltr'><strong>in</strong></span> <span class='ocrx_word' id='word_1_626' title='bbox 922 3868 1230 3939; x_wconf 81' lang='lat' dir='ltr'><strong>Evangelio</strong></span> <span class='ocrx_word' id='word_1_627' title='bbox 1262 3876 1394 3942; x_wconf 87' lang='lat' dir='ltr'><strong>post</strong></span> <span class='ocrx_word' id='word_1_628' title='bbox 1424 3889 1488 3927; x_wconf 88' lang='lat' dir='ltr'><strong>co</strong></span> <span class='ocrx_word' id='word_1_629' title='bbox 1538 3871 1833 3926; x_wconf 78' lang='lat' dir='ltr'><strong>mmenda-</strong></span> <span class='ocrx_word' id='word_1_630' title='bbox 1942 3864 2006 3916; x_wconf 89' lang='lat' dir='ltr'><strong>Et</strong></span> <span class='ocrx_word' id='word_1_631' title='bbox 2036 3867 2124 3917; x_wconf 91' lang='lat' dir='ltr'><strong>est</strong></span> <span class='ocrx_word' id='word_1_632' title='bbox 2154 3879 2362 3918; x_wconf 89' lang='lat' dir='ltr'><strong>sensus</strong></span> <span class='ocrx_word' id='word_1_633' title='bbox 2392 3878 2404 3915; x_wconf 90' lang='lat'><strong>:</strong></span> <span class='ocrx_word' id='word_1_634' title='bbox 2441 3863 2580 3933; x_wconf 89' lang='lat' dir='ltr'><strong>quia</strong></span> <span class='ocrx_word' id='word_1_635' title='bbox 2609 3862 2735 3917; x_wconf 89' lang='lat' dir='ltr'><strong>dies</strong></span> <span class='ocrx_word' id='word_1_636' title='bbox 2758 3864 2966 3933; x_wconf 89' lang='lat' dir='ltr'><strong>judicii</strong></span> <span class='ocrx_word' id='word_1_637' title='bbox 2998 3866 3251 3932; x_wconf 90' lang='lat' dir='ltr'><strong>advenit,</strong></span> <span class='ocrx_word' id='word_1_638' title='bbox 3286 3871 3342 3921; x_wconf 90' lang='lat' dir='ltr'><strong>et</strong></span> <span class='ocrx_word' id='word_1_639' title='bbox 3369 3872 3581 3922; x_wconf 63' lang='lat' dir='ltr'><strong>nostra;</strong></span> 
     </span>
    </p>
   </div>
   <div class='ocr_carea' id='block_1_75' title="bbox 130 3944 3584 4026">
    <p class='ocr_par' dir='ltr' id='par_1_75' title="bbox 130 3944 3584 4026">
     <span class='ocr_line' id='line_1_75' title="bbox 130 3944 3584 4026; baseline 0.001 -17"><span class='ocrx_word' id='word_1_640' title='bbox 130 3944 659 4010; x_wconf 30' lang='lat' dir='ltr'><strong>tam&#39;dilectionem</strong></span> <span class='ocrx_word' id='word_1_641' title='bbox 682 3954 780 4009; x_wconf 91' lang='lat' dir='ltr'><strong>Dei</strong></span> <span class='ocrx_word' id='word_1_642' title='bbox 804 3958 861 4010; x_wconf 90' lang='lat' dir='ltr'><strong>et</strong></span> <span class='ocrx_word' id='word_1_643' title='bbox 880 3955 1130 4026; x_wconf 86' lang='lat' dir='ltr'><strong>proximi</strong></span> <span class='ocrx_word' id='word_1_644' title='bbox 1156 3958 1311 4013; x_wconf 89' lang='lat' dir='ltr'><strong>dicat</strong></span> <span class='ocrx_word' id='word_1_645' title='bbox 1336 3977 1347 4014; x_wconf 94' lang='lat'><strong>:</strong></span> <span class='ocrx_word' id='word_1_646' title='bbox 1376 3962 1440 4015; x_wconf 89' lang='lat' dir='ltr'><strong>In</strong></span> <span class='ocrx_word' id='word_1_647' title='bbox 1470 3961 1504 4015; x_wconf 91' lang='lat' dir='ltr'><strong>h</strong></span> <span class='ocrx_word' id='word_1_648' title='bbox 1552 3958 1599 4012; x_wconf 85' lang='lat' dir='ltr'><strong>is</strong></span> <span class='ocrx_word' id='word_1_649' title='bbox 1626 3958 1835 4014; x_wconf 82' lang='lat' dir='ltr'><strong>duobus</strong></span> <span class='ocrx_word' id='word_1_650' title='bbox 1940 3951 2068 4005; x_wconf 58' lang='grc' dir='ltr'><strong>νίῖε</strong></span> <span class='ocrx_word' id='word_1_651' title='bbox 2102 3951 2233 4005; x_wconf 73' lang='lat' dir='ltr'><strong>ﬁnis</strong></span> <span class='ocrx_word' id='word_1_652' title='bbox 2267 3950 2713 4020; x_wconf 69' lang='lat' dir='ltr'><strong>appropinquat,</strong></span> <span class='ocrx_word' id='word_1_653' title='bbox 2774 3950 2902 4005; x_wconf 80' lang='lat' dir='ltr'><strong>ideo</strong></span> <span class='ocrx_word' id='word_1_654' title='bbox 2961 3954 3227 4023; x_wconf 73' lang='lat' dir='ltr'><strong>proprior</strong></span> <span class='ocrx_word' id='word_1_655' title='bbox 3282 3958 3370 4009; x_wconf 79' lang='lat' dir='ltr'><strong>est</strong></span> <span class='ocrx_word' id='word_1_656' title='bbox 3427 3972 3584 4010; x_wconf 86' lang='lat' dir='ltr'><strong>nunc</strong></span> 
     </span>
    </p>
   </div>
   <div class='ocr_carea' id='block_1_76' title="bbox 129 4038 3587 4122">
    <p class='ocr_par' dir='ltr' id='par_1_76' title="bbox 129 4038 3587 4122">
     <span class='ocr_line' id='line_1_76' title="bbox 129 4038 3587 4122; baseline 0.003 -24"><span class='ocrx_word' id='word_1_657' title='bbox 129 4043 415 4099; x_wconf 86' lang='lat' dir='ltr'><strong>mandatis</strong></span> <span class='ocrx_word' id='word_1_658' title='bbox 446 4047 552 4099; x_wconf 88' lang='lat' dir='ltr'><strong>tota</strong></span> <span class='ocrx_word' id='word_1_659' title='bbox 586 4045 676 4099; x_wconf 63' lang='lat' dir='ltr'><strong>lex</strong></span> <span class='ocrx_word' id='word_1_660' title='bbox 702 4045 899 4115; x_wconf 86' lang='lat' dir='ltr'><strong>pendet</strong></span> <span class='ocrx_word' id='word_1_661' title='bbox 929 4045 1138 4116; x_wconf 78' lang='lat' dir='ltr'><strong>(Matth.</strong></span> <span class='ocrx_word' id='word_1_662' title='bbox 1172 4064 1312 4117; x_wconf 83' lang='lat' dir='ltr'><strong>xxu,</strong></span> <span class='ocrx_word' id='word_1_663' title='bbox 1347 4049 1455 4120; x_wconf 80' lang='grc'>40),</span> <span class='ocrx_word' id='word_1_664' title='bbox 1500 4066 1533 4122; x_wconf 89' lang='lat' dir='ltr'><strong>q</strong></span> <span class='ocrx_word' id='word_1_665' title='bbox 1568 4048 1833 4103; x_wconf 78' lang='lat' dir='ltr'><strong>&#39;uomodo</strong></span> <span class='ocrx_word' id='word_1_666' title='bbox 1943 4044 2144 4094; x_wconf 70' lang='lat' dir='ltr'><strong>nostra</strong></span> <span class='ocrx_word' id='word_1_667' title='bbox 2172 4038 2354 4103; x_wconf 61' lang='lat'><strong>98105;</strong></span> <span class='ocrx_word' id='word_1_668' title='bbox 2414 4054 2591 4108; x_wconf 81' lang='lat' dir='ltr'><strong>quam</strong></span> <span class='ocrx_word' id='word_1_669' title='bbox 2648 4043 2807 4102; x_wconf 63' lang='lat' dir='ltr'>tunc»</span> <span class='ocrx_word' id='word_1_670' title='bbox 2868 4056 2999 4093; x_wconf 76' lang='lat' dir='ltr'><strong>cum</strong></span> <span class='ocrx_word' id='word_1_671' title='bbox 3040 4042 3417 4112; x_wconf 72' lang='grc' dir='ltr'><strong>οῖ’θάίάίωυε,</strong></span> <span class='ocrx_word' id='word_1_672' title='bbox 3448 4044 3587 4113; x_wconf 80' lang='lat' dir='ltr'><strong>quia</strong></span> 
     </span>
    </p>
   </div>
   <div class='ocr_carea' id='block_1_77' title="bbox 133 4127 3587 4210">
    <p class='ocr_par' dir='ltr' id='par_1_77' title="bbox 133 4127 3587 4210">
     <span class='ocr_line' id='line_1_77' title="bbox 133 4127 3587 4210; baseline -0.001 -22"><span class='ocrx_word' id='word_1_673' title='bbox 133 4131 453 4204; x_wconf 88' lang='lat' dir='ltr'><strong>Apostolus</strong></span> <span class='ocrx_word' id='word_1_674' title='bbox 474 4149 607 4188; x_wconf 89' lang='lat' dir='ltr'><strong>eum</strong></span> <span class='ocrx_word' id='word_1_675' title='bbox 632 4133 731 4204; x_wconf 90' lang='lat' dir='ltr'><strong>qui</strong></span> <span class='ocrx_word' id='word_1_676' title='bbox 751 4135 1085 4205; x_wconf 85' lang='lat' dir='ltr'><strong>proximum</strong></span> <span class='ocrx_word' id='word_1_677' title='bbox 1105 4135 1527 4210; x_wconf 87' lang='lat' dir='ltr'><strong>diligat,legem</strong></span> <span class='ocrx_word' id='word_1_678' title='bbox 1592 4135 1835 4207; x_wconf 90' lang='lat' dir='ltr'><strong>implere</strong></span> <span class='ocrx_word' id='word_1_679' title='bbox 1944 4146 2058 4200; x_wconf 91' lang='lat' dir='ltr'><strong>quo</strong></span> <span class='ocrx_word' id='word_1_680' title='bbox 2089 4127 2375 4199; x_wconf 67' lang='lat' dir='ltr'><strong>praeterita</strong></span> <span class='ocrx_word' id='word_1_681' title='bbox 2405 4130 2761 4191; x_wconf 87' lang='lat' dir='ltr'><strong>crescunt,eo</strong></span> <span class='ocrx_word' id='word_1_682' title='bbox 2790 4127 3137 4183; x_wconf 90' lang='lat' dir='ltr'><strong>minuuntur</strong></span> <span class='ocrx_word' id='word_1_683' title='bbox 3167 4130 3381 4184; x_wconf 87' lang='lat' dir='ltr'><strong>futura.</strong></span> <span class='ocrx_word' id='word_1_684' title='bbox 3425 4130 3587 4185; x_wconf 75' lang='lat' dir='ltr'><strong>Salu-</strong></span> 
     </span>
    </p>
   </div>
   <div class='ocr_carea' id='block_1_78' title="bbox 135 4216 3583 4293">
    <p class='ocr_par' dir='ltr' id='par_1_78' title="bbox 135 4216 3583 4293">
     <span class='ocr_line' id='line_1_78' title="bbox 135 4216 3583 4293; baseline -0 -18"><span class='ocrx_word' id='word_1_685' title='bbox 135 4220 323 4276; x_wconf 87' lang='lat' dir='ltr'><strong>dicit?</strong></span> <span class='ocrx_word' id='word_1_686' title='bbox 354 4221 437 4275; x_wconf 88' lang='lat' dir='ltr'><strong>Ne</strong></span> <span class='ocrx_word' id='word_1_687' title='bbox 468 4237 601 4293; x_wconf 89' lang='lat' dir='ltr'><strong>ergo</strong></span> <span class='ocrx_word' id='word_1_688' title='bbox 632 4222 899 4277; x_wconf 86' lang='lat' dir='ltr'><strong>videatur</strong></span> <span class='ocrx_word' id='word_1_689' title='bbox 920 4224 1302 4293; x_wconf 87' lang='lat' dir='ltr'><strong>contrarium,</strong></span> <span class='ocrx_word' id='word_1_690' title='bbox 1328 4227 1556 4282; x_wconf 71' lang='lat' dir='ltr'><strong>animae</strong></span> <span class='ocrx_word' id='word_1_691' title='bbox 1595 4225 1837 4279; x_wconf 86' lang='lat' dir='ltr'><strong>lverten-</strong></span> <span class='ocrx_word' id='word_1_692' title='bbox 1944 4223 2061 4274; x_wconf 90' lang='lat' dir='ltr'><strong>tem</strong></span> <span class='ocrx_word' id='word_1_693' title='bbox 2094 4233 2225 4272; x_wconf 91' lang='lat' dir='ltr'><strong>vero</strong></span> <span class='ocrx_word' id='word_1_694' title='bbox 2277 4233 2391 4271; x_wconf 90' lang='lat' dir='ltr'><strong>non</strong></span> <span class='ocrx_word' id='word_1_695' title='bbox 2451 4216 2827 4287; x_wconf 89' lang='lat' dir='ltr'><strong>temporalem</strong></span> <span class='ocrx_word' id='word_1_696' title='bbox 2888 4216 3045 4285; x_wconf 90' lang='lat' dir='ltr'><strong>dicit,</strong></span> <span class='ocrx_word' id='word_1_697' title='bbox 3109 4218 3208 4273; x_wconf 89' lang='lat' dir='ltr'><strong>sed</strong></span> <span class='ocrx_word' id='word_1_698' title='bbox 3269 4222 3583 4275; x_wconf 85' lang='lat' dir='ltr'><strong>aeternam:</strong></span> 
     </span>
    </p>
   </div>
   <div class='ocr_carea' id='block_1_79' title="bbox 139 4304 3590 4388">
    <p class='ocr_par' dir='ltr' id='par_1_79' title="bbox 139 4304 3590 4388">
     <span class='ocr_line' id='line_1_79' title="bbox 139 4304 3590 4388; baseline -0.001 -25"><span class='ocrx_word' id='word_1_699' title='bbox 139 4308 276 4365; x_wconf 90' lang='lat' dir='ltr'><strong>dum</strong></span> <span class='ocrx_word' id='word_1_700' title='bbox 313 4313 409 4366; x_wconf 87' lang='lat' dir='ltr'><strong>est</strong></span> <span class='ocrx_word' id='word_1_701' title='bbox 439 4312 579 4381; x_wconf 91' lang='lat' dir='ltr'><strong>quia</strong></span> <span class='ocrx_word' id='word_1_702' title='bbox 609 4327 723 4365; x_wconf 90' lang='lat' dir='ltr'><strong>non</strong></span> <span class='ocrx_word' id='word_1_703' title='bbox 756 4311 837 4366; x_wconf 91' lang='lat' dir='ltr'><strong>ait</strong></span> <span class='ocrx_word' id='word_1_704' title='bbox 864 4312 1206 4383; x_wconf 88' lang='lat' dir='ltr'><strong>Apostolus,</strong></span> <span class='ocrx_word' id='word_1_705' title='bbox 1236 4318 1417 4370; x_wconf 88' lang='lat' dir='ltr'><strong>totam</strong></span> <span class='ocrx_word' id='word_1_706' title='bbox 1447 4316 1563 4388; x_wconf 62' lang='lat' dir='ltr'><strong>legi</strong></span> <span class='ocrx_word' id='word_1_707' title='bbox 1604 4330 1700 4381; x_wconf 64' lang='lat' dir='ltr'><strong>im,</strong></span> <span class='ocrx_word' id='word_1_708' title='bbox 1734 4313 1837 4368; x_wconf 89' lang='lat' dir='ltr'><strong>sed</strong></span> <span class='ocrx_word' id='word_1_709' title='bbox 1947 4323 2121 4378; x_wconf 82' lang='lat' dir='ltr'><strong>quam</strong></span> <span class='ocrx_word' id='word_1_710' title='bbox 2155 4306 2404 4377; x_wconf 87' lang='lat' dir='ltr'><strong>perfecte</strong></span> <span class='ocrx_word' id='word_1_711' title='bbox 2462 4304 2699 4375; x_wconf 87' lang='lat' dir='ltr'><strong>quidem</strong></span> <span class='ocrx_word' id='word_1_712' title='bbox 2758 4304 2960 4361; x_wconf 83' lang='lat' dir='ltr'><strong>ﬁdeles</strong></span> <span class='ocrx_word' id='word_1_713' title='bbox 3014 4306 3362 4379; x_wconf 88' lang='lat' dir='ltr'><strong>percipiunt,</strong></span> <span class='ocrx_word' id='word_1_714' title='bbox 3392 4324 3526 4363; x_wconf 91' lang='lat' dir='ltr'><strong>cum</strong></span> <span class='ocrx_word' id='word_1_715' title='bbox 3558 4325 3590 4363; x_wconf 86' lang='lat' dir='ltr'><strong>e</strong></span> 
     </span>
    </p>
   </div>
   <div class='ocr_carea' id='block_1_80' title="bbox 137 4394 3592 4477">
    <p class='ocr_par' dir='ltr' id='par_1_80' title="bbox 137 4394 3592 4477">
     <span class='ocr_line' id='line_1_80' title="bbox 137 4394 3592 4477; baseline 0.001 -26"><span class='ocrx_word' id='word_1_716' title='bbox 137 4402 400 4467; x_wconf 85' lang='lat' dir='ltr'><strong>tantum,</strong></span> <span class='ocrx_word' id='word_1_717' title='bbox 432 4398 619 4471; x_wconf 81' lang='lat' dir='ltr'><strong>legem</strong></span> <span class='ocrx_word' id='word_1_718' title='bbox 651 4399 835 4465; x_wconf 80' lang='lat' dir='ltr'><strong>illam,</strong></span> <span class='ocrx_word' id='word_1_719' title='bbox 869 4402 1069 4457; x_wconf 80' lang='lat' dir='ltr'><strong>volens</strong></span> <span class='ocrx_word' id='word_1_720' title='bbox 1100 4402 1427 4476; x_wconf 69' lang='lat' dir='ltr'><strong>intelligere</strong></span> <span class='ocrx_word' id='word_1_721' title='bbox 1456 4423 1581 4477; x_wconf 50' lang='lat' dir='ltr'><strong>quae,</strong></span> <span class='ocrx_word' id='word_1_722' title='bbox 1619 4401 1842 4472; x_wconf 56' lang='lat' dir='ltr'><strong>aproxi-</strong></span> <span class='ocrx_word' id='word_1_723' title='bbox 1948 4395 2287 4466; x_wconf 89' lang='lat' dir='ltr'><strong>corporibus</strong></span> <span class='ocrx_word' id='word_1_724' title='bbox 2350 4398 2578 4461; x_wconf 84' lang='lat' dir='ltr'><strong>exeunt,</strong></span> <span class='ocrx_word' id='word_1_725' title='bbox 2641 4394 2954 4466; x_wconf 86' lang='lat' dir='ltr'><strong>perfectius</strong></span> <span class='ocrx_word' id='word_1_726' title='bbox 3010 4401 3209 4451; x_wconf 89' lang='lat' dir='ltr'><strong>tamen</strong></span> <span class='ocrx_word' id='word_1_727' title='bbox 3268 4397 3592 4470; x_wconf 87' lang='lat' dir='ltr'><strong>percipient</strong></span> 
     </span>
    </p>
   </div>
   <div class='ocr_carea' id='block_1_81' title="bbox 142 4487 1838 4565">
    <p class='ocr_par' dir='ltr' id='par_1_81' title="bbox 142 4487 1838 4565">
     <span class='ocr_line' id='line_1_81' title="bbox 142 4487 1838 4565; baseline 0.001 -24"><span class='ocrx_word' id='word_1_728' title='bbox 142 4488 215 4541; x_wconf 90' lang='lat' dir='ltr'><strong>mi</strong></span> <span class='ocrx_word' id='word_1_729' title='bbox 242 4489 420 4559; x_wconf 91' lang='lat' dir='ltr'><strong>jubet</strong></span> <span class='ocrx_word' id='word_1_730' title='bbox 449 4487 1015 4554; x_wconf 89' lang='lat' dir='ltr'><strong>dilectionem.Quod</strong></span> <span class='ocrx_word' id='word_1_731' title='bbox 1039 4490 1087 4546; x_wconf 88' lang='lat' dir='ltr'><strong>si</strong></span> <span class='ocrx_word' id='word_1_732' title='bbox 1120 4495 1301 4546; x_wconf 88' lang='lat' dir='ltr'><strong>totam</strong></span> <span class='ocrx_word' id='word_1_733' title='bbox 1327 4492 1513 4565; x_wconf 91' lang='lat' dir='ltr'><strong>legem</strong></span> <span class='ocrx_word' id='word_1_734' title='bbox 1547 4495 1591 4549; x_wconf 25' lang='lat' dir='ltr'><strong>i1.</strong></span> <span class='ocrx_word' id='word_1_735' title='bbox 1637 4489 1838 4561; x_wconf 73' lang='lat' dir='ltr'><strong>itelligi</strong></span> 
     </span>
    </p>
   </div>
   <div class='ocr_carea' id='block_1_82' title="bbox 1949 4484 2924 4539">
    <p class='ocr_par' dir='ltr' id='par_1_82' title="bbox 1949 4484 2924 4539">
     <span class='ocr_line' id='line_1_82' title="bbox 1949 4484 2924 4539; baseline 0 0"><span class='ocrx_word' id='word_1_736' title='bbox 1949 4501 2081 4539; x_wconf 91' lang='lat' dir='ltr'><strong>cum</strong></span> <span class='ocrx_word' id='word_1_737' title='bbox 2114 4501 2147 4539; x_wconf 90' lang='lat' dir='ltr'><strong>a</strong></span> <span class='ocrx_word' id='word_1_738' title='bbox 2176 4484 2424 4539; x_wconf 88' lang='lat' dir='ltr'><strong>mortuis</strong></span> <span class='ocrx_word' id='word_1_739' title='bbox 2456 4484 2924 4539; x_wconf 83' lang='lat' dir='ltr'><strong>resurrrexerint.</strong></span> 
     </span>
    </p>
   </div>
   <div class='ocr_carea' id='block_1_83' title="bbox 144 4573 3591 4658">
    <p class='ocr_par' dir='ltr' id='par_1_83' title="bbox 144 4573 3591 4658">
     <span class='ocr_line' id='line_1_83' title="bbox 144 4573 3591 4658; baseline 0 -28"><span class='ocrx_word' id='word_1_740' title='bbox 144 4576 351 4648; x_wconf 82' lang='lat' dir='ltr'><strong>voluit,</strong></span> <span class='ocrx_word' id='word_1_741' title='bbox 386 4593 491 4632; x_wconf 91' lang='lat' dir='ltr'><strong>nec</strong></span> <span class='ocrx_word' id='word_1_742' title='bbox 524 4577 607 4632; x_wconf 87' lang='lat' dir='ltr'><strong>sic</strong></span> <span class='ocrx_word' id='word_1_743' title='bbox 637 4576 996 4632; x_wconf 90' lang='lat' dir='ltr'><strong>contrarium</strong></span> <span class='ocrx_word' id='word_1_744' title='bbox 1054 4582 1159 4635; x_wconf 87' lang='lat' dir='ltr'><strong>est.</strong></span> <span class='ocrx_word' id='word_1_745' title='bbox 1221 4580 1326 4643; x_wconf 90' lang='lat' dir='ltr'><strong>Qui</strong></span> <span class='ocrx_word' id='word_1_746' title='bbox 1389 4582 1545 4637; x_wconf 89' lang='lat' dir='ltr'><strong>enim</strong></span> <span class='ocrx_word' id='word_1_747' title='bbox 1601 4608 1611 4634; x_wconf 80' lang='grc' dir='ltr'>ι</span> <span class='ocrx_word' id='word_1_748' title='bbox 1653 4576 1843 4648; x_wconf 80' lang='lat' dir='ltr'><strong>iiligit</strong></span> <span class='ocrx_word' id='word_1_749' title='bbox 1873 4595 1918 4658; x_wconf 83' lang='lat' dir='ltr'><strong>D</strong></span> <span class='ocrx_word' id='word_1_750' title='bbox 2021 4573 2339 4643; x_wconf 86' lang='lat' dir='ltr'><strong>Sequitur:</strong></span> <span class='ocrx_word' id='word_1_751' title='bbox 2371 4574 2490 4627; x_wconf 72' lang='lat' dir='ltr'><strong>No.70</strong></span> <span class='ocrx_word' id='word_1_752' title='bbox 2511 4575 2807 4643; x_wconf 59' lang='lat' dir='ltr'><strong>praecessit,</strong></span> <span class='ocrx_word' id='word_1_753' title='bbox 2840 4578 2945 4629; x_wconf 88' lang='lat' dir='ltr'><strong>etc.</strong></span> <span class='ocrx_word' id='word_1_754' title='bbox 2982 4575 3097 4630; x_wconf 87' lang='lat' dir='ltr'><strong>Iste</strong></span> <span class='ocrx_word' id='word_1_755' title='bbox 3129 4579 3367 4630; x_wconf 87' lang='lat' dir='ltr'><strong>sanctus</strong></span> <span class='ocrx_word' id='word_1_756' title='bbox 3410 4577 3591 4646; x_wconf 83' lang='lat' dir='ltr'><strong>Apos-</strong></span> 
     </span>
    </p>
   </div>
   <div class='ocr_carea' id='block_1_84' title="bbox 144 4660 3594 4743">
    <p class='ocr_par' dir='ltr' id='par_1_84' title="bbox 144 4660 3594 4743">
     <span class='ocr_line' id='line_1_84' title="bbox 144 4660 3594 4743; baseline -0.002 -21"><span class='ocrx_word' id='word_1_757' title='bbox 144 4663 351 4733; x_wconf 85' lang='lat' dir='ltr'><strong>Deum,</strong></span> <span class='ocrx_word' id='word_1_758' title='bbox 372 4665 565 4738; x_wconf 86' lang='lat' dir='ltr'><strong>diligit</strong></span> <span class='ocrx_word' id='word_1_759' title='bbox 586 4667 789 4738; x_wconf 90' lang='lat' dir='ltr'><strong>utique</strong></span> <span class='ocrx_word' id='word_1_760' title='bbox 814 4668 1167 4738; x_wconf 80' lang='lat' dir='ltr'><strong>proximum,</strong></span> <span class='ocrx_word' id='word_1_761' title='bbox 1188 4670 1465 4740; x_wconf 83' lang='lat' dir='ltr'><strong>quoniam</strong></span> <span class='ocrx_word' id='word_1_762' title='bbox 1486 4672 1633 4743; x_wconf 39' lang='lat' dir='ltr'><strong>ipse.</strong></span> <span class='ocrx_word' id='word_1_763' title='bbox 1678 4667 1844 4737; x_wconf 81' lang='lat' dir='ltr'><strong>jubet</strong></span> <span class='ocrx_word' id='word_1_764' title='bbox 1954 4660 2545 4733; x_wconf 83' lang='lat' dir='ltr'><strong>stolus,Evangelium</strong></span> <span class='ocrx_word' id='word_1_765' title='bbox 2582 4661 2971 4733; x_wconf 66' lang='lat' dir='ltr'><strong>praedicando,</strong></span> <span class='ocrx_word' id='word_1_766' title='bbox 2995 4680 3140 4733; x_wconf 87' lang='lat' dir='ltr'><strong>pene</strong></span> <span class='ocrx_word' id='word_1_767' title='bbox 3173 4667 3364 4718; x_wconf 88' lang='lat' dir='ltr'><strong>totum</strong></span> <span class='ocrx_word' id='word_1_768' title='bbox 3394 4663 3594 4717; x_wconf 87' lang='lat' dir='ltr'><strong>orbem</strong></span> 
     </span>
    </p>
   </div>
   <div class='ocr_carea' id='block_1_85' title="bbox 147 4753 1842 4832">
    <p class='ocr_par' dir='ltr' id='par_1_85' title="bbox 147 4753 1842 4832">
     <span class='ocr_line' id='line_1_85' title="bbox 147 4753 1842 4832; baseline 0.007 -27"><span class='ocrx_word' id='word_1_769' title='bbox 147 4753 384 4826; x_wconf 86' lang='lat' dir='ltr'><strong>diligere</strong></span> <span class='ocrx_word' id='word_1_770' title='bbox 406 4756 741 4828; x_wconf 84' lang='lat' dir='ltr'><strong>proximum</strong></span> <span class='ocrx_word' id='word_1_771' title='bbox 768 4772 780 4822; x_wconf 93' lang='lat'><strong>;</strong></span> <span class='ocrx_word' id='word_1_772' title='bbox 806 4760 862 4810; x_wconf 89' lang='lat' dir='ltr'><strong>et</strong></span> <span class='ocrx_word' id='word_1_773' title='bbox 884 4755 983 4827; x_wconf 87' lang='lat' dir='ltr'><strong>qui</strong></span> <span class='ocrx_word' id='word_1_774' title='bbox 1014 4757 1343 4827; x_wconf 84' lang='lat' dir='ltr'><strong>proximum</strong></span> <span class='ocrx_word' id='word_1_775' title='bbox 1367 4760 1574 4832; x_wconf 88' lang='lat' dir='ltr'><strong>diligit,</strong></span> <span class='ocrx_word' id='word_1_776' title='bbox 1592 4779 1647 4816; x_wconf 73' lang='grc' dir='ltr'><strong>ΠΙ</strong></span> <span class='ocrx_word' id='word_1_777' title='bbox 1688 4755 1842 4827; x_wconf 55' lang='lat' dir='ltr'><strong>iique</strong></span> 
     </span>
    </p>
   </div>
   <div class='ocr_carea' id='block_1_86' title="bbox 149 4842 1837 4923">
    <p class='ocr_par' dir='ltr' id='par_1_86' title="bbox 149 4842 1837 4923">
     <span class='ocr_line' id='line_1_86' title="bbox 149 4842 1837 4923; baseline 0.007 -28"><span class='ocrx_word' id='word_1_778' title='bbox 149 4842 337 4915; x_wconf 89' lang='lat' dir='ltr'><strong>diligit</strong></span> <span class='ocrx_word' id='word_1_779' title='bbox 364 4850 421 4899; x_wconf 92' lang='lat' dir='ltr'><strong>et</strong></span> <span class='ocrx_word' id='word_1_780' title='bbox 450 4845 654 4915; x_wconf 92' lang='lat' dir='ltr'><strong>Deum,</strong></span> <span class='ocrx_word' id='word_1_781' title='bbox 689 4846 970 4917; x_wconf 88' lang='lat' dir='ltr'><strong>quoniam</strong></span> <span class='ocrx_word' id='word_1_782' title='bbox 1018 4847 1144 4916; x_wconf 87' lang='lat' dir='ltr'><strong>ejus</strong></span> <span class='ocrx_word' id='word_1_783' title='bbox 1187 4847 1391 4918; x_wconf 87' lang='lat' dir='ltr'><strong>implet</strong></span> <span class='ocrx_word' id='word_1_784' title='bbox 1418 4858 1661 4923; x_wconf 67' lang='lat' dir='ltr'><strong>praecept</strong></span> <span class='ocrx_word' id='word_1_785' title='bbox 1716 4862 1837 4901; x_wconf 81' lang='lat' dir='ltr'><strong>um.</strong></span> 
     </span>
    </p>
   </div>
   <div class='ocr_carea' id='block_1_87' title="bbox 148 4928 1843 5010">
    <p class='ocr_par' dir='ltr' id='par_1_87' title="bbox 148 4928 1843 5010">
     <span class='ocr_line' id='line_1_87' title="bbox 148 4928 1843 5010; baseline 0.006 -24"><span class='ocrx_word' id='word_1_786' title='bbox 148 4928 272 5001; x_wconf 81' lang='lat' dir='ltr'><strong>Ipse</strong></span> <span class='ocrx_word' id='word_1_787' title='bbox 296 4938 491 4990; x_wconf 90' lang='lat' dir='ltr'><strong>autem</strong></span> <span class='ocrx_word' id='word_1_788' title='bbox 516 4935 573 4989; x_wconf 92' lang='lat' dir='ltr'><strong>in</strong></span> <span class='ocrx_word' id='word_1_789' title='bbox 593 4933 902 5005; x_wconf 87' lang='lat' dir='ltr'><strong>Evangelio</strong></span> <span class='ocrx_word' id='word_1_790' title='bbox 924 4934 1102 4990; x_wconf 91' lang='lat' dir='ltr'><strong>dicit:</strong></span> <span class='ocrx_word' id='word_1_791' title='bbox 1139 4937 1243 5004; x_wconf 81' lang='lat' dir='ltr'><strong>Qui</strong></span> <span class='ocrx_word' id='word_1_792' title='bbox 1285 4938 1472 5007; x_wconf 81' lang='lat' dir='ltr'><strong>diligit</strong></span> <span class='ocrx_word' id='word_1_793' title='bbox 1506 4957 1609 5010; x_wconf 90' lang='lat' dir='ltr'><strong>me,</strong></span> <span class='ocrx_word' id='word_1_794' title='bbox 1643 4958 1675 4995; x_wconf 75' lang='grc' dir='ltr'><em>η</em></span> <span class='ocrx_word' id='word_1_795' title='bbox 1727 4951 1843 4989; x_wconf 73' lang='lat' dir='ltr'><strong>um-</strong></span> 
     </span>
    </p>
   </div>
   <div class='ocr_carea' id='block_1_88' title="bbox 150 5018 1842 5094">
    <p class='ocr_par' dir='ltr' id='par_1_88' title="bbox 150 5018 1842 5094">
     <span class='ocr_line' id='line_1_88' title="bbox 150 5018 1842 5094; baseline 0.004 -21"><span class='ocrx_word' id='word_1_796' title='bbox 150 5018 275 5075; x_wconf 88' lang='lat' dir='ltr'><strong>data</strong></span> <span class='ocrx_word' id='word_1_797' title='bbox 305 5039 422 5079; x_wconf 86' lang='lat' dir='ltr'><strong>mea</strong></span> <span class='ocrx_word' id='word_1_798' title='bbox 448 5025 694 5081; x_wconf 84' lang='lat' dir='ltr'><strong>servabit</strong></span> <span class='ocrx_word' id='word_1_799' title='bbox 728 5024 906 5094; x_wconf 86' lang='lat' dir='ltr'><strong>(Joan.</strong></span> <span class='ocrx_word' id='word_1_800' title='bbox 939 5042 1055 5091; x_wconf 81' lang='lat' dir='ltr'><strong>xw,</strong></span> <span class='ocrx_word' id='word_1_801' title='bbox 1086 5026 1199 5093; x_wconf 86' lang='lat'><strong>15.)</strong></span> <span class='ocrx_word' id='word_1_802' title='bbox 1232 5025 1302 5080; x_wconf 90' lang='lat' dir='ltr'><strong>Ut</strong></span> <span class='ocrx_word' id='word_1_803' title='bbox 1358 5032 1551 5083; x_wconf 90' lang='lat' dir='ltr'><strong>autem</strong></span> <span class='ocrx_word' id='word_1_804' title='bbox 1599 5036 1687 5086; x_wconf 89' lang='lat' dir='ltr'><strong>ost</strong></span> <span class='ocrx_word' id='word_1_805' title='bbox 1744 5040 1842 5079; x_wconf 89' lang='lat' dir='ltr'><strong>en-</strong></span> 
     </span>
    </p>
   </div>
   <div class='ocr_carea' id='block_1_89' title="bbox 151 5108 1844 5185">
    <p class='ocr_par' dir='ltr' id='par_1_89' title="bbox 151 5108 1844 5185">
     <span class='ocr_line' id='line_1_89' title="bbox 151 5108 1844 5185; baseline 0.007 -23"><span class='ocrx_word' id='word_1_806' title='bbox 151 5108 310 5164; x_wconf 89' lang='lat' dir='ltr'><strong>deret</strong></span> <span class='ocrx_word' id='word_1_807' title='bbox 338 5130 512 5185; x_wconf 87' lang='lat' dir='ltr'><strong>quam</strong></span> <span class='ocrx_word' id='word_1_808' title='bbox 543 5114 755 5169; x_wconf 84' lang='lat' dir='ltr'><strong>dixerit</strong></span> <span class='ocrx_word' id='word_1_809' title='bbox 786 5112 992 5183; x_wconf 86' lang='lat' dir='ltr'><strong>legem,</strong></span> <span class='ocrx_word' id='word_1_810' title='bbox 1018 5115 1263 5185; x_wconf 88' lang='lat' dir='ltr'><strong>adjecit:</strong></span> <span class='ocrx_word' id='word_1_811' title='bbox 1292 5117 1427 5171; x_wconf 86' lang='lat' dir='ltr'><strong>Nam</strong></span> <span class='ocrx_word' id='word_1_812' title='bbox 1452 5135 1560 5174; x_wconf 89' lang='lat' dir='ltr'><strong>non</strong></span> <span class='ocrx_word' id='word_1_813' title='bbox 1589 5122 1713 5177; x_wconf 64' lang='lat' dir='ltr'><strong>occit</strong></span> <span class='ocrx_word' id='word_1_814' title='bbox 1762 5112 1844 5168; x_wconf 66' lang='grc' dir='ltr'><strong>ἶϐις</strong></span> 
     </span>
    </p>
   </div>
   <div class='ocr_carea' id='block_1_90' title="bbox 671 5203 1786 5228">
    <p class='ocr_par' dir='ltr' id='par_1_90' title="bbox 671 5203 1786 5228">
     <span class='ocr_line' id='line_1_90' title="bbox 671 5203 1786 5228; baseline 0 0"><span class='ocrx_word' id='word_1_815' title='bbox 671 5203 857 5228; x_wconf 61' lang='grc' dir='ltr'><strong>ἶσ-ι-εννι</strong></span> <span class='ocrx_word' id='word_1_816' title='bbox 896 5203 1000 5228; x_wconf 63' lang='grc' dir='ltr'><strong>ΑΑιΧ</strong></span> <span class='ocrx_word' id='word_1_817' title='bbox 1058 5220 1161 5228; x_wconf 58' lang='grc' dir='ltr'><strong>---η</strong></span> <span class='ocrx_word' id='word_1_818' title='bbox 1206 5206 1511 5228; x_wconf 27' lang='grc' dir='ltr'><strong>,...1-.1ι-ηξιη’</strong></span> <span class='ocrx_word' id='word_1_819' title='bbox 1712 5216 1723 5228; x_wconf 66' lang='grc' dir='ltr'><em>Α</em></span> <span class='ocrx_word' id='word_1_820' title='bbox 1774 5204 1786 5227; x_wconf 74' lang='lat'><strong>‘.</strong></span> 
     </span>
    </p>
   </div>
   <div class='ocr_carea' id='block_1_91' title="bbox 150 5195 594 5228">
    <p class='ocr_par' dir='ltr' id='par_1_91' title="bbox 150 5195 594 5228">
     <span class='ocr_line' id='line_1_91' title="bbox 150 5195 594 5228; baseline 0 0"><span class='ocrx_word' id='word_1_821' title='bbox 150 5195 517 5228; x_wconf 54' lang='grc' dir='ltr'><strong>[Μήνη-..ιιιη-</strong></span> <span class='ocrx_word' id='word_1_822' title='bbox 572 5221 594 5228; x_wconf 89' lang='grc'>..</span> 
     </span>
    </p>
   </div>
   <div class='ocr_carea' id='block_1_92' title="bbox 636 5205 857 5228">
    <p class='ocr_par' dir='ltr' id='par_1_92' title="bbox 636 5205 857 5228">
     <span class='ocr_line' id='line_1_92' title="bbox 636 5205 857 5228; baseline 0 0"><span class='ocrx_word' id='word_1_823' title='bbox 636 5205 857 5228; x_wconf 56' lang='grc' dir='ltr'><strong>...τρι-..ωε</strong></span> 
     </span>
    </p>
   </div>
   <div class='ocr_carea' id='block_1_93' title="bbox 1949 4749 3596 4818">
    <p class='ocr_par' dir='ltr' id='par_1_93' title="bbox 1949 4749 3596 4818">
     <span class='ocr_line' id='line_1_93' title="bbox 1949 4749 3596 4818; baseline -0.001 -12"><span class='ocrx_word' id='word_1_824' title='bbox 1949 4756 2239 4806; x_wconf 87' lang='lat' dir='ltr'><strong>terrarum</strong></span> <span class='ocrx_word' id='word_1_825' title='bbox 2271 4750 2617 4817; x_wconf 91' lang='lat' dir='ltr'><strong>circumivit,</strong></span> <span class='ocrx_word' id='word_1_826' title='bbox 2652 4755 2707 4804; x_wconf 91' lang='lat' dir='ltr'><strong>et</strong></span> <span class='ocrx_word' id='word_1_827' title='bbox 2737 4749 2871 4818; x_wconf 90' lang='lat' dir='ltr'><strong>quia</strong></span> <span class='ocrx_word' id='word_1_828' title='bbox 2900 4750 3045 4805; x_wconf 91' lang='lat' dir='ltr'><strong>vidit</strong></span> <span class='ocrx_word' id='word_1_829' title='bbox 3077 4767 3207 4805; x_wconf 92' lang='lat' dir='ltr'><strong>cum</strong></span> <span class='ocrx_word' id='word_1_830' title='bbox 3240 4752 3301 4804; x_wconf 89' lang='lat' dir='ltr'><strong>in</strong></span> <span class='ocrx_word' id='word_1_831' title='bbox 3338 4750 3596 4805; x_wconf 88' lang='lat' dir='ltr'><strong>tenebris</strong></span> 
     </span>
    </p>
   </div>
   <div class='ocr_carea' id='block_1_94' title="bbox 1950 4836 3599 4911">
    <p class='ocr_par' dir='ltr' id='par_1_94' title="bbox 1950 4836 3599 4911">
     <span class='ocr_line' id='line_1_94' title="bbox 1950 4836 3599 4911; baseline -0.003 -18"><span class='ocrx_word' id='word_1_832' title='bbox 1950 4838 2311 4895; x_wconf 80' lang='lat' dir='ltr'><strong>inﬁdelitatis</strong></span> <span class='ocrx_word' id='word_1_833' title='bbox 2343 4843 2401 4893; x_wconf 91' lang='lat' dir='ltr'><strong>et</strong></span> <span class='ocrx_word' id='word_1_834' title='bbox 2430 4839 2789 4911; x_wconf 83' lang='lat' dir='ltr'><strong>reliquorum</strong></span> <span class='ocrx_word' id='word_1_835' title='bbox 2831 4839 3105 4894; x_wconf 87' lang='lat' dir='ltr'><strong>vitiorum</strong></span> <span class='ocrx_word' id='word_1_836' title='bbox 3149 4840 3363 4909; x_wconf 87' lang='lat' dir='ltr'><strong>jacere,</strong></span> <span class='ocrx_word' id='word_1_837' title='bbox 3404 4836 3599 4891; x_wconf 85' lang='lat' dir='ltr'><strong>excla-</strong></span> 
     </span>
    </p>
   </div>
   <div class='ocr_carea' id='block_1_95' title="bbox 1952 4922 3601 4999">
    <p class='ocr_par' dir='ltr' id='par_1_95' title="bbox 1952 4922 3601 4999">
     <span class='ocr_line' id='line_1_95' title="bbox 1952 4922 3601 4999; baseline -0.003 -16"><span class='ocrx_word' id='word_1_838' title='bbox 1952 4930 2134 4984; x_wconf 87' lang='lat' dir='ltr'><strong>mavit</strong></span> <span class='ocrx_word' id='word_1_839' title='bbox 2158 4945 2169 4983; x_wconf 89' lang='lat'><strong>:</strong></span> <span class='ocrx_word' id='word_1_840' title='bbox 2197 4930 2313 4985; x_wconf 76' lang='lat' dir='ltr'><strong>No.1:</strong></span> <span class='ocrx_word' id='word_1_841' title='bbox 2330 4932 2630 4999; x_wconf 66' lang='lat' dir='ltr'><strong>praecessit,</strong></span> <span class='ocrx_word' id='word_1_842' title='bbox 2657 4926 2878 4982; x_wconf 89' lang='lat' dir='ltr'><strong>scilicet</strong></span> <span class='ocrx_word' id='word_1_843' title='bbox 2911 4928 3162 4997; x_wconf 79' lang='lat' dir='ltr'><strong>antiquae</strong></span> <span class='ocrx_word' id='word_1_844' title='bbox 3216 4922 3509 4991; x_wconf 80' lang='lat' dir='ltr'><strong>caecitatis,</strong></span> <span class='ocrx_word' id='word_1_845' title='bbox 3540 4923 3601 4978; x_wconf 88' lang='lat' dir='ltr'><strong>id</strong></span> 
     </span>
    </p>
   </div>
   <div class='ocr_carea' id='block_1_96' title="bbox 1953 5014 3603 5086">
    <p class='ocr_par' dir='ltr' id='par_1_96' title="bbox 1953 5014 3603 5086">
     <span class='ocr_line' id='line_1_96' title="bbox 1953 5014 3603 5086; baseline -0.006 -13"><span class='ocrx_word' id='word_1_846' title='bbox 1953 5025 2042 5074; x_wconf 90' lang='lat' dir='ltr'><strong>est</strong></span> <span class='ocrx_word' id='word_1_847' title='bbox 2070 5017 2432 5075; x_wconf 74' lang='lat' dir='ltr'><strong>infidelitatis</strong></span> <span class='ocrx_word' id='word_1_848' title='bbox 2460 5036 2472 5085; x_wconf 86' lang='lat'><strong>;</strong></span> <span class='ocrx_word' id='word_1_849' title='bbox 2508 5020 2619 5074; x_wconf 82' lang='lat' dir='ltr'><strong>(lies</strong></span> <span class='ocrx_word' id='word_1_850' title='bbox 2650 5018 2834 5071; x_wconf 88' lang='lat' dir='ltr'><strong>autem</strong></span> <span class='ocrx_word' id='word_1_851' title='bbox 2866 5015 3333 5086; x_wconf 86' lang='lat' dir='ltr'><strong>appropinquavit</strong></span> <span class='ocrx_word' id='word_1_852' title='bbox 3378 5014 3603 5065; x_wconf 63' lang='lat' dir='ltr'><strong>aeternae</strong></span> 
     </span>
    </p>
   </div>
   <div class='ocr_carea' id='block_1_97' title="bbox 1955 5096 3609 5174">
    <p class='ocr_par' dir='ltr' id='par_1_97' title="bbox 1955 5096 3609 5174">
     <span class='ocr_line' id='line_1_97' title="bbox 1955 5096 3609 5174; baseline -0.006 -13"><span class='ocrx_word' id='word_1_853' title='bbox 1955 5109 2185 5174; x_wconf 88' lang='lat' dir='ltr'><strong>salutis,</strong></span> <span class='ocrx_word' id='word_1_854' title='bbox 2208 5108 2267 5163; x_wconf 91' lang='lat' dir='ltr'><strong>id</strong></span> <span class='ocrx_word' id='word_1_855' title='bbox 2299 5112 2390 5162; x_wconf 90' lang='lat' dir='ltr'><strong>est</strong></span> <span class='ocrx_word' id='word_1_856' title='bbox 2410 5107 2540 5164; x_wconf 87' lang='lat' dir='ltr'><strong>dies</strong></span> <span class='ocrx_word' id='word_1_857' title='bbox 2564 5106 2696 5161; x_wconf 76' lang='lat' dir='ltr'><strong>fidei</strong></span> <span class='ocrx_word' id='word_1_858' title='bbox 2721 5108 2777 5158; x_wconf 92' lang='lat' dir='ltr'><strong>et</strong></span> <span class='ocrx_word' id='word_1_859' title='bbox 2809 5107 3149 5158; x_wconf 68' lang='lat' dir='ltr'><strong>cmterarum</strong></span> <span class='ocrx_word' id='word_1_860' title='bbox 3174 5101 3481 5165; x_wconf 88' lang='lat' dir='ltr'><strong>virtutum,</strong></span> <span class='ocrx_word' id='word_1_861' title='bbox 3506 5096 3609 5167; x_wconf 90' lang='lat' dir='ltr'><strong>qui</strong></span> 
     </span>
    </p>
   </div>
   <div class='ocr_carea' id='block_1_98' title="bbox 1956 5187 3614 5228">
    <p class='ocr_par' dir='ltr' id='par_1_98' title="bbox 1956 5187 3614 5228">
     <span class='ocr_line' id='line_1_98' title="bbox 1956 5187 3614 5228; baseline -0.001 0"><span class='ocrx_word' id='word_1_862' title='bbox 1956 5201 2096 5228; x_wconf 58' lang='lat' dir='ltr'><strong>{uno</strong></span> <span class='ocrx_word' id='word_1_863' title='bbox 2122 5198 2350 5228; x_wconf 64' lang='grc' dir='ltr'><strong>ηνιιοηηζι</strong></span> <span class='ocrx_word' id='word_1_864' title='bbox 2404 5211 2539 5228; x_wconf 62' lang='lat' dir='ltr'><strong>mam</strong></span> <span class='ocrx_word' id='word_1_865' title='bbox 2562 5194 2826 5228; x_wconf 58' lang='lat' dir='ltr'><strong>Flaminine</strong></span> <span class='ocrx_word' id='word_1_866' title='bbox 2851 5208 2952 5228; x_wconf 63' lang='lat' dir='ltr'><strong>non</strong></span> <span class='ocrx_word' id='word_1_867' title='bbox 2977 5187 3313 5228; x_wconf 70' lang='lat' dir='ltr'><strong>qutnrinm</strong></span> <span class='ocrx_word' id='word_1_868' title='bbox 3345 5190 3614 5228; x_wconf 71' lang='lat' dir='ltr'><strong>Innnrnn-</strong></span> 
     </span>
    </p>
   </div>
  </div>
