3998 5278
383 399 498 457 263

1404 391 1744 453 ATTONIS
1789 342 2400 453 vsacsLLstisi
2444 390 2795 452 EPISCOPI

3697 397 3815 455 264

378 527 678 599 praecessit,
711 525 926 580 idcirco
955 523 1268 579 exhortans
1298 523 1640 595 subjungit:
1692 523 2030 591 Adiiciamus
2057 524 2110 590 Α
2145 527 2208 578 ut
2229 527 2352 580 oste
2390 524 2586 579 ederet
2609 540 2734 595 quea
2759 523 2877 578 sint
2915 539 3077 579 arma
3109 523 3279 591 lucis,
3305 527 3408 579 aut
3436 525 3494 580 in
3525 541 3644 597 quo
3677 526 3809 597 sint,

379 633 509 685 ergo
541 632 707 687 opera
737 616 1085 670 tenebran
1104 629 1124 673 ,°
1156 613 1214 667 id
1245 616 1353 682 est,
1387 612 1750 668 infidelitatis
1779 618 1834 667 et
1862 621 2027 667 caate-

379 721 580 760 rorum
611 704 910 760 vitiorum.
949 703 1175 758 Rursus
1204 701 1342 773 quia
1374 701 1656 772 praemisit
1684 703 1805 756 dies
1842 706 2029 756 autem

376 795 860 866 appropinquavit,
883 793 1009 848 ideo
1032 791 1124 845 hic
1143 807 1374 863 quoque
1397 791 1695 846 subditur:
1724 791 2029 845 lnduamur

377 901 537 939 arma
570 885 731 952 lucis,
766 883 822 937 id
855 886 962 946 est,
998 881 1192 947 ﬁdem,
1219 897 1403 951 spem,
1429 879 1791 948 cbaritatem,
1812 885 1869 934 et
1899 880 2027 934 reli-

375 990 525 1042 quas
555 973 823 1037 virtutes,
860 987 988 1041 quae
1024 970 1167 1023 bene
1205 986 1370 1023 arma
1415 968 1712 1032 dicuntur,
1743 969 2018 1039 quoniam

375 1061 467 1116 his
497 1060 710 1129 gladiis
759 1077 923 1114 arma
970 1057 1184 1112 diaboli
1247 1063 1618 1128 superantur.
1673 1057 1833 1112 Unde
1882 1057 2018 1112 alibi

372 1150 726 1221 Apostolus:
759 1149 974 1203 Induite
1003 1163 1092 1202 vos
1131 1153 1479 1201 armaturam
1534 1148 1651 1210 Dei,
1688 1155 1747 1200 ut
1799 1148 2020 1217 possitis

375 1242 626 1294 resistere
654 1238 913 1292 adversus
939 1236 1172 1291 insidias
1202 1235 1426 1301 diaboli,
1459 1238 1508 1290 et
1537 1236 1596 1289 in
1627 1235 1876 1290 omnibus
1904 1252 2021 1305 per-

371 1329 508 1398 fecti
535 1331 682 1382 stare
711 1327 917 1397 (Ephes.
953 1343 1030 1391 vx,
1068 1326 1176 1392 11).
1217 1324 1384 1379 Lucis
1443 1330 1639 1378 autem
1695 1341 1860 1378 arma
1888 1325 2016 1380 ideo

370 1417 670 1485 dicuntur,
705 1415 981 1486 quoniam
1015 1415 1133 1468 vita
1163 1413 1423 1468 fidelium
1473 1413 1531 1467 in
1583 1414 2016 1484 comparatione

369 1504 695 1559 infidelium
730 1503 828 1558 lux
857 1509 945 1558 est
977 1508 1034 1558 et
1063 1503 1187 1558 dies
1214 1527 1228 1569 ;
1261 1503 1361 1557 sed
1395 1501 1489 1557 hic
1519 1502 1644 1557 dies
1704 1503 2014 1572 permistas

368 1592 543 1648 habet
568 1593 837 1648 tenebras
855 1593 1132 1663 quoniam
1155 1592 1364 1646 militia
1379 1595 1455 1645 est
1469 1594 1581 1644 vita
1596 1592 1833 1646 hominis
1852 1607 2016 1660 super

366 1685 574 1736 terram
606 1681 742 1752 (Job.
762 1681 964 1750 v11,l);
1001 1685 1140 1734 tunc
1171 1683 1364 1734 autem
1401 1680 1526 1733 sine
1555 1680 1830 1734 omnibus
1852 1685 2011 1735 tene-

364 1769 486 1824 bris
515 1771 646 1835 erit,
678 1786 810 1823 cum
842 1769 1006 1824 electi
1046 1767 1383 1823 aeternitatis
1440 1767 1570 1822 luce
1618 1768 2007 1839 perfruentur.

367 1857 438 1913 Ut
459 1861 655 1912 autem
677 1856 1313 1926 ostenderetquomodo
1329 1855 1491 1910 indui
1507 1857 1826 1912 debeamus
1846 1873 2006 1912 arma
2041 1895 2086 1958 Β

363 1945 534 2015 lucis,
559 1945 842 2016 subjecit:
879 1944 1027 1998 Sicut
1058 1946 1114 1997 in
1145 1945 1232 1999 die
1262 1944 1476 1998 honeste
1503 1944 1868 1999 ambulem-us.
1902 1946 2007 2000 Ubi

362 2034 741 2105 quaerendum
773 2037 862 2088 est
893 2049 1070 2103 quare
1101 2033 1327 2086 addidit
1354 2034 1494 2086 sicut
1524 2035 1580 2087 in
1613 2033 1719 2088 die.
1753 2033 2004 2102 Scilicet,

363 2123 502 2193 quia
531 2122 629 2193 qui
663 2136 769 2192 per
798 2126 1023 2176 noctem
1057 2121 1382 2184 ambulant,
1416 2120 1607 2176 solent
1635 2122 1918 2188 distincti,
1950 2128 2007 2178 et

361 2210 734 2280 incompositi
764 2209 886 2264 ire:
913 2209 1153 2280 quidam
1185 2210 1360 2264 etiam
1389 2209 1550 2270 nudi.
1577 2209 1855 2279 quoniam
1889 2228 2003 2266 non

358 2299 632 2354 videntur
662 2299 731 2352 ab
761 2297 891 2351 aliis
916 2315 928 2364 ;
951 2297 1050 2368 qui
1083 2314 1213 2352 vero
1246 2314 1347 2368 per
1377 2298 1554 2364 diem,
1583 2299 1920 2354 omnimodo
1942 2317 2004 2355 se

359 2391 736 2458 componunt,
755 2402 825 2439 ne
843 2386 1238 2456 inspectorum
1258 2385 1456 2440 oculos
1479 2386 1791 2442 offendant.
1808 2387 2005 2442 Voluit

358 2493 490 2545 ergo
521 2476 844 2542 ostendere,
881 2473 1018 2546 quia
1047 2490 1284 2530 necesse
1313 2479 1424 2541 est,
1460 2480 1523 2529 ut
1567 2476 1650 2530 sic
1699 2493 1805 2532 nos
1837 2476 2002 2532 bonis

356 2565 631 2636 operibus
657 2565 1033 2633 adornamus,
1057 2569 1113 2617 et
1135 2563 1192 2616 in
1217 2562 1525 2633 splendore
1540 2563 1821 2618 virtutum
1849 2565 2002 2620 ince-

356 2657 666 2720 damus,ne
685 2653 782 2708 Dei
802 2652 1149 2723 inspectoris
1175 2653 1357 2706 nostri
1383 2653 1580 2708 oculos
1605 2654 2000 2722 offendamus;

353 2743 410 2796 id
443 2746 551 2808 est,
574 2741 631 2795 in
667 2741 834 2796 bonis
855 2741 1150 2811 operibus,
1179 2757 1293 2794 non
1322 2740 1592 2795 humanae
1615 2740 1808 2796 laudis
1832 2758 2005 2813 appe-

353 2831 672 2892 titum,non
697 2829 859 2883 lucra
877 2834 1126 2894 terrena,
1152 2830 1250 2883 sed
1277 2828 1385 2883 hoc
1422 2829 1609 2884 solum
1648 2846 2003 2900 quaeramus,

354 2925 419 2974 ut
444 2919 526 2972 illi
560 2917 918 2989 placeamus.
953 2917 1154 2987 Igitur,
1188 2917 1326 2986 quia
1359 2918 1622 2972 hortatus
1653 2924 1830 2987 est,ut
1862 2918 2005 2987 abji-

353 3023 620 3063 caremus
651 3023 826 3077 opera
857 3007 1253 3069 tenebrarum,
1285 3011 1351 3060 ut
1382 3008 1712 3060 ostenderet
1741 3025 1868 3077 quze
1914 3024 2002 3062 es-

349 3106 500 3165 sent,
525 3095 774 3165 subjecit
800 3111 812 3150 :
842 3096 959 3150 Non
992 3097 1050 3149 in
1079 3096 1586 3164 comessationibus,
1613 3101 1720 3150 etc.
1767 3096 2000 3150 Comes-

345 3185 493 3240 satio
525 3183 760 3252 dicitur,
797 3184 964 3256 quasi
998 3200 1212 3240 mensa:
1244 3183 1512 3239 collatio:
1571 3201 1696 3254 quae
1754 3189 1878 3238 tum
1914 3185 1997 3244 fit.

344 3289 477 3328 cum
507 3291 541 3328 a
567 3273 833 3337 diversis,
862 3271 1109 3342 diversa,
1132 3275 1216 3328 vel
1243 3272 1498 3327 amultis
1523 3273 1706 3326 multa
1730 3273 1785 3326 in
1805 3290 1988 3326 unum
2020 3260 2062 3326 C

344 3363 824 3431 conferuntur,ut
840 3361 1019 3415 simul
1037 3361 1363 3431 epulantur.
1385 3365 1538 3414 Inter
1565 3365 1767 3415 caetera
1791 3372 1985 3414 autem

339 3450 526 3505 multa
555 3449 712 3512 vitia,
775 3466 844 3503 ex
901 3449 1322 3503 comessatione
1377 3449 1626 3503 ebrietas
1685 3450 1982 3517 nascitur;

335 3539 585 3608 ideoque
617 3554 748 3592 mox
783 3537 946 3591 addit
969 3553 980 3590 :
1003 3539 1067 3591 Et
1087 3537 1453 3591 ebrietatibus.
1478 3538 1723 3592 Sursum
1748 3538 1885 3608 quia
1915 3555 1982 3592 ex

335 3627 612 3680 ebrietate
634 3624 813 3680 libido
836 3631 1166 3696 generatur,
1189 3625 1400 3694 adjecit
1426 3642 1437 3679 :
1462 3627 1576 3680 Non
1600 3628 1656 3680 in
1679 3627 1975 3682 cubilibus.

332 3713 534 3770 Cubile
566 3731 599 3768 a
629 3714 917 3781 cubando,
948 3714 1002 3766 id
1028 3719 1136 3774 est,
1163 3731 1195 3767 a
1218 3714 1365 3768 Γαδόο
1407 3715 1715 3768 concubitu
1744 3715 1975 3781 dicitur,

332 3805 488 3875 quod
523 3803 710 3873 magis
742 3802 898 3868 feris,
932 3806 988 3856 et
1019 3803 1222 3857 bestiis
1278 3804 1544 3874 congruit
1582 3821 1758 3874 quam
1793 3805 1976 3860 homi-

330 3891 506 3946 nibus
538 3890 757 3946 ratione
789 3891 1107 3945 utentibus.
1161 3891 1360 3963 lgitur,
1424 3893 1561 3962 quia
1591 3893 1647 3946 in
1681 3892 1972 3949 cubilibus

328 3984 637 4051 patrantur
666 3979 1052 4034 immunditiae
1077 3984 1134 4034 et
1164 3980 1592 4050 fornicationes,
1618 3982 1828 4051 adjecit
1863 4001 1874 4038 :
1909 3985 1973 4038 Et

326 4071 703 4125 immunditiis
732 4069 897 4141 (440).
959 4069 1077 4125 Non
1133 4071 1190 4124 in
1250 4072 1609 4126 contentione.
1668 4073 1969 4127 Contentio

325 4162 414 4212 est
447 4157 792 4214 animositas
823 4159 1059 4229 mentis,
1092 4157 1150 4213 id
1178 4162 1267 4214 est
1298 4160 1458 4214 furor
1501 4159 1701 4225 animi,
1735 4177 1803 4214 ex
1833 4177 1966 4230 qua,

325 4246 462 4317 quia
490 4264 641 4318 saepe
671 4247 934 4302 nascitur
958 4247 1196 4315 invidia,
1230 4253 1333 4302 aut
1363 4247 1555 4313 dolus,
1587 4247 1802 4302 idcirco
1829 4250 1966 4303 sub-

314 4335 626 4406 jungitur:
663 4338 728 4390 Et
753 4335 1130 4402 aemulatione,
1162 4334 1245 4388 vel
1281 4339 1347 4389 ut
1377 4335 1639 4406 quaadam
1673 4336 1968 4407 exempla-

321 4421 408 4476 ria
437 4422 675 4489 habent,
707 4423 848 4477 doto.

390 4511 499 4565 Sed
533 4513 912 4581 quaerendum
937 4516 1026 4566 est
1050 4527 1230 4582 quare
1250 4510 1825 4582 Apostolusquatuor
1841 4530 1964 4568 car-

323 4596 561 4652 nalibus
577 4597 734 4652 vitiis
755 4599 870 4652 duo
890 4598 1177 4669 spiritalia
1193 4600 1576 4671 conjunxit,id
1596 4606 1702 4667 est,
1726 4607 1962 4658 conten-

319 4686 564 4753 tionem,
587 4687 952 4742 etinvidiam.
977 4687 1228 4753 Scilicet,
1271 4689 1409 4760 quia
1453 4690 1752 4745 ostendere
1781 4691 1965 4746 voluit

323 4775 601 4846 quoniam
625 4779 683 4830 et
707 4775 828 4830 haec
853 4776 1230 4841 duo,nonnisi
1253 4779 1351 4848 qui
1377 4777 1635 4834 carnales
1655 4785 1962 4852 sunt,ope-

319 4868 544 4919 rantur.
560 4865 824 4918 Attamen
860 4865 1184 4932 sciendum,
1210 4866 1347 4936 quia
1379 4867 1583 4922 beatus
1600 4869 1962 4939 Augustinus

319 4953 432 5006 tria
453 4951 645 5007 solum
669 4953 810 5008 vitia
829 4953 937 5008 hoc
961 4952 1086 5009 loco
1109 4971 1598 5012 commemorasse
1619 4959 1958 5027 Apostolum

315 5041 459 5084 dicit.
491 5057 502 5068 -
537 5041 680 5086 Nam
717 5043 1263 5090 nnmmegsntinnnm
1299 5048 1357 5092 et
1401 5045 1740 5094 ebrietatem
1777 5063 1954 5096 unum

2140 611 2466 683 adjunxi't:
2528 615 2630 668 Sed
2679 613 2890 668 induite
2935 613 3227 668 Dominum
3264 616 3446 688 Jesum
3496 615 3812 677 Christum:

2137 702 2246 757 hoc
2277 708 2363 757 est
2419 701 2477 755 in
2510 701 2609 756 Die
2643 703 2882 757 honeste
2913 701 3232 756 ambulare.
3262 703 3570 758 Dominum
3604 705 3809 760 Jesum

2137 809 2242 845 nos
2275 795 2497 846 monet
2545 791 2825 857 induere;
2859 791 2914 845 id
2973 796 3082 857 est,
3144 793 3337 861 ﬁdem,
3378 794 3710 858 veritatem,
3757 800 3814 849 et

2133 889 2374 936 cunctas
2431 880 2825 951 virtutes,qua:
2856 879 2914 934 in
2946 880 3174 935 Christo
3206 881 3810 952 interpretantur.Sed

2132 970 2272 1040 quia
2300 970 2384 1024 ha
2416 985 2444 1022 c
2477 986 2639 1022 arma
2671 969 2914 1024 induere
2946 985 3057 1023 non
3109 974 3317 1040 potest,
3341 971 3440 1041 qui
3482 972 3643 1026 curis
3703 990 3810 1026 sae-

2131 1059 2392 1112 cularibu
2428 1075 2455 1111 s
2485 1057 2841 1128 implicatur,
2875 1058 3089 1126 adjecit
3117 1074 3129 1113 :
3162 1060 3227 1112 Et
3256 1062 3437 1125 carni,
3485 1065 3692 1116 vestrm
3723 1079 3814 1115 cu-

2129 1163 2251 1201 ram
2279 1164 2349 1202 ne
2376 1155 2398 1219 /
2427 1147 2645 1201 'eceritis
2677 1150 2734 1202 in
2765 1147 3071 1202 desideriis.
3106 1149 3254 1218 (441)
3286 1149 3553 1203 Praevidit
3591 1151 3813 1221 quippe

2126 1236 2417 1305 Apostolu;
2442 1251 2484 1301 ς,
2520 1236 2660 1305 quia
2689 1235 2815 1291 sine
2847 1253 2986 1292 cura
3035 1237 3227 1291 carnis
3276 1237 3451 1292 homo
3479 1239 3810 1293 subsistere

2126 1342 2238 1378 non
2275 1332 2433 1395 potes
2464 1330 2508 1392 t,
2544 1325 2792 1397 ideoque
2822 1327 3072 1396 adjecit:
3103 1328 3162 1380 In
3195 1327 3498 1382 desideriis.
3533 1331 3612 1382 Ac
3643 1327 3692 1382 si
3725 1329 3812 1381 di-

2123 1419 2312 1470 ceret:
2347 1415 2521 1470 Fier‘i
2553 1433 2666 1470 non
2698 1420 2888 1487 potest
2917 1420 2982 1469 ut
3012 1415 3202 1470 carnis
3231 1432 3430 1471 curam
3477 1433 3592 1471 non
3629 1417 3808 1471 facia-

2123 1501 2200 1556 tis
2227 1520 2240 1569 ;
2275 1502 2324 1556 si
2355 1520 2468 1575 erga
2498 1523 2519 1560 )
2545 1505 2817 1571 feceritis,
2845 1520 2959 1558 non
2996 1504 3053 1557 in
3085 1503 3410 1570 desideriis,
3446 1505 3502 1558 id
3543 1511 3656 1568 est,
3691 1522 3808 1560 non

2121 1589 2182 1644 in
2214 1593 2458 1663 concupi
2497 1593 2756 1659 scentiis,
2790 1592 2875 1648 vel
2909 1597 2974 1647 ut
3003 1591 3309 1648 desideriis
3340 1593 3552 1648 vestris
3577 1593 3811 1648 satisfa-

2122 1678 2312 1735 ciatis.
2339 1682 2462 1743 Quo
2522 1681 2678 1736 dicto
2708 1681 3002 1736 evidenter
3034 1681 3314 1754 insinuat,
3341 1681 3620 1752 quoniam
3666 1699 3808 1737 cura

2121 1769 2312 1823 carnis
2345 1769 2472 1824 habt
2502 1771 2643 1826 suda
2672 1775 2760 1825 est
2792 1771 2849 1824 iu
2884 1770 3584 1836 necessariis,adimenda
3604 1777 3804 1826 autem

2120 1858 2177 1913 in
2215 1859 2471 1929 superﬂu
2500 1858 2580 1913 .is.
2615 1863 2681 1912 Et
2711 1858 2818 1914 hoc
2848 1864 2954 1923 est,
2990 1859 3143 1930 quod
3199 1859 3476 1914 Dominus
3517 1860 3575 1914 in
3613 1861 3804 1915 Evan-

2117 1946 2266 2016 gelio
2297 1947 2472 2004 dicit:
2534 1949 2718 2003 Nolite
2748 1948 2971 2004 solliciti
2997 1965 3110 2004 esse
3142 1951 3202 2003 in
3249 1951 3554 2004 crastinum
3586 1949 3801 2019 (Matth.

2115 2053 2190 2105 v1,
2221 2037 2351 2104 3/1);
2387 2038 2485 2092 ubi
2576 2038 2781 2092 beatus
2843 2039 3259 2110 Hieronymus:
3317 2039 3493 2094 Labor
3543 2055 3803 2094 exercen-

2115 2124 2214 2179 dus
2241 2126 2389 2197 (442)
2419 2132 2490 2182 est
2518 2130 2545 2195 ἒ,
2577 2127 2888 2182 sollicitudo
2918 2127 3175 2182 tollenda.

2185 2249 2468 2306 Praeterea
2525 2250 2858 2318 sciendum,
2885 2251 3163 2322 quoniam
3187 2251 3431 2323 gentiles
3468 2252 3803 2319 credentes,

2115 2338 2256 2394 adeo
2314 2339 2521 2394 fortes:
2577 2344 2634 2394 et
2681 2340 2917 2411 perfecti
2977 2345 3141 2394 erant
3197 2341 3252 2394 in
3311 2341 3443 2410 ﬁde,
3477 2345 3542 2394 ut
3603 2344 3804 2397 omnia

2114 2426 2335 2482 munda
2365 2427 2492 2481 cred
2525 2432 2694 2482 .erent
2725 2446 2736 2492 ;
2771 2428 3016 2500 ideoque
3040 2429 3212 2483 etiam
3244 2429 3359 2484 illis
3389 2429 3800 2498 vescebantur,

2113 2532 2239 2586 quae
2275 2515 2481 2585 prohib
2521 2516 2601 2570 ita
2633 2522 2767 2572 sunt
2800 2518 2858 2572 in
2891 2517 3035 2589 lege,
3071 2518 3320 2573 scientes
3352 2534 3420 2572 ea
3451 2520 3560 2573 sub
3615 2520 3804 2591 ﬁgura

2114 2603 2453 2674 prohibita:
2518 2605 2704 2660 Judaei
2760 2611 2953 2661 autem
3015 2608 3314 2661 credentes
3358 2607 3578 2662 infirmi
3614 2615 3798 2678 erant,
3881 2673 3884 2676 _

2114 2708 2216 2746 nec
2249 2691 2379 2747 aliis
2412 2710 2476 2747 ve
2517 2694 2598 2749 sci
2631 2694 2856 2749 licitum
2889 2697 3191 2767 putabant,
3214 2699 3418 2768 praeter
3439 2714 3567 2768 qua:
3594 2698 3654 2752 in
3677 2697 3800 2772 lege

2113 2787 2402 2851 praecepta
2430 2799 2476 2836 SI
2518 2788 2621 2837 int.
2655 2783 2872 2838 Videns
2932 2800 3066 2855 ergo
3124 2785 3436 2856 Apostolus
3493 2786 3649 2841 hanc
3682 2788 3799 2843 dis-

2115 2869 2461 2938 sentionem,
2530 2877 2592 2925 ut
2623 2889 2720 2926 eos
2770 2873 2838 2926 ad
2906 2890 3105 2943 pacem
3163 2880 3474 2943 revocaret,
3510 2876 3797 2945 subjecit:

2116 2957 2265 3026 (CAP.
2291 2958 2457 3026 XIV.)
2515 2961 2804 3030 inﬁrmum
2835 2969 3017 3014 autem
3051 2964 3107 3015 in
3139 2960 3248 3028 ﬁde
3275 2963 3561 3017 assumite.
3597 2965 3798 3018 Genti-

2114 3045 2224 3099 bus
2253 3047 2407 3101 enim
2441 3047 2472 3101 h
2505 3066 2583 3104 .oc
2641 3049 2891 3110 dicebat.
2929 3066 3056 3120 qua:
3093 3050 3250 3104 adeo
3312 3050 3494 3105 firma:
3545 3057 3714 3106 erant
3746 3055 3799 3107 in

2116 3133 2248 3199 fide,
2281 3141 2345 3188 ut
2370 3152 2460 3190 om
2506 3138 2605 3192 nia
2635 3139 2936 3192 crederent
2995 3139 3244 3204 munda;
3296 3142 3351 3192 et
3407 3145 3495 3193 est
3546 3157 3793 3196 sensus:

2111 3221 2412 3278 Infirmum
2435 3225 2463 3278 J
2510 3227 2741 3280 udzeum
2767 3227 2821 3280 in
2858 3226 3052 3292 ﬁdc,id
3079 3231 3317 3294 est,non
3341 3228 3542 3282 omnia
3577 3230 3799 3284 munda

2103 3313 2445 3381 putantem,i
2491 3333 2525 3370 n
2549 3315 2904 3369 consortium
2931 3319 3191 3368 vestrum
3217 3317 3501 3369 assumite
3530 3334 3542 3369 :
3573 3317 3622 3370 si
3656 3318 3800 3373 forte

2095 3397 2153 3452 in
2188 3399 2298 3452 fide
2335 3417 2429 3470 prc
2462 3405 2655 3466 iﬁciat,
2693 3408 2748 3457 et
2779 3420 2848 3456 nc
2875 3403 3153 3472 judicetis
3187 3420 3318 3457 eum
3371 3406 3716 3474 reprobum,
3744 3413 3795 3460 et

2092 3485 2409 3557 imperfecti
2455 3510 2556 3546 im.
2593 3494 2660 3546 Et
2692 3491 2800 3547 hoc
2827 3497 2914 3546 est
2945 3492 3099 3562 quod
3132 3493 3432 3562 sequitur:
3463 3493 3580 3547 Non.
3617 3497 3675 3549 in
3709 3495 3792 3549 di-

2087 3580 2404 3648 sceptationi
2453 3582 2544 3638 bus
2584 3583 3018 3650 cogitationmn:
3050 3581 3106 3634 id
3167 3586 3273 3645 est,
3303 3599 3415 3636 non
3477 3587 3543 3636 ut
3575 3583 3794 3656 cogita-

2089 3665 2279 3720 tiones
2295 3668 2422 3737 ejus
2479 3669 2915 3739 dijudicetis,de
2940 3670 3155 3741 quibus
3180 3669 3585 3740 solusjudicat
3613 3672 3788 3729 Deus.

2085 3753 2264 3824 Elegit
2293 3757 2432 3826 quip
2461 3775 2548 3831 -pe
2578 3760 2909 3829 Apostolus,
2941 3764 3004 3813 ut
3035 3760 3161 3828 ejus
3192 3759 3504 3815 infirmitas
3521 3767 3787 3831 portare-

2080 3845 2194 3907 tur,
2228 3850 2429 3914 quater
2470 3865 2559 3901 [US
2635 3847 2692 3900 in
2755 3847 2868 3902 ﬁde
2899 3849 3208 3902 recederet.
3243 3848 3460 3903 Undeet
3491 3850 3779 3920 subjecit:

2083 3932 2235 3985 Alius
2266 3933 2414 4002 quid:
2460 3954 2527 3991 rm
2571 3954 2595 3990 s
2660 3937 2834 3991 credit
2861 3937 3194 3991 manducare
3224 3939 3412 3992 omnia
3439 3959 3457 4003 ;
3485 3938 3597 3994 hoc
3627 3939 3779 3994 enim

2078 4020 2146 4074 de
2178 4021 2378 4091 gentili
2466 4025 2629 4089 dicit,
2664 4025 2760 4096 qui
2795 4025 2991 4080 omnia
3023 4025 3199 4096 licita,
3236 4031 3292 4080 et
3323 4027 3547 4082 munda
3581 4030 3778 4084 crede-

2078 4109 2176 4162 bat
2204 4127 2216 4163 :
2252 4126 2384 4163 voca
2425 4115 2515 4170 .tio
2549 4131 2802 4185 namque
2834 4113 2931 4168 Dei
2964 4113 3158 4169 nullos
3190 4115 3458 4186 prohibet
3488 4116 3780 4184 cibos,sed

2077 4197 2221 4251 ratio
2253 4199 2374 4251 abst
2415 4202 2660 4258 :inentiaz
2691 4203 2859 4257 etiam
2894 4220 2925 4256 a
2955 4202 3128 4258 licitis
3162 4203 3474 4259 abstinere.

2149 4322 2254 4399 Qui
2283 4339 2354 4376 au
2405 4334 2514 4381 tem
2568 4327 2826 4396 inﬁrmus
2885 4333 2984 4394 est,
3021 4329 3170 4383 olera
3215 4329 3523 4384 manducet.
3562 4329 3681 4385 Hoc
3711 4331 3780 4385 de

2072 4407 2272 4465 Judan
2305 4411 2354 4464 d'
2392 4416 2509 4482 icit,
2531 4415 2630 4486 qui
2663 4417 2719 4470 in
2755 4417 2864 4471 tide
2888 4416 3178 4481 infirmus,
3207 4434 3274 4472 ea
3295 4423 3523 4472 tantum
3555 4419 3780 4473 munda

2074 4502 2336 4557 credeba‘
2374 4527 2408 4576 ο,
2447 4525 2573 4579 quae
2606 4507 2663 4561 in
2700 4508 2824 4579 lege
2855 4524 2969 4562 non
3029 4512 3168 4562 sunt
3224 4508 3518 4579 prohibita
3549 4527 3562 4574 ;
3601 4513 3775 4564 etest

2074 4606 2319 4646 SGDSUS.‘
2357 4643 2365 4653 .
2404 4599 2482 4651 Ea
2509 4601 2736 4652 tantum
2771 4595 3103 4663 manducet,
3143 4613 3268 4667 qua:
3301 4595 3410 4651 sibi
3459 4597 3687 4661 suavia,
3720 4600 3777 4651 et

2072 4679 2216 4749 legis
2248 4697 2296 4750 p'
2338 4689 2577 4756 accepto
2611 4701 2889 4740 concessa
2919 4685 3120 4751 credit,
3151 4685 3299 4740 sicut
3332 4684 3481 4740 olus.
3523 4685 3690 4742 Unde
3719 4699 3777 4747 et

2075 4768 2273 4822 subdit
2329 4791 2432 4829 ur:
2465 4779 2521 4830 Is
2553 4776 2646 4846 qui
2673 4773 2986 4841 manducat,
3019 4789 3126 4828 non
3183 4774 3609 4829 manducantem
3669 4792 3774 4832 non

2069 4873 2263 4928 sperno
2308 4867 2342 4919 ιί
2366 4881 2388 4926 ;
2418 4864 2474 4918 id
2499 4868 2607 4933 est,
2632 4863 2888 4936 gentilis,
2912 4864 3009 4934 qui
3037 4863 3236 4918 omnia
3257 4864 3496 4919 credens
3525 4866 3770 4932 munda,

2072 4946 2246 5000 mand
2293 4956 2458 5020 .ucat,
2493 4952 2884 5023 (subauditur,
2909 4951 3127 5023 omnia)
3162 4969 3274 5008 non
3310 4953 3770 5010 manducantem

2067 5033 2229 5088 Judo"?
2287 5057 2408 5097 um.
2433 5041 2489 5095 id
2514 5046 2622 5098 est.
2648 5058 2760 5095 non
2793 5040 2988 5095 omnia
3020 5043 3242 5096 munda
3271 5042 3628 5098 credentem.
3656 5059 3769 5097 non
