3998 5278
150 411 256 472 265

734 413 1154 476 EXPOSITIO
1200 415 1277 475 ΙΝ
1324 414 1751 477 EPISTOLAS
1800 417 2156 479 PAULl.-—
2187 420 2263 478 IN
2312 419 2561 479 EPIST.
2598 421 2701 479 AD
2748 420 2937 479 ROM.

3420 420 3539 479 266

150 545 336 601 omnia
353 545 690 617 manducat,
708 546 983 618 gentilem
1005 546 1199 602 omnia
1218 549 1437 602 munda
1454 550 1783 603 credentem
1814 554 1868 618 Α
1900 556 2058 615 runt,
2085 556 2148 605 ut
2180 568 2290 605 non
2328 556 2555 607 tantum
2590 553 2660 607 ad
2694 568 2971 623 personas
2994 551 3320 621 hominum,
3341 555 3439 607 sed
3464 555 3537 609 ad

149 640 196 690 et
217 634 663 690 manducantem
689 637 1061 706 nonjudicet,
1078 637 1135 691 id
1154 642 1259 703 est,
1277 655 1389 692 non
1414 639 1780 708 condemnet,

148 740 250 781 non
282 723 503 778 malum
562 725 631 778 de
674 724 773 778 illo
806 726 1115 781 existimet.
1150 726 1298 780 Sunt
1328 727 1483 780 enim
1516 728 1781 797 quaedam

148 816 303 883 facta,
337 829 464 884 qua;
496 813 744 868 dubium
800 820 888 868 est
936 831 1050 885 quo
1102 814 1296 870 animo
1348 817 1526 883 ﬁant;
1562 816 1699 887 quia
1728 821 1783 870 et

147 903 308 967 bono,
331 907 385 956 et
406 900 560 956 malo
583 902 779 957 animo
804 902 927 957 ﬁeri
952 910 1236 974 possunt:
1271 908 1327 958 et
1356 904 1569 960 idcirco
1599 905 1657 959 in
1690 904 1781 959 his

141 989 419 1063 judicium
453 1006 682 1045 sumere
714 1008 830 1045 non
854 992 1156 1061 debemus,
1183 995 1336 1062 quod
1373 995 1541 1049 nobis
1574 995 1631 1048 in
1665 994 1780 1047 illis

147 1079 511 1152 permittitur,
542 1095 666 1150 qua:
689 1096 802 1150 qna
825 1080 1020 1135 animo
1052 1081 1212 1139 ﬁant.
1237 1082 1417 1136 videri
1449 1089 1694 1154 possunt
1718 1087 1782 1137 ut

144 1171 306 1237 furta,
340 1173 561 1239 stupra,
600 1168 975 1239 blasphemia:
1020 1173 1076 1223 et
1106 1178 1311 1224 caetera
1344 1171 1703 1240 hujusmodi.

209 1259 381 1312 Erant
410 1256 589 1329 igitur
617 1273 683 1311 eo
713 1262 971 1329 tempore
1003 1258 1101 1329 qui
1135 1276 1168 1313 a
1210 1260 1485 1315 carnibus
1537 1268 1594 1315 et
1644 1261 1776 1315 vino

146 1364 201 1402 se
229 1346 603 1401 abstinebant
633 1363 644 1399 :
698 1352 864 1401 erant
916 1353 972 1400 et
1016 1348 1113 1419 qui
1148 1349 1501 1415 utebantur;
1535 1350 1781 1421 ideoque

144 1436 591 1505 dijidicabantur
640 1436 710 1489 ab
741 1434 1013 1490 invicem.
1052 1437 1197 1507 Ergo
1230 1438 1388 1509 quia,
1421 1455 1553 1493 cum
1585 1444 1782 1494 essent

144 1526 403 1580 homines
430 1523 728 1589 mortales,
764 1525 834 1579 de
881 1526 1057 1579 rebus
1089 1526 1303 1593 dubiis,
1339 1527 1395 1581 id
1427 1533 1536 1597 est,
1568 1545 1693 1599 qure
1725 1534 1782 1582 et

144 1612 407 1685 simplici,
440 1617 497 1667 et
526 1630 641 1668 non
677 1614 827 1668 bono
861 1615 1057 1667 animo
1092 1616 1215 1669 ﬁeri
1248 1620 1533 1686 poterant,
1570 1617 1626 1671 in
1680 1631 1779 1672 oc-

144 1702 281 1758 culta
311 1701 529 1768 cordis,
562 1703 634 1757 de
664 1704 881 1773 quibus
914 1703 1067 1758 Deus
1104 1704 1594 1775 tantumjudicat,
1626 1705 1778 1761 vole-

142 1794 265 1847 bant
294 1793 449 1847 ferre
480 1791 833 1847 sententiam
860 1809 873 1859 ;
906 1792 1121 1847 idcirco
1153 1793 1295 1848 dicit
1325 1794 1637 1865 Apostolus
1663 1812 1674 1849 ς
1708 1796 1776 1863 Is,

143 1885 227 1953 qui
265 1881 583 1943 manducat,
631 1897 742 1935 non
792 1882 1219 1936 manducantem
1272 1900 1383 1938 non
1428 1888 1651 1951 spernat
1672 1901 1690 1944 ;
1730 1888 1777 1939 et

146 1973 227 2041 qui
266 1987 384 2026 non
428 1970 742 2037 manducat,
800 1973 1226 2026 manducantem
1272 1988 1379 2026 non
1426 1973 1654 2042 judiret.
1703 1973 1780 2027 De

148 2060 323 2115 dubiis
359 2060 575 2131 quippe
621 2059 887 2129 judicare
939 2077 1051 2115 non
1093 2061 1397 2131 debemus,
1434 2064 1685 2116 maxime
1719 2066 1783 2116 ut

150 2150 616 2217 condemnemus,
643 2164 712 2202 ne
744 2148 893 2203 forte
918 2149 1296 2203 temerarium
1322 2150 1614 2219 judicium
1648 2150 1785 2203 inci-

155 2240 363 2293 damus.
422 2236 585 2291 Unde
635 2236 817 2289 alibi:
876 2235 1061 2291 Molite
1108 2246 1232 2291 ante
1280 2240 1489 2308 tempus
1534 2238 1787 2309 judicare

158 2328 198 2391 (Ι
221 2330 332 2382 Cor.
367 2343 438 2393 IV,
471 2326 548 2395 5).
587 2329 653 2378 Et
686 2326 968 2380 Dominus
998 2326 1057 2379 in
1090 2326 1399 2397 Evangelio
1436 2344 1448 2380 :
1496 2328 1669 2382 Nolite
1690 2328 1783 2398 ju-

150 2415 328 2484 dicare,
366 2423 423 2470 ut
454 2430 561 2470 non
586 2414 928 2485 judicemini
957 2415 1176 2485 (Matth.
1213 2433 1312 2483 vn,
1354 2416 1426 2487 1).

206 2503 310 2559 Cur
337 2508 541 2559 autem
566 2519 671 2559 nec
690 2504 931 2559 Judaeus
956 2504 1033 2559 sit
1056 2506 1446 2576 spernendus,
1471 2523 1576 2561 nec
1598 2506 1785 2578 genti-

135 2591 198 2646 lis
237 2593 627 2663 judicandus,
661 2592 935 2663 ostendit,
978 2594 1387 2665 subjungens:
1447 2596 1588 2649 Deus
1640 2596 1787 2650 enim

135 2683 287 2737 illum
311 2684 639 2753 assumpsit,
664 2683 721 2735 id
745 2686 853 2747 est,
882 2681 1076 2753 elegit,
1101 2688 1156 2737 et
1179 2700 1286 2737 sua
1306 2683 1493 2753 gratia
1514 2684 1583 2737 ad
1614 2684 1788 2737 ﬁdem

134 2772 376 2826 vocavit.
411 2772 651 2842 Propter
682 2771 834 2841 quod
877 2776 935 2825 et
966 2770 1239 2824 subditur
1273 2787 1284 2825 :
1341 2772 1413 2824 Tu
1444 2774 1562 2841 quis
1591 2788 1662 2837 es,
1696 2772 1792 2842 qui

123 2859 336 2930 judice:
369 2860 619 2914 alienum
647 2875 865 2913 servum
890 2863 914 2911 ξ)
942 2861 1020 2913 Ac
1051 2860 1101 2914 si
1144 2859 1359 2913 diceret
1394 2877 1406 2912 :
1465 2860 1611 2922 Quia
1642 2864 1792 2913 Deus

129 2947 302 3003 illum
337 2949 687 3018 assumpsit,
720 2964 923 3001 servus
951 2951 1038 3002 est
1068 2946 1168 3001 Dei
1202 2964 1213 3001 :
1258 2950 1322 3001 tu
1355 2962 1512 3018 ergo,
1546 2964 1679 3000 cum
1712 2948 1794 3001 sis

131 3036 391 3108 fragilis,
424 3041 481 3089 et
530 3035 760 3089 occulta
811 3035 1002 3088 cordis
1048 3051 1396 3104 cognoscere
1436 3052 1551 3089 non
1583 3035 1793 3104 possis,

128 3126 273 3195 quis
310 3139 401 3189 es,
438 3126 502 3176 ut
532 3122 632 3176 Dei
666 3138 898 3176 servum
924 3122 1174 3191 judices.
1210 3122 1372 3177 Unde
1401 3123 1613 3192 adjecit
1645 3142 1657 3179 :
1691 3124 1796 3177 Suo

126 3213 379 3268 Domino
409 3215 537 3277 stat,
570 3214 666 3264 aut
695 3210 840 3265 cadit
869 3211 1119 3281 (443-44)
1142 3211 1169 3265 ?
1198 3215 1321 3265 Stat
1359 3212 1579 3267 scilicet
1608 3212 1793 3279 fortis,

1811 1928 1857 1993 B

1896 657 2173 709 personas
2206 643 2304 695 Dei
2348 648 2403 694 et
2443 642 2747 695 hominum
2781 642 3125 704 referantur,
3160 645 3222 694 ut
3253 641 3352 710 qui
3378 642 3536 709 judi-

1896 734 1989 783 cat
2020 731 2171 783 diem
2208 730 2357 784 inter
2386 730 2563 796 diem,
2598 730 2674 785 sit
2704 731 2878 785 homo
2910 755 2923 795 ;
2956 730 3055 800 qui
3088 734 3283 783 autem
3309 729 3538 798 judicat

1895 834 2126 871 omnem
2163 819 2315 873 diem
2367 818 2443 873 sit
2495 818 2667 873 Deus.
2704 819 2885 873 Homo
2918 817 3132 889 quippe
3186 816 3341 871 diem
3390 816 3541 871 inter

1893 906 2045 961 diem
2095 908 2360 976 judicat;
2406 908 2544 979 quia
2573 907 2681 961 hoc
2714 907 3083 961 solummodo
3107 906 3336 977 judicat
3366 906 3540 976 (445),

1892 996 2046 1065 quod
2083 996 2135 1048 in
2170 996 2439 1067 praesenti
2463 996 2615 1050 videt
2641 1010 2654 1050 :
2690 1011 2824 1049 nam
2850 994 3040 1065 qualis
3064 994 3314 1065 quisque
3336 994 3411 1047 sit
3438 993 3537 1047 ho-

1892 1085 2008 1151 die,
2042 1086 2234 1152 videt;
2288 1085 2478 1157 qualis
2532 1090 2724 1139 autem
2781 1084 3013 1138 futurus
3066 1084 3159 1153 sit,
3194 1082 3440 1153 ignorat,
3474 1086 3540 1137 ut

1891 1189 2048 1237 eum,
2079 1191 2249 1242 quem
2282 1175 2451 1228 hodie
2492 1175 2647 1229 videt
2686 1173 2930 1239 malum,
2964 1189 3093 1227 cras
3141 1189 3257 1233 non
3309 1170 3539 1226 dubitet

1892 1279 2063 1333 posse
2094 1263 2289 1318 divina
2316 1264 2499 1330 gratia
2529 1264 2650 1317 ﬁeri
2686 1264 2905 1317 bonum
2932 1278 2943 1315 :
2980 1262 3131 1316 Deus
3163 1264 3356 1315 autem
3380 1260 3537 1331 judi-

1892 1357 1984 1405 cat
2038 1368 2271 1406 omnem
2330 1353 2525 1418 diem;
2588 1352 2726 1423 quia
2774 1350 3139 1423 prazscientia
3188 1367 3294 1404 sua
3344 1348 3542 1404 omnia

1893 1442 2072 1507 novit,
2109 1441 2284 1495 etiam
2322 1446 2634 1510 antequam
2670 1441 2831 1505 ﬁant,
2864 1444 2919 1493 et
2962 1437 3153 1510 qualis
3186 1438 3435 1509 quisque
3465 1436 3541 1491 sit

1892 1528 2084 1593 hodie,
2109 1530 2301 1600 qualis
2326 1530 2560 1583 futurus
2583 1528 2677 1583 sit.
2706 1529 2885 1599 Igitur
2905 1527 3043 1599 quia
3066 1526 3210 1582 vidit
3228 1524 3543 1598 Apostolus

1889 1617 2048 1673 illam
2082 1620 2441 1685 varietatem,
2468 1635 2645 1688 quam
2679 1618 2935 1671 diximus
2968 1616 3120 1671 inter
3141 1617 3464 1682 credentes,
3487 1618 3547 1671 et

1891 1708 2168 1777 quoniam
2194 1713 2507 1778 utrumque
2538 1705 2892 1777 acceptabile
2923 1710 3011 1760 est
3031 1704 3167 1775 Deo,
3195 1703 3536 1774 subjunxit:

1892 1797 2265 1867 Unusquisque
2284 1798 2342 1849 in
2372 1812 2468 1851 suo
2496 1811 2654 1849 sensu
2686 1795 2948 1849 abundet.
2974 1797 3139 1849 Hunc
3170 1792 3363 1848 locum
3396 1809 3542 1847 non-

1891 1883 2035 1937 nulli
2059 1884 2137 1938 ita
2161 1884 2570 1938 intellexerunt
2594 1901 2606 1938 :
2634 1883 3045 1953 unusquisque
3064 1882 3220 1953 quod
3249 1881 3360 1937 sibi
3386 1878 3542 1935 sufﬁ-

1891 1989 2018 2027 cere
2048 1973 2388 2037 decreverit,
2422 1972 2789 2026 abundanter
2818 1976 3106 2041 Operetur.
3134 1970 3241 2024 Sed
3276 1968 3541 2041 nunquid

1891 2061 2221 2127 haereticus,
2254 2060 2520 2131 nunquid
2569 2059 3003 2123 schismaticus,
3036 2057 3301 2128 nunquid
3347 2057 3541 2112 malus

1895 2149 2216 2204 catholicus
2247 2150 2353 2203 hoc
2387 2149 2613 2219 operari
2645 2148 2832 2217 debet,
2864 2148 3018 2219 quod
3047 2148 3154 2202 sibi
3191 2148 3385 2201 credet
3416 2146 3541 2200 suf-

1895 2239 2107 2294 ﬁcere?
2136 2239 2321 2293 Absit.
2355 2239 2407 2292 Si
2441 2255 2573 2308 ergo
2604 2237 3010 2307 accipiendum
3042 2240 3129 2291 est
3162 2254 3175 2291 :
3209 2235 3545 2306 Unusquis-

1896 2345 2009 2398 que
2042 2327 2195 2382 sicut
2224 2344 2329 2381 suo
2363 2344 2505 2382 sano
2534 2326 2735 2381 sensui
2758 2324 3087 2379 intellectus
3116 2341 3149 2377 a
3174 2328 3287 2378 Deo
3318 2340 3550 2379 conces-

1897 2435 1999 2471 sus
2026 2422 2137 2481 est,
2162 2418 2244 2471 sic
2276 2422 2587 2487 operetur;
2622 2432 2686 2469 ac
2718 2413 2765 2468 si
2789 2414 3049 2485 apertius
3078 2412 3327 2468 diceret:
3362 2412 3549 2467 Unus-

1898 2506 2151 2577 quisque
2203 2522 2328 2577 qua:
2382 2504 2688 2570 credenda,
2735 2508 2791 2557 et
2838 2502 3185 2567 conﬁtenda,
3220 2506 3278 2557 et
3325 2501 3550 2571 agenda

1891 2596 2059 2665 juxta
2105 2594 2396 2660 instituta,
2431 2599 2488 2647 et
2535 2590 2800 2663 exempla
2847 2594 3181 2647 Sanctorum
3232 2589 3551 2661 cognoscit,

1898 2684 2019 2737 haec
2051 2684 2416 2737 abundanter
2436 2686 2741 2752 operetur;
2775 2685 3063 2749 quatenus
3096 2680 3154 2734 in
3189 2679 3280 2734 his
3312 2696 3374 2734 se
3395 2694 3553 2734 exer-

1901 2773 2103 2837 cendo,
2138 2773 2208 2827 ad
2244 2772 2467 2840 majora
2498 2769 2812 2841 perveniat,
2847 2786 2971 2839 quae
3002 2768 3167 2839 prius
3214 2784 3329 2823 non
3378 2765 3549 2823 intel-

1900 2862 2057 2915 lexit.

1974 2950 2291 3019 Sequitur:
2348 2950 2457 3017 Qui
2508 2951 2649 3018 sapit
2699 2948 2865 3012 diem,
2908 2949 3133 3002 Domino
3185 2948 3348 3017 sapit.
3384 2945 3549 3001 Diem

1906 3037 2061 3107 sapit
2111 3038 2233 3105 qui,
2270 3035 2461 3106 qualis
2510 3036 2723 3105 aliquis
2762 3036 2857 3101 sit,
2892 3035 3063 3089 hodie
3106 3035 3259 3089 videt
3292 3051 3304 3090 :
3356 3033 3549 3105 qualis

1907 3129 2101 3180 autem
2136 3140 2262 3178 cras
2286 3126 2519 3177 futurus
2550 3122 2644 3189 sit,
2670 3139 2785 3175 non
2809 3123 3105 3191 agnoscit;
3139 3123 3198 3176 id
3231 3126 3337 3191 est,
3364 3122 3463 3194 qui
3486 3139 3553 3176 ea

1904 3218 2135 3268 tantum
2165 3212 2335 3283 sapit,
2372 3228 2500 3281 qua:
2550 3210 2608 3264 in
2662 3209 2930 3281 praesenti
2972 3211 3165 3278 videt;
3198 3214 3253 3265 et
3304 3210 3549 3265 Domino

129 3299 426 3373 quoniam
462 3300 520 3352 in
556 3300 668 3353 tide
702 3304 1067 3369 perseverat:
1104 3299 1261 3353 cadit
1283 3304 1477 3354 autem
1502 3301 1793 3366 infirmus,
1827 3293 1870 3359 C
1910 3300 2236 3371 sapit,quia
2258 3299 2353 3353 illo
2381 3298 2656 3369 largiente
2680 3297 2787 3354 hoc
2816 3299 3009 3370 ipsum
3036 3298 3549 3367 intelligit.Aliter:

129 3392 230 3446 sed
269 3388 449 3443 fortis
484 3387 712 3442 Domini
744 3388 929 3459 gratia
968 3392 1127 3455 stat;
1183 3389 1451 3444 infirmus
1497 3407 1631 3445 vero
1694 3408 1799 3445 sua

130 3477 460 3551 fragilitate
492 3477 666 3531 cadit.
696 3481 762 3530 Et
794 3481 948 3543 nota,
981 3476 1138 3547 quia,
1173 3494 1306 3531 cum
1339 3479 1685 3549 generaliter
1714 3479 1797 3533 lo-

132 3571 423 3639 queretur
444 3565 516 3619 de
537 3564 812 3620 omnibus
836 3565 1210 3637 regeneratis,
1235 3566 1427 3621 subito
1450 3568 1704 3639 respexit
1726 3568 1794 3622 ad

135 3654 615 3727 przedestinatos,
646 3659 703 3709 et
758 3653 1027 3709 addidit:
1082 3654 1258 3709 Stabit
1306 3664 1536 3720 autem;
1583 3656 1802 3712 scilicet

137 3746 280 3815 quia
303 3743 757 3815 praedestinatus
784 3743 1033 3814 quisque
1051 3743 1244 3797 divina
1260 3744 1447 3815 gratia
1463 3746 1721 3815 adjutus,
1744 3746 1801 3799 in

141 3835 258 3888 [ide
292 3832 707 3904 perseverabit.
747 3832 813 3885 Et
846 3849 918 3886 ne
964 3832 1073 3887 sibi
1108 3833 1553 3903 praedestinatus
1584 3834 1803 3888 tribue-

140 3927 251 3989 ret,
290 3923 452 3992 quod
485 3926 623 3987 stat,
657 3921 924 3991 adjunxit
958 3938 969 3974 :
1005 3926 1203 3976 Potens
1232 3929 1311 3975 est
1338 3924 1486 3975 enim
1518 3928 1660 3977 Deus
1689 3927 1807 3977 sta-

144 4015 305 4066 tuere
334 4012 525 4065 ittum.
550 4015 628 4065 Ac
658 4010 706 4065 si
734 4010 986 4065 diceret:
1021 4010 1201 4081 Cujus
1224 4010 1409 4081 gratia
1434 4015 1567 4077 stat,
1598 4016 1806 4082 potens

147 4105 309 4156 estet
330 4099 597 4155 tribuere
620 4099 1133 4171 perseverantiam,
1152 4104 1215 4154 ut
1236 4101 1807 4171 perseverantissime

150 4194 253 4245 est.
293 4192 557 4244 διαίνετο
588 4188 748 4259 dicit,
780 4188 838 4242 id
888 4192 997 4256 est,
1030 4189 1089 4243 in
1123 4190 1233 4244 fide
1263 4190 1656 4245 corroborare.
1691 4189 1808 4243 Ali-

152 4283 270 4333 ter:
310 4278 515 4343 Illum,
538 4277 595 4330 id
633 4281 722 4331 est
750 4277 1075 4347 infirmum,
1101 4278 1201 4348 qui
1234 4279 1460 4344 cecidit,
1486 4283 1689 4349 potens
1722 4283 1811 4333 est

154 4367 303 4423 Deus
337 4372 621 4430 statuere,
655 4366 709 4419 id
756 4369 862 4431 est,
900 4366 1204 4420 restituere
1237 4366 1291 4420 in
1328 4368 1641 4437 pristinum
1674 4384 1806 4439 gra-

153 4457 314 4510 dum.
343 4456 418 4510 Et
450 4453 775 4519 sciendum,
800 4453 937 4524 quia
958 4459 1123 4509 erant
1144 4454 1408 4508 nonnulli
1430 4472 1495 4510 eo
1526 4460 1807 4527 tempore,

158 4544 252 4616 qui
309 4559 556 4614 semper
586 4542 954 4597 abstinentiae
986 4543 1308 4597 vacandum
1341 4544 1627 4599 docebant
1654 4563 1666 4612 ;
1716 4544 1813 4599 alii

1908 3390 2072 3443 Diem
2095 3388 2266 3459 sapit,
2290 3393 2345 3442 et
2371 3388 2617 3443 Domino
2640 3387 2811 3458 sapit,
2837 3389 2936 3459 qui
2970 3404 3081 3442 non
3113 3394 3349 3459 propter
3370 3386 3555 3443 homi-

1909 3496 2066 3547 nem,
2100 3479 2200 3532 sed
2233 3482 2466 3549 propter
2496 3476 2597 3531 Dei
2628 3494 2887 3531 amorem
2912 3478 3161 3548 jejunat.

1984 3570 2047 3622 Et
2076 3568 2171 3638 qui
2197 3566 2515 3629 manducat,
2549 3567 2775 3620 Domino
2819 3568 3137 3621 manducet.
3172 3566 3288 3622 Hoc
3320 3567 3390 3622 de
3419 3583 3555 3636 gon-

1910 3656 2068 3709 tibus
2091 3655 2312 3709 dictum
2336 3660 2441 3709 est.
2470 3655 2534 3708 Et
2559 3660 2647 3708 est
2676 3672 2884 3709 sensus
2912 3672 2923 3708 :
2954 3655 3219 3724 Gentilis,
3243 3656 3341 3726 qui
3366 3655 3562 3709 omnia

1914 3745 2250 3812 manducat,
2293 3743 2539 3799 Domino
2596 3745 2930 3815 manducat,
2986 3745 3263 3816 quoniam
3316 3743 3561 3799 Domino

1913 3832 2117 3887 laudes
2163 3834 2358 3899 refert,
2396 3834 2565 3901 cujus
2612 3833 2796 3901 gratia
2848 3834 3066 3888 factum
3116 3838 3223 3899 est,
3256 3840 3321 3888 ut
3368 3833 3567 3889 omnia

1916 3922 2138 3976 munda
2170 3921 2449 3975 crederet.
2477 3920 2545 3973 Et
2574 3919 2682 3973 hoc
2714 3925 2803 3974 est
2835 3923 2985 3989 quod
3019 3922 3321 3991 sequitur:
3352 3924 3567 3977 Gratias

1916 4013 2064 4065 cnim
2105 4010 2221 4078 agit
2253 4013 2387 4062 Deo.

1990 4101 2053 4153 Et
2083 4100 2179 4169 qui
2207 4114 2317 4152 non
2348 4097 2660 4164 manducat,
2697 4097 2921 4151 Domino
2950 4113 3057 4152 non
3101 4098 3412 4153 manducat.
3448 4097 3564 4153 Hoc

1916 4187 2133 4242 Judaeis
2156 4186 2331 4251 dicit;
2366 4204 2429 4240 ac
2452 4184 2501 4240 si
2532 4185 2784 4240 diceret:
2814 4185 3073 4253 Judmus,
3099 4185 3197 4256 qui
3229 4202 3341 4239 non
3365 4185 3565 4240 omnia

1918 4278 2140 4332 munda
2160 4276 2359 4343 credit,
2375 4282 2430 4330 et
2448 4275 2664 4329 idcirco
2684 4291 2795 4329 non
2816 4274 3012 4329 omnia
3030 4276 3299 4341 comedit,
3316 4275 3563 4330 Domino

1912 4368 2163 4437 jejunat,
2188 4366 2464 4437 quoniam
2486 4365 2700 4435 gratias
2724 4365 2838 4433 agit
2860 4365 2995 4434 Deo,
3021 4366 3188 4435 cujus
3211 4365 3430 4419 donum
3453 4369 3562 4431 est,

1922 4457 2077 4527 quod
2106 4455 2358 4509 abstinet
2390 4454 2599 4522 abhis,
2624 4471 2751 4524 qua:
2782 4453 2839 4505 in
2864 4452 2985 4523 lege
3006 4460 3144 4508 sunt
3165 4453 3477 4525 prohibita.
3498 4454 3570 4508 Et

1924 4547 2031 4599 hoc
2065 4549 2172 4608 est,
2214 4544 2364 4613 quod
2422 4542 2738 4596 subditur:
2790 4544 2853 4595 Et
2900 4543 3110 4611 gratias
3156 4543 3267 4613 agit
3314 4544 3439 4598 Deo.
3474 4542 3570 4597 Sic

158 4639 378 4701 autem,
402 4632 507 4704 qui
533 4636 761 4687 tantum
786 4648 887 4703 per
907 4631 1208 4686 intervalla
1230 4634 1813 4703 temporum.Videns
1847 4660 1895 4727 Β
1927 4637 2121 4688 autem
2145 4631 2366 4685 dictum
2401 4635 2490 4684 est
2515 4649 2526 4684 :
2562 4632 2790 4686 Domino
2820 4631 3135 4702 manducat,
3157 4632 3309 4685 sicut
3339 4631 3397 4685 in
3422 4629 3573 4701 psal-

158 4729 352 4778 autem
390 4721 709 4793 Apostolus
742 4721 891 4777 hanc
922 4721 1262 4776 varietatem
1298 4721 1447 4777 inter
1492 4725 1814 4795 credentes,

161 4811 473 4882 subjunxit
499 4828 510 4865 :
546 4812 681 4866 Nam
709 4812 860 4865 alius
896 4810 1263 4878 judicatdicm
1292 4812 1437 4865 inter
1465 4812 1643 4875 diem;
1674 4814 1819 4869 alius

158 4901 374 4969 judicat
425 4915 642 4954 onmem
684 4900 849 4954 diem.
884 4900 1041 4955 Diem
1068 4899 1297 4968 judicat
1328 4898 1477 4955 inter
1505 4902 1681 4970 diem,
1717 4904 1815 4973 qui

168 4988 321 5042 aliud
347 4988 823 5059 tompusjejunio
842 4988 1267 5060 deputat,aliud
1292 4991 1646 5061 perceptioni
1666 4993 1819 5047 cibo-

168 5092 320 5143 rum,
346 5093 583 5131 omnem
612 5078 790 5147 diem,
815 5079 911 5148 qui
935 5077 1091 5133 omni
1121 5082 1383 5148 tempore
1413 5081 1671 5153 praecipit
1692 5081 1817 5136 abs-

168 5163 478 5196 }:nnnrluim
538 5166 674 5196 λτηννι
746 5171 805 5196 ιιι
859 5167 1123 5196 αηηΛ-ἶιιη
1176 5167 1397 5196 ,κοί-ην..
1457 5173 1540 5196 ηηι
1593 5170 1814 5196 ..nnnl:-

1930 4740 2023 4777 mo
2049 4740 2060 4775 :
2095 4719 2533 4775 Anmmtiabitur
2562 4720 2789 4773 Domino
2820 4722 3108 4790 generatio
3138 4728 3368 4773 ventura
3398 4718 3570 4785 (Psat.

1929 4830 2042 4879 xxi,
2076 4812 2204 4881 31);
2260 4810 2314 4863 id
2365 4812 2472 4875 est,
2508 4809 2579 4862 ad
2612 4809 2846 4862 laudem
2880 4808 3147 4875 Domini;
3198 4825 3261 4860 ac
3294 4808 3341 4861 si
3378 4810 3575 4875 aperte

1930 4902 2148 4956 diceret
2182 4918 2192 4954 :
2253 4899 2361 4964 Illi,
2396 4898 2495 4967 qui
2547 4896 2977 4969 generationem
3007 4904 3315 4952 venturam
3348 4909 3574 4949 annun-

1930 4992 2180 5057 tinbunt,
2208 4988 2472 5055 Domino,
2500 5006 2614 5043 non
2641 4986 2750 5043 sibi
2778 4987 3103 5057 placebunt.
3129 4986 3395 5040 Ostendit
3416 4998 3578 5035 nam-

1931 5098 2044 5151 que
2075 5079 2409 5150 Apostolus,
2442 5080 2724 5147 quoniam
2776 5080 2911 5129 tunc
2960 5074 3330 5130 laudabiliter
3360 5073 3579 5124 bonum

1931 5170 2160 5196 ..κθ---θλ
2191 5169 2378 5194 «ait...»
2430 5182 2560 5194 nu.....
2600 5170 2651 5192 1.-
2690 5168 2812 5192 Αέ-ιη
2841 5164 3067 5192 ιηιςᾹΑΜ
3098 5166 3154 5190 ιξι
3206 5161 3371 5190 ηνιῖυιη
3400 5157 3576 5190 ιιι-ιηιςη

1993 5175 2160 5196 ξας-Αρι
2191 5175 2378 5194 Α.-ζι.---
2430 5182 2560 5194 ηις..-
