3998 5278
447 404 566 462 267

1464 400 1802 461 ATTONIS
1846 397 2433 462 VERCELLENSIS
2479 397 2836 462 EPISCOPI

448 536 563 607 ipso
592 535 741 590 enim
771 536 1030 605 vivimus,
1051 550 1337 589 movemur
1365 538 1416 589 et
1444 551 1631 589 sumus
1658 534 1792 605 (Act.
1814 551 1952 600 xvn,
1974 533 2087 604 28).
2120 534 2171 601 Α
2204 536 2443 588 terrenas
2466 533 2894 601 similitudinis,
2915 532 3152 589 dicens:
3186 533 3491 589 Astabimus
3520 538 3657 590 ante
3687 534 3859 590 tribu-

449 623 659 680 Omnia
689 624 905 697 quippe
929 629 1081 680 Deus
1113 628 1347 696 propter
1375 622 1643 678 homines
1665 623 1961 679 condidit:
1995 622 2093 677 ho-

450 714 671 769 minem
695 718 888 770 autem
911 715 983 770 ad
1018 730 1080 769 se
1111 712 1473 768 laudandum
1507 713 1757 781 creavit;
1792 717 1847 767 et
1877 711 2092 767 idcirco

452 820 625 859 nemo
641 808 911 859 nostrum
935 802 1044 858 sibi
1069 802 1339 871 moritur,
1356 801 1633 873 quoniam
1654 805 1920 856 mortuus
1939 800 2094 872 quis-

452 910 566 965 que
587 892 774 948 ﬁdelis
805 911 839 948 a
866 891 1038 948 laude
1069 892 1167 946 Dei
1201 908 1315 946 non
1346 891 1614 947 cessabit.
1636 891 1935 956 Quomodo
1958 904 2093 960 ergo

449 982 735 1055 scriptum
784 984 918 1037 est:
969 983 1087 1038 Non
1137 982 1346 1036 mortui
1401 980 1701 1035 laudabunt
1752 988 1817 1047 te,
1866 980 2096 1033 Domine

447 1072 617 1141 (Psal.
670 1088 828 1136 0x111,
880 1072 989 1139 17).
1039 1070 1399 1141 Quapropter
1443 1070 1767 1136 sciendum,
1820 1068 1958 1140 quia
2011 1067 2096 1122 illi

446 1159 990 1216 mortuiDominum
1013 1176 1127 1214 non
1150 1159 1411 1225 laudant,
1437 1158 1537 1229 qui
1561 1157 1705 1213 tales
1727 1162 1886 1228 sunt,
1901 1156 2094 1229 qualis

440 1250 560 1319 ille,
592 1250 663 1306 de
692 1266 809 1321 quo
839 1249 1124 1321 scriptum
1155 1253 1243 1304 est
1275 1265 1287 1303 :
1333 1248 1373 1302 A
1402 1252 1637 1314 mortuo,
1670 1249 1829 1319 quasi
1858 1262 1969 1302 non
1997 1248 2092 1312 sit,

441 1339 584 1412 perit
627 1341 889 1411 confessio
943 1338 1132 1410 (Eccli.
1165 1355 1299 1404 xvn,
1328 1336 1442 1407 26).
1495 1336 1583 1391 Illi
1626 1340 1820 1391 autem
1877 1334 2095 1390 mortui

446 1424 636 1502 magis
660 1428 970 1484 Dominum
998 1427 1261 1494 laudaut,
1287 1430 1388 1499 qui
1413 1425 1561 1481 tales
1583 1429 1743 1495 sunt,
1763 1424 1954 1496 qualis
1975 1423 2093 1493 ille,

445 1519 516 1573 de
546 1535 661 1590 quo
699 1517 984 1574 Dominus
1023 1517 1208 1572 dicit:
1262 1517 1368 1583 Qui
1412 1515 1582 1569 credit
1631 1516 1690 1569 in
1740 1530 1845 1580 me,
1877 1514 2097 1569 etiamsi

441 1611 694 1663 mortuus
722 1608 916 1678 fuerit,
947 1609 1125 1667 vivet;
1154 1613 1205 1660 et
1232 1607 1430 1671 omnis,
1464 1605 1558 1675 qui
1590 1605 1721 1659 vivit
1752 1608 1801 1659 et
1830 1603 2005 1658 credit
2035 1606 2093 1658 in

443 1714 553 1764 me,
591 1714 705 1753 non
750 1698 1023 1752 morietur
1069 1703 1120 1749 et
1165 1697 1442 1750 aeternum
1492 1695 1672 1760 (Joan.
1726 1710 1804 1763 x1,
1852 1694 1981 1764 25);
2039 1697 2097 1748 et

446 1785 720 1857 qualibus
749 1785 892 1840 dicit
917 1783 1228 1856 Apostolus
1263 1801 1275 1838 :
1316 1783 1519 1838 Mortui
1546 1784 1694 1837 enim
1723 1784 1865 1849 estis,
1898 1791 1951 1837 ct
1983 1783 2095 1836 vita

446 1883 623 1930 vestra
669 1875 985 1931 abscondita
1032 1878 1108 1929 cst
1160 1890 1285 1928 cum
1335 1872 1549 1927 Christo
1600 1872 1822 1942 (Cotoss.
1881 1890 1964 1970 ni,
2016 1872 2091 1941 3).
2125 1906 2172 1971 Β

440 1964 626 2021 Aliter
659 1981 671 2018 :
707 1965 888 2020 Nemo
920 1967 1187 2019 nostrum
1217 1963 1329 2018 sibi
1361 1961 1643 2028 moritur;
1678 1961 1816 2032 quia
1846 1960 2094 2031 quicun-

449 2070 563 2126 que
583 2053 737 2109 vitiis
770 2054 1036 2121 moritur,
1062 2070 1177 2107 non
1210 2051 1345 2119 sibi,
1369 2052 1471 2107 sed
1495 2052 1610 2106 Dco
1634 2050 1900 2116 moritur,
1923 2049 2094 2119 cujus

447 2143 637 2215 gratia
667 2143 911 2215 accepit,
943 2147 1010 2198 ut
1054 2145 1398 2196 moreretur.
1434 2140 1594 2194 Unde
1642 2137 1915 2209 superius
1964 2136 2046 2191 ait
2078 2154 2090 2191 :

448 2234 765 2305 Quicunque
804 2233 1070 2302 baptizati
1096 2247 1283 2284 sumus
1315 2231 1375 2282 in
1408 2229 1625 2283 Christo
1652 2232 1803 2293 Jesu,
1834 2229 1893 2281 iu
1924 2234 2095 2281 morte

444 2323 620 2393 ipsius
649 2322 910 2392 baptizati
936 2336 1123 2374 sumus
1146 2320 1318 2389 (Rom.
1353 2335 1428 2382 v1,
1458 2320 1513 2384 2,
1548 2317 1622 2387 3).
1650 2315 1932 2371 Similiter
1962 2316 2091 2387 qui-

443 2425 676 2481 cunque
712 2409 853 2464 vivit
891 2407 1231 2475 virtutibus,
1267 2424 1380 2461 non
1429 2405 1565 2474 sibi,
1599 2405 1700 2460 sed
1749 2405 1863 2459 Deo
1910 2405 2087 2473 viv1t;

442 2484 581 2570 quia
611 2500 683 2554 ad
714 2499 842 2569 ejus
874 2497 1107 2554 laudem
1138 2495 1299 2561 vivit,
1333 2495 1501 2565 cujus
1533 2492 1722 2566 gratia
1752 2495 1969 2547 factum
2004 2497 2093 2549 est

442 2592 509 2643 ut
536 2589 769 2644 viveret.
803 2587 965 2643 Unde
997 2587 1269 2658 superius
1301 2584 1382 2638 ait
1414 2599 1426 2639 :
1464 2585 1525 2640 Ut
1556 2583 1817 2653 quomodo
1848 2586 2092 2637 surrexit

444 2678 689 2734 Christus
733 2695 767 2731 a
813 2676 1042 2732 mortuis
1078 2690 1181 2747 per
1208 2673 1447 2742 gloriam
1476 2673 1681 2739 Patris,
1715 2673 1794 2725 ila
1824 2676 1872 2726 et
1903 2687 2001 2725 nos
2032 2674 2092 2726 in

438 2770 678 2824 novitate
696 2768 825 2824 vita:
846 2764 1185 2820 ambulemus
1206 2762 1364 2834 (Ibid.
1378 2806 1392 2831 ,
1411 2762 1485 2829 4).
1503 2761 1714 2817 Beatus
1736 2776 1867 2815 vero
1884 2764 2092 2831 Grego-

441 2856 565 2912 rius
593 2857 751 2911 hunc
781 2855 974 2911 locum
1014 2854 1098 2908 ita
1142 2852 1380 2923 exponit
1411 2869 1423 2905 :
1479 2867 1647 2904 nemo
1679 2853 1947 2904 nostrum
1979 2848 2091 2904 sibi

439 2945 604 3013 vivit,
626 2951 683 2999 et
711 2960 882 2999 nemo
904 2947 1172 2998 nostrum
1202 2940 1315 2996 sibi
1340 2940 1617 3006 moritur;
1653 2939 1931 3010 quoniam
1960 2937 2089 3010 qui-

442 3050 674 3106 cunque
695 3034 884 3091 bonus
905 3035 1085 3100 est,et
1106 3029 1443 3103 quicunque
1465 3028 1679 3097 malus,
1696 3044 1814 3083 non
1837 3026 1948 3084 sibi
1968 3032 2091 3083 tan-

439 3127 568 3179 tum
599 3128 708 3191 est,
732 3123 833 3179 sed
865 3126 923 3178 et
953 3120 1105 3187 aliis,
1128 3119 1345 3192 quibus
1376 3122 1478 3175 aut
1510 3119 1675 3189 bene,
1698 3121 1802 3173 aut
1831 3116 1981 3173 male
2009 3118 2089 3172 vi-

439 3207 612 3269 vendi
642 3213 859 3286 praebet
887 3208 1239 3282 exemplum.

2201 624 2295 677 nat
2315 643 2335 690 ;
2361 639 2525 695 reges
2547 624 2761 696 quippe
2778 622 2991 679 terreni
3014 622 3235 695 aliquid
3248 624 3273 694 j
3284 623 3575 679 udicaturi
3598 624 3862 681 eminen-

2202 712 2409 768 tiorem
2427 712 2622 768 locum
2640 712 3221 780 conscendunt,unde
3237 728 3441 769 omnes
3457 711 3863 785 contemplen-

2202 803 2318 867 tur,
2354 805 2419 855 ut
2458 802 2559 872 qui
2591 802 3019 859 condemnandi
3052 806 3208 869 sunt,
3241 800 3420 857 latere
3448 819 3569 858 non
3599 801 3862 874 possint,

2203 906 2393 959 neque
2420 890 2519 961 qui
2541 891 2849 961 praemium
2872 890 3201 962 accepturi;
3231 894 3291 945 et
3312 889 3410 947 ille
3431 889 3599 946 locus
3624 890 3864 963 proprie

2203 977 2460 1031 tribunal
2491 978 2725 1045 dicitur,
2748 996 2813 1034 eo
2844 979 2998 1050 quod
3030 978 3167 1034 inde
3196 979 3539 1035 tribuantur
3569 984 3867 1052 pracepta

2204 1064 2293 1121 vel
2326 1066 2573 1137 judicia.

2274 1154 2587 1228 Apostolus
2619 1157 2833 1229 itaque,
2867 1160 2931 1211 ut
2979 1157 3311 1213 ostenderet
3340 1157 3623 1230 quoniam
3655 1156 3860 1212 nullus

2203 1244 2347 1300 illud
2370 1245 2663 1316 judicium
2697 1247 2937 1302 evadere
2968 1246 3197 1317 poterit,
3228 1246 3443 1302 idcirco
3474 1246 3671 1319 ipsam
3694 1246 3858 1317 judi-

2205 1334 2443 1389 ciariam
2475 1335 2695 1400 sedem,
2727 1335 2973 1391 tribunal
3018 1334 3371 1408 appellavit;
3405 1335 3607 1391 omnia
3637 1335 3859 1408 quippe

2204 1427 2438 1495 peccata
2470 1424 2779 1480 manifesta
2808 1429 2981 1480 erunt
3010 1441 3124 1480 non
3158 1423 3349 1481 solum
3380 1424 3569 1481 oculis
3598 1425 3728 1493 Dei,
3760 1425 3858 1481 sed

2204 1513 2469 1567 omnium
2500 1513 2808 1570 hominum
2844 1531 2857 1569 ε
2908 1530 3046 1570 nam
3078 1514 3203 1586 ipse
3238 1514 3423 1585 judex
3449 1517 3744 1570 venturus
3775 1518 3860 1570 est

2205 1618 2321 1657 non
2352 1601 2543 1657 solum
2575 1618 2838 1673 operum,
2866 1603 3037 1674 juxta
3066 1602 3211 1658 illud
3244 1618 3258 1657 :
3292 1605 3533 1675 Recipiet
3561 1606 3860 1674 unusquis-

2204 1707 2303 1761 que
2330 1708 2566 1763 pmprza
2592 1693 2837 1763 corporis
2864 1694 2972 1761 sui,
2997 1701 3164 1764 prout
3199 1694 3368 1764 gessit
3398 1692 3472 1764 (II
3500 1692 3623 1749 Cor.
3657 1710 3715 1762 ν,
3749 1694 3858 1765 10),

2205 1781 2305 1835 sed
2338 1780 2512 1836 etiam
2563 1785 2619 1836 el;
2667 1780 3114 1853 cogitationum,
3146 1783 3472 1838 secundum
3521 1782 3686 1854 quod
3733 1782 3858 1855 ipse

2204 1870 2521 1942 Apostolus
2551 1870 2690 1925 alibi
2722 1870 2863 1927 dicit
2895 1888 2908 1925 :
2959 1872 3141 1929 Nolite
3167 1876 3293 1927 ante
3320 1877 3532 1944 tempus
3573 1871 3859 1943 judicare,

2206 1975 2482 2030 quousque
2507 1962 2696 2016 veniat
2722 1961 3004 2029 Dominus,
3032 1970 3084 2017 et
3111 1959 3398 2016 illuminet
3424 1961 3755 2018 abscondita
3781 1965 3854 2017 te-

2203 2049 2498 2104 nebrarum
2543 2050 2591 2121 (Ι
2620 2049 2743 2105 Cor.
2780 2066 2853 2118 ιν,
2893 2051 2973 2121 5),
3021 2054 3129 2105 etc.
3164 2051 3234 2105 Et
3265 2050 3547 2107 Dominus
3578 2050 3641 2106 in
3675 2051 3854 2107 Evan-

2202 2138 2350 2210 gelio
2386 2157 2399 2195 :
2456 2139 2607 2193 Nihil
2657 2142 2929 2211 apertum,
2969 2139 3109 2210 quod
3154 2155 3265 2195 non
3311 2140 3632 2203 reveletur;
3684 2157 3855 2213 neque

2201 2228 2491 2294 occultum,
2538 2228 2679 2298 quod
2722 2244 2834 2283 non
2884 2229 3092 2283 sciatur
3142 2228 3292 2301 (Luc.
3341 2246 3443 2300 xu,
3491 2230 3590 2301 2):
3640 2229 3853 2286 nihilo-

2204 2317 2400 2371 minus
2433 2322 2489 2372 et
2517 2318 2900 2385 locutionum,
2934 2319 3092 2389 quia,
3115 2317 3269 2374 sicut
3296 2319 3421 2390 ipse
3451 2319 3512 2374 in
3543 2318 3853 2392 Evangelia

2202 2405 2344 2459 dicit
2373 2423 2385 2460 :
2419 2408 2494 2461 De
2520 2408 2672 2462 omni
2699 2408 2860 2462 verbo
2888 2408 3054 2463 otioso
3080 2408 3265 2465 reddet
3294 2409 3452 2465 homo
3480 2410 3777 2465 rationem
3799 2411 3851 2464 in

2201 2494 2289 2549 die
2318 2494 2520 2563 indicii
2550 2496 2757 2566 (Matth.
2790 2511 2893 2563 xu,
2925 2496 3036 2567 36).
3060 2499 3127 2551 Et
3156 2501 3222 2553 ut
3252 2514 3422 2554 suam
3453 2500 3851 2554 narrationem

2201 2581 2464 2653 exemplo
2486 2584 2878 2655 conﬁrmaret,
2903 2584 3209 2656 subjunxit
3231 2604 3243 2641 :
3279 2585 3431 2642 Sicut
3447 2588 3727 2660 scriptum
3746 2596 3851 2643 est:

2202 2671 2445 2742 (scilicet
2486 2672 2546 2726 in
2593 2672 2743 2727 Isaia
2779 2673 3083 2745 propheta)
3119 2675 3246 2731 Vivo
3272 2690 3393 2746 ego,
3425 2674 3561 2731 dicit
3589 2677 3853 2732 Dominus

2200 2762 2350 2830 (Isai.
2381 2778 2506 2826 xcv,
2538 2763 2607 2815 24
2637 2782 2651 2831 ;
2694 2763 2934 2834 Philipp.
2971 2781 3032 2829 ιι,
3068 2763 3175 2835 10),
3206 2767 3316 2819 etc.
3349 2768 3481 2819 Haec
3509 2765 3698 2821 verba
3728 2764 3849 2821 Filii

2199 2849 2301 2904 Dei
2331 2855 2487 2904 sunt.
2524 2850 2791 2906 Prazvidit
2836 2851 3054 2924 quippe
3096 2852 3379 2924 propheta
3408 2853 3736 2910 Dominum
3783 2854 3849 2910 ad

2194 2938 2484 3007 judicium
2508 2943 2853 3007 venturum;
2879 2940 3126 3012 ideoque
3150 2940 3212 2996 in
3229 2957 3368 2998 voce
3386 2942 3661 3014 ejusdem
3683 2942 3854 2999 dixit:

2204 3028 2329 3083 Vivo
2357 3044 2494 3099 ego;
2520 3045 2591 3083 ac
2621 3028 2670 3084 si
2704 3028 2922 3085 diceret
2952 3046 2965 3084 :
3016 3029 3159 3085 Vivo
3189 3046 3293 3102 per
3321 3030 3854 3103 immortalitatem,

2199 3116 2337 3188 quia
2359 3121 2625 3174 mortuus
2647 3134 2782 3174 sum
2813 3135 2917 3190 per
2936 3118 3127 3175 carnis
3158 3119 3690 3193 dispensationem.
3719 3121 3855 3189 Quo-

2196 3208 2356 3262 niam
2403 3207 2545 3262 mihi
2590 3209 2769 3278 ﬂectet
2817 3223 2979 3263 omne
3024 3224 3188 3278 genu.
3223 3213 3334 3265 Per
3361 3209 3855 3282 genuﬂectionem

510 3304 580 3358 Et
608 3277 674 3358 ut
701 3305 898 3374 aperte
919 3277 1350 3355 demonstraret
1375 3312 1555 3369 quare
1585 3295 1693 3350 hoc
1716 3295 2082 3367 praemiserit,
2115 3277 2159 3344 (ἶ
2199 3295 2530 3352 humiliatio
2562 3297 2775 3352 mentis
2805 3277 3166 3370 designatur,
3189 3297 3330 3371 quia
3358 3277 3555 3355 omnis
3586 3304 3855 3357 creatura

443 3391 751 3462 subjunxit
776 3407 789 3444 :
824 3390 950 3444 Sive
972 3390 1119 3443 enim
1138 3388 1399 3451 vivimus,
1423 3386 1652 3439 Domino
1676 3385 1909 3440 vivimus
1932 3404 1950 3438 :
1978 3386 2093 3441 sive

437 3480 745 3550 morimur,
776 3479 1003 3532 Domino
1033 3478 1328 3531 morimur.
1360 3474 1485 3529 Sive
1528 3490 1654 3542 ergo
1690 3475 1948 3542 vivimus,
1978 3476 2093 3531 sive

437 3569 731 3635 morimur,
758 3567 978 3622 Domini
996 3581 1205 3620 sumus.
1230 3562 1461 3620 Domini
1486 3578 1714 3630 sumus,
1738 3562 1876 3633 quia
1906 3564 2090 3635 pretio

440 3655 748 3729 sanguinis
779 3655 904 3725 ejus
935 3652 1220 3724 redempti
1270 3669 1283 3707 :
1334 3651 1490 3706 unde
1521 3666 1652 3705 mox
1683 3650 1995 3707 subditur:
2029 3654 2090 3706 In

440 3745 538 3801 hoc
555 3744 703 3800 enim
725 3743 972 3798 Christus
993 3744 1242 3796 mortuus
1262 3748 1361 3810 est,
1385 3748 1436 3794 et
1462 3740 1783 3803 resurrexit,
1807 3743 1915 3794 etc.
1940 3741 2089 3812 (447)

437 3836 518 3889 Α)
539 3834 591 3889 si
611 3833 859 3888 diceret:
886 3836 1127 3902 Propter
1147 3830 1255 3885 hoc
1277 3828 1431 3883 enim
1453 3826 1720 3883 Christus
1744 3844 1956 3899 passus
1978 3833 2087 3899 est,

436 3926 505 3979 ut
531 3923 717 3995 pretio
746 3919 1052 3993 sanguinis
1078 3917 1172 3975 sui
1194 3917 1394 3973 ﬁdeles
1415 3916 1745 3983 redimeret,
1771 3919 1821 3971 et
1850 3925 2091 3975 mortuo-

435 4029 560 4067 rum
586 4011 775 4083 simul,
806 4015 855 4065 et
892 4010 1138 4066 vivorum
1165 4008 1566 4064 dominaretur.
1600 4005 1947 4062 Dominatur
1977 4007 2086 4080 igi-

432 4106 530 4157 tur
573 4102 858 4169 vivorum,
891 4099 1169 4171 quoniam
1214 4097 1271 4151 in
1304 4097 1387 4150 eis
1419 4095 1644 4150 habitat
1674 4112 1776 4166 per
1805 4097 2082 4167 gratiam,

431 4207 643 4262 eosque
663 4190 831 4262 regit,
847 4193 904 4244 et
923 4188 1239 4260 gubernat;
1263 4184 1600 4240 dominatur
1616 4188 1672 4238 et
1693 4189 2082 4253 mortuorum,

430 4279 710 4349 quoniam
732 4276 911 4334 simul
942 4293 1076 4330 cum
1108 4290 1173 4329 eo
1198 4276 1445 4345 regnant
1474 4273 1533 4326 in
1561 4272 1740 4339 coclis,
1766 4274 1838 4328 de
1866 4274 2083 4344 quibus

430 4367 715 4440 scriptum
747 4374 836 4422 est
867 4384 879 4421 :
926 4366 1084 4420 Beati
1114 4364 1321 4418 mortui
1349 4364 1445 4433 qui
1476 4364 1539 4417 in
1567 4363 1795 4417 Domino
1827 4364 2082 4418 moriun-

427 4461 526 4511 tur
556 4457 738 4527 (Apoc.
769 4472 886 4523 xlv,
926 4456 1031 4525 13).

500 4545 778 4616 Denique,
817 4548 880 4598 ut
910 4546 1151 4597 terreret
1184 4558 1306 4609 eos,
1339 4540 1437 4612 qui
1469 4556 1531 4597 se
1562 4540 1809 4596 invicem
1840 4558 2077 4614 sperne-

2201 3384 2514 3455 subjicitur
2542 3384 2680 3441 Deo.

2271 3472 2469 3529 Voluit
2497 3478 2693 3530 autem
2724 3475 3009 3547 propheta
3029 3475 3341 3532 Dominum
3373 3478 3687 3535 ostendere
3715 3478 3857 3534 emi-

2200 3563 2526 3619 nentiorem
2553 3564 2829 3619 omnibus
2858 3564 3179 3633 creaturis;
3211 3565 3460 3637 ideoque
3489 3566 3552 3622 in
3581 3568 3854 3639 ejusdem

2198 3668 2334 3707 voce
2363 3653 2444 3707 ait
2471 3667 2484 3706 :
2515 3654 2787 3720 Quoniam
2806 3654 2949 3709 mihi
2966 3655 3140 3724 ﬂectet
3163 3670 3321 3711 omne
3347 3671 3517 3724 genu.
3539 3656 3691 3714 Hinc
3711 3657 3853 3714 alibi

2198 3738 2354 3793 idem
2374 3739 2689 3810 Apostolus
2712 3756 2725 3795 :
2757 3742 2820 3795 In
2848 3743 3069 3798 nomine
3085 3746 3218 3798 Jesu
3237 3757 3397 3799 omne
3413 3746 3854 3815 genu/lectetur;

2197 3837 2248 3883 et
2278 3830 2461 3885 omnis
2491 3830 2685 3901 lingua
2712 3830 3058 3900 conﬁtebitur
3085 3832 3195 3887 Deo
3224 3832 3430 3904 (tbid.).
3468 3833 3572 3889 Hic
3616 3851 3652 3891 a
3692 3840 3854 3907 parte

2198 3921 2385 3974 totum
2435 3918 2809 3975 ostenditur:
2866 3918 3059 3976 omnis
3108 3919 3330 3993 lingua,
3380 3921 3439 3978 id
3491 3926 3604 3992 est,
3659 3923 3853 3981 omnis

2197 4011 2487 4074 creatura,
2511 4024 2625 4063 non
2657 4008 2917 4064 humana
2945 4012 3198 4081 tantum,
3222 4010 3325 4066 sed
3350 4010 3529 4067 etiam
3560 4012 3853 4086 angelica.

2196 4096 2319 4150 Non
2361 4101 2556 4152 tamen
2600 4098 2756 4167 quod
2800 4097 3063 4169 angelica
3090 4102 3357 4155 creatura
3384 4116 3602 4173 corpus
3633 4102 3854 4159 habeat

2194 4184 2591 4257 corruptibile,
2625 4187 2795 4257 cujus
2823 4185 3027 4259 lingua
3054 4187 3171 4243 Deo
3202 4189 3572 4258 conﬁteatur,
3606 4192 3719 4249 sed
3750 4208 3852 4264 per

2192 4273 2485 4344 angelicas
2514 4273 2767 4346 linguas,
2792 4275 3052 4332 occultas
3080 4281 3139 4333 et
3159 4282 3412 4334 secretas
3438 4277 3647 4337 laudes
3673 4280 3853 4338 intel-

2190 4361 2454 4434 ligimus,
2486 4380 2636 4435 quas
2666 4363 2858 4436 angeli
2892 4365 3144 4421 referant
3186 4365 3303 4422 Deo
3338 4384 3352 4422 :
3405 4384 3544 4425 nam
3575 4369 3722 4441 quia
3752 4387 3852 4426 ore

2188 4467 2292 4523 per
2337 4451 2602 4524 linguam
2659 4453 2992 4522 laudamus,
3043 4458 3196 4511 recte
3251 4456 3381 4527 ipsa
3435 4457 3569 4515 laus
3628 4459 3847 4533 lingua

2187 4541 2524 4597 ascribitur.

426 4636 569 4690 bant
615 4637 671 4689 et
719 4631 1205 4699 condemnabant,
1241 4629 1505 4700 adjunxit
1536 4647 1548 4684 :
1605 4631 1677 4684 Tu
1717 4634 1903 4687 autem
1941 4631 2078 4702 quid
2105 4648 2152 4713 D
2256 4631 2387 4696 Sed,
2421 4630 2562 4702 quia
2591 4631 2815 4687 dixerat
2847 4650 2860 4687 :
2914 4633 3111 4690 Omnes
3155 4637 3466 4692 astabimus
3496 4642 3633 4694 ante
3659 4640 3846 4696 tribu-

426 4723 638 4794 iudicas
665 4724 900 4793 fratrem
931 4725 1133 4776 tuum?
1182 4720 1343 4786 Quod
1386 4719 1589 4790 utique
1630 4720 1832 4775 Judan
1882 4719 2023 4775 dicit
2058 4737 2070 4775 :

424 4815 529 4869 Aut
575 4817 635 4867 tu
681 4810 811 4882 quid
858 4812 1073 4881 spernis
1114 4812 1347 4880 fratrem
1394 4812 1593 4863 tuum?
1624 4811 1737 4863 Hoc
1767 4808 1969 4879 utique
1995 4808 2067 4863 ad

420 4900 699 4975 gentilem
726 4899 888 4954 dicit.
908 4900 1018 4955 Sed
1046 4898 1184 4969 quia
1206 4898 1401 4968 majus
1424 4897 1644 4952 malum
1671 4897 2064 4967 estjudicare,

422 5008 600 5065 quam
632 5007 924 5062 spernere,
956 4988 1194 5054 idcirco,
1221 4987 1418 5043 relicto
1450 4986 1856 5057 praeventionis
1889 4984 2063 5054 malo,

417 5081 805 5137 temeritatem
857 5078 1068 5150 judicii
1120 5081 1448 5149 exaggerat,
1501 5076 1809 5129 subdens:
1866 5076 2066 5131 Omnes

415 5172 564 5223 enim
588 5169 893 5224 astabimus
914 5172 1045 5222 ante
1076 5166 1325 5221 tribunal
1348 5166 1592 5229 Christi,-
1623 5168 1679 5217 et
1709 5167 1796 5217 est
1817 5180 2061 5219 sensus:

416 5258 529 5278 Λ---
568 5257 887 5278 L-___._!A_.L_
932 5255 1151 5278 ___J-L!._
1186 5254 1468 5278 :--.J£..Z.-....
1505 5251 1600 5278 nn:
1638 5252 1950 5278 “nmulﬁn:-A
2011 5257 2062 5278 ...ι

2184 4721 2279 4774 nal
2330 4720 2556 4791 Christi,
2591 4725 2656 4776 ut
2702 4722 3033 4778 ostenderet
3072 4722 3213 4794 quid
3256 4723 3374 4780 illic
3404 4726 3593 4782 acturi
3624 4726 3846 4794 simus,

2180 4808 2448 4879 adjunxit
2485 4826 2498 4864 :
2548 4811 2740 4882 Itaque
2765 4812 3142 4883 unusquisque
3171 4819 3422 4869 nostrum
3447 4830 3552 4886 pro
3579 4832 3642 4871 se
3668 4819 3847 4874 ratio-

2177 4913 2301 4951 nem
2332 4897 2517 4952 reddet
2545 4899 2672 4955 Deo.
2705 4900 2772 4954 Et
2801 4905 2890 4955 est
2922 4916 3132 4956 sensus
3166 4918 3179 4957 :
3214 4902 3339 4965 Qua
3368 4904 3704 4961 temeritate
3738 4905 3845 4961 Dei

2168 4986 2461 5056 judicium
2496 4989 2809 5059 praevenire
2839 4988 3086 5053 audetis,
3122 4996 3180 5045 et
3223 5008 3326 5047 vos
3373 4991 3629 5050 invicem
3673 4995 3842 5065 judi-

2176 5092 2325 5145 care,
2352 5093 2484 5131 cum
2513 5077 2921 5149 unusquisque
2942 5082 3075 5133 ante
3106 5078 3361 5136 tribunal
3386 5081 3605 5139 Christi
3636 5101 3748 5156 pro
3779 5100 3841 5141 se

2175 5165 2460 5220 rationem
2481 5165 2582 5220 Dei
2606 5166 2944 5222 redditurus
2968 5168 3088 5223 sit?
3115 5170 3280 5225 Unde
3309 5170 3594 5228 continuo
3627 5174 3840 5230 subdi-
