3998 5278
86 428 195 490 269

673 408 1090 494 exbosmo
1132 429 1212 491 IN
1260 429 1686 493 EPISTOLAS
1732 433 1989 496 PAULI.
2023 436 2207 495 —IN
2254 435 2503 498 EPIST.
2536 437 2640 497 AD
2688 435 2879 496 RDM.

3363 434 3482 497 270

86 559 298 619 dicetis.
329 558 402 616 Et
430 562 496 616 ut
524 575 624 617 eos
653 561 886 620 facilius
914 562 1170 620 ﬂecteret
1200 565 1271 620 ad
1303 564 1359 619 id
1394 566 1547 638 quod
1583 580 1719 637 sug-
1752 571 1805 634 Α
1836 583 1949 621 non
1986 566 2150 623 illum
2183 569 2457 637 imitaris,
2497 568 2597 640 qui
2629 568 2700 623 dc
2730 567 2871 623 coelo
2902 566 2971 622 ad
3008 569 3191 621 terras
3233 566 3480 623 descen—

84 650 326 723 gerebat,
358 648 575 706 idcirco
603 667 772 707 suam
806 670 1119 724 personam
1153 655 1721 724 associavit,diccns,

78 739 393 812 judicemus.

148 828 244 885 Sed
272 828 373 884 hoc
422 828 659 896 iudicate
703 834 902 901 magis,
952 849 1022 888 ne
1067 835 1287 905 ponatis
1335 834 1725 906 oﬂendiculum

85 920 259 990 fratri,
288 919 374 973 vel
402 919 744 975 scandalum.
777 921 1133 987 Notandum,
1162 923 1301 994 quia
1352 939 1532 995 supra
1562 923 1721 994 judi-

88 1008 236 1063 cium
266 1007 810 1064 condemnationem
842 1010 1167 1083 signiﬁcat;
1198 1011 1291 1067 hic
1321 1028 1475 1078 vero,
1499 1013 1723 1067 discre-

87 1097 311 1153 tionem.
347 1098 418 1151 Et
447 1101 537 1153 est
566 1113 776 1154 sensus
811 1116 823 1154 :
858 1102 976 1154 Hoc
1016 1100 1254 1155 statuite
1302 1104 1360 1156 et
1409 1101 1721 1166 decernite,

88 1203 153 1241 ne
179 1186 531 1241 comedendo
585 1204 676 1253 ea,
708 1204 837 1260 quae
883 1189 1108 1243 munda
1149 1192 1205 1243 ct
1243 1188 1404 1245 licita
1461 1190 1721 1257 creditis,

88 1274 238 1331 fratri
268 1271 618 1342 inﬂrmo,‘id
651 1280 740 1332 est
760 1276 986 1346 Judaao,
1021 1277 1388 1334 occasionem
1437 1279 1588 1334 detis
1637 1282 1721 1334 of-

88 1363 364 1431 fendendi,
399 1368 503 1419 aut
544 1364 1001 1422 scandalizandi.
1057 1367 1259 1439 Igitur,
1311 1367 1451 1439 quia
1499 1372 1724 1439 poterat

90 1452 373 1526 gentilium
407 1452 622 1526 aliquis
651 1455 841 1511 dicere
872 1471 885 1511 :
918 1456 1215 1528 Apostole,
1248 1457 1387 1529 quia
1416 1456 1499 1513 sic
1542 1458 1722 1512 inter-

91 1541 215 1598 dicis
233 1542 434 1599 omnia
464 1544 930 1618 comedere,ergo
953 1550 1010 1601 et
1030 1550 1092 1600 tu
1124 1563 1240 1601 non
1272 1546 1470 1601 omnia
1502 1546 1723 1601 munda

93 1631 495 1705 putas.ldcirco
525 1633 834 1703 subjunxit
867 1651 880 1689 :
915 1634 1039 1691 Scio
1070 1634 1367 1706 (448).Nec
1398 1635 1507 1690 hoc
1529 1634 1722 1691 solum

95 1721 305 1788 sufﬁcit,
337 1722 446 1778 sed
477 1721 704 1778 addidit
736 1740 748 1779 :
782 1726 856 1777 Et
887 1723 1096 1794 conﬁdo
1121 1727 1179 1779 in
1209 1725 1437 1780 Domino
1465 1729 1625 1781 Jesu.
1652 1723 1724 1779 Ut

95 1809 226 1866 enim
255 1811 479 1867 arctius
508 1828 711 1868 eorum
743 1812 1018 1868 cordibus
1047 1811 1546 1886 inculcaret,quod
1568 1814 1724 1868 dice-

98 1900 196 1968 bat,
222 1899 346 1957 ideo
379 1899 492 1956 hoc
520 1901 753 1973 adjecit.
789 1900 937 1967 Quid
970 1907 1165 1958 autem
1215 1902 1390 1960 sciret
1436 1907 1492 1959 et
1542 1903 1723 1959 conﬁ-

101 1989 233 2044 deret
258 1989 516 2045 ostendit
548 1991 738 2059 :_Quia
767 1990 913 2046 nihil
941 2008 1228 2048 commune
1262 2009 1363 2064 per
1411 1994 1610 2064 ipsum.
1644 1994 1723 2047 Ac

103 2077 142 2132 si
168 2082 343 2150 aperte
376 2078 634 2134 diceret:
660 2079 783 2135 Non
816 2085 1123 2153 propterea
1152 2080 1601 2153 prohibeo.quia
1620 2098 1726 2153 pu-

103 2171 200 2223 tein
219 2168 545 2237 immunda,
578 2168 677 2224 sed
714 2184 785 2225 ne
814 2169 1046 2240 ponatis
1077 2170 1492 2226 otfendiculum
1534 2170 1720 2234 fratri,

106 2254 181 2310 vel
204 2255 532 2313 scandalum
567 2273 581 2311 :
610 2256 719 2313 boc
744 2258 902 2313 enim
930 2258 1271 2325 verbum,id
1303 2262 1392 2314 est
1419 2274 1722 2324 commune,

113 2341 269 2398 Judaei
293 2361 392 2416 pro
424 2344 714 2401 immundo
743 2345 1110 2418 accipiebant
1159 2364 1172 2401 :
1225 2346 1381 2402 unde
1424 2347 1722 2416 animalia,

109 2446 220 2502 quae
239 2448 330 2504 per
357 2433 551 2508 legem
583 2450 861 2491 concessa
884 2439 1025 2491 sunt
1045 2435 1118 2491 ad
1150 2436 1723 2503 edendum,munda;

102 2520 294 2594 reliqua
340 2529 544 2580 autem
593 2524 931 2581 communia
977 2525 1264 2581 vocabant
1297 2541 1310 2580 :
1343 2542 1482 2581 vasa
1524 2525 1724 2594 etiam,

100 2610 285 2680 quibus
314 2614 640 2670 utebantur
669 2615 1002 2671 sacerdotes
1022 2614 1081 2670 in
1105 2614 1555 2688 templo,sancta
1577 2615 1729 2671 dice-

100 2699 371 2771 bantur,et
392 2704 465 2759 ad
488 2720 689 2759 eorum
715 2704 1456 2777 comparationem,cuncta
1476 2705 1731 2759 immun-

98 2787 172 2857 da,
201 2788 257 2845 id
282 2793 1051 2859 est,communia.Attamen
1082 2794 1199 2848 vim
1231 2793 1411 2863 hujus
1441 2792 1731 2849 sermonis

95 2891 188 2931 non
218 2879 632 2952 intelligebant
659 2897 672 2937 :
707 2898 843 2936 nam
872 2898 1007 2936 cum
1041 2880 1319 2936 animalia
1338 2885 1394 2936 et
1422 2898 1559 2937 vasa
1578 2897 1734 2936 com-

93 2967 275 3023 munia
325 2974 623 3035 vocarent,
674 2968 732 3022 id
782 2974 872 3025 est
921 2969 1265 3036 immunda;
1298 2985 1359 3024 se
1390 2985 1734 3023 communes

90 3070 195 3111 esse
225 3073 349 3111 non
382 3056 810 3127 intelligebant.
845 3056 1010 3112 Sicut
1038 3057 1193 3112 enim
1226 3072 1365 3111 vasa
1397 3055 1644 3128 reliqua,
1664 3056 1734 3110 ad

87 3144 579 3217 comparationem
594 3145 1045 3215 eorum,quibus
1067 3146 1387 3201 utebantur
1407 3146 1737 3202 sacerdotes

86 3232 127 3287 in
151 3231 411 3304 templo,
446 3231 785 3288 communia
806 3233 1179 3301 dicebantur;
1205 3234 1290 3290 sic
1312 3234 1511 3290 anima
1539 3250 1736 3307 pecca-

1833 656 2000 726 dit,et
2023 675 2124 728 pro
2156 674 2221 712 eo
2249 676 2423 712 suum
2457 658 2807 729 sanguinem
2839 654 3182 711 fudit.Unde
3204 655 3479 711 continuo

1833 745 2107 800 subditur
2139 762 2151 800 :
2188 745 2320 802 Noli
2348 747 2463 801 cibo
2493 751 2585 802 tuo
2616 746 2779 801 illum
2805 744 3165 817 perdere,pro
3196 760 3299 815 quo
3323 743 3483 798 Chri-

1830 838 1946 889 stus
1991 843 2239 891 mortuus
2288 839 2386 891 est.
2438 840 2518 890 Ac
2570 835 2619 890 si
2670 839 2934 906 patenter
2979 833 3177 888 dicat:
3211 831 3350 887 Cibo
3380 837 3481 888 tuo

1833 922 2000 978 illum
2034 924 2252 996 perdis,
2284 941 2457 995 quem
2490 922 2712 979 salvare
2744 927 2997 995 poteras,
3031 921 3143 977 nisi
3178 937 3374 977 coram
3414 937 3481 976 eo

1834 1028 2118 1067 sumeres.
2155 1014 2276 1077 Quo
2309 1013 2461 1068 dicto
2495 1012 2770 1079 ostendit,
2816 1012 3095 1083 quoniam
3145 1010 3483 1082 quicunque

1831 1104 2081 1172 pereunt
2109 1104 2164 1157 et
2194 1101 2405 1157 salvari
2436 1104 2722 1174 poterant,
2743 1101 2815 1157 ab
2848 1100 2966 1155 illis
2999 1099 3199 1172 utique
3223 1099 3483 1171 perdun-

1832 1194 1985 1256 tur,a
2013 1191 2230 1262 quibus
2262 1195 2529 1262 poterant
2560 1190 2791 1247 salvari.
2818 1190 3078 1261 Denique
3108 1188 3249 1261 quia
3272 1204 3483 1244 nomen

1832 1277 2044 1334 Christi
2093 1278 2556 1351 blasphematur,
2604 1280 2744 1334 dum
2799 1277 3012 1350 aliquis
3065 1277 3195 1333 cibo
3246 1277 3483 1332 fratrem

1831 1384 2006 1422 suum
2041 1367 2249 1439 perdit,
2282 1367 2497 1423 idcirco
2544 1368 2904 1423 exhortando
2949 1365 3255 1438 subjunxit
3304 1383 3317 1421 :
3364 1366 3484 1420 Non

1829 1472 1954 1527 ergo
1986 1456 2395 1527 blasphemelur
2424 1458 2623 1513 bonum
2651 1460 2919 1513 nostrum.
2958 1461 3184 1512 Bonum
3228 1452 3486 1528 appellat

1832 1545 2051 1600 donum
2086 1546 2217 1601 fidei
2251 1550 2310 1602 et
2340 1551 2684 1602 cunctarum
2714 1546 3020 1614 virtutum,
3053 1544 3141 1600 vel
3182 1549 3337 1600 certe
3379 1560 3481 1599 no-

1834 1651 1966 1690 men
1999 1635 2120 1702 Dei,
2143 1640 2344 1707 przeler
2373 1636 2510 1707 quod
2539 1651 2650 1691 non
2678 1639 2758 1691 est
2788 1635 2949 1691 aliud
2978 1650 3178 1691 nomen
3202 1634 3301 1689 sub
3329 1634 3483 1701 caelo,

1832 1725 1891 1778 in
1939 1740 2044 1795 quo
2092 1740 2191 1781 nos
2236 1733 2477 1797 oporteat
2504 1725 2679 1780 salvos
2726 1725 2848 1795 ﬁeri
2897 1725 3032 1795 (Act.
3084 1741 3158 1790 1v,
3211 1722 3322 1794 12).
3354 1722 3485 1778 Sive

1834 1813 2054 1869 bonum
2084 1817 2267 1877 vocat,
2303 1813 2596 1886 Evangelii
2626 1813 2897 1885 gratiam.
2947 1813 3065 1868 Hoc
3114 1812 3335 1868 bonum
3381 1828 3485 1866 no-

1833 1908 2021 1961 strum
2053 1908 2160 1974 est,
2194 1920 2326 1959 cum
2359 1903 2679 1975 accipimus
2711 1919 2725 1957 :
2760 1901 2862 1957 Dei
2893 1906 3111 1971 autem,
3146 1900 3287 1973 quia
3314 1900 3387 1957 ab
3418 1916 3485 1956 eo

1835 1992 2027 2046 datur.
2062 1993 2340 2065 Sequitur
2373 2010 2385 2047 :
2418 1992 2535 2047 Non
2567 1993 2713 2046 enim
2751 1999 2829 2046 est
2876 2006 3106 2062 regnum
3135 1992 3238 2046 Dei
3265 2006 3403 2057 esca,
3434 1993 3486 2046 et

1830 2081 2159 2152 potus.Esca
2189 2086 2245 2136 et
2275 2086 2447 2153 potus
2478 2098 2593 2136 non
2625 2084 2765 2137 sunt
2795 2096 3041 2153 regnum
3075 2079 3347 2152 Dei,quia
3367 2096 3484 2135 non

1834 2169 2164 2243 perducunt
2191 2171 2263 2225 ad
2296 2186 2542 2241 regnum
2575 2169 2698 2236 Dei,
2730 2184 2919 2239 neque
2968 2168 3393 2240 permanebunt
3422 2167 3484 2223 in

1834 2259 1961 2330 ipso
1992 2276 2006 2314 :
2039 2259 2259 2314 caduca
2288 2259 2502 2330 quippe
2531 2265 2703 2323 sunt;
2731 2260 2787 2312 et
2813 2256 2907 2311 vix
2936 2257 3106 2313 nobis
3137 2258 3207 2312 ad
3232 2272 3484 2329 praesen-

1834 2353 1954 2403 tem
1978 2348 2159 2403 vitam
2184 2365 2251 2403 su
2262 2347 2507 2403 fﬁciunt.
2548 2347 2649 2401 Sed
2659 2348 2902 2419 justitia,
2923 2350 2976 2401 et
2991 2354 3187 2418 pax,et
3202 2344 3486 2417 gaudium.

1835 2441 1965 2492 Haec
1996 2438 2151 2493 enim
2185 2441 2325 2491 sunt
2354 2452 2596 2506 regnum
2646 2434 2774 2502 Dei;
2827 2452 2953 2507 quae
2999 2434 3291 2506 praecipua
3338 2434 3493 2489 dona

1836 2530 1996 2593 sunt,
2030 2543 2133 2599 per
2162 2542 2287 2597 qua:
2320 2541 2640 2598 possumus
2671 2523 2974 2596 pervenire
3008 2523 3080 2579 ad
3111 2522 3288 2579 vitam
3326 2526 3493 2579 aeter-

1839 2632 1997 2671 nam.
2032 2614 2273 2671 Justitia
2312 2614 2546 2681 dicitur,
2598 2613 2769 2685 quasi
2809 2611 2965 2683 juris
3008 2615 3220 2668 status.
3253 2610 3500 2667 Justitia

1840 2720 1975 2775 ergo
2006 2707 2114 2770 est,
2148 2719 2282 2757 cum
2328 2701 2647 2772 unicuique
2696 2700 3003 2773 proprium
3046 2701 3149 2771 jus
3195 2699 3498 2755 tribuitur.

1840 2792 2080 2848 Justitia
2111 2792 2292 2864 igitur
2321 2791 2422 2847 Dei
2453 2790 2718 2845 Christus
2748 2795 2859 2860 est,
2886 2790 2988 2861 qui
3021 2806 3128 2845 nos
3151 2788 3503 2860 justiﬁcavit

1843 2898 1876 2935 a
1907 2881 2160 2953 peccatis
2186 2884 2243 2935 et
2272 2878 2535 2935 redemit.
2571 2878 2734 2934 Unde
2764 2878 2902 2934 alibi
2935 2878 3092 2934 idem
3123 2877 3441 2949 Apostolus
3484 2893 3498 2932 :

1846 2970 1953 3037 Qui
2000 2971 2176 3039 factus
2220 2976 2297 3022 est
2340 2968 2493 3023 nobis
2539 2984 2577 3022 a
2621 2963 2730 3023 Deo
2770 2968 3015 3038 justitia,
3050 2974 3101 3022 et
3129 2965 3425 3038 redemptio
3455 2967 3506 3036 (ι

1849 3056 1968 3112 Cor.
2008 3075 2045 3126 1,
2079 3056 2202 3123 30);
2230 3055 2356 3126 ipse
2388 3059 2477 3111 est
2505 3061 2561 3110 et
2591 3073 2719 3126 pax,
2754 3055 2906 3110 sicut
2937 3056 3092 3111 idem
3124 3055 3267 3111 dicit
3299 3072 3313 3112 :
3339 3055 3498 3110 Chri-

1843 3153 1958 3201 stus
1986 3148 2064 3200 est
2093 3161 2208 3216 pax
2238 3152 2431 3200 nostra
2477 3145 2690 3214 (Ephes.
2724 3159 2783 3213 ιι,
2818 3144 2925 3215 14).
2977 3143 3270 3198 Gaudium
3302 3148 3497 3198 autem

1847 3235 2250 3298 dicit,aaternas
2281 3232 2662 3288 beatitudinis
2686 3249 2699 3287 :
2722 3248 2857 3287 nam
2887 3231 3168 3301 gaudium
3191 3231 3250 3286 in
3271 3236 3497 3303 tempo-

86 3322 200 3389 trix,
234 3321 312 3376 ad
337 3320 841 3392 comparationem
869 3326 1083 3377 sanctas
1109 3326 1166 3377 et
1184 3323 1291 3395 piae
1314 3321 1543 3393 animas,
1575 3338 1732 3378 com-
1764 3307 1807 3375 C
1846 3322 2069 3379 ralibus
2100 3322 2339 3378 abusive
2370 3321 2584 3377 dicitur
2616 3320 2713 3376 :in
2745 3319 3110 3393 spiritalibus
3139 3324 3498 3392 autem,pro-

91 3409 270 3466 munis
300 3412 578 3477 vocatur;
631 3410 769 3482 quia
818 3427 934 3466 non
988 3415 1076 3466 est
1122 3411 1302 3467 unius
1349 3411 1603 3479 Domini,
1635 3412 1737 3467 sed

96 3499 430 3564 multorum,
462 3497 521 3553 id
553 3502 660 3567 est,
693 3498 992 3570 vitiorum,
1025 3504 1083 3555 et
1129 3500 1461 3556 daemonum
1492 3500 1735 3557 famula.

98 3592 189 3643 Per
214 3591 405 3660 ipsum
433 3587 595 3657 dicit,
628 3588 687 3642 id
720 3593 827 3656 est,
877 3605 982 3661 per
1026 3588 1324 3645 Christum
1360 3607 1374 3646 :
1403 3589 1550 3645 nihil
1581 3590 1738 3646 enim

103 3693 400 3735 commune
429 3695 532 3751 per
560 3678 778 3750 ipsum,
813 3679 1090 3751 quoniam
1124 3697 1158 3735 a
1190 3681 1342 3735 bono
1373 3680 1510 3751 Deo,
1542 3678 1741 3736 omnia

106 3766 243 3823 bona
272 3771 330 3823 et
360 3768 587 3823 munda
618 3773 815 3824 creata
843 3773 982 3823 sunt
1015 3785 1028 3823 :
1060 3769 1215 3824 unde
1247 3769 1303 3823 in
1336 3769 1543 3824 Genesi
1591 3769 1740 3840 legi-

101 3858 233 3909 tur:
269 3856 410 3912 Vidit
460 3857 601 3912 Deus
646 3861 861 3924 cuncta,
912 3871 1040 3928 quae
1082 3858 1230 3927 fecit,
1280 3865 1332 3912 et
1376 3861 1536 3911 erant
1581 3856 1743 3911 valde

105 3942 231 3999 bona
260 3944 415 4018 (Gen.
445 3964 485 4013 1,
516 3947 719 4019 10-12).
754 3944 994 4003 Videtur
1020 3962 1157 4018 ergo
1204 3944 1296 4000 bis
1343 3945 1535 4000 verbis
1588 3949 1739 4016 Apo-

102 4032 267 4090 stolus
310 4035 505 4108 legem
554 4050 849 4103 accusare,
904 4051 1031 4107 quis
1084 4035 1251 4090 docet
1298 4034 1567 4106 quaedam
1613 4049 1742 4090 esse

105 4124 412 4180 Immunda.
451 4123 561 4179 Sed
594 4123 769 4180 absit.
802 4128 927 4178 lmo
958 4123 1236 4191 ostendit,
1265 4122 1423 4194 quia,
1458 4139 1585 4194 quae
1615 4139 1744 4195 pro-

101 4205 264 4269 hibita
294 4217 463 4280 sunt,
496 4213 610 4269 sub
641 4214 832 4287 figura
870 4212 1073 4284 utique
1121 4218 1260 4269 sunt
1307 4211 1622 4284 prohibita.
1675 4211 1745 4267 Et

107 4298 559 4376 sciendum,quia
579 4301 1103 4375 saepeconscientia
1118 4302 1593 4373 uniuscujusque
1613 4316 1739 4357 rem

107 4384 456 4449 immundam
506 4392 619 4449 sibi
679 4393 965 4448 mundam
1033 4392 1188 4460 facit,
1220 4390 1309 4447 vel
1361 4390 1688 4447 econtrario
1732 4417 1745 4455 ;

111 4478 239 4534 verbi
260 4482 472 4553 gratia,
494 4481 543 4537 si
566 4481 956 4553 idolothytum
988 4480 1047 4535 in
1082 4479 1324 4537 macello
1345 4480 1657 4548 vendatur,
1689 4483 1748 4534 et

1848 3413 2000 3486 prie;
2035 3411 2188 3467 unde
2219 3411 2279 3465 in
2309 3410 2673 3483 spiritalibus
2705 3409 2831 3466 sine
2884 3409 3209 3481 adjectione
3239 3409 3497 3482 ponitur.

1849 3500 2142 3558 Gaudium
2174 3500 2371 3571 itaque
2410 3499 2552 3555 dicit
2603 3498 3160 3572 contemplationem
3198 3498 3503 3572 praesentis

1847 3590 2046 3647 vultus
2072 3589 2197 3646 Dei.
2231 3589 2394 3645 Unde
2442 3590 2501 3644 in
2553 3589 2862 3663 Evangelio
2908 3588 3190 3645 Dominus
3223 3604 3236 3643 :
3266 3591 3395 3645 Haec
3422 3592 3507 3644 cst

1848 3682 1963 3735 vita
1991 3684 2226 3746 mlerna,
2260 3688 2318 3735 ut
2346 3684 2673 3749 cognoscant
2701 3688 2750 3734 te
2778 3696 2963 3735 verum
2996 3681 3302 3747 Deum,etc.
3327 3680 3507 3750 (Joan.

1849 3787 1985 3836 xvu,
2022 3770 2097 3840 3).
2133 3770 2202 3823 Et
2251 3768 2391 3839 quia
2437 3768 2560 3823 hinc
2609 3768 2764 3824 dona
2811 3769 3035 3840 absque
3080 3767 3270 3841 gratia
3319 3766 3508 3822 sancti

1851 3857 2105 3929 Spiritus
2156 3874 2327 3912 nemo
2377 3857 2592 3912 habere
2641 3860 2853 3928 potest,
2886 3857 3104 3912 idcirco
3150 3856 3504 3927 subjunxit:

1850 3950 1919 4001 In
1957 3946 2174 4016 Spiritu
2202 3949 2407 4000 sancto.

1923 4033 2200 4105 Sequitur
2231 4050 2243 4088 :
2278 4034 2384 4101 Qui
2404 4034 2553 4088 enim
2576 4034 2635 4087 in
2666 4032 2764 4088 hoc
2791 4033 2957 4087 servit
2988 4031 3221 4100 Christo,
3253 4038 3505 4103 acceptus

1852 4127 1929 4179 est
1959 4124 2064 4179 Deo
2093 4126 2146 4177 et
2174 4121 2433 4195 probatus
2460 4121 2865 4179 hominibuan
2892 4121 2987 4177 hoc
3011 4120 3173 4190 dicit,
3207 4120 3264 4174 id
3297 4125 3407 4186 est,
3440 4120 3501 4174 in

1853 4211 2074 4284 Spiritu
2105 4216 2327 4266 sancto.
2364 4211 2471 4276 Qui
2502 4209 2658 4266 enim
2688 4212 2747 4266 in
2778 4227 2845 4266 eo
2877 4209 3072 4275 servit,
3105 4207 3283 4264 servit
3328 4207 3503 4263 verbo

1853 4300 2172 4374 sapientiai,
2205 4300 2507 4369 charitati;
2541 4317 2607 4355 ac
2636 4315 2740 4373 per
2769 4299 2876 4355 hoc
2908 4298 3098 4372 placet
3144 4302 3279 4363 Deo,
3307 4301 3364 4353 et
3408 4313 3505 4353 ac-

1856 4394 2062 4463 ceptus
2093 4394 2183 4446 est
2211 4390 2580 4458 hominibus;
2613 4388 2749 4460 quia
2778 4388 2900 4445 haec
2934 4389 3088 4444 dona
3134 4392 3255 4443 tam
3305 4386 3506 4460 praeci-

1856 4496 1973 4551 pua
2019 4482 2178 4545 sunt,
2214 4483 2277 4533 ut
2317 4479 2401 4535 eis
2447 4494 2635 4560 nemo.
2666 4478 2853 4550 possit
2898 4478 3210 4550 derogare;
3261 4476 3508 4550 ideoque

123 4567 229 4633 quis
254 4586 457 4627 emens
486 4571 721 4628 nescius
750 4568 1090 4637 comederit,
1120 4568 1476 4625 conscientia
1505 4585 1615 4624 sua
1635 4567 1749 4624 sibi
1858 4567 2271 4623 manifestatus
2302 4571 2391 4624 est
2420 4584 2548 4624 esse
2578 4568 2869 4640 perfectus
2903 4583 3098 4623 coram
3148 4567 3265 4623 Deo
3312 4571 3371 4623 et
3412 4584 3508 4623 co-

125 4658 412 4728 mnndum;
445 4660 772 4717 econtrario
805 4658 905 4731 qui
939 4657 1158 4730 aliquid
1191 4657 1747 4728 immundumjudi-
1780 4672 1828 4737 D
1858 4674 1985 4714 ram
2016 4656 2382 4712 hominibus.

132 4748 219 4797 cat.
246 4746 325 4803 illi
355 4751 560 4822 utique
589 4749 967 4806 immundum
1000 4752 1106 4804 est.
1157 4749 1228 4804 Et
1277 4746 1387 4803 hoc
1435 4750 1545 4815 est,
1591 4746 1747 4820 quod

135 4834 364 4903 Sequitur
395 4857 408 4895 :
441 4840 561 4895 Nisi
588 4841 659 4909 ei,
694 4841 791 4913 qui
820 4837 1101 4893 existimat
1127 4837 1260 4909 quid
1288 4852 1573 4893 commune
1611 4851 1743 4903 esse,

138 4917 208 4973 illi
231 4939 500 4984 commune
520 4929 697 4985 est.Ut
726 4935 927 4985 autem
959 4927 1293 4983 ostenderet
1323 4942 1502 4998 quare
1523 4924 1747 4998 praemi-

142 5010 292 5069 serit:
321 5017 422 5071 Hoc
438 5018 681 5089 judicale
714 5017 912 5087 magis,
958 5033 1027 5072 ne
1072 5017 1289 5087 ponatis
1337 5015 1747 5088 oﬂ‘endiculum,

142 5098 205 5150 vet
229 5104 981 5177 scandatum(4!i9),subdidit
1015 5121 1027 5159 :
1060 5107 1123 5160 Si
1149 5109 1297 5162 enim
1324 5109 1544 5178 propter
1572 5121 1750 5162 escam

142 5185 286 5251 frater
322 5199 440 5249 tuus
483 5197 896 5254 scandalizatur
940 5193 1086 5265 (450)
1107 5212 1120 5261 ;
1141 5196 1268 5267 jam
1299 5210 1409 5250 non
1445 5196 1750 5252 secundum

1933 4745 2136 4818 Igitur,
2174 4751 2238 4801 ut
2266 4762 2364 4802 eos
2395 4746 2468 4801 ad
2498 4744 2659 4818 pacis
2692 4749 2748 4801 et
2778 4746 3097 4801 concordia:
3129 4746 3348 4801 bonum
3375 4758 3513 4815 pro-

1854 4839 2107 4900 vocaret,
2143 4835 2452 4907 subjunxit
2475 4851 2487 4888 ε
2512 4836 2699 4906 Itaque
2725 4851 2843 4905 qua:
2870 4836 3025 4906 pacis
3050 4837 3198 4904 sunt,
3228 4840 3508 4888 sectemur.

1857 4924 1966 4981 Ubi
1996 4925 2317 4981 notandum
2350 4924 2486 4996 quia
2510 4942 2626 4981 non
2648 4923 3076 4992 ait,sectamur;
3112 4922 3262 4978 sicut
3309 4924 3365 4975 et
3407 4936 3511 4974 su-

1860 5014 2061 5088 perius
2116 5034 2129 5070 :
2181 5014 2626 5089 Hospitalitatem
2676 5016 2940 5069 sectantes
2989 5013 3162 5082 (Rom.
3214 5026 3313 5073 xn,
3368 5008 3456 5074 13)
3497 5022 3511 5060 :

1861 5119 2067 5177 pacem
2099 5105 2316 5177 quippe
2346 5102 2543 5173 habet,
2577 5109 2633 5162 et
2664 5101 3084 5173 sequitur,‘qui
3115 5111 3306 5153 mores
3354 5111 3516 5159 suos,

1862 5197 1920 5249 et
1969 5193 2227 5250 actiones
2279 5195 2359 5250 ita
2404 5193 2704 5267 componit
2733 5195 2789 5246 et
2817 5189 2985 5261 regit,
3019 5192 3083 5242 ut
3113 5204 3146 5241 a
3175 5183 3407 5239 nemine
3438 5199 3505 5238 re
