3998 5278
424 427 537 486 271

1441 425 1779 488 ATTONIS
1823 426 2413 489 VERGELLENSIS
2456 425 2815 490 EPISCOPI

3718 423 3843 486 ΒεἿᾶ

423 563 521 614 tur
553 577 567 616 ε
599 559 665 613 Et
693 571 817 630 quae
843 557 1231 629 wdiﬁcalionis
1259 566 1387 614 sunt
1414 561 1476 613 in
1504 562 1740 615 invicem
1759 560 1906 633 (451)
1938 560 2073 615 sub-
2099 563 2155 629 Α
2184 561 2330 617 dicat
2354 563 2697 634 semetipsum
2728 563 2789 617 in
2817 576 2900 630 eo,
2930 559 3073 632 quod
3098 559 3321 631 probat.
3356 557 3458 615 Ille
3484 555 3652 613 enim
3701 556 3840 613 bea-

424 649 683 715 auditur,
715 650 1047 720 sectemur).

2185 654 2283 706 tus
2311 654 2420 721 est,
2452 650 2553 722 qui
2584 667 2671 715 eo,
2705 650 2859 722 quod
2891 649 3180 706 mundum
3227 654 3286 705 et
3328 647 3557 705 licitum
3603 647 3841 719 probat,

496 739 629 795 Noli
654 742 879 810 propter
909 754 1089 793 escam
1112 738 1390 794 destruere
1417 754 1552 827 opus
1581 740 1697 795 Dei.
1731 743 1862 795 HERC
1902 740 2077 795 verba
2185 739 2336 795 male
2365 756 2480 795 non
2508 740 2714 806 utitur,
2742 739 2801 794 id
2835 744 2945 806 est,
2978 755 3175 795 coram
3204 737 3438 793 inﬁrmo
3488 738 3674 793 fratre
3725 752 3842 791 non

426 830 509 885 ita
538 844 747 883 sonare
776 826 1071 895 videntur,
1103 844 1168 883 ac
1198 827 1249 883 si
1280 826 1423 884 esca
1459 846 1575 884 non
1628 828 1705 883 sit
1752 846 1899 902 opus
1948 829 2071 884 Dei.

428 919 542 975 Sed
572 917 1048 989 sciendum,quia
1070 934 1215 989 opus
1238 917 1340 973 Dei
1360 917 1753 989 est,quoniam
1778 918 2070 974 subsistit.

424 1011 699 1063 Attamen
729 1005 901 1077 longe
931 1005 1089 1061 aliud
1121 1006 1391 1078 est,quod
1416 1011 1652 1078 propter
1681 1024 1770 1071 se;
1805 1011 1861 1062 et
1890 1006 2070 1075 aliud,

425 1096 582 1169 quod
612 1097 853 1167 propter
881 1094 1104 1167 aliquid
1136 1093 1296 1150 aliud
1327 1095 1480 1151 Deus
1503 1095 1889 1151 creavit.Esca
1915 1095 2070 1151 enim

424 1203 541 1241 non
572 1189 811 1258 propter
839 1199 924 1250 se,
956 1184 1058 1239 sed
1098 1188 1334 1255 propter
1358 1184 1658 1240 hominem
1707 1188 1901 1240 creata
1941 1190 2068 1253 est;

420 1274 598 1331 homo
629 1290 764 1330 vero
795 1278 1035 1346 propter
1061 1289 1143 1344 se,
1178 1272 1317 1344 quia
1346 1274 1417 1328 ad
1454 1273 1815 1329 laudandum
1868 1280 2068 1329 Deum.

419 1365 490 1421 Et
519 1362 735 1419 idcirco
765 1379 835 1419 ex
863 1362 1139 1419 omnibus
1170 1362 1415 1418 terrenis
1447 1361 1730 1418 creaturis
1769 1362 2067 1418 hominem

419 1453 752 1526 specialiter
778 1452 1093 1525 Apostolus
1123 1450 1364 1519 vocavit,
1398 1450 1485 1506 vel
1517 1451 1705 1523 ipsius
1736 1451 1985 1507 salutem
2013 1456 2071 1507 et

416 1543 902 1615 redemptionem.
934 1544 1177 1615 Propter
1204 1557 1398 1596 escam
1432 1556 1566 1612 ergo
1621 1557 1768 1611 opus
1818 1539 1919 1596 Dei
1967 1540 2065 1595 de-

416 1631 685 1697 struitur,
709 1648 843 1687 cum
868 1630 1043 1686 homo
1074 1630 1345 1685 infirmus
1370 1646 1439 1684 ex
1469 1630 1596 1684 cibo
1628 1629 1869 1684 alterius
1897 1646 2065 1684 scan-

419 1720 722 1776 dalizatur.
754 1721 822 1775 Et
852 1720 1021 1791 quasi
1054 1719 1270 1774 diceret
1292 1716 1506 1788 aliquis
1541 1734 1555 1771 :
1588 1717 1738 1772 Dum
1771 1716 1854 1772 sic
1884 1717 2065 1772 inter-

413 1810 562 1865 dicis
592 1827 701 1865 nos
730 1809 930 1865 omnia
958 1808 1274 1880 percipere,
1305 1806 1521 1862 videris
1551 1806 1726 1861 etiam
1757 1811 1821 1861 tu
1848 1823 1916 1862 ea
1955 1806 2063 1861 im-

415 1898 637 1954 munda
660 1897 949 1969 judicare,
983 1895 1234 1967 subjecit
1281 1913 1294 1951 :
1325 1896 1543 2001 ‘(lmnia
1572 1894 1790 1994 quidem
1816 1894 2023 2001 munda
2043 1912 2063 1957 ;
2092 1936 2141 2001 B

416 2006 481 2045 ac
508 1987 558 2044 si
588 1987 806 2043 diceret
838 2003 852 2044 :
887 1986 1012 2041 Non
1040 1985 1168 2041 ideo
1217 1984 1517 2057 prohibeo,
1570 1984 1711 2056 quia
1756 1983 2065 2039 immunda

406 2076 698 2148 j‘udicem,
732 2075 1011 2148 quoniam
1045 2093 1078 2130 a
1108 2075 1352 2143 mundo,
1404 2079 1460 2129 et
1506 2074 1657 2143 bono
1706 2074 1822 2128 Deo
1872 2078 2066 2128 creata

410 2166 721 2222 immunda
749 2182 875 2221 esse
907 2182 1022 2220 non
1053 2167 1323 2236 possunt,
1352 2163 1474 2230 sed,
1509 2179 1579 2216 ne
1601 2178 1795 2217 coram
1829 2160 2062 2215 inﬁrmo

411 2260 714 2311 sumentes
747 2255 1110 2310 occasionem
1145 2253 1296 2308 detis
1326 2250 1783 2306 scandalizandi.
1833 2250 1902 2303 Et
1953 2249 2063 2304 hoc

408 2348 518 2410 est,
552 2345 709 2415 quod
739 2343 1008 2415 sequitur
1039 2358 1052 2396 :
1083 2342 1190 2398 Sed
1217 2342 1428 2396 malum
1476 2348 1554 2396 est
1582 2341 1814 2409 homini,
1844 2340 1939 2410 qui
1962 2355 2064 2410 per

406 2432 798 2504 oﬁendiculum
842 2430 1156 2486 manducet.
1199 2431 1415 2485 Bonum
1460 2438 1538 2484 est
1575 2444 1687 2482 non
1732 2428 2063 2483 manducare

413 2524 715 2588 σαν-πεφηβί
741 2537 853 2576 non
882 2520 1061 2575 bibere
1085 2521 1489 2591 vinum,neque
1517 2520 1579 2573 in
1606 2533 1711 2589 quo
1740 2520 1919 2588 frater
1939 2526 2063 2573 luas

405 2611 645 2682 offendit
675 2610 845 2682 (452),
880 2613 978 2664 aut
1003 2607 1536 2675 scandalizatumaut
1570 2606 2059 2675 inﬁrmatur.0uid

412 2699 665 2771 estquod
683 2697 1002 2771 Apostolus
1022 2697 1631 2768 abstinentiam,quasi
1648 2712 1950 2751 summum
1966 2696 2062 2749 bo-

402 2805 546 2844 num
569 2788 1106 2853 commendat,cum
1120 2802 1422 2842 summum
1436 2785 1657 2840 bonum
1680 2801 1795 2839 non
1812 2784 1913 2839 sit?
1930 2784 2062 2839 0m-

344 2938 347 2949 ι
399 2894 474 2933 ne
494 2874 650 2932 enim
669 2876 1074 2948 bonum,quod
1096 2880 1153 2931 et
1173 2874 1311 2930 mali
1332 2874 1546 2929 habere
1568 2876 1957 2945 possunt,non
1975 2876 2064 2928 est

405 2982 733 3036 summum,
754 2965 854 3020 sed
882 2963 1173 3020 mediocre
1194 2964 1554 3019 bonum.Sed
1574 2962 1876 3018 sciendum
1900 2962 2057 3034 quia,

407 3055 517 3110 etsi
551 3054 909 3110 abstinentia
954 3071 1071 3109 non
1121 3054 1198 3109 sit
1244 3070 1547 3108 summum
1578 3053 1821 3123 bonum,
1862 3056 2059 3107 tamen

409 3143 752 3200 charitatem
796 3160 935 3216 erga
979 3143 1311 3215 proximum
1361 3158 1611 3208 servare,
1665 3145 1721 3196 et
1768 3157 1902 3197 eum
1942 3158 2058 3195 non

409 3232 823 3291 scandalizare.
868 3248 1171 3289 summum
1202 3233 1421 3287 bonum
1453 3236 1542 3286 est
1574 3249 1585 3286 :
1617 3230 1774 3302 quod
1806 3235 1869 3284 ut
1898 3246 2056 3285 com-

2184 829 2385 896 sumit,
2419 845 2491 884 ne
2521 828 2572 884 ei
2604 827 3038 885 scandalizandi
3069 827 3435 884 occasionem
3465 827 3704 899 det,pro
3724 841 3842 897 quo

2182 914 2306 987 ipse
2329 917 2651 987 judicetur.

2254 1007 2361 1074 Qui
2389 1010 2572 1061 autem
2600 1006 2860 1061 discernit
2890 1006 2971 1077 (id
3023 1009 3131 1077 est,
3182 1005 3291 1061 hoc
3333 1022 3463 1062 esse
3512 1005 3843 1072 mundum,

2178 1092 2322 1149 illud
2364 1095 2760 1165 immundum)
2808 1098 2859 1150 si
2905 1095 3323 1151 manducauerit
3368 1094 3536 1167 (illud
3586 1093 3842 1161 scilicet,

2180 1185 2334 1255 quod
2384 1184 2760 1240 immundum
2810 1184 3057 1256 judicat)
3109 1184 3400 1240 damnatus
3445 1188 3524 1239 est
3569 1183 3842 1256 (proprio

2171 1271 2448 1345 judicio);
2477 1275 2609 1345 quia
2637 1291 2747 1329 non
2772 1280 2944 1330 estea:
2971 1275 3077 1344 ﬁde
3108 1272 3253 1345 (454)
3294 1273 3680 1346 (subauditur
3733 1270 3841 1328 ali-

2179 1362 2320 1433 quid
2352 1363 2729 1419 immundum
2757 1363 3034 1435 credere).

2249 1451 2419 1505 Omne
2446 1456 2650 1517 autem,
2694 1451 2836 1523 quod
2869 1468 2986 1508 non
3030 1456 3109 1508 est
3150 1468 3220 1508 ex
3265 1451 3395 1523 ﬁde,
3414 1456 3709 1524 peccatum
3739 1458 3837 1509 est.

2174 1538 2459 1595 Videlicet
2486 1539 2628 1611 quia
2656 1540 2782 1596 sine
2811 1540 2925 1596 ﬁde
2956 1539 3322 1613 impossibile
3338 1545 3431 1598 est
3451 1541 3570 1599 Deo
3600 1539 3838 1614 placere

2175 1627 2365 1698 (Hebr.
2398 1644 2474 1699 xx,
2508 1629 2585 1698 6).
2613 1629 2747 1685 Vita
2797 1644 2934 1702 ergo
2985 1628 3333 1698 inﬁdelium,
3387 1629 3530 1702 quia
3575 1645 3702 1687 non
3750 1635 3840 1687 est

2173 1731 2241 1770 ex
2274 1717 2408 1782 ﬁde,
2436 1721 2741 1788 peccatum
2771 1721 2861 1773 est
2889 1718 3069 1790 (455);
3103 1718 3383 1790 quoniam
3413 1718 3516 1775 ubi
3546 1719 3725 1779 deest
3744 1735 3840 1774 co-

2171 1804 2355 1878 gnitio
2424 1810 2646 1862 aeternae
2704 1810 2762 1862 et
2845 1806 3348 1865 incommutabilis
3414 1808 3709 1875 veritatis,
3778 1808 3836 1864 id

2173 1899 2281 1963 est,
2313 1894 2657 1962 divinitatis,
2689 1893 2837 1951 falsa
2883 1895 3071 1952 virtus
3122 1900 3233 1965 est,
3282 1896 3458 1953 etiam
3489 1897 3552 1952 in
3583 1897 3835 1970 optimis

2176 1983 2461 2039 moribus.

2246 2076 2400 2145 (CAP.
2470 2072 2609 2145 XV.)
2678 2074 2881 2146 Igitur,
2951 2073 3090 2146 quia
3153 2078 3383 2146 poterat
3448 2074 3673 2148 aliquis
3740 2075 3836 2131 di-

2172 2178 2300 2217 cere
2335 2178 2346 2216 :
2381 2161 2528 2226 Quid
2579 2162 2649 2216 ad
2701 2179 2829 2231 nos,
2878 2163 2928 2218 si
2976 2162 3197 2218 inﬁrmi
3243 2163 3420 2219 sunt?
3450 2180 3559 2220 cur
3606 2180 3720 2220 nos
3761 2165 3832 2220 ob

2172 2266 2373 2305 eorum
2403 2250 2809 2306 inﬁrmitatem
2850 2267 2966 2307 non
3019 2268 3087 2306 ea
3143 2267 3471 2323 sumamus,
3504 2270 3638 2325 quae
3670 2252 3836 2308 licita

2172 2339 2504 2395 credimus?
2531 2340 2613 2394 Ad
2638 2340 2747 2395 hoc
2768 2341 2937 2411 quasi
2967 2342 3283 2412 respondet
3310 2341 3827 2413 Apostolus:Debe-

2173 2444 2291 2483 mus
2337 2437 2520 2483 autem
2560 2446 2662 2484 nos
2715 2429 2986 2498 ﬁrmiores
3014 2428 3432 2486 imbecillitate:
3464 2432 3830 2502 inﬁrmorum

2170 2519 2464 2588 sustinere,
2496 2521 2628 2586 etc.,
2661 2535 2728 2572 ac
2759 2517 2808 2572 si
2837 2522 3034 2589 aperte
3063 2519 3280 2586 diceret
3310 2536 3324 2575 :
3358 2519 3678 2592 Propterea
3726 2538 3832 2578 su-

2172 2622 2330 2661 mere
2383 2622 2497 2660 uon
2544 2606 2788 2672 debetis,
2836 2622 2906 2662 ne
2956 2606 3224 2663 inﬁrmos
3272 2608 3480 2665 fratres
3530 2609 3832 2666 scandali-

2169 2694 2332 2750 zetis.
2366 2694 2438 2750 Ut
2469 2698 2664 2751 autem
2696 2695 2927 2752 facilius
2964 2712 3065 2753 eos
3102 2696 3332 2754 ﬂectere
3378 2703 3600 2770 posset,
3657 2716 3831 2756 suam

2170 2783 2289 2839 illis
2321 2783 2562 2840 sociavit
2590 2801 2924 2856 personam.
2971 2785 3132 2848 Quod
3182 2795 3379 2844 autem
3427 2805 3511 2857 se,
3566 2805 3831 2861 suosque

2170 2873 2464 2929 auditores
2504 2874 2790 2930 ﬁrmiores
2821 2878 3008 2945 vocat,
3038 2892 3156 2932 non
3185 2881 3276 2932 est
3303 2878 3683 2950 arrogantia,
3728 2880 3829 2937 sed

2170 2977 2349 3017 causa
2378 2961 2585 3017 divina:
2617 2962 3075 3034 dispensationis
3095 2964 3356 3021 factum:
3380 2966 3590 3023 nullus
3608 2968 3832 3042 quippe

2167 3048 2560 3122 inﬁrmorum,
2585 3052 2877 3122 majorum
2908 3051 3172 3108 ﬁrmitati
3201 3070 3265 3109 se
3284 3054 3540 3127 jungere
3560 3058 3828 3126 auderet,

2169 3137 2285 3193 nisi
2313 3139 2625 3211 Apostolus
2655 3156 2794 3195 suos
2825 3140 3002 3196 etiam
3031 3141 3329 3199 auditores
3358 3159 3565 3200 secum
3604 3145 3829 3202 ﬁrmio-

2170 3243 2262 3281 res
2294 3227 2527 3283 diceret.
2561 3228 2843 3285 Praeterea
2872 3235 3071 3286 monet
3102 3229 3195 3287 his
3234 3231 3448 3297 verbis,
3498 3237 3569 3288 ut
3621 3235 3725 3306 qui
3769 3236 3829 3290 in

408 3323 713 3379 mandaret
740 3321 1072 3393 Apostolus,
1104 3321 1187 3377 ait
1216 3337 1229 3374 :
1264 3324 1453 3391 Neque
1481 3319 2052 3391 (subauditur,agere
2083 3307 2127 3374 C
2165 3314 2482 3371 Ecclesium
2514 3316 2766 3372 inﬁrmis
2815 3317 3092 3374 fratribus
3137 3320 3413 3391 prodesse
3463 3328 3727 3393 possunt
3770 3324 3831 3380 in

408 3410 653 3482 aliquid)
683 3411 745 3465 in
770 3426 874 3482 quo
899 3411 1079 3481 frater
1111 3414 1235 3465 tuus
1272 3410 1518 3480 offendit,
1568 3409 1624 3463 id
1673 3412 1781 3477 est,
1833 3412 2053 3478 peccat,

406 3507 506 3554 aut
526 3496 973 3564 scandalizatur,
1006 3498 1063 3551 id
1086 3501 1195 3567 est,
1222 3514 1256 3551 a
1276 3497 1388 3551 ﬁde
1410 3497 1643 3566 recedit,
1675 3501 1773 3551 aut
1804 3497 2057 3566 inﬁrma-

409 3592 524 3656 tur,
554 3585 779 3641 scilicet
826 3585 887 3640 in
935 3586 1139 3641 eadem
1189 3585 1321 3640 ﬁde.
1370 3584 1700 3640 Nolandum
1726 3590 1816 3641 est
1861 3591 2055 3640 autem

409 3675 550 3747 quia
578 3691 694 3730 non
722 3674 803 3730 ait
834 3691 846 3730 :
883 3675 1102 3730 Bonum
1141 3679 1231 3729 est
1274 3675 1629 3730 manducare
1675 3690 1935 3739 carnem,
1985 3690 2058 3729 ne

408 3763 719 3821 voracibus
741 3764 908 3819 daret
933 3763 1299 3819 occasionem
1330 3763 1560 3817 dicendi
1584 3762 2015 3819 abstinentibus
2043 3780 2054 3817 :

410 3855 657 3911 Carnem
690 3853 1059 3920 manducata,
1083 3852 1363 3924 quoniam
1393 3851 1708 3924 Apostolus
1739 3853 2011 3924 praecepit
2042 3870 2055 3907 :

412 3959 480 4000 ac
521 3959 626 4015 per
654 3942 762 3998 hoc
793 3941 1002 3998 laxatis
1047 3942 1410 3997 abstinentiae
1458 3941 1661 4011 frenis,
1713 3941 2060 3997 barathrum

413 4032 717 4089 edacitatis
748 4030 1088 4087 inciderent.
1141 4031 1286 4086 Cum
1334 4047 1469 4103 ergo
1514 4031 1760 4086 intentio
1801 4031 2061 4104 Apostoli

411 4123 592 4177 fuerit
619 4120 780 4193 loqui
809 4121 880 4176 de
909 4120 1056 4176 cibis
1086 4119 1477 4187 solummodo,
1513 4136 1618 4174 cur
1646 4119 2063 4190 intulitzneque

413 4210 615 4267 bibere
643 4210 889 4265 vinum?
918 4208 1219 4276 Videlicet,
1277 4225 1350 4263 ne
1397 4207 1644 4263 ebriosis
1690 4209 1856 4263 daret
1902 4224 2065 4263 occa-

415 4301 641 4356 sionem
663 4298 893 4355 dicendi
916 4315 930 4352 :
956 4297 1160 4363 Bibitc,
1190 4297 1467 4368 quoniam
1497 4295 1810 4367 Apostolus
1833 4313 1865 4350 a
1890 4312 2063 4351 carne

413 4393 647 4444 tantum
670 4387 900 4443 monuit
930 4386 1242 4452 abstinere,
1277 4385 1477 4455 sicque
1508 4385 1567 4438 in
1598 4384 1733 4439 vitio
1765 4385 2063 4441 ebrietatis

414 4493 478 4531 se
508 4480 855 4531 exercerent.
892 4475 1002 4529 Sed
1044 4472 1308 4545 nunquid
1359 4472 1708 4528 condemnat
1752 4474 2062 4545 Apostolus

414 4564 781 4620 creaturam?
812 4564 994 4619 Absit.
1028 4569 1144 4619 tmo
1166 4561 1588 4634 ostendit,quia
1607 4579 1803 4618 coram
1830 4563 2062 4619 inﬁrmo

413 4654 590 4709 fratre
620 4653 908 4708 sumenda
938 4670 1052 4708 non
1084 4657 1378 4723 sunt,quee
1409 4650 1492 4705 illi
1514 4650 2062 4720 oﬁ'endiculum,aut

411 4741 759 4799 scandalum
810 4746 1052 4813 ponunt.
1106 4741 1270 4796 Unde
1314 4745 1370 4795 et
1416 4740 1736 4808 subditur;
1771 4747 1857 4798 Tu
1893 4741 2058 4811 ﬁdem

409 4833 572 4887 habes
599 4847 759 4903 penes
792 4832 1160 4902 temetipsum;
1206 4830 1345 4885 habe
1394 4846 1578 4885 coram
1623 4830 1728 4885 Deo
1773 4831 1957 4898 (453),-
1989 4846 2055 4885 ac

408 4921 460 4977 si
486 4922 700 4976 diceret
732 4936 744 4974 :
778 4920 1010 4975 Sufﬁcit
1032 4921 1133 4975 tibi
1158 4937 1263 4992 per
1283 4920 1454 4974 ﬁdem
1480 4919 1677 4975 omnia
1698 4919 1918 4974 munda
1939 4935 2056 4973 cre-

409 5011 544 5066 dere
578 5028 591 5065 :
627 5012 851 5081 oportet
882 5009 1080 5073 etiam,
1112 5013 1179 5063 ut
1227 5025 1331 5080 pro
1378 5008 1469 5062 Dei
1521 5024 1715 5062 amore
1748 5024 1943 5061 coram
1974 5007 2060 5062 in-

412 5100 461 5118 n.
500 5115 571 5118 ---
605 5098 772 5118 ρκᾼιη-
808 5115 910 5118 ημμ
965 5113 1160 5118 ---_.---
1215 5113 1280 5118 μ-
1316 5096 1396 5118 .‘I'I!
1433 5096 1857 5118 -..-_a.l-‘|3_-..._‘|2

2166 3402 2361 3476 aliquo
2391 3405 2601 3472 ofﬁcio,
2637 3423 2751 3461 non
2782 3422 2845 3462 se
2875 3406 3228 3465 humilitatis
3258 3425 3439 3465 causa
3466 3411 3832 3470 subtraham.

2166 3494 2237 3547 ab
2269 3493 2457 3549 ofﬁcio
2494 3511 2507 3549 :
2540 3498 2598 3549 et
2626 3498 2693 3550 ut
2722 3495 2988 3552 inﬁrmos
3041 3496 3326 3568 patienter
3355 3498 3413 3552 in
3447 3498 3727 3557 Ecclesia
3752 3502 3832 3557 fe-

2165 3599 2388 3637 ramus.
2423 3582 2585 3639 Unde
2617 3582 2755 3640 alibi
2777 3601 2791 3640 :
2811 3586 2960 3640 Alter
2988 3586 3217 3642 alterius
3245 3602 3414 3643 onera
3441 3590 3827 3662 portate(Gal.

2166 3690 2243 3742 v1,
2274 3672 2351 3743 2),
2382 3677 2494 3728 etc.

2238 3763 2301 3814 Et
2326 3777 2436 3816 non
2481 3761 2640 3817 nobis
2664 3763 2907 3833 placere,
2957 3764 3015 3820 id
3066 3768 3175 3833 est,
3226 3782 3340 3821 non
3392 3768 3629 3824 nostris
3675 3769 3827 3826 desi-

2169 3849 2345 3905 deriis
2374 3850 2711 3906 satisfacere
2743 3869 2756 3908 :
2791 3869 2906 3907 non
2939 3869 3066 3925 quae
3097 3858 3302 3910 nostra
3330 3861 3496 3923 sunt,
3531 3873 3828 3929 quaerere,

2170 3941 2270 3996 sed
2303 3958 2428 4013 quae
2456 3940 2599 3997 Jesu
2630 3940 2866 3997 Christi.
2920 3942 3023 3998 Cui
3070 3948 3267 3999 autem
3312 3945 3682 4017 placendum
3738 3949 3832 4015 sit,

2170 4030 2424 4085 ostendit
2453 4047 2466 4086 :
2504 4033 2884 4103 Unusquisque
2910 4041 3161 4089 nostrum
3181 4036 3445 4105 proximo
3465 4051 3567 4092 suo
3584 4038 3834 4109 plawat.

2171 4118 2281 4174 Sed
2314 4119 2581 4191 nunquid
2612 4120 2683 4174 ad
2718 4119 2941 4175 malum
2972 4122 3307 4194 agendum?
3347 4124 3540 4181 Absit.
3575 4126 3836 4200 Ideoque

2170 4206 2371 4261 intulit
2401 4225 2414 4262 :
2439 4212 2507 4264 In
2539 4208 2763 4274 bonum,
2794 4209 2851 4263 id
2884 4212 2993 4277 est,
3045 4212 3117 4265 ad
3167 4213 3528 4284 patrandum
3576 4216 3837 4273 bonum.

2172 4296 2332 4360 Quod
2365 4300 2429 4351 ut
2457 4296 2781 4355 evidentius
2824 4299 3274 4369 demonstraret,
3324 4302 3645 4373 subjunxit
3696 4323 3713 4362 :
3767 4304 3841 4362 Ad

2169 4383 2608 4455 aediﬁcationem.

2242 4473 2521 4545 Denique,
2552 4475 2601 4530 si
2632 4492 2875 4532 suorum
2906 4477 3243 4534 auditorum
3272 4479 3505 4537 animos
3545 4480 3836 4549 ﬂecteret,

2170 4562 2360 4634 ipsius
2397 4563 2623 4619 Uomini
2645 4564 2898 4635 subjecit
2926 4565 3287 4639 exemplum,
3318 4568 3526 4626 dicens
3558 4586 3574 4625 :
3609 4572 3837 4629 Etenim

2173 4649 2417 4708 Christus
2444 4670 2560 4707 non
2588 4654 2697 4708 sibi
2718 4655 2956 4725 placuit,
2987 4660 3097 4710 etc.
3120 4655 3390 4713 Christus
3417 4675 3533 4715 non
3566 4659 3691 4715 sibi
3716 4660 3838 4733 pla-

2166 4739 2315 4807 cuit;
2350 4741 2506 4812 quia,
2541 4758 2673 4797 cum
2702 4741 2762 4797 in
2801 4742 3102 4800 divinitate
3149 4745 3490 4818 unigenitus
3516 4753 3679 4805 esset
3732 4748 3833 4805 Dei

2165 4829 2370 4897 Filius,
2396 4830 2463 4885 ad
2500 4834 2684 4886 terras
2713 4831 3031 4901 descendit,
3062 4837 3127 4887 ut
3160 4837 3379 4890 multos
3409 4836 3525 4891 sibi
3555 4838 3833 4910 acquire-

2166 4924 2253 4973 ret
2284 4918 2511 4986 fratres,
2546 4919 2759 4990 quibus
2789 4920 2979 4977 Patris
3011 4922 3102 4976 sui
3136 4923 3518 4980 distribuerat
3547 4942 3832 4999 regnum.

2165 5008 2493 5063 Exinanivit
2525 5010 2723 5080 quippe
2752 5012 3122 5081 semetipsum,
3153 5016 3330 5082 [actus
3357 5014 3613 5071 obedien:
3656 5030 3832 5088 usque
