3998 5278
104 420 230 508 s‘t's

711 440 1137 512 EXPOSITIO
1178 446 1259 511 IN
1302 444 1734 511 EPISTOLAS
1783 445 2248 511 PAULL—IN
2292 442 2543 510 EPIST.
2574 440 2677 508 AD
2720 440 2914 509 ROM.

3401 442 3518 505 2'74

106 579 271 659 (Psal.
306 594 500 648 vam,
527 580 637 647 10).
664 580 938 637 Ριιωνὶᾶὶι
958 581 1263 655 propheta,
1287 582 1566 656 quoniam
1592 582 1756 638 Chri-
1785 584 1841 651 Α
1871 584 2096 641 sionem
2125 584 2356 641 Judaeos
2389 586 2766 658 spernebant,
2798 582 3052 657 subjecit
3074 599 3087 639 :
3110 584 3243 640 Dico
3259 583 3406 639 enim
3427 582 3521 639 Je-

107 674 229 726 stus
258 667 450 724 multa
475 668 785 743 opprobria
807 670 1073 727 aJudaais
1100 676 1224 727 erat
1246 689 1535 744 passurus
1560 690 1572 738 ;
1598 672 1757 727 ideo-

106 770 212 831 que
241 757 353 814 hoc
382 759 443 813 in
493 759 621 829 ejus
669 776 921 831 persona
970 760 1239 829 dicebat;
1274 766 1333 817 et
1362 765 1451 817 est
1492 778 1706 817 sensus
1740 778 1753 818 :

100 849 436 904 Judmorum
458 846 785 904 infidelium
805 850 1119 923 opprobria
1136 851 1663 923 improperantium
1684 852 1754 906 ti-

100 938 179 1006 bi,
208 954 242 993 ο
274 938 461 1008 Pater,
497 954 674 1010 super
726 955 818 994 me
868 940 1249 1009 ceciderunt;
1284 942 1425 1012 quia
1475 957 1567 997 me
1597 942 1755 996 inve-

98 1031 257 1093 runt,
273 1025 363 1081 cui
386 1027 823 1100 exprobrarent.
849 1028 981 1085 Tibi
1006 1034 1202 1085 autem
1225 1030 1755 1103 improperantium

99 1116 256 1181 dicit,
291 1114 570 1187 quoniam
604 1117 705 1187 qui
736 1116 990 1173 detrahit
1020 1118 1196 1186 Patri,
1232 1119 1485 1175 detrahit
1514 1124 1571 1175 et
1588 1118 1752 1187 Filio,

100 1206 154 1261 et
182 1203 282 1277 qui
331 1221 449 1260 non
502 1206 721 1278 recepit
770 1205 1005 1273 Filium,
1056 1224 1244 1280 neque
1286 1212 1516 1264 Patrem
1553 1226 1565 1263 :
1600 1208 1756 1263 unde

103 1296 156 1349 in
190 1292 502 1365 Evangelio
536 1310 552 1349 :
590 1294 697 1364 Qui
742 1297 943 1367 recipit
988 1313 1093 1361 me,
1124 1299 1327 1369 recipit
1354 1314 1483 1353 eum
1524 1300 1621 1369 qui
1668 1314 1755 1352 me

102 1383 245 1438 misit
275 1382 430 1454 (Luc.
467 1400 545 1449 Ix,
579 1382 693 1455 48).

174 1470 244 1527 Ut
272 1475 476 1527 autem
507 1472 841 1528 ostenderet
869 1472 1184 1530 utilitatem
1228 1475 1433 1531 leintD
1465 1475 1752 1547 lectionis,

104 1560 405 1632 subjunxit
435 1561 682 1633 (456—57)
718 1580 731 1618 :
766 1566 1128 1635 Quseounque
1174 1566 1322 1619 enim
1370 1566 1575 1635 scripta
1603 1568 1751 1633 sunt,

104 1648 172 1707 ad
188 1653 435 1706 nostram
454 1651 755 1707 utilitatem
770 1654 982 1725 scripta
992 1656 1251 1710 sunt.0m
1261 1654 1356 1709 nia
1383 1654 1482 1726 qui
1489 1671 1523 1726 p
1530 1671 1753 1727 pe,qum

104 1739 261 1812 longe
287 1738 531 1811 lateque
576 1740 636 1796 in
687 1741 992 1814 Scriptura
1021 1759 1189 1799 sacra
1236 1743 1630 1813 continentur,
1664 1743 1753 1798 id-

1867 690 1989 730 sum
2021 674 2302 730 Christum
2329 677 2651 730 ministrum
2668 677 2840 747 fuisse
2866 674 3320 729 circumcisionis.
3352 675 3431 728 Ac
3462 671 3514 730 si

1868 768 2063 835 aperte
2093 764 2310 819 diceret
2344 782 2356 819 :
2389 768 2501 818 Cur
2531 770 2766 835 propter
2794 763 2902 819 hoc
2945 763 3179 819 Judaeos
3210 762 3512 835 spernitis,

1866 853 2004 925 quia
2033 853 2241 909 nolunt
2286 854 2551 909 recedere
2583 871 2616 909 a
2658 852 2878 909 carnali
2911 852 3316 909 observatione
3340 851 3512 926 legis,

1866 944 1924 997 in
1958 960 2075 1014 qua
2103 944 2201 998 diu
2228 946 2697 1015 permanserunt,
2718 959 2852 997 cum
2875 946 2930 997 et
2953 941 3221 997 Christus
3239 941 3514 997 minister

1865 1032 2328 1088 circumcisionis
2379 1031 2595 1087 fuerit?
2621 1030 2791 1095 Nam,
2824 1031 2977 1087 sicut
3022 1047 3190 1087 sacra
3217 1030 3513 1103 Evangelii

1866 1125 2063 1175 narrat
2090 1120 2558 1184 historia,octavo
2589 1118 2682 1173 die
2703 1117 3087 1174 circumcisus
3115 1123 3204 1173 est
3232 1135 3264 1173 a
3294 1134 3511 1190 paren-

1863 1210 2023 1265 tibus
2053 1211 2203 1281 (Luc.
2242 1226 2303 1275 11,
2332 1210 2422 1279 21)
2449 1226 2462 1275 ;
2494 1209 2649 1280 quod
2700 1209 2828 1263 ideo
2858 1206 3065 1276 voluit,
3099 1224 3170 1264 ne
3196 1208 3511 1264 dissentire

1862 1299 2158 1354 videretur
2187 1316 2220 1353 a
2250 1299 2541 1365 Patribus,
2575 1315 2641 1353 ac
2672 1314 2777 1369 per
2803 1297 2913 1353 hoc
2955 1296 3174 1353 Judaeis
3215 1314 3330 1353 non
3360 1297 3513 1353 reci-

1862 1388 2057 1461 piendi
2091 1404 2153 1443 se
2184 1388 2349 1443 daret
2366 1387 2752 1443 occasionem.
2777 1386 2939 1442 Unde
2960 1391 3019 1443 et
3037 1386 3312 1442 subditur
3333 1405 3345 1443 :
3370 1392 3514 1442 Pro-

1860 1486 1983 1549 pter
2008 1478 2290 1533 veritatem
2321 1477 2435 1543 Dei,
2468 1476 2539 1531 ad
2568 1476 2969 1547 conﬁrmandus
2995 1477 3380 1548 promissiones
3407 1493 3514 1547 pa-

1864 1575 2033 1623 trum.
2059 1568 2180 1631 Quo
2212 1565 2369 1620 enim
2400 1565 2614 1621 veritas
2632 1565 2732 1621 Dei
2765 1566 3137 1621 manifestata
3153 1569 3261 1634 est,
3290 1582 3357 1621 eo
3380 1581 3515 1621 con-

1865 1657 2108 1711 ﬁrmatae
2140 1658 2280 1710 sunt
2308 1653 2727 1726 promissioncs
2758 1655 2829 1709 de
2861 1655 2988 1726 ipso
3018 1654 3294 1726 lpatribus
3322 1653 3509 1710 factas.

1864 1746 1933 1800 Et
1962 1744 2286 1815 sciendum,
2306 1743 2445 1815 quia
2470 1741 2758 1815 Christus,
2781 1760 2897 1799 non
2919 1742 3170 1799 carnalis
3192 1742 3514 1812 solum,sed

105 1828 244 1884 circo
293 1829 520 1901 scripta
572 1835 729 1900 sunt,
764 1835 829 1885 ut
876 1832 948 1887 ad
999 1831 1234 1888 illorum
1282 1831 1615 1905 exemplum
1648 1849 1755 1888 nos
1844 1837 1923 1900 ,et
1955 1832 2240 1905 spiritalis
2270 1831 2736 1888 circumcisionis
2767 1831 3038 1899 minister
3067 1831 3214 1887 fuit:
3240 1848 3379 1887 nam
3413 1830 3513 1902 qui

103 1915 485 1972 informamus
531 1921 587 1974 et
637 1919 975 1976 doceamur.
1028 1920 1095 1976 Et
1142 1920 1252 1977 hoc
1298 1924 1407 1991 est,
1460 1921 1613 1992 quod
1663 1936 1753 1975 se-
1787 1952 1836 2018 B
1865 1928 2064 1979 octavo
2096 1922 2189 1977 die
2232 1921 2617 1977 circumcisus
2647 1925 2737 1977 est
2767 1938 2801 1976 a
2830 1921 3188 1994 parentibus.
3218 1919 3514 1977 tricesimo

114 2004 294 2077 quitur
326 2022 346 2060 :
383 2007 447 2063 Ut
487 2024 589 2080 per
626 2009 981 2081 patientiam,
1029 2013 1080 2065 et
1130 2011 1555 2066 consolationem
1606 2009 1759 2065 Scri—
1788 2004 1835 2018 “’
1870 2028 2023 2068 anno
2053 2010 2384 2083 baptizatus
2404 2009 2574 2065 estin
2598 2009 2901 2065 Jordanea
2923 2009 3147 2066 Joanne
3167 2007 3515 2081 Baptista,in

113 2102 416 2165 ptui-arum,
458 2111 608 2167 spem
653 2097 970 2153 habeamus.
1022 2100 1167 2155 Cum
1216 2099 1374 2155 enim
1429 2098 1762 2155 audivimus
1870 2118 1985 2173 quo
2015 2099 2186 2155 nobis
2218 2098 2502 2171 spiritalis
2532 2097 3020 2163 circumcisionis,
3048 2098 3106 2153 id
3128 2101 3217 2154 est
3237 2096 3519 2169 baptismi

115 2200 175 2239 ex
198 2183 497 2257 Scriptura
526 2201 710 2253 sacra,
744 2186 886 2259 quia
945 2187 1135 2243 sancti
1164 2187 1272 2243 viri
1304 2188 1493 2244 multa
1523 2188 1763 2244 adversa
1870 2189 2116 2262 praebuit
2156 2188 2511 2262 exemplum.
2559 2188 2842 2244 Praeterea
2887 2186 3213 2255 sciendum,
3260 2186 3399 2258 quia
3427 2184 3520 2241 his

122 2278 336 2345 propter
363 2275 548 2331 Deum
598 2275 889 2351 patienter
932 2278 1219 2345 tulerunt,
1273 2294 1549 2351 magnam
1578 2294 1646 2333 ex
1695 2294 1765 2333 ea
1869 2278 2060 2335 verbis
2089 2279 2345 2335 ostendit
2362 2277 2678 2349 Apostolus
2700 2276 3015 2333 Dominum
3036 2279 3180 2332 adeo
3209 2274 3523 2331 Judaicum

127 2360 563 2419 consolationem
587 2364 1004 2438 accipimus,ut
1027 2383 1191 2438 spem
1220 2367 1542 2423 habeamus
1564 2371 1763 2422 tenen—
1873 2368 2154 2441 populum
2187 2367 2482 2434 dilexisse,
2502 2370 2567 2421 ut
2589 2365 2770 2422 Filius
2792 2367 2920 2437 ejus
2941 2383 3009 2421 ex
3036 2364 3138 2420 illo
3160 2380 3396 2419 carnem
3418 2380 3521 2419 su-

122 2448 175 2503 di
201 2452 548 2524 quandoque
579 2453 639 2509 in
671 2469 752 2525 re,
787 2455 945 2526 quod
978 2471 1136 2510 nunc
1164 2459 1433 2511 tenemus
1463 2455 1523 2510 in
1556 2472 1677 2527 spe.
1874 2462 2076 2522 meret,
2125 2462 2181 2513 et
2225 2457 2379 2512 inter
2425 2472 2522 2511 eos
2575 2454 2950 2527 corporaliter
2997 2457 3371 2510 conversatus
3420 2451 3518 2507 sit.

180 2536 361 2611 Igitur
389 2556 461 2596 ex
485 2541 683 2598 verbis
713 2543 840 2599 suis
880 2548 1119 2618 sumpta
1147 2545 1469 2613 occasione,
1515 2545 1766 2617 subjecit

123 2627 462 2697 orationem,
494 2644 620 2703 quae
670 2649 787 2687 non
818 2633 1059 2690 inferior
1094 2638 1185 2690 est
1217 2634 1632 2691 benedictione
1663 2652 1764 2708 pa-

119 2716 507 2775 triarcharum
541 2735 553 2773 :
586 2719 690 2776 illa
717 2721 873 2777 enim
923 2721 1177 2779 carnalis
1206 2726 1350 2794 erat,
1384 2724 1539 2779 sicut
1567 2723 1714 2780 illud
1750 2742 1764 2781 :

116 2804 172 2859 1η
197 2822 322 2864 rore
354 2809 481 2864 coeli
516 2814 572 2864 et
607 2811 955 2883 pinguedine
999 2812 1173 2868 terrae
1218 2814 1289 2867 sit
1338 2812 1642 2869 benedictio
1673 2822 1768 2869 tua

114 2893 257 2963 (Gen.
289 2913 474 2968 xxvn,
496 2898 627 2967 28);
654 2897 763 2953 hac
792 2916 925 2955 vero
957 2899 1240 2972 spiritalis
1279 2904 1387 2955 est.
1435 2901 1529 2956 Ait
1559 2902 1715 2958 enim
1750 2919 1763 2957 ε

1874 2546 2037 2602 Unde
2080 2550 2138 2602 et
2183 2546 2241 2600 in
2273 2544 2582 2617 Evangelio
2632 2545 2757 2616 ipse
2787 2543 2929 2599 dicit
2962 2562 2973 2599 :
3010 2547 3130 2600 Non
3174 2559 3298 2598 sum
3325 2543 3522 2597 missus

1873 2638 1988 2692 nisi
2014 2636 2085 2691 ad
2141 2652 2284 2704 oves,
2326 2650 2451 2707 quae
2493 2635 2777 2706 perierant
2839 2633 3030 2689 domus
3085 2632 3251 2688 Israel
3308 2630 3518 2703 (Matth.

1873 2743 1964 2793 xv,
1995 2726 2109 2796 211).
2142 2726 2355 2781 Gentes
2386 2728 2602 2791 autem,
2638 2740 2772 2779 cum
2805 2721 3029 2778 nullam
3080 2722 3207 2792 ejus
3240 2719 3522 2776 haberent

1874 2814 2287 2887 cognitionem,
2320 2812 2445 2869 sola
2473 2812 2728 2885 gratuita
2766 2810 3168 2867 misericordia
3193 2808 3419 2866 vocavit
3447 2808 3521 2863 ad

1878 2903 2073 2969 ﬁdem.
2108 2902 2273 2959 Unde
2301 2902 2427 2975 ipse
2481 2902 2541 2956 in
2591 2900 2902 2974 Evangelio
2937 2917 2949 2957 :
2981 2901 3131 2956 Alias
3179 2915 3300 2955 oves
3330 2898 3519 2974 habeo,

116 2983 250 3042 Deus
300 2989 492 3042 autem
526 2987 813 3058 patientia
854 2991 908 3043 et
937 2989 1125 3045 solatii
1168 2988 1255 3044 det
1301 2989 1452 3045 vobis
1497 2990 1555 3044 id
1583 2992 1770 3060 ipsum
1878 3006 2002 3062 quae
2030 3007 2141 3046 non
2170 2999 2297 3047 sunt
2324 3008 2394 3046 ex
2425 2991 2524 3047 hoc
2549 2992 2688 3047 ovili
2715 2991 2896 3062 (Joan.
2925 2989 3235 3062 x,16),etc.
3267 2989 3523 3060 Ideoque

107 3088 298 3146 sapere
332 3076 397 3129 in
446 3075 797 3130 alterutrum.
826 3076 983 3131 Deus
1031 3076 1324 3148 patientiae
1372 3079 1429 3131 et
1457 3077 1650 3132 solatii
1680 3077 1767 3133 di-
1879 3094 2035 3132 nunc
2065 3078 2267 3133 subdit
2300 3094 2313 3133 :
2354 3078 2544 3133 Gentes
2572 3082 2759 3133 autem
2781 3094 2946 3148 super
2962 3075 3345 3132 misericordia
3365 3074 3528 3148 (sub-

109 3162 278 3235 citur,
315 3161 473 3218 sicut
523 3162 826 3219 charitatis
875 3168 932 3219 et
962 3163 1160 3238 pacis;
1193 3181 1260 3221 eo
1292 3165 1445 3237 quod
1500 3164 1627 3237 ipse
1654 3166 1767 3222 vir-
1879 3165 2134 3234 auditur,
2168 3182 2347 3238 quam
2394 3165 2548 3221 circa
2595 3180 2694 3220 eos
2724 3164 3011 3233 exhibuit)
3061 3166 3328 3221 honorare
3356 3165 3531 3219 Deum

104 3256 294 3308 tutem
330 3251 553 3307 tribuat
588 3250 1009 3308 consolationis
1038 3255 1096 3309 et
1124 3253 1438 3327 patientiae.
1473 3254 1536 3310 Id
1568 3255 1765 3328 ipsum
1803 3317 1837 3328 _
1877 3254 2253 3327 (subauditur
2282 3271 2316 3310 a
2344 3251 2630 3325 superiori
2651 3268 2664 3307 :
2685 3251 2835 3325 dico)
2864 3270 2877 3321 ;
2908 3268 3042 3307 nam
3072 3253 3162 3307 cui
3183 3252 3312 3324 plus
3333 3251 3528 3307 dimit-

108 3355 338 3416 sapere,
369 3339 428 3395 id
478 3345 591 3407 est,
624 3357 742 3397 non
793 3317 1145 3398 dissentire:
1176 3342 1240 3399 In
1285 3317 1652 3415 alterutrum,
1704 3344 1763 3400 id
1796 3317 1838 3384 C
1878 3317 2035 3415 titur,
2063 3343 2192 3415 plus
2219 3342 2407 3413 diligit
2420 3317 2583 3411 (Luc.
2615 3358 2717 3409 v11,
2750 3317 2873 3411 47').
2897 3340 3125 3404 Quanto
3168 3317 3359 3412 magis
3388 3354 3526 3412 ergo

111 3432 211 3496 est,
274 3427 556 3499 invicem,
605 3428 693 3485 vel
744 3430 814 3486 de
863 3429 1164 3487 alterutro.
1216 3431 1515 3496 Quomodo
1567 3436 1765 3489 autem
1874 3432 2030 3488 Deus
2054 3428 2493 3503 gentilipopulo
2516 3429 2769 3497 donavit,
2794 3429 2893 3501 qui
2917 3445 3062 3501 pene
3081 3427 3296 3501 abipso
3320 3428 3526 3484 mundi

110 3532 199 3574 eos
248 3518 542 3592 optaverit
592 3534 776 3574 unum
826 3519 997 3586 scire,
1037 3520 1313 3588 ostendit,
1348 3520 1762 3595 subjungens:

116 3605 171 3660 Ut
195 3605 512 3683 unanimes,
546 3620 652 3661 ano
681 3622 773 3662 ore
819 3606 1194 3677 honori/icetis
1226 3609 1417 3672 Deum,
1448 3612 1500 3664 et
1540 3614 1761 3665 Patrem

112 3693 323 3749 Domini
350 3695 530 3750 nostri
556 3695 685 3751 Iesu
735 3694 958 3767 Christi,
990 3696 1100 3751 hoc
1131 3700 1241 3767 est,
1274 3713 1456 3753 unum
1494 3697 1760 3754 animum

112 3780 414 3851 habentes,
469 3786 529 3839 et
570 3799 829 3840 consona
873 3801 1010 3840 voce
1059 3783 1416 3857 gloriﬁcetis,
1467 3803 1582 3841 non
1635 3803 1759 3853 vos,

111 3871 208 3925 sed
232 3869 442 3927 Deum.
478 3870 641 3927 Unde
666 3872 724 3927 in
757 3872 1065 3945 Evangelio
1088 3872 1374 3929 Dominus
1400 3891 1413 3928 :
1450 3876 1515 3930 Ut
1541 3875 1763 3930 videant

111 3973 271 4028 opera
329 3963 513 4015 vestra
561 3959 721 4026 bona,
770 3968 822 4015 et
873 3961 1176 4032 gloriﬁcent
1240 3963 1464 4015 Patrem
1519 3964 1763 4017 vestrum

114 4045 317 4114 (Hatth.
349 4063 411 4116 ν,
443 4048 553 4120 16).
587 4048 658 4103 Et
687 4048 827 4120 quia
858 4048 1042 4104 Judaei
1096 4048 1178 4104 ita
1206 4052 1393 4104 Deum
1424 4049 1758 4124 credebant,

115 4137 174 4188 ut
200 4134 417 4191 Filium
447 4135 663 4192 habere
703 4140 1003 4209 negarent,
1035 4136 1117 4191 ait
1149 4151 1161 4191 :
1194 4137 1261 4192 Et
1286 4141 1513 4194 Patrem
1542 4139 1761 4196 Domini

116 4225 275 4279 nostri
299 4225 434 4282 Iesu
462 4224 685 4281 Christi.

180 4311 383 4386 Igitur,
417 4316 484 4369 ut
525 4329 625 4370 eos
652 4314 745 4383 (ad
798 4328 1002 4387 pacem
1054 4319 1371 4386 revocaret,
1404 4316 1707 4386 subjunxit
1741 4336 1754 4374 :

119 4400 328 4474 Propter
356 4403 524 4477 quod,
561 4402 622 4458 id
674 4407 782 4472 est,
814 4408 881 4459 ut
926 4403 984 4458 id
1024 4401 1220 4474 ipsum
1262 4399 1465 4476 Sapere
1494 4406 1756 4477 possitis,

123 4493 364 4563 suscipite
396 4494 658 4562 invicem,
693 4490 916 4549 scilicet
943 4492 1003 4548 in
1035 4491 1169 4549 ﬁde.
1192 4493 1263 4548 Et
1292 4492 1428 4565 quia
1457 4493 1599 4549 mali
1621 4511 1681 4551 se
1702 4499 1759 4551 et

125 4576 175 4632 in
188 4580 341 4638 malo
366 4582 667 4654 suscipere
688 4586 955 4655 possunt,
980 4581 1194 4637 idcirco
1215 4582 1508 4653 quomodo
1532 4599 1593 4638 se
1623 4600 1755 4640 sus-

1824 3584 1829 3589 ,
1876 3521 2110 3577 exordio
2142 3538 2176 3575 a
2208 3518 2536 3591 cognitione
2558 3518 2658 3574 Dei
2679 3519 2978 3585 recedens,
3001 3518 3061 3573 in
3083 3517 3373 3574 idolorum
3399 3517 3523 3573 cul-

1871 3614 2004 3664 tura
2026 3608 2377 3682 permansit;
2397 3611 2560 3663 tanto
2579 3606 2833 3680 amplius
2855 3607 3177 3663 debitorem
3197 3605 3363 3662 illum
3387 3606 3524 3663 fecit

1871 3699 1930 3753 in
1966 3698 2199 3755 laudem
2232 3715 2351 3755 suae
2383 3697 2815 3754 misericordiae.

1944 3788 2019 3844 Ut
2050 3793 2244 3844 autem
2272 3788 2544 3843 ostendat
2572 3791 2629 3842 et
2675 3787 3013 3842 Judaeorum
3045 3789 3102 3841 et
3128 3785 3395 3858 gentium
3428 3801 3521 3840 sa-

1872 3877 2054 3932 lutem
2102 3876 2408 3948 paadictam
2458 3892 2493 3930 a
2538 3874 2858 3947 prophetis,
2892 3878 3142 3946 quatuor
3184 3873 3524 3930 testimonia

1869 3965 2038 4036 (458),
2071 3968 2308 4036 propter
2334 3967 2585 4034 quatuor
2604 3962 3050 4033 Evangeliorum
3074 3962 3276 4032 libros,
3302 3962 3365 4017 in
3387 3964 3517 4035 qui-

1869 4054 1981 4109 bus
2011 4051 2263 4107 maxime
2291 4051 2432 4105 Novi
2462 4049 2820 4105 Testamenti
2868 4050 3133 4105 doctrina
3166 4051 3515 4106 continetur.

1865 4142 1961 4196 Ait
1989 4140 2143 4196 enim
2180 4156 2193 4193 :
2225 4141 2378 4195 Sicut
2392 4141 2664 4207 scriptum
2692 4141 2770 4192 est
2800 4154 2819 4191 :
2851 4142 3079 4208 Propter
3102 4138 3200 4191 hoc
3227 4138 3519 4207 conﬁtebor

1863 4228 1970 4284 tibi
1997 4228 2060 4283 in
2105 4228 2358 4300 gentibus
2408 4226 2480 4297 (II
2522 4226 2650 4295 Reg.
2700 4238 2841 4294 xxu,
2872 4225 2980 4292 50;
3029 4225 3178 4279 Psal.
3220 4240 3356 4295 xvn,
3399 4225 3516 4296 50).

1866 4316 1996 4372 Hth
2019 4316 2194 4371 verba
2206 4315 2333 4370 Filii
2348 4313 2451 4371 Dei
2470 4318 2611 4370 sunt
2635 4328 2646 4367 :
2674 4310 2939 4385 praevidit
2954 4327 3211 4384 namque
3230 4311 3518 4385 propheta

1865 4407 2069 4477 gentes
2098 4405 2424 4461 credituras
2454 4422 2466 4472 ;
2502 4402 2717 4458 idcirco
2749 4401 2858 4457 hoc
2882 4401 2942 4456 in
2974 4400 3104 4457 Filii
3131 4416 3271 4456 voce
3301 4400 3374 4457 ad
3406 4400 3513 4458 Pa-

1863 4499 2014 4549 trem
2045 4494 2328 4565 loquitur.
2361 4494 2525 4558 Quod
2559 4496 2757 4548 autem
2785 4489 2947 4563 dicit,
2969 4489 3513 4561 conﬁtebor,iutelli-

1863 4582 2119 4655 gendum
2153 4586 2262 4649 est,
2296 4581 2559 4638 confiteri
2608 4580 2818 4636 faciam
2853 4597 2866 4636 :
2899 4580 3189 4636 confessio
3234 4595 3511 4652 namque,

128 4665 295 4738 Cipere
325 4670 578 4727 debeant
609 4670 946 4727 manifestat
980 4687 993 4726 :
1029 4670 1182 4727 Sicut
1229 4673 1278 4727 et
1309 4671 1554 4727 Christus
1578 4689 1754 4729 susce-
1789 4687 1832 4751 Ι)
1864 4689 1978 4727 non
2009 4676 2383 4743 peccatorum
2415 4669 2785 4727 solummodo
2817 4673 2925 4737 est,
2949 4671 3050 4726 sed
3083 4670 3260 4726 etiam
3291 4668 3508 4725 laudis.

68 4806 75 4811 .
124 4757 196 4824 pit
218 4772 343 4822 vos;
370 4777 435 4817 ac
459 4761 507 4816 si
532 4760 750 4816 diceret
778 4760 916 4817 :llle
946 4761 1016 4816 de
1036 4760 1196 4816 caelis
1218 4760 1520 4816 descendit
1536 4762 1607 4817 ad
1639 4767 1753 4817 ter-

129 4858 212 4900 ras
241 4864 254 4901 :
285 4855 340 4905 et
369 4857 436 4905 ut
465 4864 672 4905 omnes
699 4848 969 4918 salvaret,
1003 4865 1239 4905 carnem
1272 4852 1533 4906 nostram
1566 4850 1754 4906 susci-

130 4948 245 5002 pere
272 4952 383 4993 non
436 4937 736 5010 despexit;
766 4942 962 4994 vestra
1004 4939 1223 4994 scelera
1252 4955 1367 4994 non
1402 4938 1703 4995 abhorruit
1736 4956 1749 4995 :

132 5029 332 5091 oportet
360 5041 495 5100 ergo
525 5032 593 5083 ut
623 5026 853 5082 faciatis
902 5026 1054 5082 sicut
1082 5026 1182 5083 ille
1214 5027 1374 5095 fecit,
1406 5045 1509 5084 nec
1538 5047 1638 5085 vos
1668 5028 1754 5084 ul-

131 5109 291 5170 terius
318 5120 415 5172 aut
426 5115 705 5187 judicetis
730 5118 832 5170 aut
852 5115 1161 5187 spernatis.
1186 5117 1255 5173 Et
1275 5114 1517 5190 pulchre
1547 5116 1752 5175 subdi-

129 5200 210 5234 hn-
240 5217 251 5229 ο
287 5206 342 5234 1..
382 5205 629 5234 tum-..“
666 5204 795 5234 nn...
825 5204 1096 5234 πηδνεξηη
1133 5206 1232 5234 n-:
1268 5204 1448 5234 mu..-
1470 5208 1524 5234 ε...
1566 5208 1718 5234 -..η-ε

1864 4761 2028 4817 Unde
2058 4762 2117 4816 in
2148 4759 2457 4833 Evangelio
2492 4778 2505 4815 :
2539 4761 2805 4832 Conﬁteor
2831 4760 2962 4828 tibi,
2992 4762 3158 4816 Pater
3186 4756 3408 4831 (Matth.
3430 4774 3511 4826 χι,

1863 4850 1973 4919 25;
2007 4852 2136 4907 Luc.
2167 4868 2222 4922 x,
2256 4850 2387 4919 21);
2424 4849 2480 4903 id
2514 4854 2621 4921 est,
2654 4849 2829 4905 laudo
2863 4852 2921 4903 te
2951 4873 2965 4915 ;
2997 4848 3080 4904 sic
3110 4853 3166 4904 et
3194 4848 3305 4903 hoc
3332 4845 3461 4901 loco
3495 4860 3509 4899 :

1862 4941 2192 5011 Conﬁtebor,
2212 4939 2271 4994 id
2301 4942 2411 5005 est,
2435 4937 2675 4995 laudare
2690 4943 2746 4993 te
2764 4936 2974 4994 faciam
2995 4937 3056 4992 in
3086 4935 3363 5010 gentibus
3392 4949 3405 4989 :
3430 4932 3515 4987 si-

1864 5029 2083 5086 militer
2114 5048 2126 5086 :
2162 5030 2223 5084 Et
2254 5031 2313 5083 in
2343 5028 2565 5083 nomine
2602 5031 2693 5084 tuo
2741 5026 2995 5096 cantabo,
3029 5026 3087 5081 id
3135 5029 3245 5094 est,
3279 5024 3517 5078 cantare

1864 5118 2096 5175 faciam.
2142 5118 2291 5186 Quid
2341 5132 2403 5172 se
2452 5120 2826 5173 cantaturum
2880 5114 3208 5186 promittat,
3254 5109 3353 5165 hic
3401 5125 3518 5164 non

1867 5208 2121 5234 --s-....a:1.
2142 5206 2424 5234 n--..L-t..
2446 5222 2458 5233 .
2484 5204 2622 5234 ..ιειςε
2648 5222 2779 5234 ...ι-Α
2812 5203 3070 5234 A.-...l......s
3117 5201 3316 5234 Αξηηησ
3340 5218 3353 5231 .
3376 5199 3518 5234 Pan-
