3998 5278
383 253 502 315 275

1418 254 1760 319 ATTONIS
1802 252 2391 319 VERCELLENSIS
2434 251 2786 320 EPISCOPI

3688 258 3814 322 376

390 389 652 455 cantant,
685 403 799 460 quo
840 390 1038 445 monet
1080 387 1393 461 Apostolus
1427 406 1440 450 :
1477 390 1766 446 Cantantes
1813 398 1865 445 et
1891 388 2038 461 psal-
2069 390 2125 457 Α
2154 404 2357 444 omnes
2417 389 2663 445 Romani
2720 388 2876 462 pleni
2923 393 3088 447 erant
3129 390 3483 449 dilectione?
3537 391 3807 451 Minime.

391 478 561 534 lentes
590 479 651 532 in
680 478 937 533 cordibus
966 479 1158 534 vestris
1204 480 1433 535 Domino
1464 481 1681 551 (Ephes.
1712 496 1766 551 ν,
1801 479 1910 547 17).
1949 481 2039 534 Iu-

388 572 490 624 tus
521 567 802 622 nimirum
833 571 921 623 est
939 568 1358 640 gaudium,ubi
1378 586 1487 624 vox
1507 568 1700 624 laudis
1731 567 1967 623 auditur
1987 572 2043 623 et

393 655 648 713 sentitur
679 671 692 710 :
722 657 792 711 Et
821 656 1033 711 iterum
1087 656 1227 711 dicit
1278 672 1290 711 :
1342 657 1640 712 Lzetamini
1684 660 1891 727 gentes.
1926 657 2043 713 Hoc

395 743 728 816 exemplum
768 744 1219 801 Deuteronomio
1265 750 1567 818 sumptum
1622 752 1747 815 est;
1782 745 2046 818 praevidit

394 849 606 906 nempe
637 834 863 906 Moyses
894 839 1096 907 gentes
1130 836 1210 899 ad
1263 836 1437 891 ﬁdem
1467 840 1763 903 venturas,
1798 836 2046 907 ideoque

397 923 756 979 exhortando
786 924 1012 979 dicebat
1045 941 1057 980 :
1090 924 1400 993 Laetamini,
1425 933 1604 995 gentes
1634 924 1802 995 (459).
1835 925 1942 978 Sed
1976 939 2048 978 ne

397 1028 495 1068 eas
527 1012 895 1069 solummodo
927 1013 1254 1069 crediturus
1301 1013 1434 1084 quis
1488 1018 1736 1084 putaret,
1773 1013 1999 1069 addidit
2032 1029 2045 1068 :

396 1101 533 1158 Cum
560 1103 712 1174 plebe
741 1104 882 1173 eius.
916 1103 1147 1159 Plebem
1195 1105 1322 1174 ejus
1354 1103 1485 1159 illos
1535 1103 1695 1170 dicit,
1724 1103 1826 1175 qui
1857 1120 1926 1158 ex
1953 1108 2051 1159 Ju-

400 1192 540 1247 dmis
562 1192 961 1248 crediderunt:
994 1194 1063 1247 Et
1094 1192 1307 1248 iterum
1327 1209 1338 1246 :
1358 1193 1619 1262 Laudate,
1638 1210 1825 1248 omnes
1845 1201 2049 1264 gentes,

401 1282 573 1338 Deum
602 1282 777 1353 (Psal.
808 1299 957 1353 CXVI,
992 1282 1065 1353 1).
1091 1280 1193 1336 Hic
1225 1298 1459 1354 quoque
1482 1298 1553 1337 ne
1584 1281 1799 1353 aliquis
1821 1286 2051 1337 tantum

403 1371 651 1443 gentiles
681 1371 940 1427 crederet
983 1371 1053 1424 ad
1107 1371 1278 1425 ﬁdem
1312 1375 1610 1441 venturos,
1643 1370 1917 1426 subditur
1948 1389 1961 1427 :
1992 1372 2053 1426 Et

404 1462 754 1531 magniﬁcate
782 1476 927 1525 eum,
960 1476 1144 1515 omnes
1171 1461 1382 1531 p0puli.
1420 1461 1572 1515 Inter
1603 1476 1808 1516 omnes
1838 1459 2055 1532 quippe

408 1548 759 1621 intelligitur
788 1553 845 1604 et
873 1549 1129 1621 populus
1156 1549 1519 1604 Judaeorum.

477 1640 549 1694 Et
578 1655 786 1694 rursus
815 1638 999 1694 Isaias
1030 1637 1170 1694 dicit
1202 1657 1214 1694 :
1250 1640 1375 1696 Erit
1422 1640 1596 1694 radix
1622 1641 1768 1695 Jesse
1796 1642 1946 1709 (Isai.
1975 1657 2055 1708 x1,

410 1729 521 1797 10).
552 1728 660 1783 Per
688 1726 944 1829 radicem
968 1726 1135 1826 {esse
1158 1727 1500 1829 designatur
1530 1728 1628 1800 qui
1651 1744 1720 1783 ex
1750 1730 1933 1802 stirpe
1953 1728 2059 1784 Da-
2090 1765 2136 1829 Β

402 1817 501 1872 vid
533 1819 698 1871 ortus
728 1820 835 1872 est.
870 1815 1055 1871 Radix
1083 1814 1240 1871 enim
1273 1815 1385 1872 fuit
1413 1816 1577 1873 Jesse
1601 1834 1613 1872 :
1640 1817 1821 1889 hujus
1842 1816 2057 1873 radicis

405 1905 581 1962 arbor
612 1905 812 1974 David,
842 1922 912 1961 ex
941 1921 1058 1976 qua
1086 1905 1368 1976 processit
1396 1905 1561 1978 virga
1590 1906 1741 1977 (Isai.
1775 1924 1855 1973 x1,
1889 1907 1965 1974 1),
1998 1906 2056 1961 id

403 1999 513 2065 est,
546 1995 715 2050 beata
741 1993 1096 2066 Maria;qu
1130 1994 1385 2050 fructum
1407 1994 1671 2066 protulit,
1700 2010 1834 2049 cum
1857 1993 2059 2067 genuit

402 2084 779 2155 Salvatorem,
809 2084 881 2138 de
911 2100 1024 2156 quo
1056 2084 1210 2138 idem
1246 2083 1426 2139 Isaias
1458 2101 1470 2138 :
1506 2086 1625 2139 Erit
1651 2087 1865 2155 fructus
1896 2088 2058 2138 terrae

405 2174 661 2230 sublimis
708 2173 857 2243 (Isai.
894 2190 965 2242 IV,
996 2172 1055 2243 2)
1091 2189 1103 2227 :
1138 2173 1292 2242 quod
1341 2175 1480 2227 tunc
1528 2172 1747 2227 factum
1780 2176 1888 2239 est,
1922 2188 2057 2227 cum

403 2261 692 2319 Dominus
715 2278 748 2316 a
774 2260 1023 2315 mortuis
1050 2276 1384 2332 resurgens,
1410 2260 1582 2316 caelos
1609 2261 1968 2328 conscendit,
1986 2262 2059 2316 de

406 2366 524 2423 quo
554 2349 746 2404 fructu
775 2353 832 2404 et
864 2348 1035 2403 David
1068 2348 1144 2403 sit
1178 2366 1190 2403 :
1226 2350 1387 2403 Terra
1418 2353 1607 2404 nostra
1636 2349 1788 2404 dabit
1811 2352 2060 2421 fructum

405 2455 570 2494 suum
593 2438 767 2509 (Psal.
802 2454 1024 2508 Lxxxiv,
1059 2437 1166 2508 13).
1203 2437 1622 2508 Interpretatur
1666 2438 1861 2493 autem
1892 2441 2055 2509 Iesse,

407 2532 498 2585 est
526 2527 671 2583 mihi
699 2545 711 2583 :
748 2527 1084 2600 quicunque
1116 2526 1296 2598 igitur
1318 2526 1387 2598 de
1414 2526 1663 2582 adventu
1690 2526 1818 2582 Filii
1840 2527 1941 2583 Dei
1962 2527 2058 2582 lae-

402 2622 582 2686 tatur,
616 2634 869 2691 congrue
900 2616 1091 2672 dicere
1124 2620 1316 2688 potest
1340 2632 1351 2672 :
1376 2620 1469 2672 Est
1493 2618 1655 2685 mihi,
1683 2617 2054 2686 subauditur,

404 2707 659 2764 auditor.
680 2708 744 2762 Et
764 2708 861 2778 qui
870 2709 1125 2777 exsurget
1139 2721 1333 2778 regere
1349 2706 1823 2776 gentes.Surrexit
1843 2706 2059 2778 quippe

404 2812 604 2869 regere
634 2800 837 2868 gentes
866 2813 879 2862 ;
914 2794 1191 2867 quoniam
1225 2793 1497 2866 repulsus
1516 2812 1549 2849 a
1568 2794 1788 2850 Judaeis
1820 2798 2060 2867 propter

401 2883 831 2952 inﬁdelitatem,
854 2886 1058 2956 gentes
1075 2882 1299 2939 vocavit
1317 2884 1388 2938 ad
1420 2883 1618 2955 ﬁdem,
1648 2883 1706 2939 in
1730 2883 1947 2956 quibus
1969 2900 2057 2940 re-

403 2977 610 3046 gnaret
657 2988 760 3044 per
807 2972 1075 3046 gratiam.
1123 2975 1191 3027 In
1241 2987 1301 3027 eo
1347 2976 1531 3044 gentes
1575 2973 1891 3044 sperabunt.
1926 2972 2059 3039 Qui-

404 3079 637 3134 cunque
668 3062 825 3117 enim
872 3078 942 3117 ex
988 3062 1262 3134 gentibus
1294 3062 1561 3130 credunt,
1602 3078 1838 3117 omnem
1886 3078 2056 3117 suam

405 3168 570 3225 spem
602 3150 660 3206 in
690 3150 790 3206 illo
821 3150 1126 3207 collocant.

478 3240 686 3312 Igitur,
703 3238 843 3312 quia
871 3239 1019 3295 dixit
1034 3239 1441 3295 testimonium
1460 3238 1754 3309 propheta:
1776 3238 2054 3295 dicentis:

409 3333 471 3387 In
497 3347 564 3385 eo
593 3334 777 3399 gentes
795 3328 1193 3398 sperabunt,ex
1219 3326 1364 3398 ipsis
1393 3326 1607 3397 verbis,
1630 3330 1867 3399 sumpta
1892 3344 2057 3384 occa-

414 3418 599 3485 sione,
633 3416 883 3488 subjecit
912 3415 1238 3471 orationem
1270 3415 1469 3470 dicens
1504 3434 1516 3471 :
1552 3417 1692 3472 Deus
1720 3420 1906 3471 autem
1933 3419 2060 3489 spei

411 3508 621 3579 repleat
648 3522 740 3561 vos
768 3506 922 3560 omni
947 3504 1165 3576 gaudio.
1198 3504 1352 3560 Deus
1384 3505 1507 3576 spei
1540 3505 1774 3573 dicitur,
1810 3521 1873 3561 eo
1902 3508 2058 3577 quod

412 3596 539 3669 ipse
568 3593 690 3667 spei
715 3593 986 3648 virtutem
1004 3593 1243 3648 tribuat.
1265 3593 1449 3648 Omne
1470 3593 1750 3664 gaudium
1773 3600 1939 3651 vocat
1963 3595 2062 3650 lai-

409 3682 603 3739 titiam
629 3686 852 3754 aeternae
875 3681 1275 3737 beatitudinis.
1292 3681 1501 3736 Nullus
1518 3682 1717 3754 itaque
1736 3682 1795 3737 in
1818 3683 1926 3739 hac
1946 3684 2063 3740 vita

414 3773 574 3829 omni
604 3772 817 3843 gaudio
840 3770 1049 3843 repleri
1070 3774 1259 3843 potest
1285 3788 1299 3839 ;
1323 3775 1724 3827 verumtamen
1748 3774 2067 3846 unusquis-

417 3878 529 3933 que
560 3861 843 3932 ﬁdelium,
876 3864 930 3915 et
961 3862 1010 3916 si
1060 3877 1175 3916 non
1208 3860 1266 3915 in
1315 3877 1396 3931 re,
1428 3861 1686 3933 repletur
1713 3866 1910 3919 tamen
1940 3862 2064 3933 illo,

417 3967 539 4024 spe.
564 3950 675 4006 Sed
706 3950 844 4022 quia
865 3949 992 4005 sine
1014 3965 1155 4022 pace
1177 3965 1347 4006 nemo
1378 3954 1569 4022 potest
1587 3950 1696 4006 hoc
1726 3952 1939 4023 gaudio
1972 3968 2064 4006 re-

415 4038 585 4113 pleri,
617 4038 957 4109 subjunxit:
983 4039 1047 4093 Et
1071 4055 1227 4110 pace.
1257 4039 1409 4094 Vera
1437 4043 1631 4094 autem
1662 4057 1774 4111 pax
1804 4043 1911 4108 est,
1929 4056 2062 4095 cum

414 4129 524 4184 hoc
552 4126 677 4183 vult
722 4127 918 4197 homo,
953 4128 1110 4198 quod
1160 4131 1216 4182 et
1259 4127 1453 4194 Deus;
1487 4127 1597 4182 hoc
1645 4144 1877 4198 corpus,
1911 4129 2065 4199 quod

415 4216 634 4287 anima,
667 4232 795 4287 qua:
837 4220 927 4270 est
974 4215 1225 4271 caelestis
1258 4219 1542 4270 creatura.
1578 4218 1639 4269 In
1687 4215 1975 4288 credendo,
2007 4217 2065 4273 id

417 4310 525 4372 est,
559 4309 624 4359 ut
653 4303 924 4374 credatis,
956 4302 1065 4370 vel,
1098 4304 1240 4358 dum
1274 4303 1532 4358 creditis.

493 4395 558 4449 Ut
586 4393 875 4449 abundetis
926 4394 983 4448 in
1012 4409 1124 4464 spe,
1173 4393 1232 4447 id
1286 4398 1396 4459 est,
1429 4394 1585 4464 quod
1635 4411 1791 4450 nunc
1838 4394 2066 4452 habetis

418 4482 479 4537 in
506 4498 634 4572 spe,
668 4481 1020 4572 quandoque
1042 4482 1408 4572 abundanter
1428 4481 1693 4572 habeatis
1715 4484 1772 4538 in
1806 4485 2063 4548 νε.ουοᾶ
2098 4508 2144 4572 D

420 4569 560 4643 quia
581 4586 774 4639 nemo,
790 4570 904 4626 nisi
926 4587 1030 4642 per
1044 4570 1297 4644 gratiam
1320 4571 1509 4627 sancti
1532 4571 1787 4644 Spiritus
1808 4573 2068 4630 obtinere

418 4662 633 4731 potest,
665 4658 924 4714 subdidit
961 4675 973 4715 :
1007 4663 1075 4714 In
1104 4662 1302 4716 virtute
1331 4660 1577 4731 Spiritus
1603 4664 1803 4717 sancti.
1855 4661 1962 4717 Sed
1997 4678 2069 4716 ne

421 4764 489 4804 ex
523 4753 644 4804 tam
693 4749 984 4820 frequenti
1032 4749 1431 4805 admonitione
1478 4754 1753 4821 putarent
1797 4751 2066 4819 Romani,

418 4838 572 4910 quod
597 4838 910 4909 Apostolus
932 4853 1030 4893 eos
1051 4840 1314 4894 crederet
1334 4855 1463 4895 esse
1492 4840 1713 4911 absque
1736 4838 2067 4910 dilectione,

418 4925 746 4998 subjuuxit.
801 4927 996 4981 Certus
1040 4942 1165 4981 sum
1209 4931 1413 4995 autem,
1465 4931 1673 4998 fratres
1715 4928 1843 4997 mei,
1876 4936 1927 4983 et
1972 4943 2068 4998 ego

416 5021 533 5087 ipse
561 5016 628 5070 de
653 5015 820 5081 vobis,
854 5017 1113 5086 quoniam
1142 5023 1196 5070 et
1226 5018 1338 5088 ipsi
1384 5017 1541 5088 pleni
1568 5019 1698 5072 estis
1728 5016 2026 5071 dilectione
2046 5033 2069 5079 ;

419 5120 487 5159 ac
519 5105 569 5157 si
603 5103 851 5158 diceret:
875 5104 1177 5170 Sicutvos,
1196 5106 1412 5176 quibus
1434 5105 1789 5160 conscientia
1806 5104 2072 5176 perhibet

420 5190 849 5257 testimonium,
882 5192 964 5249 sic
995 5198 1052 5248 et
1102 5209 1208 5266 ego
1260 5196 1331 5249 de
1360 5198 1551 5247 vestra
1600 5191 1926 5249 dilectione.
1959 5195 2067 5249 Sed

2151 477 2330 532 Erant
2378 481 2577 533 tamen
2626 478 2777 533 inter
2823 495 2921 535 eos
2975 479 3215 552 quidam
3262 482 3526 555 perfecti,
3570 488 3812 556 propter

2152 583 2320 638 quos,
2354 583 2425 622 ne
2455 566 2992 624 scandalizarentur
3015 568 3281 625 dicebat:
3308 570 3496 626 Certus
3525 588 3675 642 sum,
3700 577 3815 627 etc.

2155 653 2309 711 Pleni
2362 660 2555 711 autem
2602 659 2742 711 sunt
2787 655 3115 724 dilectione,
3147 658 3247 730 qui
3296 658 3552 732 perfecte
3594 660 3658 715 in
3709 659 3813 717 Dei

2154 744 2520 816 proximique
2550 744 2855 801 dilectione
2885 745 3234 802 consistunt.

2225 832 2442 904 Repleti
2468 835 2621 888 omni
2642 835 2891 890 scientia.
2925 833 3180 891 Scientia
3200 839 3291 892 est
3312 835 3677 905 divinarum,
3702 837 3819 893 hu-

2157 937 2584 995 manarumque
2614 940 2810 979 rerum
2838 923 3111 997 cognitio.
3136 925 3279 991 Quis
3308 942 3445 999 ergo
3466 923 3527 980 in
3554 925 3668 982 hac
3703 926 3822 983 vita

2159 1011 2323 1066 omni
2352 1012 2594 1067 scientia
2616 1010 2822 1083 repleri
2847 1013 3079 1084 potest?
3110 1012 3292 1083 Unde,
3316 1030 3389 1069 ne
3419 1013 3823 1086 reprehende-

2160 1104 2321 1156 retur
2337 1101 2671 1173 Apostolus,
2693 1105 2757 1156 ut
2786 1103 3114 1158 ostenderet
3142 1102 3213 1158 de
3244 1120 3358 1174 qua
3379 1103 3635 1159 scientia
3655 1104 3819 1161 dixe-

2161 1190 2256 1254 rit,
2286 1190 2538 1261 adjecit:
2573 1192 2657 1246 Ita
2698 1195 2759 1246 ut
2787 1192 3005 1263 possitis
3046 1192 3374 1248 alterutrum
3423 1208 3672 1249 monere.
3714 1193 3821 1251 Ubi

2163 1279 2483 1335 notandum
2515 1280 2652 1352 quia
2674 1297 2788 1336 non
2821 1280 2920 1353 ait,
2949 1281 3178 1349 docere,
3198 1282 3299 1337 sed
3330 1298 3575 1338 mouere.
3601 1283 3820 1341 Docere

2163 1368 2379 1440 quippe
2411 1369 2799 1441 perfecturum
2830 1375 2939 1435 est,
2972 1386 3208 1426 monere
3248 1387 3381 1427 vero
3414 1371 3819 1429 inﬁrmorum.

2165 1456 2249 1511 Ibi
2279 1456 2436 1512 enim
2486 1458 2807 1514 admonitio
2857 1459 3188 1516 necessaria
3217 1465 3322 1527 est,
3357 1459 3458 1516 ubi
3509 1459 3821 1518 scientiam

2165 1544 2377 1601 oblivio
2404 1546 2672 1618 sequitur
2699 1565 2711 1602 :
2748 1552 2804 1603 et
2832 1565 2967 1604 cum
2997 1548 3268 1606 homines
3291 1549 3721 1623 negligentiam
3748 1551 3825 1608 vi-

2165 1635 2327 1703 dent,
2360 1636 2460 1691 sed
2493 1636 2723 1691 desides
2754 1643 2893 1692 sunt
2921 1638 2992 1692 ad
3023 1637 3514 1696 emendationem.

2237 1724 2439 1796 Igitur,
2469 1724 2607 1796 quia
2656 1725 2879 1782 dixerat
2907 1743 3006 1783 eos
3036 1726 3240 1800 plenos
3289 1728 3452 1785 omni
3482 1728 3819 1797 dilectione,

2168 1814 2442 1870 continuo
2489 1813 2800 1870 subdidit:
2844 1816 3125 1874 Audacius
3173 1825 3360 1873 autem
3405 1820 3606 1891 scripsi
3653 1819 3822 1888 vobis,

2166 1906 2387 1975 fratres,
2417 1919 2487 1959 ex
2509 1912 2705 1976 parte;
2738 1921 2805 1959 ac
2828 1903 2877 1960 si
2907 1905 3128 1962 diceret
3159 1922 3173 1962 :
3207 1906 3477 1963 Conﬁsus
3506 1913 3713 1965 vestra
3737 1907 3822 1962 di-

2166 1992 2431 2063 lectione,
2461 1994 2742 2049 audacius
2761 1993 2924 2050 vobis
2956 2011 3024 2050 ex
3054 1998 3216 2067 parte
3234 1996 3442 2068 scripsi
3469 2013 3485 2067 ;
3518 2013 3641 2070 quo
3672 1997 3823 2053 dicto

2167 2082 2425 2138 ostendit
2451 2098 2513 2137 se
2541 2082 2726 2138 multo
2772 2081 2944 2154 plura
3000 2084 3202 2156 scisse,
3235 2100 3417 2156 quam
3467 2086 3781 2158 scripserit
3810 2103 3824 2143 :

2168 2187 2304 2227 nam
2338 2171 2552 2226 idcirco
2583 2188 2652 2227 ex
2687 2176 2852 2244 parte
2899 2172 3269 2231 solummodo
3320 2174 3583 2247 scripsit,
3618 2181 3682 2231 et
3711 2192 3821 2232 non

2168 2259 2402 2327 omnia;
2439 2264 2504 2315 ut
2536 2276 2640 2332 per
2667 2277 2757 2329 ea,
2788 2277 2915 2333 quae
2964 2262 3297 2335 scripserat,
3330 2268 3387 2320 et
3416 2281 3504 2333 ea,
3539 2282 3676 2337 quae
3710 2281 3818 2322 non

2168 2349 2500 2421 scripserat,
2516 2340 3016 2423 intelligerent.Et
3045 2351 3155 2408 hoc
3171 2355 3437 2424 est,quod
3462 2355 3781 2427 subjungit
3805 2372 3818 2409 :

2169 2438 2445 2509 Tanquam
2482 2441 2543 2494 in
2590 2441 2911 2496 memoriam
2958 2457 3047 2497 vos
3074 2442 3353 2498 reducens.
3402 2444 3492 2498 Ad
3523 2443 3639 2500 hoc
3669 2444 3825 2500 enim

2168 2526 2502 2599 scripserat,
2528 2532 2592 2582 ut
2612 2545 2728 2583 non
2760 2528 2953 2584 solum
2973 2528 3079 2599 illi,
3104 2531 3205 2587 sed
3235 2535 3294 2587 et
3320 2547 3553 2599 omnes,
3580 2533 3659 2588 ad
3683 2549 3824 2605 quos

2168 2615 2290 2670 haec
2321 2615 2578 2688 Epistola
2615 2622 2966 2690 perventura
3011 2623 3155 2686 erat,
3186 2635 3288 2693 per
3316 2637 3407 2691 ea,
3439 2638 3572 2693 quas
3607 2623 3825 2694 scripta

2168 2710 2324 2776 sunt,
2358 2706 2776 2763 reducerentur
2807 2707 2868 2763 in
2901 2708 3246 2766 memoriam
3276 2726 3506 2782 eorum,
3537 2727 3675 2783 qua
3708 2712 3827 2784 ipse

2169 2794 2385 2850 docuit.
2417 2794 2659 2867 Propter
2686 2797 2843 2868 quod
2875 2814 3008 2854 vero
3038 2814 3138 2854 eos
3181 2802 3476 2855 revocaret
3506 2798 3569 2854 in
3603 2815 3824 2856 memo-

2169 2882 2337 2951 riam,
2371 2884 2628 2939 ostendit
2671 2884 3037 2958 subjungens
3072 2902 3084 2943 :
3114 2890 3349 2959 Propter
3400 2890 3681 2957 gratiam,
3712 2904 3828 2962 qua:

2165 2971 2294 3027 data
2321 2979 2399 3028 est
2426 2973 2569 3029 mihi
2595 2991 2630 3029 a
2658 2974 2783 3030 Deo.
2816 2972 3077 3030 Gratiam
3100 2975 3235 3031 licet
3258 2974 3614 3033 electionem
3642 2978 3826 3050 possi-

2167 3077 2300 3117 mus
2330 3061 2673 3135 intelligere,
2702 3079 2821 3134 qua
2849 3067 2983 3119 ante
3026 3063 3233 3119 mundi
3271 3065 3766 3122 constitutionem
3792 3082 3825 3120 a

2088 3134 2131 3200 C
2168 3149 2281 3205 Deo
2299 3148 2518 3205 electus
2534 3134 2641 3216 est,
2655 3151 2745 3206 vel
2762 3151 3224 3224 redemptionem
3248 3171 3262 3222 ;
3288 3155 3722 3227 congruentius
3744 3160 3823 3212 ta~

2171 3254 2304 3294 men
2336 3239 2579 3294 domum
2608 3238 2754 3317 illud
2776 3240 3245 3314 accipimus,quo
3277 3246 3631 3315 segregatus
3652 3248 3827 3315 est,ut

2171 3330 2323 3383 esset
2349 3327 2613 3400 gentium
2644 3330 2962 3400 apostolus.
2987 3330 3152 3386 Unde
3180 3336 3238 3387 et
3266 3331 3546 3407 subditur
3579 3349 3593 3388 :
3636 3334 3700 3391 Ut
3728 3335 3831 3389 sim

2170 3418 2425 3472 minister
2450 3418 2575 3473 Jesu
2607 3417 2810 3473 Christi
2838 3420 2899 3473 in
2925 3420 3193 3491 gentibus.
3228 3419 3375 3476 Hinc
3406 3419 3550 3476 alibi
3581 3424 3687 3493 qui
3715 3438 3831 3495 ope-

2172 3514 2328 3561 ratus
2355 3513 2434 3561 est
2464 3512 2627 3562 Petro
2656 3508 2716 3561 in
2745 3510 3049 3579 apostolatu
3067 3510 3535 3579 circumcisionis,
3568 3517 3832 3581 operatus

2168 3602 2245 3648 est
2272 3597 2322 3649 et
2351 3595 2491 3649 mihi
2517 3596 2662 3651 inter
2706 3604 2888 3664 gentes
2928 3598 3072 3667 (Gal.
3108 3616 3170 3665 II,
3204 3599 3278 3666 8).
3318 3598 3390 3654 Ut
3439 3599 3520 3654 sit
3554 3600 3833 3656 minister

2171 3682 2311 3738 Jesu
2343 3682 2560 3739 Christi
2591 3683 2773 3756 (dicit,
2805 3689 3090 3757 tauquam
3136 3687 3355 3744 diceret
3386 3704 3398 3742 :
3436 3688 3549 3754 Qui
3577 3687 3727 3745 olim
3758 3689 3837 3744 fui

2174 3769 2442 3828 minister
2493 3771 2979 3831 circumcisionis.
3014 3774 3160 3839 Quia
3209 3776 3478 3834 funditus
3509 3781 3837 3835 recesserat

2174 3877 2209 3915 a
2238 3861 2454 3916 carnali
2509 3862 2916 3919 observatione
2964 3862 3149 3937 legis;
3181 3864 3311 3922 ideo
3341 3882 3405 3922 se
3452 3866 3605 3924 dicit
3638 3867 3838 3923 minis-

2174 3953 2330 4005 trum
2362 3950 2501 4006 Jesu
2534 3950 2771 4007 Christi.

2246 4039 2353 4093 Sed
2386 4037 2528 4109 quid
2560 4038 2671 4095 sibi
2702 4039 2846 4111 vult,
2879 4041 3035 4112 quod
3064 4042 3388 4116 fsubjungit
3421 4061 3435 4099 :
3470 4043 3842 4116 Sanctiﬁcans

2175 4128 2535 4196 Evangelium
2556 4128 2697 4184 Dei?
2726 4128 3001 4201 Nunquid
3030 4147 3142 4186 non
3168 4136 3439 4187 sanctum
3461 4137 3554 4191 est
3576 4134 3841 4206 Evange-

2176 4215 2322 4271 lium
2345 4215 2372 4269 ‘t
2402 4217 2505 4272 Est
2533 4216 2723 4289 plane.
2741 4218 3041 4283 Quomodo
3069 4235 3205 4292 ergo
3227 4220 3641 4279 sanctiﬁcahat
3662 4222 3691 4276 ‘I
3713 4222 3843 4279 Sci-

2178 4304 2477 4377 licet,quia
2507 4323 2614 4362 suo
2634 4307 2898 4379 exemplo
2916 4313 3189 4366 sanctum
3211 4325 3338 4366 esse
3360 4311 3736 4367 ostendebat.
3746 4312 3839 4367 Ait

2176 4410 2311 4466 ergo
2346 4412 2357 4449 :
2392 4395 3149 4469 .S'anctiﬁcanstvangelium
3178 4400 3322 4462 Dei;
3348 4415 3414 4455 ac
3461 4399 3513 4455 si
3564 4398 3794 4457 diceret
3822 4417 3836 4455 :

2178 4484 2302 4540 Meo
2333 4482 2595 4556 exemplo
2626 4490 2897 4542 sanctum
2928 4503 3057 4544 esse
3088 4488 3404 4545 ostendens
3424 4488 3839 4563 Evangelium,

2176 4574 2329 4646 quod
2360 4590 2495 4629 cum
2526 4575 2749 4646 pudore
2777 4581 2834 4632 et
2862 4576 3185 4633 reverentia
3213 4577 3463 4648 praedico
3494 4595 3509 4645 ;
3549 4579 3841 4651 quoniam

2178 4679 2305 4734 qua:
2335 4663 2512 4719 doceo
2542 4664 2753 4732 verbis,
2787 4666 3070 4721 conﬁrmo
3122 4665 3418 4737 operibus.
3468 4667 3588 4723 Cur
3639 4672 3844 4724 autem

2177 4751 2555 4822 Evangelium
2588 4753 3003 4821 sanctiﬁcaret,
3034 4753 3315 4826 aperitur,
3346 4771 3483 4811 cum
3515 4755 3840 4812 subditur:

2181 4840 2245 4896 Ut
2272 4842 2373 4911 ﬁat
2397 4840 2594 4897 oblatio
2623 4844 2876 4913 gentium
2904 4851 3144 4914 accepta.
3176 4843 3506 4915 Exoptabat
3526 4844 3759 4918 quippe
3781 4848 3845 4900 ut

2178 4934 2535 5002 gentes,quaa
2566 4931 2639 4986 ad
2668 4931 2797 5003 ejus
2823 4931 3292 5004 praedicationem
3319 4932 3846 4991 crediderant.Deo

2178 5018 2547 5074 efﬁcerentur
2576 5036 2793 5076 munus
2824 5024 3146 5094 acceptum.
3170 5020 3333 5078 Sicut
3362 5021 3522 5077 enim
3554 5023 3617 5078 in
3652 5023 3844 5081 Veteri

2178 5107 2554 5164 Testamento
2569 5111 2937 5166 sacerdotum
2953 5114 3077 5166 erat
3089 5109 3525 5181 animalia,qute
3539 5112 3847 5169 offerenda

2179 5200 2366 5263 erant,
2383 5196 2668 5270 inspicere
2692 5218 2705 5267 ;
2741 5216 2810 5254 ne
2831 5199 3053 5271 aliquin
3071 5202 3227 5255 esset
3248 5198 3551 5267 claudum,
3572 5200 3846 5257 maculo-
