3998 5278
159 185 289 253 281

712 186 1131 249 EXPOSITIO
1172 185 1253 248 IN
1297 185 1733 250 EPISTOLAS
1776 185 2535 253 PAULL—IN‘EPISFI‘.
2622 185 2729 247 AD
2774 183 2966 249 ROM.

3442 179 3585 247 288‘

3574 228 3585 239 .

3574 228 3597 239 μ

225 321 379 392 (CAP.
413 318 581 389 XVI.)
612 318 801 375 Finito
834 319 1083 391 denique
1112 320 1511 388 textu,transit
1539 322 1611 377 ad
1636 320 1793 377 salu-
1825 327 1880 394 Α
1977 322 2221 378 Salutate
2248 321 2619 377 Andronicum
2647 327 2701 376 et
2741 320 2950 377 Iuliam
2995 318 3163 386 (468).
3212 316 3445 386 Virum,
3503 318 3564 374 et

156 409 487 473 tationes,et
518 408 804 481 quosdam
829 409 1065 481 quidem
1098 410 1333 476 salutat,
1356 412 1645 482 quosdam
1670 427 1804 467 vero

158 518 223 557 ex
251 517 361 555 sua
391 502 552 571 parte
600 499 995 564 commendat,
1042 499 1194 555 sicut
1242 500 1512 565 Phazben,
1553 501 1752 555 dicens
1788 518 1800 555 :

159 590 479 647 Commendo
502 594 687 644 autem
718 590 865 644 vobis
894 589 1132 646 Phagben
1160 607 1401 645 sororem
1430 606 1627 645 meam.
1661 592 1804 645 Cum

157 697 287 735 vero
345 680 651 751 subjungit
708 696 721 733 :
774 696 889 750 qtae
932 688 1011 733 est
1059 681 1117 733 in
1166 681 1477 735 ministerio
1526 681 1801 741 Ecclesiae.

159 768 411 825 ostendit
440 769 579 839 quia
608 774 746 824 tunc
777 786 892 825 non
926 768 1118 823 solum
1150 769 1279 833 viri,
1304 770 1405 823 sed
1438 770 1613 824 etiam
1638 768 1803 823 femi-

162 876 242 912 nae
276 864 558 929 praeerant
590 857 879 913 Ecclesiis.
913 858 1013 913 Cui
1046 863 1240 913 autem
1270 858 1537 913 Ecclesiis
1571 858 1807 913 Pbazbes

160 950 431 1019 praeesset
479 946 753 1013 ostendit,
790 947 1177 1018 subjungens,
1230 964 1347 1017 quae
1400 950 1476 1001 cst
1526 946 1804 1001 Cenchris.

158 1034 431 1092 Cenchris
451 1033 615 1091 locus
638 1042 725 1090 est
750 1036 806 1089 in
832 1036 1071 1094 Graecia.
1092 1041 1296 1107 portus
1324 1035 1586 1090 videlicet
1605 1035 1804 1090 Corin-

158 1124 257 1191 thi,
295 1142 329 1179 a
361 1141 475 1195 quo
509 1123 822 1195 Apostolus
853 1124 1001 1178 hanc
1034 1124 1352 1195 Epistolam
1378 1124 1657 1179 Romanis
1707 1140 1808 1195 per

156 1212 400 1267 Phaeben
428 1212 655 1267 direxit.
688 1215 874 1277 Quam
899 1213 1072 1268 etiam
1106 1212 1416 1284 diligenter
1441 1213 1661 1283 suscipi
1694 1229 1806 1266 mo-

158 1306 264 1372 net,
295 1302 499 1357 dicens
535 1320 547 1356 :
588 1310 643 1358 ut
670 1319 793 1357 eam
822 1306 1135 1373 suscipiatis
1155 1304 1319 1369 digne
1340 1305 1397 1357 in
1421 1304 1651 1357 Domino
1671 1319 1807 1355 san-

156 1390 336 1461 ctis,id
362 1396 544 1457 est,ea
561 1392 935 1463 susceptione
960 1409 1076 1462 qua
1107 1393 1291 1447 sancti
1327 1391 1546 1463 suscipi
1574 1391 1806 1445 debent.

159 1481 215 1535 In
248 1480 500 1535 Domino
532 1480 693 1545 dicit,
726 1480 784 1535 in
817 1496 1014 1535 amore
1041 1481 1292 1535 Domini.
1325 1480 1438 1534 Cur
1484 1483 1682 1535 autem
1730 1478 1812 1532 ita

161 1569 537 1639 suscipienda
565 1573 739 1637 esset,
774 1568 949 1641 paulo
980 1569 1223 1625 inferius
1254 1568 1529 1636 ostendit,
1560 1569 1759 1622 dicens
1794 1584 1807 1623 :

162 1659 376 1712 Etenim
406 1659 523 1729 ipsa
554 1674 762 1730 quoque
789 1660 965 1715 astitit
989 1659 1178 1714 multis
1202 1662 1251 1714 et
1280 1658 1441 1726 mihi,
1475 1675 1539 1713 ac
1590 1658 1638 1711 si
1680 1657 1809 1713 aliis
1842 1698 1889 1763 B

162 1747 352 1802 verbis
383 1746 601 1802 diceret
631 1763 645 1802 :
679 1747 946 1811 Quandiu
996 1748 1236 1803 Phaebes
1292 1747 1347 1801 in
1402 1746 1548 1816 solo,
1580 1745 1812 1817 proprio

165 1836 461 1902 resedit,et
482 1835 729 1891 aliorum
749 1840 1086 1893 sanctorum
1110 1842 1166 1891 et
1189 1853 1380 1892 meam
1402 1834 1812 1891 necessitatem

169 1924 485 1999 supplevit;
511 1942 664 1980 nunc
684 1942 815 1981 vero
839 1925 975 1995 quia
998 1929 1399 1997 paupertatem
1418 1923 1813 1979 voluntariam

172 2014 337 2087 elegit
365 2018 423 2069 et
454 2012 696 2069 Romam
729 2013 922 2070 studio
973 2013 1253 2069 orationis
1303 2014 1497 2069 venire
1539 2012 1810 2082 decrevit,

178 2102 430 2175 principio
457 2108 522 2158 ut
552 2118 679 2158 eam
714 2102 886 2174 digne
917 2102 1271 2174 suscipiatis,
1290 2106 1341 2157 et
1371 2104 1639 2157 assistatis
1668 2103 1721 2156 ei
1749 2102 1815 2157 in

171 2208 471 2263 quocunque
502 2194 713 2263 negotio
763 2194 928 2247 vestri
965 2194 1298 2264 indiguerit,
1331 2191 1388 2246 id
1422 2197 1529 2258 est,
1565 2208 1679 2245 non
1712 2206 1811 2246 so-

162 2280 271 2335 lum
305 2283 367 2336 in
400 2281 651 2352 spiritali
684 2280 934 2352 negotio,
987 2282 1088 2337 sed
1138 2282 1312 2338 etiam
1364 2281 1424 2335 in
1468 2279 1812 2337 necessariis

158 2369 274 2424 vitae
308 2372 641 2442 praesentis.

219 2458 479 2514 Salutate
508 2462 761 2517 Priscum
790 2469 846 2516 et
874 2461 1153 2531 Aquilam.
1192 2460 1329 2516 Illos
1361 2460 1455 2516 his
1486 2459 1678 2515 verbis
1719 2458 1808 2513 in-

149 2546 415 2621 telligere
458 2548 762 2617 debemus,
815 2550 886 2604 de
938 2550 1153 2620 quibus
1202 2549 1416 2620 legitur
1464 2549 1523 2604 in
1574 2548 1811 2602 Actibus

147 2636 561 2707 apostolorum
618 2638 756 2709 (cap.
817 2655 977 2707 XVIII,
1033 2638 1111 2709 2),
1173 2637 1311 2708 quia
1365 2654 1499 2692 cum
1556 2636 1814 2692 venisset

144 2726 376 2780 Paulus
408 2727 478 2780 ab
511 2726 754 2782 Athenis
785 2726 845 2781 in
875 2725 1245 2782 Antiochiam
1278 2726 1548 2797 (1165-66),
1592 2724 1814 2779 invenit

144 2813 224 2869 ibi
252 2814 455 2869 virum
488 2813 783 2881 Judaeum,
813 2814 1119 2870 Ponticum
1149 2814 1546 2885 generatione,
1578 2812 1813 2867 nomine

138 2902 451 2975 Aquilam,
482 2918 615 2955 cum
648 2900 908 2957 Priscilla
938 2918 1115 2957 uxore
1149 2918 1257 2957 sua
1288 2901 1505 2972 quibus
1546 2900 1811 2956 adhazsit.

137 2991 323 3047 Unde
353 2988 449 3044 hic
480 3006 711 3061 quoque
740 2990 1014 3045 subditur
1047 3006 1059 3043 :
1094 2990 1377 3061 Adjutores
1400 2989 1546 3061 (467)
1578 3005 1721 3044 meos
1754 2990 1815 3044 in

1915 428 2154 467 uxorem
2185 410 2510 482 intelligere
2540 411 2846 465 debemus.
2880 410 3025 464 Cum
3056 423 3188 463 vero
3232 408 3559 480 subjungit,

1913 508 2170 573 cognatos
2220 506 2271 555 et
2328 501 2671 571 concaptivos
2721 515 2881 566 meos,
2931 496 3186 553 ostendit
3237 511 3335 551 eos
3383 495 3564 552 fuisse

1912 591 2149 645 Judaios
2178 588 2409 660 sibique
2457 593 2859 661 cooperatores
2908 587 2967 643 in
3016 584 3441 658 praedicatione.
3493 584 3562 639 Hi

1916 680 2074 735 enim
2105 684 2313 750 sponte
2345 678 2589 750 patriam
2627 678 2943 749 propriam,
2978 676 3131 732 sicut
3153 679 3213 730 et
3233 673 3564 746 Apostolus,

1915 768 2411 840 derelinquentes,
2444 767 2715 838 gentibus
2746 766 2914 837 quasi
2944 765 3004 820 in
3034 763 3391 835 captivitate,
3416 779 3564 834 prai-

1916 857 2273 913 dicaverunt.

1985 948 2094 1001 Sed
2126 946 2263 1018 quid
2298 952 2386 1002 est
2417 947 2568 1018 quod
2601 944 2873 1001 subditur
2905 961 2919 999 :
2952 945 3058 1012 Qui
3079 951 3207 999 sunt
3249 941 3458 997 nobiles
3503 942 3563 995 in

1916 1037 2201 1106 apostolis,
2232 1053 2366 1091 cum
2400 1036 2550 1090 inter
2580 1034 2885 1091 duodecim
2912 1032 3221 1104 Apostolos
3250 1047 3367 1085 non
3390 1027 3563 1083 modo

1917 1124 2161 1191 nobiles,
2196 1125 2295 1180 sed
2330 1142 2433 1179 nec
2464 1125 2654 1179 ultimi
2685 1121 3088 1178 inveniantur?
3113 1120 3223 1176 Sed
3261 1115 3564 1173 sciendum

1917 1214 2055 1284 quia
2082 1213 2382 1283 apostolus
2412 1218 2623 1280 Graece,
2674 1214 2874 1268 missus
2921 1211 3156 1266 dicitur.
3190 1207 3352 1263 Unde
3394 1206 3567 1260 datur

1918 1302 2163 1374 intelligi
2213 1304 2353 1373 quia
2403 1304 2580 1357 etiam
2630 1302 2715 1356 illi
2763 1300 3008 1372 apostoli
3041 1299 3156 1355 dici
3196 1301 3462 1369 possunt,
3495 1294 3567 1348 de

1918 1392 2133 1462 quibus
2188 1392 2372 1447 Lucas
2429 1390 2782 1463 evangelista
2811 1395 2874 1458 (χ
2906 1391 2955 1459 1)
2998 1388 3139 1443 dicit
3190 1404 3202 1441 :
3254 1385 3567 1455 Designavit

1918 1481 2179 1536 Dominus
2207 1484 2359 1537 Iesus
2390 1484 2560 1537 etiam
2587 1482 2733 1536 alios
2761 1480 3111 1550 septuaginta
3138 1476 3271 1532 duos
3318 1475 3566 1545 discipu-

1920 1570 1997 1625 los
2025 1588 2044 1624 :
2075 1574 2127 1624 et
2154 1572 2308 1626 misit
2336 1585 2425 1625 eos
2458 1570 2600 1641 (469)
2631 1569 2693 1623 in
2717 1584 2940 1625 omnem
2985 1568 3281 1635 civitatem,
3311 1571 3361 1619 et
3390 1564 3569 1618 locum

1920 1676 2023 1730 quo
2054 1668 2169 1714 erat
2200 1661 2313 1731 ipse
2339 1668 2616 1714 venturus.
2650 1660 2732 1714 Ex
2760 1657 2851 1712 his
2879 1672 3013 1728 ergo
3046 1656 3283 1711 fuerunt
3309 1651 3395 1709 illi
3426 1653 3568 1707 duo.

1922 1748 1991 1802 Et
2021 1748 2161 1818 quia
2190 1765 2305 1803 non
2338 1747 2525 1801 infimi
2560 1748 2617 1802 in
2650 1747 2733 1802 eis
2767 1746 3024 1811 fuerunt,
3055 1743 3272 1799 idcirco
3302 1740 3444 1797 dicit
3468 1755 3568 1796 eos

1924 1836 2149 1892 nobiles
2180 1836 2241 1891 in
2275 1836 2592 1908 apostolis;
2624 1837 2696 1892 de
2734 1836 2952 1906 quibus
3000 1833 3177 1889 etiam
3228 1829 3502 1887 subditur
3551 1846 3564 1885 :

1924 1928 2030 1994 Qui
2056 1934 2107 1982 et
2133 1930 2263 1981 ante
2290 1942 2377 1980 me
2396 1929 2624 1997 fuerunt
2652 1928 2712 1981 in
2743 1926 2952 1982 Christo
2981 1925 3127 1988 Iesu,
3178 1922 3235 1976 id
3285 1924 3393 1986 est,
3434 1923 3569 1975 ante

1924 2032 2017 2070 me
2047 2015 2420 2070 crediderunt
2447 2015 2506 2069 in
2538 2014 2834 2070 Christum
2863 2014 3083 2069 Jesum.

1993 2103 2241 2159 Salutate
2262 2104 2599 2175 Ampliatum
2626 2102 3048 2159 dilectissimum
3076 2099 3220 2154 mihi
3238 2100 3299 2153 in
3319 2099 3569 2153 Domino.

1924 2194 2310 2258 Quaerendum
2343 2200 2427 2248 est
2459 2210 2561 2247 cur
2594 2192 2927 2263 Epmnetum
2959 2189 3262 2255 dilectum,
3297 2186 3453 2242 hunc
3480 2201 3571 2240 ve-

1924 2299 1985 2336 ro
2016 2282 2467 2337 dilectissimum
2495 2280 2791 2336 vocaverit
2812 2276 3209 2348 Scilicet,quia
3230 2274 3329 2332 ille
3350 2273 3573 2346 simpli~

1922 2371 2066 2427 citer
2097 2370 2363 2438 credidit,
2396 2371 2490 2425 hic
2519 2376 2717 2426 autem
2748 2369 2806 2423 in
2836 2366 3243 2439 praedicatione
3264 2364 3569 2420 laboravit.

1994 2459 2177 2515 Salute
2227 2460 2508 2517 Urbanum
2562 2460 2873 2521 adiutorem
2924 2465 3169 2513 nostrum
3217 2457 3274 2510 in
3337 2453 3568 2519 Christo,

1921 2557 1972 2603 et
2002 2550 2242 2619 Stachyn
2270 2550 2531 2605 dilectum
2560 2547 3040 2605 meum.Urbanus
3071 2545 3130 2600 in
3163 2542 3569 2617 praedicatione

1922 2637 2253 2694 laboravit:
2294 2638 2548 2711 Stachyn
2607 2642 2803 2694 autem
2862 2634 3206 2709 simpliciter
3262 2631 3509 2689 credidit
3549 2645 3566 2687 :

1923 2726 2168 2798 ideoque
2194 2727 2364 2783 illum
2413 2728 2766 2799 adjutorem,
2812 2726 2995 2783 istum
3040 2729 3237 2781 autem
3285 2721 3568 2778 dilectum

1922 2816 2154 2869 tantum
2180 2816 2423 2871 vocavit.

1993 2902 2238 2958 Salutate
2267 2903 2524 2974 Appellen
2547 2904 2785 2973 probum
2811 2904 2873 2956 in
2903 2902 3132 2958 Christo.
3163 2901 3269 2957 Hic
3297 2898 3573 2972 Appelles
3649 2918 3661 2931 ι

1924 2990 2141 3047 multas
2172 2991 2549 3048 adversitates
2580 3008 2683 3062 pro
2731 2990 2959 3046 Christo
2990 2989 3292 3055 sustinuit,
3326 2990 3426 3046 sed
3455 2988 3570 3045 vir-

140 3080 370 3135 Christo
400 3078 546 3145 Jesu,
582 3078 637 3133 id
678 3083 788 3145 est,
837 3084 1244 3151 cooperatores
1294 3080 1353 3134 in
1404 3078 1813 3149 praedicatione
1844 3063 1886 3133 C
1924 3084 2115 3136 tutem
2142 3079 2433 3152 patientiae
2460 3095 2647 3151 usque
2678 3080 2748 3135 ad
2780 3080 2957 3135 ﬁnem
3010 3078 3408 3149 incorruptam
3456 3092 3574 3134 ser-

138 3167 367 3224 Ghristi
422 3166 584 3223 Jesu.
645 3166 902 3231 Quorum
975 3168 1221 3224 nimiam
1271 3168 1616 3223 charitatem
1676 3184 1815 3239 erga

142 3274 203 3313 se
230 3254 663 3322 ostendit,cum
694 3256 921 3311 subdit:
941 3257 1046 3324 Qui
1064 3273 1173 3328 pro
1200 3259 1389 3311 anima
1411 3272 1533 3312 mea
1552 3273 1682 3311 suas
1703 3272 1816 3311 cer-

142 3348 290 3411 vices
322 3344 907 3415 supposuerunt.Cum
940 3346 1095 3400 enim
1130 3345 1375 3401 instaret
1407 3351 1471 3400 ut
1500 3345 1815 3417 Apostolus

145 3433 486 3506 puniretur,
521 3432 823 3505 elegerunt
855 3434 1002 3489 mori
1037 3452 1138 3505 pro
1168 3452 1254 3501 eo,
1282 3452 1351 3489 ne
1384 3440 1546 3490 tanta
1574 3434 1816 3491 lucerna

148 3521 425 3577 Ecclesiae
472 3521 959 3593 exstingueretur.
1011 3523 1173 3579 Unde
1220 3524 1292 3579 ab
1351 3524 1511 3578 omni
1559 3523 1815 3579 Ecclesia

150 3614 393 3682 propter
416 3610 660 3665 nimiam
693 3611 1037 3667 charitatem
1068 3610 1479 3666 laudantur.Et
1510 3617 1817 3683 propterea

150 3699 438 3767 subditur
472 3718 484 3757 :
517 3701 713 3771 quibus
744 3716 854 3755 non
883 3701 1059 3755 solum
1090 3716 1188 3771 ego
1215 3702 1432 3772 gratias
1481 3717 1600 3769 ago,
1641 3701 1735 3755 sed
1764 3707 1819 3755 et

150 3793 372 3845 cuncta?
406 3787 668 3846 Ecclesiw
698 3789 970 3844 Gentium.
994 3788 1210 3843 Verum
1244 3789 1382 3860 quia
1415 3805 1561 3859 opus
1593 3788 1816 3844 miseri-

154 3877 389 3948 cordiae,
425 3894 541 3933 non
572 3877 766 3933 solum
797 3877 857 3933 in
888 3876 1142 3933 dominis
1174 3881 1281 3946 est,
1306 3877 1407 3932 sed
1439 3877 1614 3933 etiam
1642 3878 1701 3932 in
1726 3878 1813 3933 fa-

154 3965 363 4033 mulis;
404 3983 509 4021 nec
539 3967 731 4023 solum
764 3966 822 4020 in
856 3966 1133 4039 praelatis,
1157 3967 1258 4022 sed
1290 3966 1467 4022 etiam
1501 3967 1560 4021 in
1592 3968 1817 4038 subjec-

152 4055 223 4109 tis
253 4058 418 4110 recte
449 4055 754 4129 subiungit
787 4074 801 4111 :
835 4061 889 4110 et
918 4056 1267 4112 domesticam
1296 4072 1483 4112 eorum
1512 4058 1818 4114 Ecclesium

156 4142 558 4213 (subauditur,
592 4143 887 4215 salutate).

222 4233 478 4289 Salutate
520 4234 847 4305 Epaenetum
891 4234 1153 4289 dilectum
1197 4233 1357 4303 mihi,
1387 4236 1485 4306 qui
1512 4242 1587 4289 est
1612 4237 1817 4305 primi-

160 4322 298 4376 tivus
327 4323 481 4377 Asiw
504 4323 563 4375 in
584 4312 957 4377 Dominalste
987 4322 1267 4376 nimirum
1294 4322 1522 4394 primus
1544 4339 1609 4377 ex
1632 4324 1817 4378 omni-

1923 3169 2097 3239 vavit,
2144 3157 2338 3225 sciens
2387 3170 2542 3241 quod
2564 3170 2732 3225 docet
2758 3167 3096 3239 Apostolus,
3124 3168 3259 3239 quia
3286 3166 3571 3222 tribulatio

1918 3261 2249 3331 patientiam
2294 3262 2569 3332 operatur,
2625 3260 2901 3331 patientia
2949 3266 3135 3313 autem
3185 3257 3575 3328 probationem

1926 3349 2147 3421 (supra,
2180 3366 2232 3403 v.
2267 3350 2320 3417 4,
2351 3350 2438 3419 5);
2471 3348 2717 3420 ideoque
2765 3348 3013 3420 probum
3062 3345 3230 3402 illum
3262 3344 3571 3417 Apostolus

1926 3438 2267 3493 nominavit.
2300 3438 2357 3493 Si
2385 3438 2517 3509 quis
2542 3438 2697 3494 enim
2730 3436 3041 3509 diligenter
3068 3440 3368 3491 scrutatur
3394 3438 3453 3490 et
3481 3451 3572 3490 re-

1924 3526 2258 3583 miniscitur
2288 3528 2425 3598 quia
2454 3528 2610 3583 Deus
2650 3527 2711 3583 in
2764 3526 2863 3582 illo
2911 3525 3278 3597 loquebatur,
3311 3524 3570 3595 profecto

1924 3615 2179 3671 inveniet
2208 3616 2347 3686 quia
2376 3616 2538 3671 nulla
2567 3616 2625 3670 in
2658 3616 2830 3671 dictis
2879 3616 3008 3685 ejus
3053 3612 3362 3680 sententia,
3410 3612 3574 3668 nulla

1926 3704 2163 3759 omnino
2186 3704 2412 3775 syllaba
2435 3708 2627 3771 vacat;
2660 3703 2803 3758 vidit
2818 3703 3036 3775 quippe
3052 3701 3418 3773 spiritalibus
3439 3719 3571 3757 ocu-

1926 3791 1999 3847 lis
2031 3792 2399 3864 singulorum
2423 3791 2631 3846 merita
2651 3792 2805 3862 apud
2831 3791 3016 3846 Deum
3039 3790 3320 3858 discreta;
3352 3790 3568 3847 idcirco

1927 3880 2109 3935 alium
2140 3880 2440 3945 dilectum,
2473 3878 2653 3933 alium
2683 3878 3155 3948 dilectissimum,
3186 3877 3369 3933 alium
3401 3879 3569 3947 adju-

1924 3973 2133 4034 torem,
2167 3967 2346 4023 alium
2378 3968 2627 4039 probum
2657 3967 2897 4021 vocavit.

1998 4059 2250 4114 Salutate
2297 4073 2383 4113 eos
2425 4058 2520 4128 qui
2574 4064 2702 4112 sunt
2754 4072 2824 4111 ea:
2878 4054 3167 4111 Aristoboli
3204 4053 3324 4125 (hic
3371 4056 3569 4110 autem

1925 4147 2392 4202 subaudiendum
2422 4145 2710 4211 est,domo
2741 4144 2908 4215 (470),
2933 4148 2997 4198 ut
3025 4142 3327 4216 proprium
3356 4158 3569 4197 nomen

1927 4236 2181 4291 hominis
2204 4236 2692 4307 intelligatur,aut
2708 4237 2860 4289 certe
2878 4233 3041 4289 locus
3059 4231 3433 4304 accipiendas
3459 4234 3566 4287 est.

1926 4326 2174 4380 Salutate
2215 4325 2578 4380 Herodionem
2627 4328 2915 4395 cognatum
2972 4339 3170 4378 meum.
3230 4325 3373 4377 Cum
3430 4321 3573 4377 dicit

162 4409 267 4465 bus
298 4409 542 4499 Asianis
571 4411 643 4465 ad
676 4411 1146 4482 praedicationem
1166 4411 1424 4483 Apostoli
1453 4412 1729 4479 credidit;
1762 4418 1819 4468 et
1848 4435 1895 4499 Ι)
1926 4420 2260 4485 cognatum,
2293 4412 2549 4469 ostendit
2573 4414 2867 4469 Judaeum.
2918 4412 3033 4467 Cur
3079 4428 3215 4484 ergo
3267 4428 3382 4467 non
3431 4426 3568 4499 con-

166 4499 300 4569 quia
327 4497 681 4572 simpliciter
708 4504 962 4569 tantum,
994 4516 1100 4556 nec
1132 4499 1190 4555 in
1222 4500 1633 4572 praedicatione
1660 4502 1818 4557 labo-

166 4590 331 4658 ravit,
362 4589 579 4645 idcirco
610 4588 888 4645 dilectum
918 4594 1149 4645 tantum
1178 4590 1420 4645 vocavit.

236 4677 491 4733 Salutate
516 4680 769 4746 Mariam,
798 4694 919 4749 quae
948 4679 1186 4735 multum
1220 4680 1492 4735 laboravit
1529 4682 1590 4734 in
1636 4681 1810 4737 vobis.

173 4764 263 4821 llis
302 4766 498 4823 verbis
551 4767 805 4823 ostendit
854 4768 991 4838 quia
1039 4769 1216 4824 etiam
1263 4770 1492 4826 feminae
1540 4768 1813 4825 Ecclesiis

173 4861 470 4925 praeerant.
504 4857 633 4913 Haec
662 4852 857 4913 Maria
877 4857 1130 4914 multum
1162 4857 1221 4914 in
1255 4858 1535 4917 Romanis
1590 4859 1815 4915 labora-

170 4944 425 5017 vit,quia
452 4946 669 5003 multos
692 4961 897 5000 eorum
922 4947 994 5001 ad
1021 4947 1195 5003 ﬁdem
1226 4949 1536 5018 convertit;
1567 4949 1815 5019 ideoque

164 5033 323 5088 duxit
350 5049 483 5092 eam
518 5036 759 5109 dignam
794 5034 1028 5105 speciali
1060 5036 1431 5096 salutatione.

206 5142 716 5221 .(1165-66)_In_Act.
752 5144 940 5211 apost.
969 5141 1181 5215 legitur
1220 5146 1333 5221 hoc
1381 5150 1453 5205 de
1504 5146 1680 5205 Paulo
1711 5160 1813 5202 ve-

169 5214 358 5267 niente
388 5214 756 5278 Corinthum,
790 5229 904 5266 non
934 5214 1066 5270 vero
1095 5220 1484 5278 Antiochiam.

1921 4501 2078 4572 juxit
2104 4501 2433 4556 Andronico
2463 4505 2521 4554 et
2547 4501 2737 4568 Juliaa,
2772 4516 2917 4571 quos
2946 4500 3059 4556 sibi
3088 4503 3366 4571 cognatos
3415 4497 3575 4552 dixe-

1929 4592 2055 4645 rat?
2086 4591 2231 4654 Quia
2261 4608 2377 4646 non
2409 4588 2693 4645 laboravit
2722 4589 2780 4643 in
2807 4589 3236 4660 przedicatione,
3286 4586 3569 4659 quemad-

1930 4681 2168 4735 modum
2199 4679 2304 4734 illi.

1994 4769 2239 4825 Salutate
2288 4786 2378 4825 eos
2433 4770 2529 4840 qui
2579 4771 2707 4824 sunt
2760 4782 2829 4822 ea:
2883 4768 3129 4824 Narcissi
3177 4761 3578 4838 (subauditur,

1923 4858 2100 4932 domo)
2132 4860 2302 4933 (471).
2334 4858 2643 4915 Narcissus
2691 4862 2886 4911 autem
2934 4857 3239 4928 presbyter
3281 4853 3414 4917 fuit,
3461 4866 3578 4904 non

1924 4951 2122 5005 tamen
2154 4949 2359 5004 habuit
2388 4947 2645 5019 aliquam
2677 4945 3019 5017 Ecclesiam,
3050 4948 3153 5000 aut
3190 4940 3441 5015 plebem,
3478 4939 3577 4994 sed

1924 5036 2040 5095 huc
2068 5039 2323 5110 illucque
2355 5037 2713 5105 discurrens,
2748 5035 3118 5107 praedicabat,
3153 5038 3210 5088 et
3233 5048 3360 5103 qua:
3387 5030 3460 5086 ab
3485 5045 3583 5084 au-

1996 5149 2145 5218 (469)
2174 5146 2363 5201 Verba
2391 5144 2641 5218 hujusce
2670 5148 2884 5218 textus,
2938 5159 3068 5213 quae
3113 5143 3467 5218 sequuntur,
3501 5136 3580 5191 ita

1922 5211 2336 5278 compendiose
2367 5211 2587 5278 scripta
2616 5220 2756 5272 sunt
2786 5214 2823 5267 i.
2857 5230 2909 5267 ο.
2943 5211 2994 5267 c.
3028 5218 3085 5268 et
3117 5211 3159 5266 1.
3193 5211 3249 5278 ς.
3286 5211 3324 5266 l.
3359 5229 3417 5265 u.
