3998 5278
374 317 495 382 283
1390 329 1729 394 ATTONIS
1776 326 2363 392 VERGELLENSIS
2408 327 2763 394 EPISCOPI
3645 335 3739 401 284

378 458 666 516 ditoribus
689 458 1097 537 suisaccipere
1128 470 1350 538 poterat
1380 466 1782 539 indigentibus
1823 482 2022 540 eroga-
2052 467 2108 534 Α
2139 464 2417 520 Romanis
2474 465 2802 532 tenebatur,
2859 463 3125 521 videlicet
3193 465 3295 539 qui
3370 480 3466 523 eos
3528 469 3739 532 orationi

377 549 478 605 bat
536 565 550 604 :
600 552 753 606 unde
802 553 1117 625 Apostolus
1167 561 1403 627 propter
1434 556 1895 612 benevolentiam
1926 574 2024 612 eos
2134 554 2399 609 omnium
2426 553 2836 624 Ecclesiarum,
2883 572 3013 627 quae
3062 572 3163 627 per
3207 573 3343 611 eum
3396 556 3736 630 crediderant,

379 656 615 712 quoque
646 642 746 707 qui
777 658 909 697 cum
941 660 1006 699 eo
1039 649 1202 699 erant
1233 644 1488 700 salutare
1520 646 2023 701 decrevit.Verum
2134 644 2599 710 commendabat,
2633 644 2896 699 subdidit
2930 661 2942 700 :
2977 644 3241 700 Salutant
3269 662 3366 701 vos
3394 662 3570 702 omnes
3598 651 3741 706 Eccle-

380 729 521 801 quia
550 728 749 785 multa:
781 731 863 785 illi
892 738 1058 788 erant
1087 733 1341 801 familiae,
1376 738 1433 789 et
1461 736 1631 790 multi
1683 736 1733 789 ei
1773 735 2026 791 adhaare-
2130 735 2236 788 sia?
2265 732 2493 788 Christi.
2530 733 2658 804 (Ubi
2692 732 3255 805 subintelligendum
3306 739 3395 789 est
3426 751 3440 788 ξ
3473 752 3589 807 quae
3629 744 3741 793 sunt

374 818 520 874 bant
550 820 796 875 necdum
829 823 1130 877 credentes
1160 824 1255 895 (ne
1285 822 1416 878 illos
1448 823 1702 879 salutare
1729 824 2026 880 videretur
2132 821 2190 875 in
2224 822 2317 875 his
2348 821 2712 891 Provinciis.)

373 908 711 980 Apostolus)
744 910 911 980 (472),
948 912 1160 981 adjecit
1195 931 1207 967 :
1241 913 1335 985 qui
1379 921 1505 967 sunt
1551 915 1611 967 in
1661 914 1907 979 Domino,
1962 915 2021 968 id
2205 911 2402 981 Igitur,
2437 912 2575 983 quia
2596 911 2786 967 adhuc
2807 912 3051 967 erantin
3073 911 3355 967 Romanis
3379 912 3476 983 qui
3498 929 3599 968 sua
3623 932 3740 986 pra-

371 1001 479 1065 est,
513 997 612 1068 qui
634 999 761 1067 jam
795 1000 1059 1055 credunt.
2131 1000 2421 1055 dicatione
2444 1000 2837 1056 dissensiones
2852 1006 2906 1056 et
2928 1000 3279 1056 offendicula
3302 1000 3609 1071 faciebant;
3631 1021 3741 1061 nam

445 1086 698 1143 Salutare
730 1090 1092 1161 Tryphaenam
1117 1100 1171 1146 et
1206 1092 1555 1163 7ryphosam,
1601 1110 1718 1164 quze
1766 1093 2020 1148 laborant
2130 1089 2267 1160 quia
2296 1089 2614 1144 hmresibus
2665 1089 2951 1144 unitatem
3008 1089 3270 1145 Ecclesiae
3322 1090 3579 1145 scindere
3622 1093 3742 1147 nite-

370 1176 431 1229 in
453 1178 808 1233 Dominc.Hae
832 1178 1107 1236 mulieres
1131 1180 1587 1251 aliquatenusin
1614 1182 2019 1253 przedicatione
2129 1180 2362 1246 bantur,
2419 1179 2658 1250 quidam
2710 1178 2976 1234 inﬁrmos
3024 1180 3229 1234 fratres
3286 1170 3738 1250 scandalizabant,

372 1264 777 1322 laboraverant
808 1273 863 1322 et
894 1269 1087 1324 adhuc
1120 1271 1480 1337 laborabant,
1516 1272 1763 1342 ideoque
1812 1272 2019 1342 dignas
2127 1268 2343 1324 idcirco
2374 1268 2624 1337 subjecit
2658 1284 2669 1321 :
2709 1270 2843 1338 Rago
2875 1284 2981 1335 vos,
3015 1270 3235 1338 fratres,
3271 1276 3333 1323 ut
3376 1270 3648 1324 observetis
3672 1286 3739 1327 eos

371 1354 580 1410 habuit
625 1357 937 1427 Apostolus
983 1376 1089 1414 sua
1135 1359 1504 1415 salutatione.
1540 1361 1792 1416 Salutate
1831 1363 2018 1415 Persi-
2127 1360 2224 1429 qui
2288 1358 2649 1413 dissensimzes
2708 1362 2759 1412 et
2808 1358 3157 1428 offendicula,
3215 1362 3425 1430 praeter
3478 1359 3739 1414 doctrinam

371 1443 499 1499 dam
530 1445 677 1517 (473)
705 1447 1110 1515 charissimam,
1145 1466 1260 1520 quae
1287 1450 1523 1504 multum
1546 1451 1816 1505 laboravit
1837 1453 1892 1504 in
1918 1452 2017 1505 Do-
2128 1463 2292 1519 quam
2320 1464 2411 1502 vos
2450 1446 2740 1514 didicistis,
2772 1449 3002 1517 faciunt.
3054 1451 3122 1501 Et
3169 1452 3235 1502 ut
3285 1448 3540 1503 obtinere
3599 1448 3737 1504 citius

370 1534 665 1589 min0.Cur
684 1535 836 1591 hanc
860 1537 1261 1609 superioribus
1284 1556 1398 1593 non
1413 1539 1750 1608 conjunxit?
1770 1540 2017 1606 Scilicet,
2126 1540 2325 1608 posset
2350 1537 2503 1605 quod
2535 1535 2923 1605 desiderabat,
2974 1553 3089 1591 non
3140 1536 3220 1591 ait
3272 1552 3285 1592 :
3342 1536 3620 1608 principio,
3648 1555 3740 1592 mo-

372 1622 510 1694 quia
541 1640 657 1679 non
689 1625 1082 1697 aliquatenus,
1129 1628 1283 1682 sicut
1334 1626 1465 1695 illa},
1502 1628 1601 1683 sed
1658 1627 1909 1682 multum
1958 1629 2015 1682 in
2126 1642 2256 1692 neo,
2291 1628 2389 1680 sed
2422 1640 2571 1694 rogo.

371 1712 778 1782 praedicatione
808 1715 966 1785 juvit
1010 1715 1389 1787 Apostolum;
1427 1718 1579 1771 unde
1609 1721 1665 1771 et
1694 1717 1968 1772 subditur
2000 1733 2013 1770 :
2198 1713 2468 1768 Poterant
2497 1717 2694 1769 autem
2726 1715 2969 1769 Romani
3002 1716 3221 1770 dicere:
3243 1715 3539 1779 Quomodo
3568 1715 3735 1770 abillis

372 1816 490 1873 qua:
538 1803 777 1858 multum
829 1805 1101 1859 laboravit
1150 1807 1207 1859 in
1257 1807 1517 1871 Domino;
1563 1806 1831 1878 (ideoque
1887 1823 2015 1862 eam
2047 1842 2095 1906 B
2126 1820 2324 1858 cavere
2356 1819 2692 1874 possumus,
2718 1820 2850 1858 cum
2884 1803 3125 1875 majoris
3156 1803 3431 1875 potentia:
3463 1804 3733 1875 sintquam

372 1889 781 1947 charissimam
812 1895 1055 1964 vocavit)
1083 1896 1250 1966 (474).
2047 1889 2095 1906 ³³
2128 1908 2366 1963 nos,nec
2382 1893 2612 1963 possint
2633 1891 2769 1963 pelli
2787 1892 2857 1947 ab
2883 1892 3180 1947 Ecclesia?
3202 1892 3423 1948 Idcirco
3444 1892 3732 1963 subjunxit:

443 1980 693 2036 Salutate
722 1983 930 2057 Rufum
958 1984 1191 2039 electum
1220 1986 1282 2040 in
1314 1987 1622 2055 Domino,et
1642 1989 1872 2041 matrem
1899 1987 2018 2057 ejus
2127 1985 2179 2037 et
2206 1981 2483 2036 declinate
2511 1981 2579 2037 ab
2605 1983 2704 2036 eis.
2739 1980 2961 2045 Quibus
2989 1981 3183 2037 verbis
3213 1982 3487 2050 ostendit,
3509 1981 3630 2053 quia
3647 1998 3731 2037 non

370 2074 422 2125 et
450 2086 651 2125 meam.
680 2071 824 2127 Cum
858 2072 1104 2128 electum
1152 2074 1209 2128 in
1262 2075 1509 2131 Domino
1557 2077 1718 2142 dicit,
1765 2074 2021 2130 ostendit
2130 2068 2321 2126 solum
2354 2070 2747 2143 prmlatis,sed
2778 2070 2955 2126 etiam
2989 2070 3245 2126 subditis
3277 2087 3492 2143 magna
3510 2070 3732 2126 discretio

370 2160 545 2214 etiam
573 2160 1017 2218 dilectum.Erat
1047 2168 1243 2219 autem
1267 2165 1486 2220 electus
1509 2164 1609 2219 illa
1628 2164 1926 2227 electione,
1950 2165 2021 2220 de
2129 2164 2217 2215 est
2253 2160 2523 2215 habenda
2551 2160 2720 2231 (479).
2755 2159 2900 2214 Nam
2951 2159 2999 2215 si
3052 2159 3277 2215 nullius
3326 2159 3612 2231 potestatis
3654 2163 3731 2213 aut

371 2265 490 2320 qua
516 2250 796 2307 Dominus
828 2252 967 2307 dicit
997 2270 1015 2306 :
1048 2256 1223 2309 Pauci
1250 2256 1405 2309 electi
1434 2254 1643 2325 (Matth.
1677 2271 1770 2319 xx,
1797 2253 1881 2324 l6)
1919 2270 1931 2308 :
1966 2258 2021 2307 et
2132 2266 2318 2320 parvae
2353 2249 2619 2321 sunt,qui
2650 2249 3047 2304 dissensiones
3068 2253 3125 2304 et
3145 2248 3501 2304 offendicula
3528 2248 3729 2314 faciunt;

370 2338 527 2392 idem
558 2340 867 2410 Apostolus
902 2358 914 2396 :
951 2342 1104 2398 Sicut
1130 2344 1288 2414 elegit
1316 2360 1418 2399 nos
1450 2346 1509 2398 in
1538 2346 1653 2415 ipso
1683 2352 1809 2397 ante
1830 2342 2023 2397 mundi
2130 2338 2381 2411 pellendi
2415 2344 2558 2394 sunt
2586 2338 2658 2393 ab
2692 2337 2968 2408 Ecclesia,
3004 2342 3068 2392 ut
3095 2338 3327 2394 confusi
3377 2342 3656 2393 vertantur
3679 2337 3730 2391 ad

370 2430 808 2485 constitutionem
842 2431 1062 2501 (Ephes.
1093 2449 1132 2501 ι,
1166 2432 1241 2502 4).
1276 2432 1591 2487 Sciendum
1641 2436 1838 2487 autem
1887 2432 2022 2501 quia
2130 2427 2533 2498 pcenitentiam
2566 2445 2578 2482 :
2616 2428 2665 2482 si
2695 2443 2831 2483 vero
2864 2432 3040 2483 tantae
3073 2427 3379 2499 potestatis
3404 2426 3730 2491 sunt,utfnn-

372 2516 569 2587 magni
604 2519 791 2573 meriti
826 2519 953 2590 fuit,
982 2520 1231 2592 ideoque
1261 2524 1506 2576 matrem
1538 2522 1666 2591 ejus
1708 2520 2021 2592 Apostolus
2130 2517 2286 2572 ditus
2317 2516 2450 2588 pelli
2483 2533 2596 2572 non
2626 2516 2884 2588 possint;
2917 2516 3335 2571 declinandum
3366 2521 3454 2571 est
3483 2516 3549 2570 ab
3579 2515 3731 2579 eis,ne

371 2622 541 2661 suam
570 2610 1321 2680 vocavit,quemadmodum
1354 2611 1636 2666 Dominus
1658 2610 1717 2665 in
1748 2612 2021 2682 passione
2129 2605 2267 2661 boni
2299 2605 2585 2660 malorum
2617 2605 2906 2660 consortio
2940 2609 3419 2676 corrumpantur.
3451 2606 3559 2661 Cur
3580 2607 3728 2658 autem

370 2711 539 2750 suam
571 2702 817 2752 matrem
848 2697 996 2752 dixit
1025 2715 1152 2755 esse
1184 2699 1455 2771 discipuli
1489 2700 1663 2770 (Joan.
1701 2718 1816 2771 Xix,
1850 2701 1962 2771 26).
2130 2694 2539 2750 declinandum
2573 2696 2647 2750 sit
2678 2694 2748 2748 ab
2784 2695 2889 2760 eis,
2923 2694 3196 2763 ostendit,
3229 2695 3590 2766 snbjungens
3620 2694 3730 2746 :Hu:

436 2785 684 2841 Salutate
738 2787 1129 2858 Ansyncritum
1185 2790 1353 2860 (475),
1425 2790 1781 2860 Phlegontam
1845 2790 2016 2862 (476),
2120 2783 2364 2856 jusmodi
2389 2786 2538 2839 enim
2562 2782 2778 2838 Christo
2807 2784 3034 2837 Domino
3056 2791 3244 2838 nostro
3268 2800 3380 2838 non
3404 2783 3648 2845 serviunt,
3666 2778 3733 2833 sed

368 2874 621 2941 Ηενηηεη,
652 2877 971 2946 Patrobam,
1007 2882 1293 2943 Her-mam,
1333 2886 1386 2933 et
1433 2881 1530 2949 qui
1577 2896 1700 2934 cum
1746 2881 1823 2934 eis
1867 2885 2015 2950 sunt,
2128 2889 2223 2927 suo
2254 2873 2451 2939 ventri,
2484 2871 2542 2925 id
2573 2874 2680 2939 est,
2716 2887 2831 2925 non
2863 2870 3195 2926 animarum
3221 2871 3411 2939 lucra,
3436 2878 3531 2927 sed
3552 2876 3732 2925 terrena

367 2963 591 3031 fratres.
626 2962 762 3031 Hos,
798 2963 934 3035 quia
981 2983 1093 3022 non
1144 2967 1625 3037 praedicaverunt,
1675 2967 2020 3040 simpliciter
2129 2962 2434 3017 commoda
2465 2960 2760 3032 petunt.Et
2788 2976 2885 3031 per
2913 2959 3096 3015 dulces
3124 2976 3420 3031 sermones,
3457 2964 3507 3015 et
3553 2956 3731 3013 benedi-

370 3047 661 3105 salutavit.
694 3052 797 3107 Hic
828 3057 1023 3109 autem
1056 3054 1298 3111 Hermes
1329 3057 1499 3127 (477),
1532 3061 1597 3111 ut
1635 3056 1873 3129 quidam
1917 3074 2014 3113 νο-
2125 3053 2347 3119 ctiones,
2393 3051 2656 3106 seducunt
2693 3049 2857 3105 corda
2907 3051 3282 3105 innocentum.
3333 3050 3515 3107 Corda
3560 3047 3733 3119 quippe

369 3136 498 3192 lunt
528 3140 702 3211 (478),
736 3141 951 3198 librum
983 3143 1238 3217 scripsit,
1273 3145 1373 3216 qui
1405 3148 1648 3202 Pastoris
1679 3146 1969 3202 titulatur.
2056 3208 2087 3217 _
2124 3139 2506 3195 innocentum
2540 3156 2642 3211 per
2668 3138 2867 3194 dulces
2899 3154 3198 3194 sermones
3230 3144 3290 3194 et
3320 3137 3734 3195 benedictiones;

439 3208 1065 3304 Salutate—Philologum
1092 3208 1145 3289 et
1171 3208 1416 3295 Iuliam;
1445 3234 1635 3289 virum
1682 3238 1739 3292 et
1777 3251 2015 3290 uxorem
2047 3208 2089 3275 C
2128 3228 2286 3301 quia,
2324 3232 2388 3283 ut
2414 3229 2485 3283 ab
2515 3208 2927 3283 innocentibus
2951 3228 3141 3282 sancti
3164 3227 3511 3297 habeantur,
3534 3229 3586 3280 et
3606 3220 3733 3278 dictis

368 3315 650 3374 debemus
682 3320 1187 3393 intelligere.Quia
1207 3339 1341 3378 vero
1364 3339 1497 3377 mox
1528 3322 1724 3377 intulit
1748 3340 1760 3378 :
1784 3324 2024 3378 Nereum
2135 3317 2371 3373 illorum
2403 3318 2547 3372 ﬁdes
2579 3317 3071 3385 accommodetur,
3116 3317 3294 3372 modo
3342 3315 3546 3371 blande
3574 3308 3734 3384 pradi-

366 3408 418 3458 et
444 3419 689 3461 sororem
716 3410 908 3474 eius,et
945 3408 1353 3481 Olympiadem,
1388 3410 1529 3482 quia
1559 3410 2021 3481 praecedentibus
2138 3410 2289 3473 cant,
2313 3406 2482 3461 modo
2514 3406 2803 3477 quasdam
2835 3404 3268 3460 henedictiones
3292 3404 3733 3467 tribuunt.1taque

368 3508 468 3547 eos
501 3495 842 3565 conjunxit;
874 3497 1057 3552 voluit
1090 3498 1333 3554 forsitan
1359 3500 1662 3554 ostendere
1691 3499 1888 3571 aliqua
1908 3500 2031 3555 afﬁ-
2140 3502 2205 3551 ut
2230 3513 2327 3552 eos
2356 3494 2660 3551 inclinaret
2692 3495 2763 3550 ad
2793 3494 2873 3564 id,
2907 3495 3063 3567 quod
3114 3494 3370 3566 petebat,
3423 3487 3692 3562 subjunxit
3722 3499 3731 3535 :

370 3580 551 3637 nitate
582 3584 1023 3655 conjunctos.Et
1045 3588 1183 3660 quia
1205 3604 1338 3643 cum
1363 3587 1455 3642 his
1491 3588 1656 3643 multi
1689 3594 2030 3644 sanctorum
2148 3588 2330 3642 Vestra
2358 3593 2543 3640 autem
2588 3584 2893 3639 obedientia
2942 3587 3001 3638 in
3052 3599 3261 3639 omnem
3308 3584 3478 3639 locum
3508 3576 3743 3645 divulgata

370 3675 638 3742 erant,ne
660 3672 916 3744 aliquem
944 3676 1280 3747 praeteriret,
1309 3677 1620 3748 subjunxit
1647 3694 1659 3732 :
1684 3686 1755 3745 et,
1787 3679 1882 3748 qui
1909 3694 2033 3733 cum
2142 3683 2239 3741 est,
2291 3674 2345 3730 id
2398 3678 2505 3742 est,
2558 3674 2712 3745 quod
2746 3672 3100 3746 Evangelicaa
3148 3674 3426 3728 doctrinae
3457 3667 3742 3727 obedientes

368 3760 452 3813 eis
482 3765 632 3832 sunt,
665 3768 904 3819 sanctos.
961 3764 1222 3836 Denique
1270 3769 1402 3838 post
1450 3765 1761 3838 specialem
1812 3766 2033 3822 saluta‘
2144 3764 2294 3834 sitis,
2326 3763 2387 3818 in
2415 3767 2533 3819 toto
2564 3765 2703 3818 orbe
2733 3768 3023 3818 terrarum
3074 3760 3444 3818 diffamatum
3492 3762 3589 3813 est.
3629 3751 3742 3806 Hinc

370 3847 613 3921 tionem,
652 3852 723 3906 ad
755 3852 1089 3925 generalem
1120 3871 1181 3910 se
1211 3854 1478 3921 contulit,
1509 3854 1709 3911 dicens
1745 3872 1757 3911 :
1792 3856 2039 3913 Salutate
2090 3868 2091 3871 ‘
2146 3854 2310 3925 longe
2368 3852 2638 3923 superius
2687 3851 2767 3906 ait
2815 3866 2829 3907 :
2878 3850 3035 3906 Fides
3081 3852 3260 3905 vestra
3305 3848 3654 3906 annuntiatur
3696 3838 3741 3890 in

374 3938 606 3993 invicem
636 3940 693 3995 in
724 3942 929 3997 osculo.
962 3943 1032 3997 Et
1059 3943 1199 4014 quia
1229 3948 1370 4000 sunt
1401 3945 1791 4015 quorumdam
1816 3940 2030 4002 subdo'
2143 3944 2393 3998 universo
2421 3941 2623 3996 mundo
2653 3945 2875 4011 (supra,
2910 3957 2948 4010 Ι,
2981 3939 3057 4010 8).

374 4027 433 4083 la
461 4028 682 4098 oscula,
716 4030 870 4086 sicut
893 4031 1056 4087 Judas
1081 4050 1095 4100 ;
1130 4037 1192 4087 ut
1219 4048 1285 4089 ea
1313 4033 1671 4105 prohiberet,
1699 4028 2031 4106 subjunxit’
2214 4032 2286 4087 Ut
2315 4035 2510 4086 autem
2544 4029 2875 4084 ostenderet
2904 4043 2967 4083 se
2997 4026 3279 4100 gratulari
3311 4028 3381 4082 de
3411 4023 3650 4098 profectu
3676 4029 3741 4106 ea

373 4122 583 4173 sancto.
1317 4103 1330 4105 “
1809 4103 1824 4106 “
2143 4137 2296 4187 rum,
2332 4118 2640 4190 subjunxit
2673 4135 2685 4173 :
2722 4118 2942 4173 Gaudeo
2974 4119 3151 4188 igitur
3179 4119 3241 4172 in
3270 4116 3444 4172 vobis.
3476 4114 3673 4168 Rursus
3695 4103 3741 4155 ut

446 4208 518 4263 Ut
575 4211 770 4265 autem
830 4211 1163 4266 ostenderet
1211 4214 1434 4281 quanta
1487 4210 1876 4266 sollicitudine
1928 4226 2031 4281 pro
2142 4210 2542 4265 manifestaret
2570 4223 2670 4263 eos
2695 4224 2811 4262 non
2833 4205 3025 4262 adhuc
3056 4206 3340 4278 perfectos
3372 4190 3740 4271 undique,sub‘

449 4350 598 4428 (472)
644 4352 774 4407 Haec
819 4352 996 4408 verba
1036 4352 1095 4406 in
1146 4351 1369 4408 laterali
1414 4351 1678 4424 margine
1719 4356 1913 4424 autog.
1948 4353 2028 4409 le-
2138 4357 2334 4428 torum
2368 4351 2427 4405 in
2460 4349 2654 4428 aliquo
2686 4348 2788 4428 tali
2820 4351 3057 4428 peccato
3088 4346 3265 4428 fuerit
3293 4330 3739 4428 depreheqﬂfjf‘i

377 4404 765 4491 ευιηιυέςηη
1948 4404 1999 4409 τ’
2140 4404 3735 4491 istiismmagnushabeaturnathocmfbiparuulus

473 4492 799 4565 473)Yu1g.
831 4493 1131 4565 Persidem.
2140 4494 2478 4550 schismatis
2525 4482 2753 4548 nullum
2794 4496 2883 4547 est
3038 4482 3325 4561 [quando
3372 4482 3738 4565 ita—cujulsfl‘f

631 4552 778 4646 lite;
794 4566 966 4646 verba
994 4564 1309 4646 in__laterali
1342 4566 1605 4639 margine
1637 4565 1933 4639 leguntur.
2058 4583 2102 4646 D
2136 4569 2357 4646 crimen
2390 4570 2593 4646 notum
2626 4568 2734 4635 est,
2768 4568 2833 4618 ut
2862 4562 3055 4617 nullos
3086 4552 3352 4646 prorsus,
3376 4552 3735 4646 velql‘lqlffg’ff

631 4634 800 4715 Yulg.
837 4638 1209 4715 esi/peritum.
1471 4622 1504 4639 υ
1590 4622 1597 4623 ί
1694 4622 1727 4639 υ
1828 4622 1861 4623 έν
2058 4622 2102 4646 υ
2136 4639 2350 4694 habeat
2379 4622 2861 4715 defensores,_per
2882 4651 3027 4715 quos
3056 4622 3246 4715 possit
3273 4622 3731 4715 sc'hismafcjﬂtjﬁf

479 4690 602 4785 Ψ)
631 4690 801 4785 Χυμὶ
836 4690 1223 4785 nnciam.
2136 4690 2346 4785 es"?
2368 4690 2443 4785 ξέ
2460 4690 2625 4785 tunc
2657 4690 2853 4785 alitem
2886 4690 3002 4785 150°.
3021 4690 3141 4759 sint
3169 4704 3299 4785 labe
3329 4690 3736 4785 ραοίξιιεξὲυῗξξ

477 4768 601 4851 47
631 4778 732 4834 Vel
751 4768 953 4851 potius
978 4768 1230 4836 vllermas.
2135 4768 2213 4835 tis
2244 4786 2302 4836 et
2332 4779 2465 4851 sine
2486 4778 2722 4851 laesione
2751 4768 3349 4851 frumentorumfieri
3391 4768 3731 4851 potsse???

476 4840 601 4925 42$)
630 4840 906 4925 Qrigenes
920 4851 1449 4925 scilicet,Eusebius
1471 4851 2024 4925 etD.Hieronymus.
2138 4850 2608 4925 congregationis
2638 4847 3253 4925 Ecclesiemultitudo
3284 4846 3354 4901 ab
3391 4840 3466 4923 'ep
3507 4840 3729 4925 εΐξιξξξξξξί

450 4896 599 4992 (479)
630 4896 765 4977 Ηωὲ
788 4924 1079 4978 sententia
1110 4898 1350 4979 oinnino’
1405 4939 1535 4978 cum
1586 4896 1871 4979 universis
1916 4926 2025 4979 Ec-
2137 4896 2290 4994 quod
2307 4896 3045 4993 agathematizaturmliena
3065 4922 3180 4986 est;
3204 4922 3343 4973 tunc
3363 4913 3512 4993 enim
3532 4896 3731 4994 ᾳάᾇξιξξξ
