3998 5278
202 416 320 481 285

761 415 1182 481 EXPOSITIO
1224 416 1304 479 ΙΝ
1348 415 1773 478 EPISTULAS
1818 414 2081 479 PAULI.
2145 447 2225 463 —
2252 417 2332 479 IN
2376 417 2625 481 EPIST.
2696 420 2802 481 AD
2848 416 3041 485 ROM.

3484 415 3606 480 286

196 550 343 624 jecit
378 566 391 605 :
427 549 534 607 Sed
560 551 678 606 volo
707 566 802 608 vos
831 567 943 607 esse
962 553 1231 623 sapientes
1248 553 1308 606 in
1330 552 1546 619 bono,et
1574 550 1853 622 vimpliees
1882 550 1939 617 Α
2037 551 2232 607 Saluto
2261 567 2353 607 vos
2381 561 2435 608 et
2463 569 2562 621 ego
2598 554 2826 619 Tertius,
2857 554 2954 623 qui
2978 552 3174 622 scripsi
3202 553 3514 623 Epistolam
3541 553 3606 607 in

205 644 266 698 in
291 642 462 697 malo.
499 642 557 697 In
592 641 743 696 bono
774 642 1067 713 sapientes
1126 646 1285 711 sunt,
1316 641 1417 712 qui
1448 640 1607 695 omni
1658 640 1851 695 studio

205 735 263 787 et
290 731 582 803 sapientia
611 730 834 785 malum
867 730 1164 786 declinant
1192 747 1204 785 :
1239 730 1538 803 simplices
1580 730 1639 785 in
1672 730 1849 796 malo,

211 820 307 893 qui
340 837 457 876 non
491 820 744 875 reddunt
774 819 994 874 malum
1029 837 1131 892 pro
1158 820 1311 875 malo
1357 837 1546 893 neque
1576 818 1853 874 maledic-

208 915 337 965 tum
370 926 475 982 pro
506 908 835 965 maledicto.
868 910 1029 964 Unde
1060 909 1198 964 alibi
1234 926 1246 965 :
1281 910 1491 964 Malitia
1515 910 1748 980 parvuli
1778 923 1853 962 es-

213 1003 340 1065 tote,
371 1015 533 1054 sensu
562 1003 749 1053 autem
775 1000 1003 1069 perfecti
1030 1002 1152 1053 sitis
1183 1000 1230 1069 (I
1260 1000 1382 1055 Cor.
1416 1016 1532 1063 xw,
1562 1000 1673 1068 20).

284 1133 354 1188 Ut
383 1136 578 1187 autem
608 1131 951 1201 ostendezet,
986 1132 1124 1202 quia
1152 1150 1267 1187 non
1302 1149 1429 1203 sua,
1474 1132 1571 1186 sed
1606 1130 1703 1184 Dei
1741 1130 1855 1184 vir-

209 1225 334 1276 tute
368 1222 474 1275 hoc
507 1222 693 1276 facere
726 1226 984 1291 possent,
1044 1221 1241 1275 addit:
1278 1223 1415 1275 Deus
1475 1229 1658 1275 autem
1698 1221 1858 1291 paris

212 1315 449 1367 conteret
482 1311 739 1365 Satanam
766 1328 777 1377 ;
816 1326 880 1364 ac
915 1310 961 1365 si
998 1311 1213 1364 diceret
1241 1330 1252 1365 :
1282 1311 1338 1365 Si
1374 1312 1431 1364 in
1456 1310 1608 1364 bono
1632 1310 1858 1381 sapien-

210 1404 319 1469 tes,
356 1401 413 1454 in
446 1399 599 1455 malo
634 1399 929 1470 simplices
960 1416 1088 1453 esse
1119 1400 1481 1466 studueritis,
1516 1399 1668 1454 Deus
1700 1398 1859 1469 pacis

214 1506 453 1546 omnem
485 1490 661 1543 Satan
695 1505 889 1543 coram
921 1487 1086 1543 vobis
1118 1493 1394 1553 conteret,
1432 1492 1487 1543 et
1544 1488 1858 1558 perfectam

212 1595 418 1651 pacem
450 1580 743 1634 concedet.
794 1582 969 1633 Satan
1024 1578 1369 1633 adversarius
1422 1577 1859 1648 interpretatur.

213 1669 562 1739 Quicunque
592 1668 791 1740 igitur,
834 1673 898 1723 ut
947 1668 1262 1739 perlectam
1322 1667 1729 1722 contritionem
1764 1667 1861 1720 de-

213 1761 589 1826 monstraret,
624 1757 929 1828 subjunxit
960 1776 975 1809 :
1006 1758 1101 1811 sub
1130 1756 1355 1827 pedibus
1382 1758 1589 1811 vestris:
1613 1759 1861 1827 Rursus,

214 1862 284 1902 ne
319 1863 450 1902 eam
485 1845 701 1901 differri
736 1845 959 1901 diutius
990 1844 1513 1909 crederent,volens
1545 1861 1643 1900 eos
1666 1861 1865 1915 provo-

216 1952 351 1993 care
376 1936 447 1990 ad
471 1936 809 1991 sectandam
825 1934 1172 2005 sapientiam
1200 1934 1259 1988 in
1274 1934 1423 1989 bono
1447 1938 1501 1989 et
1523 1932 1838 2005 simplicita

134 2056 137 2057 ν
215 2029 337 2081 tem
369 2026 429 2079 in
458 2023 632 2078 malo.
667 2024 920 2091 subiecit
954 2041 965 2077 :
1000 2023 1497 2077 velociter.Deinde
1519 2022 1863 2093 orationem,

218 2131 319 2187 per
348 2129 524 2184 quam
556 2112 646 2167 sui
669 2112 965 2167 auditores
985 2112 1246 2167 obtinere
1277 2115 1516 2183 possent
1537 2111 1691 2182 quod
1714 2111 1865 2166 desi-

230 2200 761 2269 derabat,subdidit
793 2201 995 2257 dicens
1029 2218 1041 2256 :
1076 2204 1269 2256 Gratia
1300 2202 1523 2255 Domini
1546 2203 1725 2255 nostri
1744 2203 1868 2257 Jesu

229 2292 425 2347 Christi
456 2291 750 2345 vobiscum.
784 2289 889 2344 Ubi
939 2289 1265 2343 notandum
1312 2288 1470 2359 quin,
1502 2288 1638 2344 licet
1687 2290 1865 2344 totius

233 2380 525 2435 Trinitatis
559 2395 741 2434 unum
776 2380 851 2434 sit
895 2395 1043 2450 Opus
1102 2378 1290 2449 gratia
1320 2382 1519 2433 tamen
1580 2377 1707 2433 Filii
1742 2394 1868 2433 esse

227 2469 435 2523 dicitur
468 2468 746 2539 quoniam
780 2468 974 2522 omnis
1002 2466 1190 2537 gratia
1219 2466 1560 2522 hominibus
1602 2485 1704 2539 per
1733 2484 1866 2521 cum

221 2557 431 2612 collata
463 2561 571 2612 est.
605 2556 1021 2611 Verumtamen
1056 2555 1154 2610 ubi
1184 2572 1303 2610 una
1334 2572 1400 2611 ex
1429 2556 1713 2611 Trinitate
1744 2572 1868 2628 per-

217 2665 366 2703 sona
398 2646 654 2719 ponitur,
708 2646 890 2701 totius
949 2644 1151 2717 procul
1210 2646 1388 2701 dubio
1447 2646 1749 2701 Trinitatis
1806 2646 1871 2700 ﬁt

216 2736 462 2792 mentio.

286 2874 577 2925 Praeterea
607 2868 807 2924 volens
838 2870 1143 2924 ostendere
1190 2884 1370 2939 quam
1424 2867 1657 2923 solliciti
1718 2869 1874 2925 circa

216 2960 521 3015 Romanos
553 2962 718 3012 erant
747 2958 919 3013 etiam
953 2957 1167 3027 illi,qui
1199 2973 1332 3011 cum
1366 2972 1431 3011 eo
1472 2957 1870 3024 morabantur,

1962 643 2215 697 Domino.
2248 643 2409 706 Quod
2443 642 2603 709 dicit,
2637 642 3009 707 Tertius,non
3034 642 3105 696 ad
3133 658 3442 697 munerum
3467 643 3608 698 refe-

1962 730 2208 785 rendum
2241 734 2349 796 est,
2380 732 2479 785 sed
2509 732 2578 785 ad
2614 731 3026 803 proprietatem
3050 728 3425 786 nominiszsic
3446 731 3604 786 enim

1963 819 2154 875 dictus
2184 824 2273 875 est
2300 819 2402 874 ille
2430 820 2531 889 qui
2560 820 2710 875 banc
2740 819 3064 891 Epistolam
3109 818 3363 890 scripsit.
3390 820 3608 874 Salutat

1964 925 2053 964 vos
2086 907 2252 963 Gaius
2280 909 2468 979 hospes
2496 912 2791 965 meus.lste
2819 908 2998 963 Gaius
3031 925 3251 978 magnae
3282 907 3391 962 fuit
3410 906 3610 979 hospi-

1961 996 2235 1064 talitatis;
2273 1000 2427 1068 quod
2460 998 2636 1052 etiam
2665 998 2920 1053 Joannes
2942 996 3002 1051 in
3034 996 3288 1069 Epistola
3320 1012 3429 1051 sua
3449 996 3605 1050 afﬁr-

1965 1091 2089 1141 mat
2120 1088 2295 1153 (Joan.
2329 1104 2415 1153 ιιι,
2466 1087 2537 1156 1).
2571 1086 2731 1142 Unde
2782 1086 3115 1157 Apostolus,
3163 1090 3228 1141 ut
3281 1086 3614 1141 ostenderet

1966 1176 2107 1247 quia
2137 1191 2249 1230 non
2285 1174 2396 1229 sibi
2426 1174 2746 1240 solum,sed
2774 1178 2833 1231 et
2852 1174 3128 1230 omnibus
3146 1175 3218 1230 ad
3241 1190 3299 1230 se
3320 1174 3615 1229 conﬂuen-

1965 1265 2125 1319 tibus
2155 1264 2573 1335 hospitalitatis
2606 1262 3566 1336 prasbebatobseqium,subjunxit
3598 1280 3611 1316 :

1966 1363 2020 1409 et
2051 1354 2321 1409 universa
2352 1355 2610 1410 Ecclesia
2642 1354 2786 1424 (483)
2819 1353 3188 1419 subauditur,
3218 1352 3473 1424 hospes).
3506 1352 3611 1407 Sa-

1970 1444 2115 1497 lutat
2146 1458 2234 1497 vos
2264 1444 2496 1498 Erastus
2523 1444 2779 1499 arearius
2806 1444 3065 1497 civitatis.
3099 1442 3244 1497 Cum
3276 1441 3425 1497 dixit
3455 1457 3613 1496 arca-

1972 1532 2127 1587 rium
2159 1533 2484 1604 principem
2517 1533 2700 1587 voluit
2730 1532 3133 1588 demonstrare
3167 1547 3179 1585 :
3212 1530 3421 1586 archos
3465 1530 3614 1600 (483)

1972 1623 2131 1677 enim
2162 1626 2374 1687 Graece,
2405 1638 2677 1677 summus
2709 1622 2928 1677 dicitur
2955 1621 3041 1676 vel
3102 1621 3394 1693 princeps.
3429 1620 3615 1690 Hujus

1973 1727 2110 1783 ergo
2143 1712 2499 1767 mentionem
2523 1710 2652 1766 ideo
2672 1712 2805 1767 fecit
2835 1715 3059 1781 ut,cum
3081 1710 3327 1766 Romani
3350 1709 3621 1765 audirent

1974 1800 2297 1872 principem
2331 1800 2587 1855 Corinthi
2605 1802 2731 1871 jam
2764 1801 3079 1867 credere,et
3102 1798 3186 1853 illi
3219 1798 3319 1873 qui
3348 1798 3502 1853 inter
3520 1814 3620 1853 eos

1841 1962 1866 1975 _
1896 1926 1946 1990 Β
1975 1889 2267 1961 principes
2297 1895 2465 1945 erant
2488 1890 2807 1945 crederent.
2839 1890 2906 1945 Et
2938 1893 3185 1961 Quartus
3212 1892 3404 1960 /rater.
3438 1889 3619 1986 Quar-

1974 1982 2093 2045 tus,
2128 1995 2241 2034 non
2274 1979 2345 2033 ad
2376 1979 2661 2048 ordinem,
2682 1980 2782 2033 sed
2813 1980 2884 2033 ad
2919 1978 3330 2049 proprietatem
3364 1975 3621 2031 nominis

1976 2068 2247 2139 pertinet.
2280 2069 2462 2137 Cuius
2494 2072 2688 2123 autem
2721 2067 2913 2123 meriti
2945 2067 3138 2133 fuerit,
3172 2080 3242 2121 ex
3271 2066 3381 2120 hoc
3401 2064 3619 2137 colligi-

1976 2161 2069 2211 tur
2092 2156 2391 2227 quia,post
2416 2155 2623 2212 Gaium
2656 2156 3228 2228 hospitalem,locum
3249 2154 3618 2211 salutationis

1977 2246 2251 2315 obtinuit,
2285 2245 2439 2300 sicut
2465 2249 2522 2300 et
2558 2246 2833 2301 meritum
2882 2246 3062 2301 Tertii
3113 2245 3173 2300 in
3222 2260 3288 2300 eo
3338 2260 3621 2316 magnum

1978 2334 2160 2389 fuisse
2194 2334 2471 2405 probatur
2492 2335 2644 2406 quod
2678 2338 2809 2406 post
2830 2338 3105 2407 cognatos
3134 2334 3396 2405 Apostoli
3428 2334 3621 2389 locum

1976 2426 2173 2479 tenere
2204 2422 2417 2478 meruit
2446 2424 2839 2479 salutationis.

2049 2513 2254 2569 Finitis
2285 2512 2468 2585 igitur
2498 2513 2970 2584 salutationibus,
3002 2516 3073 2569 ad
3108 2514 3470 2569 referendam
3502 2512 3619 2567 Deo

1978 2602 2223 2674 gloriam
2252 2619 2314 2657 se
2346 2600 2609 2670 contulit,
2643 2602 2845 2658 dicens
2874 2603 3021 2673 (484)
3056 2619 3069 2657 :
3104 2604 3171 2657 Ei
3198 2610 3383 2658 autem
3403 2603 3498 2673 qui
3524 2619 3620 2673 po-

1980 2694 2096 2747 tens
2122 2701 2199 2747 est
2230 2708 2317 2748 vos
2363 2694 2694 2760 conﬁrmare
2725 2693 2896 2761 juxta
2953 2692 3311 2759 Evangelium
3339 2706 3541 2746 meum.
3574 2697 3626 2745 et

1976 2781 2431 2851 praedicationem
2456 2783 2577 2837 Jesu
2628 2780 2853 2846 Christi,
2883 2782 3178 2837 secundum
3232 2780 3627 2835 reuelationem

1980 2872 2234 2941 mysterii
2263 2872 2597 2941 temporibus
2623 2872 2843 2925 aeternis
2868 2871 3028 2926 taciti
3056 2870 3219 2942 (quod
3273 2886 3423 2924 nunc
3473 2877 3626 2940 pate-

1981 2962 2185 3029 factum
2212 2965 2291 3013 est
2318 2976 2419 3030 per
2441 2960 2652 3030 Scripta
2661 2976 2750 3015 ras
2765 2960 3157 3031 prophetarum
3169 2958 3462 3015 secundum
3482 2973 3627 3029 pree-

210 3048 489 3121 ipsorum
513 3060 750 3116 quoque
772 3030 971 3099 intulit
995 3044 1603 3114 salutationes,dicens
1628 3043 1877 3099 :Salutat
1983 3056 2193 3117 ceptum
2220 3050 2424 3103 aeterni
2451 3048 2647 3115 Dei,ad
2677 3030 3041 3104 obedientiam
3060 3050 3208 3120 (485)
3241 3049 3387 3119 ﬁdei,
3410 3051 3471 3103 in
3488 3065 3624 3103 cuu-

207 3153 313 3192 vos
346 3134 650 3189 Timotheus
673 3133 891 3203 adjutor
939 3148 1112 3200 meus,
1144 3136 1194 3187 et
1250 3134 1446 3187 Lucius
1502 3136 1552 3187 et
1604 3134 1771 3187 lason
1826 3136 1877 3188 et
1985 3136 2082 3189 dis
2112 3136 2364 3204 gentibus
2393 3137 2736 3208 eogniti,soli
2750 3139 2993 3207 sapienti
3017 3140 3243 3208 Deo,per
3260 3140 3443 3194 Jesum
3464 3137 3621 3192 Chri-

218 3225 516 3295 Sosipater
542 3220 1697 3291 eognatimei.TimotheusDerbensisfuit
1720 3220 1876 3276 ﬁlius
1984 3229 2147 3294 stum,
2179 3226 2269 3279 cui
2299 3226 2476 3293 gloria
2506 3226 2567 3279 in
2594 3226 2793 3279 saecula
2830 3226 3181 3282 saeculorum.
3215 3227 3404 3280 Amen.
3462 3226 3625 3289 Quod

214 3292 536 3383 cujusdam
570 3310 777 3377 viduae,
812 3314 975 3381 patre
1004 3308 1207 3380 gentili
1237 3311 1514 3379 (Aet.xv1),
1547 3309 1871 3381 discipulus
1903 3292 1945 3360 C
1985 3292 2226 3378 dicit-ei,
2260 3292 2329 3369 ad
2364 3314 2471 3368 hoc
2504 3314 2878 3369 referendum
2914 3316 3003 3368 est
3032 3314 3188 3385 quod
3238 3314 3339 3380 ait,
3369 3314 3473 3369 soli
3500 3314 3627 3379 Deo,-

216 3400 381 3457 beati
416 3399 579 3453 Pauli
601 3402 658 3452 et
686 3403 1029 3469 cooperator
1054 3398 1111 3452 in
1133 3399 1635 3469 praedicationeEt
1654 3399 1763 3454 hoc
1786 3404 1876 3455 est

217 3489 382 3563 quod
416 3504 552 3543 eum
573 3492 740 3543 vocat
763 3488 1090 3555 adiutorem.
1108 3486 1321 3542 Lucius
1350 3492 1544 3542 autem
1566 3488 1690 3559 ipse
1720 3492 1876 3544 estet

220 3577 547 3649 Lucas,qui
578 3582 635 3632 et
668 3578 939 3632 Lucanus
957 3580 1014 3631 et
1044 3580 1258 3631 Lucam
1292 3576 1486 3630 dictus
1514 3577 1741 3632 est.Nec
1763 3577 1875 3632 mi-

216 3684 375 3734 rum,
411 3666 552 3738 quia
584 3666 783 3721 Graeca
804 3666 1056 3730 nomina,
1090 3664 1175 3719 vel
1205 3665 1465 3731 Hebraaa,
1491 3664 1657 3720 aliter
1686 3666 1744 3719 in
1768 3683 1876 3722 sua

216 3754 623 3828 lingua,aliter
652 3754 1185 3820 declinantur,cum
1206 3753 1279 3807 ad
1304 3752 1476 3807 aliam
1506 3754 1874 3809 transferun-

225 3850 345 3900 tur.
374 3845 555 3899 Jason
588 3848 643 3899 et
672 3842 1076 3914 Sosipater,illi
1107 3846 1268 3907 sunt,
1283 3842 1353 3897 de
1385 3844 1601 3913 quibus
1632 3843 1690 3898 in
1720 3845 1874 3899 Acti-

224 3933 339 3988 bus
368 3930 773 4004 apostolorum
806 3932 1019 4003 legitur
1051 3950 1066 3984 :
1099 3931 1525 3986 Comitabantur
1542 3936 1723 3986 autem
1750 3948 1876 3988 eum

216 4024 386 4078 lason
415 4029 469 4077 et
498 4022 779 4093 Sosipater
809 4022 954 4092 (480)
984 4021 1195 4091 Pyrrhi
1223 4022 1505 4075 Beroensis
1535 4021 1687 4091 (Act.
1720 4023 1874 4093 nui)

217 4111 522 4176 Quomodo
553 4126 689 4181 ergo
720 4109 833 4165 sibi
863 4107 1006 4164 dicit
1034 4124 1135 4163 eos
1165 4112 1464 4180 cognatos,
1516 4124 1649 4164 cum
1679 4109 1872 4165 Timo-

220 4198 401 4256 theus
426 4199 599 4255 fuerit
627 4198 963 4267 Derbensis,
1000 4202 1183 4253 Lucas
1210 4201 1390 4267 Syrus
1420 4198 1588 4269 (481).
1640 4199 1873 4255 natione

224 4287 959 4359 Antiochenus,Sosipater
990 4285 1194 4359 Pyrrhi
1226 4286 1532 4342 Beroensis
1560 4288 1588 4341 ?
1617 4288 1725 4343 Sed
1758 4304 1873 4343 non

222 4376 397 4432 debet
419 4375 599 4431 videri
630 4376 1010 4432 contrarium.
1044 4375 1191 4431 Nam
1220 4376 1408 4431 Judaai
1463 4376 1625 4431 victi.
1658 4375 1873 4447 captivi

223 4464 383 4519 ducti
413 4470 553 4520 sunt
576 4465 894 4537 etdispersi
918 4481 1021 4536 per
1041 4464 1306 4535 singulas
1327 4464 1876 4535 provincias,civita—

228 4556 314 4608 tes
341 4558 403 4609 et
432 4554 646 4626 oppida
679 4554 927 4625 ideoque
958 4552 1093 4609 licet
1122 4553 1368 4609 diversis
1416 4552 1559 4608 locis
1588 4554 1699 4609 orti
1733 4555 1871 4622 sint,

225 4658 548 4713 possumus
577 4660 677 4699 eos
697 4641 1875 4715 intelligerealiquaafﬁnitateconjunctos
1905 4664 1952 4727 Ι)

234 4732 419 4788 fuisse
449 4732 731 4804 apostolo.
788 4732 1215 4805 Congruentius
1270 4736 1469 4788 autem
1500 4736 1607 4799 est,
1639 4731 1875 4803 spirita-

230 4821 363 4878 liter
394 4838 494 4878 eos
525 4826 803 4895 cognatos
839 4838 1079 4878 vocasse
1108 4821 1489 4893 accipiamus,
1538 4821 1597 4877 id
1628 4838 1708 4891 es,
1740 4838 1875 4893 pro-

236 4911 488 4984 pinquos
518 4912 577 4966 in
613 4911 727 4967 ﬁde
759 4928 774 4978 ;
806 4927 910 4983 per
939 4911 1087 4983 quod
1110 4911 1414 4967 ostendere
1434 4910 1617 4968 voluit
1646 4910 1756 4966 sibi
1780 4927 1873 4967 co-

240 5007 529 5071 peratores
556 5000 617 5055 in
648 5000 1080 5071 praedicatione.

277 5141 404 5234 .Cuji
531 5139 997 5224 .Augustiniﬁmo
1020 5140 1305 5234 unjiversa:
1338 5142 1646 5234 primitivfe
1681 5141 1875 5225 Eccle-

796 5227 871 5234 -..ιι
901 5228 951 5234 -..
982 5228 1032 5234 --

1985 3403 2141 3474 quod
2169 3419 2303 3458 vero
2333 3402 2534 3475 ait,per
2563 3405 2746 3459 Jesum
2777 3402 3436 3475 Christum,ambiguum
3470 3401 3627 3457 vide-

1982 3496 2100 3556 tur,
2134 3495 2330 3546 utrum
2363 3492 2433 3547 ad
2484 3493 2817 3563 praecedens
2847 3492 3151 3556 referatur,
3211 3495 3275 3546 ut
3305 3491 3383 3546 sit
3411 3489 3623 3545 distin-

1983 3581 2303 3653 guendum,
2336 3582 2446 3637 soli
2473 3584 2584 3637 Deo
2610 3597 2708 3652 per
2736 3583 2916 3637 Jesum
2948 3580 3309 3646 Christum,et
3337 3579 3626 3651 intelliga-

1984 3685 2117 3723 mus
2150 3674 2330 3725 Deum
2348 3670 2571 3725 Patrem
2589 3668 2913 3741 sapientem
2942 3684 3045 3740 per
3070 3668 3423 3733 Filium,non
3448 3669 3623 3739 parti-

1983 3757 2273 3828 cipatione
2303 3758 2621 3828 sapientiae,
2654 3758 2753 3813 sed
2780 3758 3070 3830 gignendo
3102 3756 3473 3830 sapientiam,
3497 3772 3626 3827 quas

1983 3851 2072 3901 est
2101 3846 2386 3912 Christus,
2421 3864 2494 3901 an
2526 3848 2599 3901 ad
2632 3846 2928 3913 inferiora,
2961 3851 3047 3914 ut,
3088 3846 3467 3902 distinctione
3497 3863 3626 3900 mu-

1982 3938 2103 3988 tata
2127 3934 2394 3989 dicamus
2426 3950 2439 3987 :
2476 3949 2575 4005 per
2603 3934 2808 3989 Jesum
2836 3935 3155 3999 Christum,
3181 3936 3273 3990 cui
3303 3934 3625 4007 gloria.Sed

1984 4022 2119 4093 quis
2150 4023 2363 4077 audeat
2376 4021 2562 4077 Deum
2585 4022 2811 4077 Patrem
2836 4039 2938 4093 per
2950 4022 3159 4077 Filium
3186 4024 3374 4079 dicere
3400 4024 3628 4094 sapien-

1984 4114 2265 4177 tem,cum
2287 4109 2412 4180 ipse
2444 4110 2768 4164 secundum
2796 4126 2967 4165 suam
2986 4110 3379 4166 substantiam
3394 4110 3629 4181 sapiens

1982 4198 2087 4255 sit?
2102 4198 2288 4270 Magis
2311 4197 2466 4253 enim
2499 4212 2818 4269 congruere
2828 4198 3060 4254 videtur
3071 4203 3136 4253 ut
3149 4198 3380 4269 genitus
3392 4198 3625 4269 sapiens

1983 4305 2084 4361 per
2112 4287 2449 4358 gignentem
2481 4286 2709 4342 dicatur
2737 4302 2915 4358 quam
2954 4286 3201 4358 gignens
3231 4302 3330 4357 per
3359 4285 3625 4357 genitum

1982 4376 2216 4433 Rectius
2249 4392 2385 4447 ergo
2416 4375 2740 4431 etnobilius
2763 4376 2834 4431 ad
2860 4376 3137 4431 inferiora
3162 4375 3629 4447 distinguitur,et

1981 4466 2118 4521 licet
2148 4466 2429 4521 inusitata
2458 4466 2672 4521 locutio
2703 4464 2781 4520 sit
2809 4464 3024 4533 dicere,
3054 4466 3106 4520 ei
3133 4466 3224 4519 cui
3251 4466 3345 4535 sit,
3369 4464 3515 4519 nihil
3544 4470 3628 4521 ta-

1985 4571 2117 4609 men
2150 4554 2209 4609 in
2241 4571 2418 4610 sensu
2451 4554 2675 4626 deperit
2710 4571 2723 4621 ;
2758 4557 2951 4625 potest
2979 4553 3196 4625 quippe
3224 4568 3328 4625 per
3356 4554 3629 4611 subaudi-

1983 4641 2202 4697 tlonem
2232 4642 2368 4698 talis
2398 4658 2528 4697 esse
2548 4642 2858 4697 verborum
2884 4640 3105 4698 ordozei
3136 4641 3213 4697 sit
3242 4640 3350 4697 soli
3376 4641 3628 4712 sapienti

1984 4730 2099 4787 Deo
2130 4730 2315 4802 gloria
2344 4731 2404 4785 in
2435 4730 2646 4786 saecula
2675 4730 3046 4795 saeculorum,
3078 4730 3171 4785 cui
3198 4735 3286 4785 est
3314 4728 3498 4801 gloria
3529 4745 3633 4799 per

1982 4821 2012 4875 J
2021 4837 2186 4876 esum
2209 4820 2527 4876 Christum.
2563 4819 2725 4884 Quod
2755 4834 2886 4874 vero
2913 4818 3057 4874 dicit
3088 4835 3101 4874 :
3132 4819 3238 4874 soli
3266 4819 3501 4889 sapienti
3521 4818 3625 4872 Deo

1985 4927 2100 4966 non
2132 4910 2299 4966 Pater
2319 4912 2553 4966 tantum
2584 4905 2832 4980 intelligi
2864 4908 3056 4977 debet,
3078 4909 3176 4963 sed
3200 4910 3324 4962 tota
3372 4905 3627 4960 Trinitas

1986 5017 2114 5072 quae
2145 5003 2233 5056 est
2262 5008 2420 5056 unus
2452 4996 2785 5068 Deus.Apte
2813 5012 2949 5068 ergo
2982 4999 3135 5053 Deus
3155 4994 3319 5051 solus
3348 4995 3501 5050 Deus
3532 5010 3633 5048 sa-

2060 5143 2362 5232 Timotbew
2397 5163 2415 5210 ;
2446 5142 2641 5230 Asiani
2669 5154 2793 5222 vero
2825 5139 3080 5211 Tychicus
3111 5144 3165 5228 et
3192 5136 3535 5226 Trophimus.
