3998 5278
212 337 332 403 289

806 334 1217 399 EXPOSITIO
1262 336 1341 399 IN
1385 336 1816 399 EPISTULAS
1864 334 2224 398 PAULL—
2254 334 2336 397 IN
2383 337 2630 409 EPIST.
2677 340 2702 401 Ι
2749 342 2852 403 AD
2897 342 3069 405 COR.

3501 345 3621 409 290

214 474 298 529 eis
329 472 402 528 ab
432 470 660 543 Epheso
690 484 794 542 per
814 470 1662 537 Timotheum,dilectissimum
1686 486 1859 526 suum
1888 469 1944 537 Α
1973 485 2135 538 quam
2182 471 2492 541 jucundum
2535 473 2787 530 nubilare
2836 474 3037 545 fratres
3090 476 3152 529 in
3204 493 3380 533 unum
3438 478 3617 551 (Psa’l.

215 559 595 633 discipulum.
630 560 797 631 (486).

287 650 443 721 (CAP.
481 649 548 721 Ι.)
580 650 810 717 Paulus,
862 654 925 703 ut
971 649 1030 704 in
1078 650 1425 721 praecedenti
1455 649 1712 721 Epistola
1743 650 1862 705 dic-

215 745 342 794 tum
367 744 475 805 est,
509 737 857 794 admirabilis
886 738 1322 810 interpretatur,
1356 755 1461 794 nec
1504 738 1695 795 solum
1727 739 1865 810 quia

219 830 491 886 Romanis
523 828 817 899 urbi,quaa
849 827 1025 883 totius
1058 828 1215 884 orbis
1247 832 1422 899 caput
1454 830 1863 900 erat,Evange-

218 919 363 975 lium
394 918 655 984 tradidit,
688 919 790 972 sed
821 917 1018 986 etiam,
1053 918 1191 989 quia
1221 917 1589 984 Corinthum,
1628 936 1754 990 qua:
1786 924 1865 973 to-

218 1009 339 1064 tius
366 1007 598 1064 Graacize
629 1007 808 1061 decus
836 1012 981 1073 erat,
1014 1006 1377 1063 salutaribus
1422 1009 1724 1079 praeceptis
1775 1007 1861 1061 in-

219 1098 431 1153 stituit.
469 1097 689 1151 Vocatus
720 1100 808 1150 est
838 1100 1039 1151 autem
1065 1096 1309 1166 trifarie,
1359 1097 1417 1150 id
1462 1101 1569 1167 est,
1604 1097 1663 1150 in
1716 1113 1862 1167 prae-

216 1187 464 1243 scientia
493 1202 558 1241 ac
592 1184 1102 1259 prmdestinatione
1132 1185 1256 1253 Dei,
1278 1190 1345 1241 ut
1374 1185 1518 1241 illud
1547 1203 1559 1240 :
1586 1186 1742 1241 Sicut
1762 1187 1867 1241 ele-

212 1278 289 1348 git
320 1292 418 1332 nos
444 1278 505 1331 in
530 1277 644 1348 ipso
672 1283 800 1331 ante
826 1276 1023 1330 mundi
1070 1278 1512 1332 constitutionem
1558 1276 1777 1347 (Ephes.
1825 1293 1864 1342 ι,

214 1368 266 1435 4)
307 1384 321 1422 :
356 1370 411 1422 et
442 1368 648 1439 ﬁgura,
678 1365 834 1421 sicut
862 1369 952 1421 est
983 1381 996 1419 ε
1029 1366 1325 1436 Benjamin
1346 1367 1505 1437 lupus
1526 1365 1863 1437 rapax(Gen.

211 1473 365 1523 XLIX,
406 1457 519 1529 27),
572 1460 681 1511 etc.
735 1454 989 1510 Vocatus
1039 1459 1129 1509 est
1176 1454 1352 1510 etiam
1400 1455 1613 1526 verbis,
1669 1455 1867 1525 ibique

214 1546 606 1617 apertissime,
636 1544 736 1600 ubi
766 1544 988 1599 dictum
1019 1550 1108 1601 est
1140 1562 1153 1599 :
1189 1544 1374 1611 Saule,
1407 1545 1592 1612 Saule,
1623 1545 1755 1615 quid
1782 1559 1868 1598 me

208 1636 555 1709 persequeris
569 1638 595 1687 .9
620 1635 755 1692 (Act.
789 1650 929 1704 xxu,
958 1636 1036 1702 7).

281 1724 571 1795 Apostolus
603 1724 819 1789 Graece,
853 1722 1051 1778 Latine
1080 1727 1281 1779 missus
1328 1728 1430 1792 est,
1452 1723 1623 1793 juxta
1672 1722 1817 1777 illud
1854 1758 1868 1797 ε

214 1818 349 1873 Ecce
373 1829 467 1885 ego
496 1812 567 1868 ad
593 1819 779 1881 gentes
800 1812 958 1882 longe
984 1812 1187 1882 positas
1224 1814 1445 1867 mittam
1471 1822 1521 1868 te
1541 1812 1725 1883 (Ibid.,
1754 1816 1868 1883 21).

215 1904 515 1970 Quomodo
549 1906 744 1956 autem
773 1904 1010 1955 vocatus
1042 1900 1119 1955 sit
1148 1901 1482 1972 Apostolus,
1536 1903 1874 1959 manifestat

217 1997 629 2067 subjungens:
674 1994 781 2047 Per
826 1991 1159 2047 voluntatem
1208 1993 1326 2049 Dei.
1380 1991 1666 2047 Voluntas
1715 1993 1872 2049 varie

218 2086 456 2158 ponitur
484 2083 541 2136 in
576 2080 893 2152 Scripturi
926 2097 939 2134 :
974 2079 1287 2151 aliquando
1319 2081 1475 2135 enim
1507 2080 1765 2136 animam
1798 2082 1877 2137 si-

223 2175 476 2249 gniﬁcat,
504 2169 820 2241 aliquando
844 2167 1505 2239 consnlium,aliquando
1532 2168 1707 2223 habet
1728 2170 1785 2224 in
1810 2185 1872 2224 se

230 2263 578 2319 intellectum
622 2260 803 2324 verbi,
859 2259 1011 2329 quod
1064 2263 1152 2313 est
1201 2256 1404 2329 placet.
1438 2260 1705 2330 Congrue
1734 2275 1871 2329 ergo

227 2356 278 2408 in
310 2353 415 2407 hoc
446 2350 571 2407 loco
603 2364 705 2421 per
734 2347 1094 2403 voluntatem
1135 2347 1240 2403 Dei
1287 2347 1629 2419 accipimus,
1662 2364 1871 2403 secun-

221 2441 356 2495 dum
397 2435 832 2508 beneplacitum
864 2434 988 2503 Dei,
1024 2434 1126 2489 ubi
1155 2436 1273 2489 vim
1305 2435 1511 2490 divinae
1541 2435 1873 2491 dilectionis

217 2529 373 2584 circa
401 2544 466 2583 se
494 2524 919 2583 ostendat.N'on
951 2524 1108 2580 enim
1137 2523 1399 2596 quolibet
1428 2524 1601 2580 modo
1629 2527 1873 2596 Aposto-

214 2616 308 2673 lus
343 2619 583 2671 vocatus
612 2618 721 2681 est,
754 2614 855 2669 sed
879 2629 984 2685 per
1012 2614 1371 2669 voluntatem
1408 2613 1523 2682 Dei,
1556 2614 1613 2669 id
1637 2620 1746 2682 est,
1773 2632 1873 2686 per
1904 2612 1911 2619 ’

213 2704 647 2779 providentiam
678 2707 734 2758 et
762 2703 1413 2775 dispensationem.Jesu
1442 2703 1646 2759 Christi
1675 2709 1871 2760 autem

213 2813 277 2853 se
313 2795 460 2851 dixit
486 2791 928 2865 Apostolum,ad
952 2791 1392 2859 distinctionem
1416 2793 1871 2863 pseudoaposto-

212 2887 435 2941 lorum.
469 2881 812 2954 Quicunque
844 2880 1000 2935 enim
1033 2879 1246 2947 verbis,
1280 2880 1400 2935 sive
1429 2880 1709 2950 exemplis
1731 2880 1872 2935 alio-

212 2991 357 3030 rum
408 2975 684 3044 operatur
728 2968 1001 3033 salutem,
1062 2968 1269 3024 merito
1299 2968 1512 3022 Christi
1560 2969 1874 3039 Apostolus

210 3063 457 3118 dicitur.
501 3057 838 3114 Econtrario
882 3055 982 3127 qui
1031 3060 1132 3110 aut
1177 3056 1393 3121 verbis,
1446 3061 1547 3111 aut
1592 3056 1874 3128 exemplis

214 3149 479 3219 alicujus
508 3145 897 3220 perditionem
920 3144 1745 3217 operatur,pseudoapostolus
1769 3163 1872 3201 vo-

213 3242 411 3295 catur.

289 3328 357 3381 Et
386 3325 694 3382 Sosthenes.
726 3321 1114 3389 Quaerendum
1145 3338 1326 3394 quare
1355 3322 1467 3377 sibi
1498 3322 1654 3378 hunc
1683 3324 1743 3378 in
1771 3341 1870 3379 sa-

213 3414 506 3472 lutatione
553 3410 817 3468 adscivit.
869 3409 1119 3479 Scilicet,
1170 3411 1308 3481 quia
1364 3411 1699 3469 Corinthius
1747 3418 1872 3469 erat

217 3508 478 3566 edoctor,
511 3500 888 3571 multumque
917 3499 1204 3555 sollicitus
1234 3516 1336 3571 pro
1370 3501 1616 3557 fratrum
1660 3503 1870 3559 salute.

219 3593 357 3661 Sed,
393 3591 531 3663 quia
558 3591 617 3645 in
648 3589 781 3645 aliis
810 3589 1088 3661 Epistolis
1117 3589 1377 3645 diversos
1407 3607 1607 3647 secum
1652 3594 1870 3661 sumit;

222 3682 327 3738 illa
355 3680 672 3752 quaerenda
689 3684 777 3735 est
798 3678 977 3749 hujus
1002 3679 1345 3750 quaestionis
1368 3680 1735 3751 solutio,quze
1758 3700 1876 3737 om-

230 3771 407 3826 nibus
438 3767 743 3825 conveniat
771 3767 933 3823 locis.
969 3768 1279 3822 Sciendum
1310 3785 1466 3840 ergo,
1500 3770 1639 3840 quia
1668 3771 1876 3827 beatus

230 3859 470 3927 Paulus,
504 3858 658 3913 sicut
686 3874 801 3927 pra:
833 3856 1054 3911 czeteris
1076 3856 1318 3926 majoris
1347 3859 1593 3927 ardoris,
1613 3866 1669 3913 et
1697 3862 1875 3916 studii

226 3947 340 4004 fuit
369 3964 507 4019 erga
536 3963 676 4002 suos
704 3946 1023 4015 auditores,
1058 3945 1137 3999 ita
1165 3944 1338 4001 etiam
1373 3947 1613 4017 majoris
1644 3948 1879 4004 humili-

228 4038 391 4093 tatis.
418 4037 491 4091 Ut
519 4050 655 4107 ergo
686 4034 857 4089 nobis
888 4050 1007 4089 suae
1039 4033 1389 4090 humilitatis
1419 4034 1750 4107 exemplum
1799 4054 1883 4093 re-

228 4126 550 4199 linqueret,
582 4123 798 4178 idcirco
828 4127 884 4179 et
913 4123 1090 4192 hunc,
1122 4127 1179 4177 et
1209 4123 1354 4179 alios
1393 4124 1505 4179 sibi
1553 4124 1612 4178 in
1663 4124 1880 4181 saluta-

228 4217 410 4285 tione,
443 4213 707 4271 adscivit.
745 4211 839 4268 Vel
864 4218 1017 4267 certe
1048 4213 1117 4267 ad
1151 4228 1269 4266 SUtB
1301 4212 1658 4269 narrationis
1679 4214 1885 4269 conﬁr-

229 4305 578 4368 mationem,
611 4303 749 4374 quia
778 4301 1063 4373 scriptum
1094 4305 1185 4356 est
1218 4318 1229 4356 :
1261 4303 1325 4356 In
1354 4317 1443 4358 ore
1494 4302 1752 4371 duorum,
1803 4304 1886 4360 vel

234 4396 412 4450 trium
458 4394 677 4449 testium
723 4392 892 4447 stabit
936 4407 1095 4447 omne
1139 4390 1363 4446 verbum
1408 4392 1585 4462 (Deut.
1640 4408 1783 4463 xvn,
1814 4396 1884 4461 6;

234 4484 423 4539 Matth.
456 4499 619 4549 xvm,
654 4482 751 4549 16;
782 4482 947 4538 Joan.
984 4496 1103 4546 VIII,
1140 4481 1236 4547 17;
1272 4481 1437 4535 Hebr.
1461 4498 1515 4546 Χ,
1550 4483 1648 4549 28;
1681 4484 1732 4537 11
1762 4482 1882 4539 Cor.

1973 574 2183 624 cxxxn,
2217 562 2289 631 1).
2322 562 2388 615 Et
2417 567 2573 629 nota,
2610 564 2747 634 quia
2776 562 2836 618 in
2868 563 2975 618 hac
3008 563 3284 635 Epistola,
3309 566 3461 623 sicut
3479 570 3620 623 etin

1972 647 2237 719 reliquis,
2298 650 2616 721 Apostolus
2658 669 2833 707 suum
2858 669 3071 708 nomen
3103 657 3441 725 praeposuit,
3473 674 3619 728 quo-

1972 737 2133 791 niam
2166 739 2408 809 majoris
2441 742 2808 795 auctoritatis
2838 746 2964 796 erat
2991 741 3091 812 qui
3123 742 3413 815 dirigebat
3455 745 3619 816 Epis-

1972 825 2175 897 tolam,
2204 845 2381 899 quam
2423 828 2505 894 hi,
2538 829 2756 899 quibus
2803 830 3183 901 dirigebatur.
3235 832 3357 888 Mos
3406 834 3624 906 quippe

1975 920 2083 984 est,
2120 922 2181 970 ut
2209 917 2269 970 in
2300 918 2560 988 epistolis
2594 920 2885 988 majorum
2920 921 3161 976 nomina
3187 930 3624 995 praeponantur,

1972 1005 2127 1060 sicut
2155 1010 2245 1060 est
2276 1004 2419 1061 illud
2454 1025 2467 1061 :
2500 1009 2615 1061 Rea:
2643 1009 2937 1063 Antiochus
2967 1012 3117 1077 genti
3133 1011 3452 1069 Iudaeorum
3477 1014 3625 1069 salu-

1973 1097 2081 1149 tem
2114 1094 2161 1163 (l
2190 1095 2442 1149 Mue/tab.
2476 1113 2570 1163 xv,
2597 1100 2674 1163 2).

2046 1184 2305 1238 Ecclesiae
2337 1186 2452 1239 Dei.
2504 1185 2749 1241 Ecclesia
2798 1185 3013 1255 Greece,
3063 1189 3265 1245 Latine
3315 1199 3625 1250 convocatio

1975 1271 2207 1326 dicitur.
2244 1275 2311 1327 Et
2366 1278 2522 1345 apte,
2573 1275 2851 1346 quoniam
2900 1294 3105 1333 omnes
3132 1279 3206 1334 ad
3238 1296 3299 1336 se
3327 1289 3624 1339 convocat.

1977 1360 2140 1416 Unde
2169 1365 2225 1414 et
2254 1363 2529 1418 catholica
2573 1363 2799 1430 dicitur,
2854 1365 2910 1420 id
2960 1371 3055 1421 est.
3097 1368 3464 1439 universalis,
3507 1374 3627 1429 sive

1977 1448 2294 1519 generalis;
2326 1450 2484 1520 quia,
2520 1468 2635 1505 non
2670 1458 2733 1505 ut
2762 1453 3166 1509 haereticorum
3200 1460 3624 1531 conventicula,

1976 1536 2037 1591 in
2080 1538 2434 1609 quibusdam
2492 1541 2798 1611 regionum
2843 1543 3108 1613 partibus
3154 1552 3478 1617 cooptatur,
3524 1550 3624 1605 sed

1977 1625 2215 1681 dilatata
2246 1642 2349 1698 per
2378 1632 2576 1683 orbem
2608 1634 2896 1685 terrarum
2926 1631 3292 1691 diffunditur.
3318 1635 3629 1694 Universa-

1978 1715 2052 1770 lis
2082 1720 2297 1784 autem,
2334 1720 2397 1771 ut
2426 1717 2665 1787 quidam
2696 1719 2998 1793 golunt,ab
3031 1739 3146 1777 uno
3179 1723 3478 1797 dicitur,id
3512 1732 3626 1793 est,

1980 1805 2120 1876 quia
2150 1821 2353 1861 omnes
2381 1805 2443 1859 in
2474 1806 2756 1863 unitatem
2788 1808 2924 1864 ﬁdei
2955 1818 3290 1884 congregat.
3328 1814 3627 1872 Generalis

1982 1898 2179 1950 autem
2238 1899 2478 1949 vocatur
2524 1895 2807 1965 Ecclesia;
2850 1899 2989 1969 quia
3032 1902 3321 1972 generalis
3350 1903 3411 1958 in
3441 1921 3510 1960 ea
3539 1909 3630 1961 est

1983 1984 2246 2039 doctrina
2274 1984 2344 2038 ad
2377 1985 2639 2040 omnium
2672 1987 3259 2055 institutionem,tam
3286 1992 3358 2046 de
3385 1993 3627 2050 visibili-

1982 2072 2113 2142 bus,
2146 2077 2324 2142 quam
2356 2073 2427 2127 de
2456 2073 2868 2143 invisibilibus,
2894 2080 3013 2131 tam
3046 2078 3115 2133 de
3146 2080 3416 2145 terrenis,
3448 2098 3627 2152 quam

1981 2161 2051 2215 de
2082 2161 2446 2227 cmlestibus;
2469 2163 2590 2217 sive
2621 2164 2759 2234 quia
2787 2181 2958 2220 omne
2987 2183 3174 2237 genus
3201 2168 3528 2226 humanum
3555 2172 3628 2227 ad

1981 2250 2183 2306 divinae
2215 2251 2447 2321 pictatis
2485 2258 2542 2304 et
2574 2252 2872 2324 religionis
2918 2256 3340 2325 subjectionem
3393 2276 3630 2332 congre-

1981 2348 2111 2411 gat;
2146 2341 2265 2395 sive
2293 2339 2432 2410 quia
2463 2341 2591 2396 sine
2621 2342 2950 2398 dilferentia
2972 2346 3240 2400 omnium
3271 2354 3508 2418 peccata
3536 2366 3631 2404 cu-

1982 2434 2089 2483 rat.
2122 2430 2218 2484 Dei
2249 2432 2445 2483 autem
2476 2430 2723 2497 addidit,
2754 2432 2825 2486 ad
2859 2432 3315 2505 distinctionem.
3369 2436 3630 2494 Ecclesia

1983 2516 2614 2589 malignantium,sicut
2645 2520 2929 2592 scriptum
2956 2526 3046 2577 est
3080 2541 3093 2579 :
3136 2525 3309 2580 0divi
3335 2527 3633 2582 Ecclesium

1979 2607 2415 2678 malz‘gnantium
2444 2610 2610 2679 (487).
2646 2610 2850 2681 Igitur,
2898 2612 3038 2682 quia
3080 2613 3343 2671 Ecclesiae
3374 2616 3475 2672 Dei
3504 2617 3632 2687 jam

1979 2696 2041 2753 in
2100 2697 2343 2752 diversis
2390 2699 2595 2753 mundi
2655 2700 2919 2769 partibus
2965 2708 3131 2759 erant
3179 2706 3535 2776 constitutae,
3570 2709 3636 2761 ut

1982 2788 2313 2842 ostenderet
2360 2787 2453 2842 cui
2502 2788 2833 2859 specialiter
2887 2790 3178 2847 scribebat
3208 2795 3421 2863 adjecit
3452 2812 3464 2848 :
3500 2795 3635 2863 Quae

1982 2884 2059 2931 est
2094 2876 2365 2931 Corinthi.
2402 2877 2680 2947 Sequitur
2713 2894 2724 2931 :
2758 2878 3125 2949 Sanctiﬁcatis
3155 2884 3215 2936 in
3244 2882 3453 2938 Christo
3478 2887 3631 2939 Iesu.

1983 2965 2386 3019 Sanctiﬁcatos
2418 2982 2515 3019 eos
2547 2966 2710 3031 dicit,
2742 2968 2843 3038 qui
2878 2985 2978 3040 per
3006 2986 3221 3041 aquam
3252 2971 3532 3043 baptismi
3580 2977 3636 3028 et

1980 3052 2228 3123 gratiam
2249 3053 2435 3107 sancti
2469 3053 2724 3123 Spiritus
2747 3062 2886 3109 sunt
2908 3058 3190 3112 renati.Ut
3219 3064 3413 3114 autem
3437 3066 3633 3116 osten-

1984 3141 2147 3195 deret
2180 3140 2278 3195 ubi
2300 3139 2630 3195 celebratur
2655 3140 2773 3195 haec
2795 3144 3200 3212 sanctiﬁcatio,
3236 3148 3539 3217 adjunxit:
3568 3154 3635 3206 in

1903 3214 1945 3279 C
1986 3229 2198 3285 Christo
2225 3231 2353 3285 Iesu
2384 3246 2402 3283 :
2434 3228 2559 3284 sine
2589 3229 2717 3300 ipso
2749 3230 2907 3285 enim
2943 3231 3105 3289 nulla
3132 3214 3519 3293 sanctiﬁcatio
3541 3254 3633 3294 ce-

1983 3318 2265 3375 lebratur.

2057 3408 2264 3463 Vacalis
2290 3409 2514 3463 sanctis.
2546 3412 2665 3462 Hoc
2695 3409 2767 3464 de
2798 3408 2891 3464 his
2922 3410 3147 3467 dictum
3176 3418 3285 3481 est,
3318 3415 3417 3486 qui
3438 3414 3496 3470 in
3523 3417 3637 3472 ﬁde

1981 3502 2522 3572 perseveraverunt;
2569 3516 2719 3570 quos
2748 3500 2878 3556 ideo
2899 3500 3120 3569 laudat,
3154 3507 3219 3558 ut
3268 3521 3371 3576 per
3391 3504 3637 3563 istorum

1981 3589 2240 3653 laudem,
2272 3605 2393 3656 eos,
2448 3588 2549 3659 qui
2606 3589 2832 3660 decepti
2884 3596 3041 3660 sunt,
3093 3593 3165 3647 ad
3214 3593 3473 3664 pristinae
3502 3593 3640 3648 ﬁdei

1985 3683 2206 3734 statum
2241 3694 2505 3732 revocare
2538 3683 2758 3748 posset.
2793 3680 2909 3735 Sed.
2935 3684 3227 3751 quomodo
3258 3699 3357 3737 eos
3400 3687 3639 3739 sanctos

1985 3771 2222 3822 vocatos
2280 3767 2458 3822 dicit?
2516 3766 2795 3839 Nunquid
2842 3770 3031 3825 sancti
3089 3776 3257 3826 erant
3288 3787 3423 3827 cum
3451 3770 3639 3827 vocati

1990 3854 2164 3910 sunt?
2193 3855 2432 3910 Minime
2463 3872 2476 3909 :
2512 3856 2613 3910 sed
2644 3857 2833 3912 vocati
2871 3858 3009 3913 facti
3061 3864 3202 3914 sunt
3247 3860 3431 3917 sancti
3465 3859 3635 3931 (488).

1991 3945 2066 3998 Eo
2097 3960 2306 4014 genere
2336 3943 2669 4009 locutionis,
2707 3961 2822 4014 quo
2872 3946 3093 4001 dictum
3140 3954 3231 4003 est
3281 3966 3294 4003 :
3348 3950 3643 4007 Mulierem

1990 4034 2187 4102 fortem
2208 4034 2331 4102 quis
2362 4034 2608 4085 inveniet
2637 4032 2816 4101 (Prov.
2850 4050 3003 4103 xxxi,
3038 4034 3146 4105 10).

2067 4121 2201 4174 Cum
2244 4120 2517 4187 omnibus,
2550 4122 2647 4191 qui
2672 4123 2927 4178 invocant
2957 4137 3153 4177 nomen
3201 4124 3428 4181 Domini
3466 4127 3645 4181 nostri

1990 4210 2119 4266 Iesu
2148 4209 2374 4279 Christi,
2422 4213 2483 4263 in
2527 4212 2684 4265 omni
2733 4211 2844 4267 loco
2890 4214 3136 4282 ipsorum
3163 4220 3216 4269 et
3249 4223 3446 4271 nostro.
3495 4214 3643 4280 Quid

1994 4300 2103 4354 hoc
2135 4299 2287 4354 dictu
2326 4298 2510 4355 voluit
2561 4300 2886 4366 ostendere,
2919 4317 3052 4356 cum
3084 4302 3189 4370 ait,
3220 4305 3280 4358 in
3310 4303 3461 4360 omni
3488 4304 3601 4360 loco
3622 4306 3647 4356 .9

1995 4388 2243 4457 Scilicet,
2257 4387 2394 4459 quia
2424 4388 2759 4460 quicunque
2788 4391 3088 4446 credentes
3121 4392 3643 4459 inveniuntur,tam

1998 4478 2103 4534 ex.)
2116 4476 2499 4547 udaeis,quam
2519 4478 2790 4547 gentibus
2805 4479 3230 4551 etubicumque
3249 4481 3646 4551 inveniuntur,

238 4591 362 4639 x111,
399 4573 473 4644 1).
507 4572 619 4627 Sed
665 4587 843 4642 quare
888 4586 1023 4625 eum
1069 4586 1184 4624 non
1227 4570 1448 4625 vocavit
1496 4571 1838 4642 Apostolum
1860 4571 1887 4626 ‘I
1918 4584 1965 4648 D
2000 4582 2186 4623 unum
2218 4581 2347 4619 esse
2369 4564 2745 4636 debent,quia
2766 4568 2943 4623 unius
2965 4569 3176 4639 capitis
3198 4569 3462 4624 membra
3484 4575 3645 4625 sunt.

243 4661 543 4729 Videlicet,
576 4661 715 4731 quia
744 4660 1006 4715 nondum
1037 4664 1162 4715 erat
1193 4664 1365 4714 tanta:
1410 4660 1792 4726 auctoritatis,
1827 4665 1891 4715 ut

246 4751 353 4807 hcc
383 4750 622 4807 nomine
653 4749 868 4822 dignus
898 4754 1069 4806 esset.

316 4843 511 4898 Frater
538 4839 693 4895 varie
724 4838 959 4912 ponitur
990 4840 1047 4893 in
1079 4839 1419 4911 Scripturis.
1443 4844 1718 4895 Attamen
1733 4837 1890 4892 hunc

252 4930 565 5003 Apostolus
598 4931 833 4985 fratrem
865 4930 1085 4984 vocavit
1115 4947 1293 4985 causa
1321 4930 1652 5001 adoptionis
1703 4932 1760 4982 et
1806 4927 1887 4982 af-

254 5018 535 5075 fectionis.
570 5018 730 5074 Unde
761 5019 1046 5089 scriptum
1077 5024 1164 5075 est
1193 5021 1323 5074 Ecce
1354 5035 1366 5075 :
1398 5036 1564 5092 quam
1594 5018 1798 5073 bonum
1843 5022 1895 5070 et

329 5216 470 5278 (486)
503 5216 561 5271 In
593 5220 815 5278 autog.,
848 5213 937 5269 hic
969 5216 1180 5278 legitur
1207 5234 1333 5278 cap.
1370 5219 1412 5272 Ι.

2000 4654 2160 4709 Unde
2192 4654 2249 4707 in
2282 4652 2589 4724 Evangelio
2612 4654 3053 4712 DominuszErit
3074 4674 3248 4712 unum
3267 4658 3409 4712 ovile
3439 4666 3489 4712 et
3506 4674 3649 4711 unus

1999 4753 2182 4815 pastor
2211 4744 2388 4814 (Joan.
2416 4759 2471 4812 Χ,
2506 4744 2613 4813 16).
2649 4742 2853 4810 Aliter,
2904 4751 2968 4799 ut
3011 4746 3251 4816 quidam
3300 4745 3522 4811 volunt,
3556 4746 3652 4813 qui

2001 4837 2257 4890 invocant
2276 4848 2473 4887 nomen
2494 4833 2716 4888 Domini
2731 4836 2906 4887 nostri
2925 4836 3049 4890 Jesu
3071 4833 3375 4900 Christi,de
3390 4832 3651 4887 sacerdo-

2000 4926 2162 4981 tibus
2187 4922 2409 4977 dictum
2442 4922 2838 4993 est,quoniam
2869 4924 3131 4993 ipsorum
3164 4926 3254 4977 est
3281 4920 3534 4991 speciale
3566 4919 3654 4974 in-

2002 5029 2208 5072 vocare
2236 5026 2446 5067 nomen
2475 5011 2727 5069 Domini.
2761 5011 2920 5067 Unde
2950 5013 3008 5067 in
3038 5011 3166 5082 lege
3196 5009 3482 5077 scriptum
3524 5011 3615 5063 est
3640 5024 3655 5063 :

2008 5211 2209 5278 putavi
2251 5228 2262 5266 :
2299 5211 2720 5278 expungendas
2766 5207 2971 5261 deinde
3014 5206 3239 5260 litteras
3268 5211 3305 5257 t.
3340 5205 3380 5259 ἱ.
3417 5211 3661 5278 Demum
