3998 5278
410 406 519 465 291

1425 404 1767 467 ATTONIS
1813 403 2401 468 VERCELLENSIS
2447 406 2797 471 EPISCOPI
3654 414 3742 478 299

396 539 487 594 Sic
518 536 850 593 benedicetis
880 536 1025 607 ﬁlios
1056 538 1241 604 Israel,
1275 540 1593 595 invocantes
1640 555 1837 595 nomen
1862 554 2047 593 meum
2077 539 2129 605 Α
2161 540 2515 607 docuit,cum
2532 541 2919 613 quadraginta
2932 538 3222 608 diebus,et
3242 539 3504 596 noctibus
3521 543 3746 603 continue

396 643 564 698 super
592 643 679 682 eos
729 627 911 697 (Num.
940 645 1016 694 v1,
1050 628 1141 699 2-3)
1178 645 1190 683 :
1224 632 1281 683 et
1312 628 1625 684 Psalmista
1658 644 1670 682 :
1706 629 1924 684 Samuel
1962 630 2055 682 in-

394 721 477 772 ter
527 732 617 771 eos
668 717 767 786 qui
819 718 1079 771 invocant
1123 732 1323 771 nomen
1380 718 1497 787 ejus
1540 718 1707 788 (Psat.
1746 734 1941 787 xcvm,
1973 718 2052 786 6).

394 804 631 861 Samuel
652 804 867 877 quippe
884 821 999 859 non
1024 804 1134 859 fuit
1151 806 1221 860 de
1244 806 1424 877 stirpe
1452 808 1671 873 Aaron;
1696 823 1895 861 verum
1919 804 2056 876 quia

396 896 467 951 de
497 895 656 950 tribu
690 894 823 949 Levi
854 898 1017 949 ortus
1049 894 1097 964 (I
1123 896 1254 949 Par.
1281 912 1355 965 v1,
1378 897 1489 963 28),
1523 901 1586 950 ut
1616 896 1674 949 in
1709 894 1857 949 libro
1887 900 2057 949 Para-

398 984 791 1057 lipomenonis
825 984 1121 1055 legitur,et
1155 986 1427 1039 sacerdos
1459 984 1702 1050 exstitit,
1734 990 1791 1039 et
1810 985 1924 1039 Deo
1958 1001 2049 1038 sa-

398 1074 679 1129 criﬁcium
738 1073 977 1140 obtulit;
1039 1072 1284 1145 ideoque
1314 1074 1629 1129 Psalmista
1685 1074 1872 1129 dicit:
1906 1076 2053 1128 Inter

397 1180 502 1231 eos,
536 1166 633 1235 qui
663 1164 936 1229 invocant,
972 1162 1029 1217 id
1061 1167 1169 1231 est,
1205 1163 1356 1218 inter
1386 1164 1742 1219 sacerdotes.
1771 1166 1885 1217 Cur
1913 1177 2048 1233 ergo

396 1253 506 1309 hoc
538 1254 618 1308 ait
648 1251 1001 1324 Apostolus?
1034 1252 1108 1307 Ut
1137 1252 1487 1323 ostenderet,
1536 1251 1674 1323 quia
1720 1253 2049 1307 sacerdotes

395 1343 455 1397 in
486 1341 742 1397 Ecclesia
771 1341 985 1406 locum,
1017 1340 1075 1395 id
1108 1345 1197 1396 est
1225 1340 1432 1407 vicem,
1465 1345 1522 1396 et
1551 1340 1808 1395 ofﬁcium
1850 1343 2049 1394 tenent

395 1431 806 1503 Apestolorum
851 1448 863 1484 ε
907 1430 1063 1485 unde
1112 1435 1167 1485 et
1214 1429 1464 1502 apostoli
1513 1428 1901 1485 Ecclesiarum
1945 1445 2048 1483 vo-

396 1526 621 1576 cantur.

467 1610 822 1683 Igitur,quia
854 1608 1135 1680 praemisit
1168 1625 1179 1663 :
1214 1610 1327 1678 Qui
1353 1611 1607 1664 invocant
1636 1624 1836 1663 nomen
1860 1608 2045 1662 Domi-

392 1702 455 1755 ni
483 1703 609 1757 Jesu
640 1699 872 1761 Christi;
906 1715 975 1754 ne
1007 1698 1151 1753 forte
1192 1698 1485 1753 videretur
1530 1690 2046 1763 auctoritatem,ret

395 1790 614 1845 donum
650 1790 746 1844 Dei
778 1788 963 1843 Patris
1008 1787 1344 1857 exclusisse,
1374 1786 1575 1842 intulit
1604 1805 1615 1842 :
1650 1786 1838 1841 Gratia
1868 1786 2041 1854 vobis,

392 1887 444 1935 et
468 1895 592 1949 pax
620 1896 654 1934 a
682 1880 787 1934 Deo
818 1880 980 1933 Patre
1010 1880 1207 1932 nostra.
1252 1876 1476 1942 Quibus
1525 1876 1718 1931 verbis
1767 1876 2045 1930 admonet

392 1969 704 2024 Dominum
736 1968 941 2022 Jesum
969 1966 1294 2032 Christum,
1342 1966 1495 2021 sicut
1536 1966 1721 2021 Deum
1771 1965 2043 2019 invocan-

392 2059 533 2113 dum
569 2076 581 2113 :
617 2073 848 2113 omnem
879 2061 1075 2111 tamen
1108 2056 1379 2129 gratiam,
1403 2060 1459 2110 et
1489 2056 1731 2124 donum,
1763 2055 1835 2109 ad
1859 2054 2041 2109 Deum

392 2153 623 2203 Patrem
656 2147 1042 2212 referendum,
1076 2161 1143 2200 ex
1170 2162 1285 2217 quo
1309 2149 1447 2200 sunt
1467 2145 1695 2200 omnia:
1726 2144 2041 2198 ostendens

394 2238 561 2305 duos,
597 2237 653 2291 id
685 2240 793 2302 est,
828 2237 976 2291 duas
1010 2235 1215 2300 Patris,
1252 2238 1306 2289 et
1336 2232 1463 2288 Filii
1496 2232 1917 2303 persnnas,qui
1941 2248 2042 2303 per

392 2326 753 2381 divinitatem
789 2341 972 2381 unum
1005 2328 1163 2390 sunt,
1186 2328 1242 2378 et
1260 2323 1448 2377 Patris
1482 2322 1888 2377 auctoritatem
1912 2337 2040 2377 esse

392 2415 1109 2488 proferendam.Przeterea
1129 2411 1457 2478 sciendum,
1484 2412 1621 2482 quia
1650 2411 1743 2465 his
1772 2411 1964 2465 verbis
1986 2415 2042 2465 et

396 2505 798 2562 remissionem
848 2507 1213 2575 peccatorum
1247 2500 1563 2555 Corinthiis
1608 2504 1789 2571 optat,
1840 2504 1896 2553 et
1945 2502 2039 2556 Dei

391 2594 940 2651 reconciliationem.
1006 2591 1199 2646 Gratia
1250 2590 1465 2661 quippe
1510 2589 1727 2643 donum
1768 2592 1874 2657 est,
1924 2606 2039 2660 quo

390 2690 627 2757 peccata
684 2684 981 2747 laxantur;
1044 2680 1198 2735 unde
1255 2683 1311 2733 et
1370 2677 1556 2750 gratia
1608 2678 1764 2731 dicta
1813 2683 1919 2744 est,
1972 2694 2039 2734 eo

392 2775 545 2845 quod
578 2773 758 2844 gratis
788 2772 956 2826 detur
991 2788 1003 2825 :
1026 2785 1141 2840 pax
1170 2784 1302 2822 vero
1331 2771 1562 2837 est,qua
1587 2765 2035 2822 reconciliamur

391 2863 526 2919 Deo.
1476 2902 1487 2909 η

463 2951 663 3022 Igitur,
697 2950 837 3019 quia
866 2948 1050 3019 gratia
1083 2951 1140 3001 et
1173 2962 1301 3017 pax,
1336 2962 1461 3016 qua:
1498 2948 1636 2998 sunt
1670 2962 1702 2999 a
1736 2945 1872 3014 Deo,
1901 2949 2040 3000 sunt

389 3046 445 3097 et
477 3041 548 3095 ab
581 3038 882 3109 unigenito
922 3036 1063 3092 Filio
1098 3037 1247 3107 ejus,
1276 3034 1489 3104 adjecit
1521 3050 1533 3087 :
1568 3034 1631 3087 Et
1660 3036 1885 3089 Domino
1913 3036 2037 3089 Jesu

387 3132 621 3186 Christo.
653 3130 943 3191 Attamen,
976 3124 1243 3198 quamvis
1273 3124 1540 3191 latenter,
1574 3123 1751 3177 totius
1784 3122 2035 3178 Trinita-

386 3219 463 3275 tis
492 3219 552 3274 in
584 3219 693 3273 hoc
725 3218 848 3272 loco
879 3214 1195 3287 Apostolus
1227 3211 1580 3268 mentionem
1615 3212 1751 3267 facit
1792 3237 1805 3267 :
1848 3212 2037 3283 gratia

2158 630 2465 699 jejunavit.
2503 631 2663 695 Quod
2696 635 2890 685 autem
2919 630 3101 699 addit,
3130 646 3229 699 pro
3260 629 3422 695 vobis,
3440 647 3544 685 non
3573 632 3746 688 intelli-

2165 720 2418 789 gendum
2450 725 2539 775 est
2570 736 2672 791 pro
2704 719 3004 787 divitibus,
3039 723 3139 774 aut
3169 718 3517 790 potentibus,
3548 722 3633 776 sed
3668 740 3747 794 pro

2165 808 2346 874 vobis,
2381 808 2438 862 id
2471 814 2577 873 est,
2612 808 2709 879 qui
2734 808 2792 861 in
2813 808 2926 862 ﬁde
2949 807 3380 879 perseverastis.
3412 809 3469 861 In
3488 810 3679 877 gratia;
3703 810 3746 865 id

2163 901 2273 962 est,
2304 913 2406 966 pro
2438 896 2866 968 gratia.Verum
2898 897 3035 968 quia
3065 900 3202 951 sunt
3232 894 3615 968 nonnulli,qui
3635 898 3748 955 divi-

2163 985 2377 1039 tiarum
2410 990 2773 1040 terrenarum
2804 986 3053 1057 gratiam
3085 985 3301 1040 habent
3336 1004 3347 1039 :
3379 1001 3447 1040 ne
3479 986 3609 1041 forte
3630 987 3749 1042 vide-

2162 1076 2321 1125 retur
2368 1072 2672 1143 Apostolus
2710 1091 2812 1145 pro
2860 1074 3201 1145 hujusmodi
3247 1074 3460 1144 gratias
3507 1074 3749 1142 retulisse,

2161 1160 2379 1227 intulit,
2411 1162 2525 1215 Dei.
2561 1162 2806 1230 Rursus,
2842 1163 2981 1233 quia
3035 1162 3183 1217 hanc
3215 1162 3459 1233 gratiam
3508 1180 3612 1218 non
3654 1165 3751 1220 suis

2161 1249 2409 1316 meritis,
2445 1250 2543 1305 sed
2582 1250 2778 1305 divina
2808 1250 3076 1322 largitate
3108 1251 3302 1322 adepti
3335 1254 3490 1317 sunt,
3536 1252 3748 1321 adjecit:

2157 1342 2296 1407 Qua:
2343 1338 2467 1394 data
2533 1344 2613 1393 est
2659 1342 2808 1395 vobis
2868 1341 2927 1394 in
2997 1341 3209 1396 Christo
3252 1342 3396 1410 Jesu,
3446 1341 3501 1395 id
3551 1345 3629 1397 est
3677 1359 3753 1413 per

2158 1426 2454 1483 Christum
2486 1430 2706 1484 Jesum.
2740 1429 2853 1484 Cur
2883 1434 3078 1484 autem
3112 1430 3325 1485 referat
3354 1428 3584 1501 gratias,
3603 1433 3750 1486 mani-

2155 1516 2332 1569 festat
2362 1532 2374 1569 :
2402 1519 2554 1586 Quia
2584 1518 2638 1571 in
2671 1518 2920 1573 omnibus
2948 1518 3143 1573 divites
3170 1522 3307 1589 facti
3338 1520 3461 1574 estis
3489 1521 3545 1573 in
3575 1521 3675 1589 illo,
3709 1523 3751 1575 in

2156 1607 2309 1659 omni
2334 1607 2512 1673 verba,
2536 1610 2645 1661 etc.
2675 1606 2738 1661 In
2768 1604 2890 1676 illo,
2924 1606 2981 1661 id
3011 1612 3117 1677 est,
3146 1625 3250 1679 per
3282 1606 3467 1663 illum.
3501 1608 3602 1663 Sed
3626 1625 3749 1680 qua:-

2156 1695 2402 1748 rendum
2434 1698 2522 1749 est
2552 1696 2765 1766 quibus
2797 1694 3013 1751 divitiis
3045 1695 3175 1751 illos
3204 1697 3363 1751 dicat
3389 1697 3609 1752 ditatos.
3630 1697 3750 1752 Nun-

2156 1783 2295 1853 quid
2325 1784 2470 1849 auri,
2505 1789 2605 1838 aut
2636 1786 2899 1855 argenti?
2938 1786 3084 1841 Non.
3137 1786 3249 1841 Sed
3301 1785 3441 1853 illis,
3470 1788 3535 1841 de
3579 1786 3748 1858 quibus

2156 1871 2334 1927 Isaias
2366 1872 2549 1927 dicit:
2581 1874 2800 1928 Divitiae
2846 1876 3065 1945 salutis,
3112 1876 3408 1945 sapientia.
3448 1878 3497 1929 et
3540 1876 3747 1943 scientia,

2152 1963 2321 2017 timor
2370 1963 2606 2030 Domini,
2656 1965 2771 2035 ipse
2817 1968 3111 2019 thesaurus
3139 1967 3264 2035 ejus
3312 1965 3439 2035 (Isa.
3489 1965 3748 2034 xxxm,6).

2154 2050 2315 2105 Unde
2344 2051 2678 2122 Apostolus,
2731 2057 2795 2107 ut
2843 2054 3175 2109 ostenderet
3219 2054 3291 2109 de
3338 2054 3547 2125 quibus
3577 2053 3747 2108 divitiis

2152 2140 2380 2207 dixerit,
2398 2142 2663 2212 adjunxit
2695 2160 2707 2197 :
2741 2143 2803 2196 In
2832 2145 2984 2197 omni
3010 2145 3168 2198 verbo
3198 2152 3250 2198 et
3284 2145 3343 2198 in
3374 2145 3521 2199 omni
3546 2144 3745 2197 scientia.

2156 2231 2381 2285 Verbum
2415 2230 2522 2286 hoc
2552 2230 2677 2286 loco
2710 2249 2823 2286 non
2855 2232 3164 2287 essentiale
3194 2232 3623 2304 intelligendum
3663 2237 3746 2298 est,

2151 2320 2251 2374 Sed
2283 2320 2767 2391 nuncupativum.
2801 2325 2868 2377 In
2899 2324 3050 2376 omni
3078 2322 3259 2388 verbo,
3296 2322 3354 2376 id
3389 2326 3496 2390 est,
3526 2321 3580 2376 in
3606 2321 3747 2387 omni,

2150 2409 2431 2463 doctrina.
2471 2410 2713 2465 Scientia
2744 2415 2936 2465 autem
2971 2415 3077 2480 est,
3112 2428 3244 2465 cum
3280 2428 3373 2466 res
3417 2411 3603 2482 aliqua
3629 2416 3748 2465 certa

2151 2496 2375 2552 ratione
2407 2498 2744 2570 percipitur.
2780 2500 3095 2555 Sciendum
3126 2517 3284 2571 vero,
3322 2500 3458 2573 quia
3493 2501 3749 2555 voluerunt

2151 2586 2414 2641 nonnulli
2449 2588 2555 2641 hoc
2586 2588 2712 2643 loco
2744 2589 3067 2644 humanam
3098 2590 3313 2645 debere
3343 2589 3580 2661 intelligi
3607 2589 3746 2644 scies.

2118 2660 2322 2742 Otiam;
2355 2675 2600 2746 ideoque
2632 2676 2805 2748 paulo
2837 2677 3081 2733 inferius
3112 2679 3352 2733 additur
3385 2697 3398 2734 :
3432 2681 3507 2734 lta
3536 2660 3606 2732 fut
3633 2673 3747 2731 nihil

2148 2765 2296 2818 vobis
2327 2764 2464 2820 desit
2482 2768 2536 2819 in
2560 2767 2676 2820 ulla
2695 2768 2913 2835 gratia;
2946 2768 3221 2838 quoniam
3254 2768 3527 2824 Salomon
3548 2766 3745 2837 loquens

2148 2854 2219 2908 de
2250 2854 2555 2925 sapientia,
2606 2856 2757 2911 inter
2804 2856 2918 2911 alia
2960 2857 3040 2911 ait
3074 2874 3085 2911 :
3127 2859 3402 2913 Venerunt
3447 2858 3581 2911 mihi
3604 2854 3747 2910 omnia

2150 2944 2285 2998 bona
2325 2946 2540 3014 pariter
2583 2960 2707 3001 cum
2736 2946 2835 2999 illa
2868 2946 3019 3016 (Sap.
3052 2963 3149 3012 vn,
3186 2947 3274 3017 11)
3312 2964 3324 3001 :
3362 2948 3459 3018 qui
3503 2945 3640 3001 enim
3678 2959 3746 2997 sa-

2149 3033 2314 3104 piens
2345 3038 2453 3102 est,
2479 3034 2700 3089 nullam
2738 3034 2958 3106 patitur
2990 3036 3320 3106 penuriam.
3356 3036 3463 3091 Sed
3498 3034 3679 3090 melius
3703 3032 3745 3086 in

2146 3122 2253 3177 hoc
2274 3122 2397 3177 loco
2422 3123 2702 3193 spiritalis
2723 3123 2965 3179 scientia
2985 3124 3363 3195 intelligitur,
3388 3142 3557 3197 quam
3580 3124 3744 3177 huma-

2148 3228 2249 3265 na:
2267 3211 2475 3266 divites
2493 3212 2645 3267 enim
2666 3213 2846 3268 factos
2865 3212 3004 3267 dicit
3023 3214 3079 3267 in
3100 3214 3257 3267 omni
3278 3216 3534 3280 verbo,et
3553 3214 3604 3268 in
3622 3208 3746 3267 omni

387 3309 543 3364 enim
568 3313 625 3364 et
655 3325 766 3380 pax
795 3308 949 3361 dona
978 3309 1116 3359 sunt
1145 3304 1398 3375 Spiritus
1442 3301 1629 3355 sancti
1667 3318 1678 3355 :
1712 3317 1845 3355 cum
1898 3317 2033 3373 ergo
2065 3285 2107 3351 C
2145 3300 2565 3372 scientia,quia
2595 3301 2653 3355 in
2686 3308 2921 3372 accepta
2951 3302 3138 3373 gratia
3170 3308 3613 3374 perseverantes,
3643 3301 3744 3353 doc-

388 3398 574 3469 gratia
600 3401 656 3452 et
686 3413 796 3468 pax
826 3398 1081 3466 optatur,
1112 3392 1367 3463 Spiritus
1398 3388 1766 3460 sanctus,qui
1799 3396 1887 3443 est
1917 3393 2030 3444 ter-

390 3488 474 3543 tia
501 3487 561 3540 in
593 3484 900 3540 Trinitatis
934 3497 1182 3552 persona
1212 3478 1678 3533 commendatur.

459 3577 679 3631 Gratias
703 3589 801 3643 ago
832 3573 934 3626 Deo
950 3585 1066 3625 meo
1095 3584 1306 3639 semper
1336 3584 1437 3638 pro
1459 3568 1627 3621 vobis.
1670 3566 1849 3621 Solito
1873 3584 2032 3622 more

384 3686 417 3723 a
446 3664 766 3739 gratiarum
806 3660 978 3731 coepit
1028 3658 1275 3722 actione,
1326 3660 1390 3709 ut
1437 3672 1575 3709 suos
1628 3655 1924 3709 auditores
1957 3655 2029 3708 ad

385 3755 627 3810 meliora
666 3753 1019 3823 provocaret.
1074 3747 1136 3800 In
1186 3762 1300 3816 quo
1351 3746 1501 3799 facto
1553 3744 2029 3815 praedicatoribus

389 3842 622 3914 reliquit
649 3836 1004 3909 exemplum,
1037 3841 1103 3890 ut
1132 3850 1245 3889 non
1278 3834 1451 3889 modo
1500 3850 1603 3905 pro
1652 3833 1797 3898 suis,
1832 3833 1932 3888 sed
1975 3838 2031 3888 et

388 3949 491 4004 pro
522 3929 856 3985 auditorum
887 3941 1129 3982 suorum
1162 3922 1518 3995 profectibus
1540 3926 1651 3977 Deo
1681 3923 1899 3993 gratias
1941 3939 2029 3977 re-

383 4022 534 4077 ferre
584 4018 877 4074 studeant.
929 4014 1182 4071 Dicendo
1229 4017 1423 4068 autem
1473 4014 1597 4080 Deo,
1621 4012 1806 4077 docet,
1866 4018 1931 4066 ut
1978 4012 2027 4067 si

383 4111 559 4166 homo
590 4109 662 4164 ab
694 4106 930 4163 homine
960 4103 1183 4176 aliquid
1213 4102 1349 4158 boni
1383 4102 1575 4166 discit,
1616 4118 1729 4156 non
1779 4100 2027 4167 homini,

388 4202 489 4256 sed
549 4204 664 4254 Deo
713 4195 988 4263 ascribat,
1039 4196 1094 4248 et
1139 4191 1357 4265 gratias
1404 4196 1582 4262 agat:
1618 4190 1837 4244 frustra
1870 4190 2027 4244 enim

386 4290 609 4345 laborat
637 4302 831 4343 sermo
863 4281 1260 4355 prmdicatoris
1292 4278 1683 4345 exterius,nisi
1715 4277 1868 4332 adsit
1895 4294 2026 4349 gra—

382 4379 463 4433 tia
492 4376 684 4433 sancti
713 4374 988 4447 Spiritus,
1041 4387 1167 4441 qua:
1217 4372 1471 4422 mentem
1513 4366 1715 4420 doceat
1758 4366 2024 4422 interius.

381 4466 490 4521 Meo
516 4482 650 4520 vero
690 4462 939 4528 addidit,
992 4464 1057 4514 ut
1102 4456 1453 4521 ostenderet,
1502 4454 1641 4525 quia
1691 4458 1862 4519 Deus,
1918 4455 2026 4510 etsi

385 4558 596 4611 natura
624 4552 889 4607 omnium
937 4553 1021 4604 est
1068 4553 1247 4613 Deus;
1298 4544 1438 4616 quia
1485 4545 1750 4599 omnium
1794 4544 2029 4601 Creator

383 4648 440 4698 et
480 4642 690 4711 judex;
742 4637 1037 4693 voluntate
1087 4640 1281 4691 tamen
1329 4638 1387 4689 et
1438 4632 1646 4688 merito
1704 4650 2025 4703 paucorum
2055 4656 2102 4720 D

381 4736 488 4798 est,
516 4730 574 4785 id
607 4732 695 4785 est
724 4727 1061 4793 electorum,
1086 4741 1334 4797 quorum
1365 4723 1735 4779 solummodo
1773 4728 1861 4779 est
1906 4723 2026 4779 hinc

378 4837 504 4876 VOX.

452 4908 820 4982 Itaque,quia
852 4910 990 4962 sunt
1015 4904 1299 4975 nonnulli,
1334 4903 1434 4974 qui
1466 4908 1583 4958 tam
1618 4904 1674 4956 in
1707 4904 2020 4975 prosperis,

379 5016 556 5072 quam
578 5000 636 5054 in
669 4998 944 5063 adversis,
980 5013 1093 5051 non
1125 4994 1533 5059 continuatim,
1568 4993 1667 5047 sed
1702 4993 1771 5046 ad
1792 4996 2023 5062 tempus

376 5088 491 5143 Deo
521 5087 736 5158 gratias
759 5085 1017 5141 referunt
1044 5100 1055 5139 :
1082 5089 1147 5138 ut
1166 5085 1517 5137 monstraret
1539 5079 1872 5150 Apostolus,
1902 5086 2019 5134 tam

2140 3389 2355 3444 trinam
2385 3388 2664 3460 spiritalis
2693 3390 2946 3445 scientia:
2979 3397 3117 3446 sunt
3148 3392 3541 3463 adepti.Unde
3570 3396 3618 3446 et
3637 3388 3745 3444 sub-

2141 3478 2297 3531 ditur
2330 3496 2341 3532 :
2377 3478 2527 3531 Sicut
2557 3480 2928 3534 testimonium
2958 3480 3169 3536 Christi
3197 3483 3577 3550 conﬁrmatum
3600 3487 3665 3534 est
3702 3479 3745 3530 in

2138 3567 2733 3622 vobis.Testimonium
2760 3569 2974 3640 quippe
2997 3569 3205 3625 Christi
3231 3588 3369 3626 vera
3400 3570 3627 3627 scientia
3649 3570 3741 3621 est:

2140 3656 2293 3726 quod
2328 3656 2384 3709 in
2418 3655 2729 3710 Corinthiis
2775 3658 3184 3712 conﬁrmatum
3231 3664 3378 3727 erat,
3417 3660 3551 3731 quia
3577 3657 3628 3711 in
3656 3654 3743 3708 ﬁde

2139 3744 2663 3813 corroborati,nibil
2687 3747 2757 3800 de
2779 3746 3118 3803 hominibus
3147 3746 3741 3819 sperabant,nullisque

2139 3837 2376 3888 terrenae
2406 3834 2723 3905 voluptatis
2753 3834 3040 3891 illecebris
3072 3836 3316 3902 inducti,
3344 3853 3572 3892 omnem
3611 3846 3743 3905 spem

2138 3937 2307 3977 suam
2330 3921 2387 3975 in
2412 3922 2640 3978 Christo
2666 3923 3293 3981 collocaverant.Aliter
3317 3942 3330 3980 :
3357 3921 3742 3981 Testimonium

2138 4010 2347 4066 Christi
2365 4012 2777 4067 conﬁrmatum
2795 4018 2918 4068 erat
2947 4014 3006 4067 in
3043 4012 3181 4084 illis,
3212 4015 3373 4085 quia,
3408 4014 3558 4087 quod
3580 4009 3739 4067 Chris-

2136 4106 2234 4154 tus
2253 4100 2435 4171 gessit
2455 4100 2515 4153 in
2538 4101 2913 4168 homine,hoc
2940 4102 2998 4156 in
3021 4118 3221 4156 eorum
3249 4103 3477 4158 actibus
3495 4103 3745 4155 monstra-

2138 4188 2311 4242 batur
2333 4188 2391 4241 in
2415 4187 2631 4259 templo
2647 4190 2986 4260 (1189).Sicut
3008 4190 3161 4245 enim
3184 4191 3450 4247 Christus
3473 4187 3746 4245 cruciﬁxus

2137 4276 2471 4343 resurrexit,
2505 4277 2799 4349 coelosque
2827 4279 3195 4345 conscendit;
3247 4280 3328 4335 ita
3358 4286 3415 4336 et
3445 4280 3505 4334 hi
3534 4274 3746 4333 mundo.

2134 4366 2409 4437 vitiisque
2447 4366 2731 4433 cruciﬁxi,
2757 4372 2813 4422 et
2840 4367 3157 4423 virtutibus
3189 4372 3574 4441 resurgentes,
3604 4361 3748 4421 cmlos

2136 4472 2238 4525 per
2284 4454 2511 4511 caeleste
2553 4455 2908 4511 desiderium
2952 4459 3434 4513 conscenderunt.
3484 4450 3747 4521 Quomodo

2136 4559 2266 4599 vero
2298 4544 2709 4600 conﬁrmatum
2742 4546 2819 4600 sit
2845 4546 3055 4601 Christi
3085 4546 3489 4603 testimonium
3532 4545 3588 4599 in
3632 4538 3744 4597 illis.

2136 4633 2410 4703 aperitur,
2444 4650 2578 4687 cum
2612 4634 2889 4689 subditur
2920 4652 2931 4690 :
2966 4637 3050 4690 Ita
3080 4639 3139 4689 ut
3168 4636 3313 4690 nihil
3352 4637 3498 4691 vobis
3543 4632 3667 4687 desit
3698 4627 3746 4679 in

2135 4724 2252 4777 ulla
2302 4723 2577 4790 gratia,id
2610 4728 2720 4791 est,
2751 4724 2872 4779 ulla
2898 4724 3130 4780 virtute.
3164 4726 3384 4791 Quibus
3427 4728 3611 4779 autem
3657 4718 3746 4771 hoc

2136 4811 2308 4880 dicat,
2344 4812 2619 4882 aperitur,
2645 4830 2778 4867 cum
2810 4814 3084 4869 subditur
3116 4832 3128 4868 :
3162 4813 3601 4885 Exspectantibus
3626 4818 3747 4862 reve-

2136 4902 2388 4955 lationem
2427 4903 2647 4956 Domini
2689 4905 2867 4958 nostri
2912 4906 3036 4959 Jesu
3085 4903 3305 4959 Christi.
3351 4900 3742 4959 Revelationem

2133 4990 2364 5044 Domini
2395 4990 2532 5045 Jesu
2561 4991 2958 5056 Christi,diem
2988 4997 3154 5047 vocat
3177 4994 3383 5063 judicii
3416 5009 3428 5045 :
3464 4997 3581 5045 tum
3610 4984 3743 5041 enim

2133 5079 2403 5134 Christus
2454 5082 2732 5135 omnibus
2780 5080 3154 5147 revelabitur,
3207 5088 3325 5137 tam
3374 5080 3561 5150 iustis,
3592 5084 3741 5146 quam
