3998 5278
158 407 270 469 297

714 408 1132 470 EXPOSITIO
1178 409 1254 469 IN
1301 408 1728 471 EPISTOLAS
1770 408 2031 470 PAULI.
2069 441 2144 451 —-
2178 408 2255 467 IN
2284 409 2547 469 ‘EPIS’I‘.
2596 410 2617 467 Ι
2666 411 2770 468 AD
2814 409 2990 471 COR.

3434 414 3553 474 298

159 539 291 593 dare
327 552 657 609 personam.
686 539 756 594 Et
783 544 871 595 est
918 557 1128 597 sensus
1155 558 1166 595 :
1197 542 1254 597 Si
1287 541 1551 597 Christus
1584 558 1685 613 pro
1716 558 1810 596 νο·
1840 541 1893 606 Α
1927 540 2201 610 baptizat,
2238 540 2516 595 continuo
2550 540 2794 595 idoneus
2834 544 2922 594 est
2956 539 3348 611 evangelizare
3381 560 3393 596 :
3424 559 3557 597 nam

156 627 265 697 bis,
289 632 344 682 et
374 644 491 682 non
524 627 741 683 Paulus
773 630 1087 686 cruciﬁxus
1120 637 1228 701 est,
1253 637 1309 686 et
1330 632 1478 700 ejus,
1504 648 1617 685 non
1643 630 1805 685 Pauli

155 717 436 788 sanguine
468 718 752 788 redempti
776 719 942 786 estis,
972 737 1077 775 cur
1098 722 1167 774 ad
1194 722 1321 791 ejus
1352 721 1652 791 injuriam,
1677 725 1804 775 tan-

156 812 272 861 tam
304 806 553 878 gratiam
588 811 647 861 et
677 808 1026 864 beneficium
1072 810 1295 864 homini
1344 809 1692 882 imputatis‘?
1722 814 1805 864 An

156 896 219 975 in.
238 896 457 949 nomine
485 896 657 950 Pauli
688 896 951 967 baptizati
980 900 1149 953 estis?
1179 899 1249 953 Et
1298 904 1387 954 est
1434 915 1679 953 sensus:
1707 899 1805 952 Ba-

156 983 387 1057 ptizavit
414 984 654 1047 Paulus,
688 986 787 1040 sed
825 992 888 1040 ut
920 987 1188 1042 minister
1217 988 1457 1051 Christi;
1495 986 1806 1058 baptizavit

161 1074 442 1137 Christus,
470 1074 571 1128 sed
606 1074 759 1129 sicut
790 1076 943 1130 Deus
978 1082 1035 1131 et
1080 1083 1281 1131 auctor
1312 1077 1609 1147 baptismi,
1634 1077 1804 1145 cujus

156 1163 560 1218 auctoritatem
596 1163 741 1218 nulli
768 1164 1174 1220 ministrorum
1199 1166 1463 1221 Ecclesia:
1494 1166 1800 1228 concessit,

156 1253 244 1307 sed
274 1251 387 1305 sibi
440 1251 550 1306 soli
602 1255 935 1307 reservavit.
973 1253 1135 1309 Unde
1181 1255 1438 1309 Joannes
1487 1254 1800 1324 plusquam

155 1340 430 1413 propheta
467 1357 480 1393 :
532 1341 637 1408 Qui
682 1343 831 1397 misit
880 1358 966 1397 me
1013 1345 1293 1413 baptizare
1322 1344 1489 1413 (497),
1524 1344 1621 1398 ille
1667 1343 1806 1395 mihi

154 1430 287 1485 dixit
316 1449 333 1483 :
364 1429 549 1501 Super
580 1446 740 1501 quem
770 1431 972 1485 videris
1022 1432 1292 1503 Spiritum
1320 1431 1725 1487 descendentem
1752 1433 1805 1483 et

153 1529 471 1575 manentem
500 1536 664 1591 super
695 1536 841 1587 eum,
876 1521 969 1575 hic
998 1530 1074 1576 est
1106 1523 1206 1591 qui
1234 1523 1472 1593 baptisat
1502 1522 1561 1575 in
1589 1521 1803 1590 Spiritu

156 1617 347 1664 sancto.
378 1609 442 1664 Si
475 1608 629 1664 enim
667 1615 1014 1680 potestatem
1042 1611 1372 1681 baptizandi
1403 1612 1474 1665 ad
1504 1609 1802 1664 ministros

152 1696 600 1763 transmisisset,
625 1701 713 1753 tot
744 1705 940 1753 essent
970 1698 1345 1770 baptismata,
1370 1703 1514 1768 quot
1544 1702 1601 1752 et
1632 1696 1803 1751 mini-

152 1787 263 1841 stri.
293 1787 395 1841 Ait
426 1802 564 1858 ergo
599 1804 611 1841 :
646 1789 728 1841 An
778 1789 836 1841 in
869 1790 1091 1842 nomine
1122 1789 1298 1842 Pauli
1346 1788 1607 1857 baptizati
1635 1787 1802 1841 estis?

149 1876 450 1947 Tanquam
482 1876 705 1932 diceret
731 1892 741 1931 :
768 1876 828 1930 Si
858 1878 1159 1932 credentes
1190 1877 1248 1931 in
1273 1876 1499 1932 Christo
1523 1874 1798 1946 baptizati

153 1965 292 2028 estis,
325 1969 388 2020 et
422 1965 551 2035 ejus
584 1966 820 2021 nomine
864 1966 1193 2037 justiticati,
1215 1982 1322 2021 cur
1359 1965 1506 2020 tanti
1536 1963 1802 2019 beneﬁcii

161 2053 545 2120 immemores,
581 2053 850 2110 homines
879 2054 1071 2111 facitis
1100 2060 1302 2110 vestrae
1334 2055 1469 2109 tidei
1499 2052 1803 2108 auctores?

161 2144 241 2198 Sic
267 2144 429 2198 enim
460 2148 600 2198 tunc
649 2149 815 2198 erant
847 2143 1156 2212 Corinthii,
1190 2145 1344 2200 sicut
1390 2142 1717 2210 Novatiani,
1748 2148 1804 2197 et

164 2232 481 2299 Donatistae,
516 2232 616 2303 qui
670 2217 950 2304 baptismi
1001 2232 1409 2289 auctoritatem
1461 2232 1574 2288 sibi
1621 2232 1799 2288 ascri-

166 2320 360 2389 bentes,
402 2322 731 2392 baptizatos
776 2339 810 2377 a
861 2321 1164 2378 catholicis
1216 2322 1621 2393 reprobabant,
1655 2325 1711 2376 et
1742 2321 1801 2375 in

166 2425 337 2464 eorum
386 2411 681 2481 personis,
714 2412 816 2481 qui
856 2428 889 2465 a
932 2428 993 2467 se
1044 2415 1211 2465 erant
1254 2410 1555 2483 baptizati,
1587 2410 1799 2482 gloria-

161 2496 369 2553 bantur.

216 2586 355 2656 (498)
381 2586 606 2643 Gratias
635 2604 738 2658 ago
766 2590 872 2643 Deo
901 2605 1039 2645 meo.
1064 2589 1180 2645 Cur
1201 2595 1318 2645 tam
1343 2590 1644 2662 granditer
1674 2605 1802 2660 gra-

152 2674 251 2729 tias
274 2678 513 2743 referat,
538 2678 875 2733 manifestat
900 2697 913 2734 :
940 2680 1089 2746 Quod
1110 2682 1384 2735 neminem
1408 2684 1645 2735 vestrum
1677 2679 1799 2749 bap-

152 2766 329 2831 tizavi,
360 2768 477 2821 nisi
511 2766 761 2838 Crispum
782 2774 831 2822 et
862 2767 1080 2823 Gaium.
1106 2770 1254 2838 (499)
1277 2770 1424 2840 Ergo
1458 2768 1678 2823 malum
1712 2772 1800 2822 est

146 2852 481 2926 baptizare?
508 2856 695 2911 Absit.
722 2856 831 2911 Sed
865 2858 1005 2928 quia
1040 2858 1167 2927 jam
1202 2857 1345 2910 vidit
1374 2872 1441 2910 ex
1469 2873 1573 2910 suo
1606 2855 1797 2926 bapti-

142 2949 327 3000 smate
373 2948 567 2999 ortum
616 2961 896 3012 errorem,
929 2944 1261 3015 intelligens
1291 2944 1467 3013 quod,
1502 2944 1551 2999 si
1601 2943 1797 3014 plures

139 3031 521 3103 baptizasset,
552 3032 737 3087 multo
790 3034 977 3103 major
1024 3050 1185 3088 error
1230 3036 1604 3095 accresceret,
1640 3032 1699 3085 in
1732 3046 1797 3086 eo

134 3123 290 3191 quod
330 3137 553 3190 paucos
596 3137 800 3175 eorum
853 3120 1391 3192 haptizaverit,Deo
1442 3120 1659 3191 gratias
1708 3137 1794 3174 re-

134 3210 264 3264 fert.
306 3208 474 3263 Unde
504 3208 783 3264 continuo
814 3210 1012 3265 subdit
1040 3230 1059 3265 :
1089 3212 1163 3265 Ne
1205 3213 1328 3281 quis
1367 3210 1535 3276 dicat,
1569 3208 1705 3280 quod
1736 3211 1796 3262 in

1914 631 2021 684 etsi
2048 631 2333 683 solemnia
2359 635 2497 683 sunt
2518 630 2709 697 verba,
2727 646 2853 699 quas
2875 629 3151 685 dicuntur
3171 630 3225 683 in
3253 631 3567 701 baptisma-

1915 722 1990 786 te,
2026 717 2159 771 licet
2190 723 2385 772 tamen
2418 735 2485 772 ea
2518 718 2723 773 multis
2756 719 2977 785 dicere;
3010 718 3403 789 evangelizarc
3432 735 3564 774 vero

1915 822 2027 860 non
2062 812 2269 876 potest,
2304 806 2416 861 nisi
2466 808 2732 862 eruditus
2775 808 3103 879 episcOpus,
3138 812 3193 861 et
3241 807 3568 863 instructus

1915 895 2114 949 doctor
2164 895 2452 961 Ecclesiae,
2499 897 2596 966 qui
2650 896 2795 951 bene
2848 898 3007 951 novit
3057 897 3321 951 omnium
3374 912 3568 954 mores

1914 983 2224 1054 inspicere,
2256 992 2311 1039 et
2360 985 2684 1039 secundum
2737 986 3239 1065 conversationem
3294 985 3568 1041 uniuscu-

1906 1074 2147 1143 jusque,
2206 1074 2634 1144 przedicationis
2690 1075 2861 1129 verba
2918 1076 3187 1130 formare.
3244 1076 3564 1145 Episcopus

1912 1178 2070 1233 ergo;
2106 1162 2202 1232 qui
2238 1164 2502 1217 omnium
2550 1164 2837 1233 graduum
2888 1166 3144 1218 continet
3191 1165 3559 1235 dignitatem,

1913 1256 2101 1320 potest
2133 1251 2447 1321 aliquando
2480 1252 2656 1305 etiam
2682 1252 2934 1306 ministri
2968 1253 3157 1307 officio
3190 1254 3355 1324 fungi
3382 1270 3393 1306 :
3420 1270 3561 1324 prae-

1912 1340 2177 1394 sentibus
2201 1346 2395 1395 tamen
2422 1340 2709 1396 ministris
2739 1342 3035 1412 baptizare
3058 1358 3170 1397 non
3195 1343 3383 1397 debet.
3404 1344 3561 1397 Unde

1912 1429 2114 1483 Petrus
2167 1429 2467 1499 apostolus
2510 1431 2910 1485 centurionem
2943 1430 3272 1486 Cornelium
3313 1448 3427 1486 non
3460 1448 3562 1502 per

1912 1534 1973 1572 se
2006 1519 2339 1588 baptizavit,
2374 1522 2473 1575 sed
2531 1520 2820 1575 ministris
2864 1520 3155 1591 baptizare
3204 1537 3339 1575 eum
3379 1521 3567 1591 jussit

1912 1608 2048 1677 (Act.
2069 1625 2123 1673 x,
2146 1610 2257 1677 48),
2275 1609 2412 1679 quia
2437 1608 2554 1664 illis
2579 1610 2965 1680 praesentibus
2992 1627 3103 1665 non
3131 1611 3375 1681 dignum
3399 1610 3569 1665 duxit

1910 1696 2021 1751 hoc
2047 1714 2148 1767 per
2180 1714 2241 1752 se
2289 1714 2480 1768 agere.
2514 1698 2779 1754 Christus
2811 1716 2947 1770 ergo
2981 1718 3096 1754 non
3130 1700 3288 1754 misit
3317 1699 3567 1753 Paulum

1912 1785 2230 1856 baptizare,
2265 1786 2404 1857 quia
2436 1804 2549 1842 non
2600 1793 2726 1842 erat
2755 1804 2889 1843 cum
2924 1788 3058 1853 illis,
3094 1788 3309 1858 quibus
3341 1788 3566 1843 dictum

1912 1880 2038 1929 est:
2064 1876 2264 1930 Euntes
2295 1877 2471 1931 docete
2520 1894 2708 1932 omnes
2756 1882 2974 1946 gentes;
3027 1878 3362 1949 baptizantes
3389 1892 3477 1933 eos
3507 1878 3569 1931 in

1912 1965 2140 2018 nomine
2194 1968 2401 2029 Patris,
2437 1974 2486 2019 et
2547 1966 2698 2028 Filii,
2748 1974 2800 2020 et
2846 1966 3087 2037 Spiritus
3130 1968 3309 2020 sancti
3355 1965 3563 2037 (Matth.

1910 2070 2113 2117 xxvm,
2148 2054 2272 2123 19):
2304 2054 2404 2107 sed
2454 2054 2847 2125 evangelizare
2896 2055 3126 2123 direxit,
3160 2072 3293 2109 cum
3325 2055 3560 2109 Ananiae

1912 2142 1994 2196 ait
2024 2158 2037 2196 :
2079 2142 2243 2209 Vade,
2266 2159 2403 2212 quia
2436 2160 2533 2197 vas
2562 2144 2843 2198 electionis
2874 2153 2961 2208 est,
2984 2146 3087 2199 iste
3116 2144 3275 2212 mihi,
3300 2148 3359 2198 ut
3387 2148 3560 2214 portet

1912 2246 2108 2285 nomen
2162 2247 2347 2286 meum
2404 2247 2595 2286 coram
2652 2233 2923 2301 gentibus,
2956 2241 3005 2287 et
3052 2233 3294 2300 regibus,
3328 2236 3380 2287 et
3426 2233 3561 2301 ﬁliis

1911 2319 2078 2374 Israel
2108 2320 2243 2391 (Act.
2276 2337 2351 2385 ιχ,
2387 2322 2498 2389 15).
2532 2322 2833 2385 Quomodo
2865 2337 2997 2376 vero
3029 2321 3250 2376 missus
3280 2320 3357 2375 sit
3385 2335 3560 2375 evan-

1910 2407 2155 2480 gelizare
2204 2409 2481 2473 ostendit,
2536 2425 2668 2463 cum
2730 2410 2931 2465 subdit
2962 2426 2976 2465 :
3009 2412 3121 2465 Non
3173 2413 3233 2465 in
3287 2410 3562 2480 sapientia

1908 2498 2079 2553 verbi.
2112 2499 2241 2553 Ideo
2278 2498 2493 2569 quippe
2544 2515 2657 2553 non
2689 2498 2747 2552 in
2790 2498 3077 2569 sapientia
3123 2499 3279 2553 verbi
3329 2498 3469 2553 dicit
3499 2514 3563 2553 se

1910 2586 2472 2658 evangelizare,quia
2495 2586 2829 2657 priedicatio
2850 2586 3202 2653 Christiana,
3220 2592 3276 2642 et
3297 2587 3566 2642 doctrina

1909 2676 2243 2746 evangelica
2275 2693 2391 2730 non
2424 2681 2553 2747 eget
2598 2693 2812 2747 pompa
2840 2678 3176 2744 verborum,
3210 2677 3311 2731 sed
3352 2676 3567 2733 virtute

1911 2766 2144 2836 propria
2158 2766 2608 2820 commendatur
2624 2764 2969 2836 :disciplinae
2981 2770 3174 2821 autem
3191 2764 3565 2821 smeularium

1909 2855 2265 2923 studiorum,
2287 2855 2424 2925 quia
2447 2855 2517 2908 ab
2546 2854 2888 2911 hominibus
2921 2856 3162 2910 inventae
3187 2860 3345 2924 sunt,
3370 2854 3563 2923 lepore

1908 2942 2173 3013 indigent
2197 2942 2572 3013 eloquentiae;
2597 2944 2753 3013 quia,
2784 2961 2915 2999 cum
2940 2944 3103 2999 nulla
3134 2944 3208 2999 sit
3240 2944 3297 2998 in
3329 2943 3413 2998 eis
3442 2943 3561 2996 vir-

1908 3035 2004 3085 tus
2016 3030 2177 3084 nulla
2199 3032 2680 3100 ratio,verborum
2699 3038 2928 3087 tantum
2947 3034 3291 3104 compositio
3315 3033 3559 3087 honesta

1908 3118 2242 3190 requiritur.
2266 3118 2413 3172 Hinc
2443 3120 2704 3189 estquod
2740 3121 2809 3175 ad
2843 3122 3276 3191 priedicandum
3302 3122 3558 3191 Evange-

1906 3206 2051 3261 lium
2086 3224 2201 3261 non
2241 3206 2405 3262 electi
2454 3213 2595 3261 sunt
2641 3208 2924 3275 rhetores,
2956 3211 3075 3263 sive
3123 3209 3429 3275 dialectici,
3466 3209 3551 3264 vel

134 3299 367 3353 nomine
398 3314 517 3352 meo
548 3298 811 3368 baptizati
845 3301 995 3353 estis.
1031 3300 1268 3368 Crispus
1301 3303 1493 3354 autem
1525 3304 1581 3354 et
1611 3298 1790 3353 Gaius
1822 3285 1863 3350 C
1902 3296 2083 3367 hujus
2107 3296 2312 3351 mundi
2338 3296 2689 3367 philosophi,
2716 3314 2829 3352 non
2864 3302 3150 3369 potentes,
3177 3298 3544 3365 nondivites,

139 3384 426 3441 Corinthii
460 3386 717 3451 fuerunt,
752 3404 899 3456 quos
928 3387 1239 3457 Apostolus
1270 3389 1339 3441 ad
1362 3387 1507 3442 alios
1538 3388 1791 3441 refutan-

145 3476 242 3531 dos
273 3474 447 3529 ducit
488 3474 546 3527 in
596 3475 1041 3531 testimonium:
1076 3493 1210 3530 nam
1257 3476 1527 3546 baptizati
1580 3476 1651 3530 ab
1699 3492 1785 3541 eo,

148 3564 368 3620 nullam
402 3562 485 3617 illi
516 3562 762 3635 gloriam
794 3566 1232 3635 impendebant,
1265 3566 1365 3621 sed
1399 3566 1627 3621 Christo
1656 3565 1788 3629 soli,

150 3670 242 3725 per
270 3668 452 3724 quem
484 3654 777 3708 consecuti
809 3660 948 3709 sunt
996 3656 1260 3710 omnium
1302 3660 1669 3726 peccatorum
1702 3671 1787 3709 re-

151 3742 509 3797 missionem.

219 3830 509 3902 Baptizavi
540 3838 727 3886 autem
775 3837 827 3886 et
867 3832 1161 3903 Stephanze
1191 3834 1428 3887 domum.
1473 3833 1660 3902 Hujus
1690 3833 1791 3886 do-

152 3936 301 3986 mus,
324 3920 481 3975 sicut
512 3920 571 3974 in
617 3925 915 3991 postremo
946 3922 1116 3976 istius
1148 3922 1419 3994 Epistolas
1448 3920 1794 3986 declaratur,

155 4009 416 4079 primitiae
449 4014 617 4064 erant
641 4009 868 4065 Achaiaa
900 4011 947 4082 (ι
984 4012 1104 4067 Cor.
1128 4011 1584 4082 xv1,t5),quibus
1612 4012 1797 4081 Apos-

157 4097 301 4153 tolus
330 4098 604 4171 perhibet
646 4100 1067 4167 testimonium,
1096 4101 1252 4172 quod
1296 4117 1359 4156 se
1407 4098 1801 4155 ordinaverint

162 4185 211 4240 in
243 4188 574 4243 ministerio
606 4193 974 4256 sanctorum;
1006 4190 1113 4245 hoc
1155 4194 1261 4253 est,
1298 4195 1361 4244 ut
1400 4189 1802 4245 ministrarent

167 4278 367 4333 sanctis
405 4294 419 4332 :
455 4281 518 4333 et
565 4276 693 4348 hos,
726 4279 880 4334 sicut
910 4283 967 4334 et
996 4280 1407 4350 praecedentes,
1432 4279 1501 4332 ad
1553 4278 1799 4333 aliorum

170 4365 568 4423 refutationem
601 4368 762 4423 ducit
818 4368 877 4423 in
926 4368 1348 4425 testimonium.
1376 4368 1507 4437 Sed,
1552 4383 1621 4421 ne
1669 4365 1804 4437 quis

172 4454 369 4512 diceret
427 4457 589 4528 quod
650 4456 847 4527 plures
906 4457 1335 4513 Corinthiorum
1405 4455 1803 4527 baptizaverit,

173 4545 402 4616 subjecit
438 4564 452 4601 :
494 4545 758 4601 Caeterum
806 4549 987 4602 nescio
1016 4550 1065 4601 si
1094 4563 1253 4618 quem
1293 4547 1467 4600 alium
1507 4547 1807 4616 baptizave-

1901 3404 2017 3441 non
2069 3386 2311 3451 nobiles,
2348 3387 2447 3440 sed
2499 3386 2812 3457 simplices,
2847 3386 3040 3441 idiota:
3091 3393 3147 3443 et
3200 3388 3545 3459 piscatores,

1902 3492 2188 3546 pauperes
2219 3481 2277 3530 et
2306 3474 2612 3547 ignobiles,
2638 3492 2709 3530 ne
2739 3477 2975 3531 daretur
3004 3478 3289 3549 perversis
3316 3483 3544 3533 occasio

1902 3565 2154 3632 dicendi,
2184 3566 2337 3635 quod
2371 3566 2639 3620 doctrina
2679 3566 3011 3637 evangelica
3054 3585 3169 3622 non
3199 3584 3307 3623 sua
3337 3569 3549 3623 virtute

1902 3653 2076 3708 fuerit
2099 3653 2494 3724 acceptabilis,
2521 3654 2617 3709 sed
2643 3653 2913 3710 humana:
2939 3656 3130 3726 potius
3151 3656 3406 3712 scientia
3429 3673 3552 3711 ver-

1903 3743 2057 3797 sutia
2090 3746 2146 3797 et
2174 3741 2506 3796 calliditate.
2544 3744 2888 3814 Quicunque
2931 3761 3066 3816 ergo
3102 3746 3272 3800 ﬁdem
3304 3761 3549 3817 evange-

1903 3830 2025 3885 licm
2059 3830 2333 3885 doctrina:
2365 3831 2555 3884 verbis
2597 3832 2721 3885 suis
2760 3848 3037 3888 exornare
3068 3834 3389 3900 contendit,
3424 3850 3552 3889 eam

1906 3919 2201 3984 obscurat,
2256 3934 2359 3972 nec
2391 3919 2601 3988 quierit
2632 3925 2695 3973 ut
2726 3919 2825 3973 illa
2852 3919 3123 3976 laudetur
3171 3939 3297 3992 quae
3348 3922 3555 3993 praedi-

1908 4011 2093 4071 catur,
2114 4007 2212 4060 sed
2246 4006 2372 4077 ipse
2402 4006 2500 4077 qui
2548 4007 2821 4077 praedicat
2851 4009 3020 4077 (500).
3055 4010 3149 4063 Sic
3188 4011 3556 4082 pseudoapo-

1909 4094 2067 4161 stoli,
2087 4112 2159 4149 ne
2180 4095 2544 4165 sapientibus
2562 4096 2766 4150 mundi
2786 4095 2948 4150 stulti
2965 4098 3320 4163 viderentur,
3336 4099 3555 4169 duplici

1912 4185 2084 4238 modo
2108 4184 2164 4237 in
2194 4184 2482 4255 sapientia
2500 4184 2658 4239 verbi
2682 4185 2862 4239 Deum
2890 4186 3281 4257 praedicabant
3304 4204 3315 4239 :
3343 4204 3479 4241 nam
3504 4197 3559 4243 et

1910 4273 2251 4344 eloquentiae
2293 4273 2347 4326 in
2396 4272 2804 4343 praedicatione
2848 4275 3185 4344 studebant,
3215 4280 3270 4330 et
3314 4292 3381 4331 ea
3428 4292 3556 4347 quae

1914 4363 2241 4435 philosophi
2267 4362 2470 4417 mundi
2495 4362 3441 4437 stultajudicabant,summopere
3462 4367 3560 4422 de-

1913 4454 2194 4508 vitabant.
2216 4453 2412 4523 Neque
2435 4453 2589 4507 enim
2614 4453 2912 4508 Christum
2937 4454 3027 4508 Dei
3056 4454 3265 4510 Filium
3292 4456 3559 4510 incarna-

1920 4547 2064 4607 tum,
2093 4547 2191 4596 aut
2211 4556 2279 4595 ex
2300 4542 2535 4611 Virgine
2562 4548 2786 4611 natum,
2809 4558 2998 4613 neque
3024 4545 3283 4599 futuram
3306 4560 3565 4599 resurre-

175 4635 289 4688 rim.
322 4636 422 4691 Est
469 4641 665 4691 autem
719 4654 930 4692 sensus
964 4654 977 4691 :
1015 4638 1081 4691 Et
1129 4638 1175 4692 si
1224 4636 1478 4708 aliquem
1530 4636 1707 4690 alium
1741 4650 1809 4688 ex
1840 4652 1885 4715 D
1919 4631 2168 4686 ctionem
2195 4630 2605 4701 praedicabant.
2627 4632 2741 4685 Hos
2760 4648 2894 4702 ergo
2914 4634 3211 4705 redarguit.
3232 4633 3568 4703 Apostolus,

176 4723 322 4780 vobis
378 4725 695 4797 baptizavi,
754 4743 858 4797 pro
919 4726 1193 4796 baptismi
1256 4728 1643 4791 sacramento,
1695 4740 1809 4779 non

182 4812 328 4884 mihi,
359 4816 462 4870 sed
500 4820 610 4870 Deo
641 4814 889 4887 gloriam
921 4816 1145 4870 tribuit.

243 4903 346 4954 Cur
374 4909 569 4958 autem
604 4907 720 4956 tam
771 4919 989 4973 paucos
1018 4902 1450 4958 Corinthiorum
1485 4903 1811 4974 baptizave-

187 4986 268 5054 rit,
303 4991 638 5047 manifestat
671 5010 683 5046 :
719 4996 838 5048 Non
879 4994 1029 5047 enim
1068 4996 1219 5047 misit
1246 5010 1333 5048 me
1366 4992 1608 5048 Christus
1640 4992 1814 5061 bapti-

189 5090 320 5147 zare,
359 5081 447 5135 sed
496 5083 897 5151 evangelia-are.
952 5081 1225 5152 Nunquid
1276 5100 1409 5154 ergo
1462 5082 1681 5137 malum
1732 5086 1820 5137 est

193 5163 509 5278 baptizare?
537 5171 724 5225 Absit.
751 5176 1030 5225 Attamen
1063 5172 1601 5244 incomparabiliter
1626 5172 1819 5240 majus

1922 4720 2062 4791 quia
2080 4720 2138 4774 in
2153 4719 2308 4773 verbi
2329 4718 2615 4789 sapientia
2627 4720 2815 4773 crucis
2832 4723 3174 4791 mysterium
3193 4722 3569 4776 evacuabant.

1924 4810 2086 4865 Unde
2120 4826 2252 4864 mox
2283 4809 2551 4879 sequitur
2578 4827 2591 4865 ;
2629 4811 2690 4866 Ut
2716 4826 2825 4863 non
2854 4824 3150 4867 evacuetur
3180 4826 3321 4865 crux
3346 4810 3573 4864 Christi.

1927 4901 2033 4964 Qui
2066 4901 2222 4956 enim
2265 4900 2322 4953 in
2356 4899 2697 4967 hujusmodi
2749 4900 2903 4954 verbi
2944 4902 3233 4974 sapientia
3282 4898 3577 4968 preedicat,

1929 5006 2161 5047 crucem
2195 4988 2409 5044 Christi
2444 4994 2717 5051 evacuat;
2745 4988 2886 5059 quia
2918 4997 3130 5046 nostrae
3167 4983 3583 5053 redemptionis

1931 5082 2277 5153 mysterium
2326 5077 2580 5147 dissipat
2600 5079 2769 5149 (501).
2808 5078 3035 5135 Verbum
3065 5078 3209 5153 enim
3256 5073 3433 5126 crucis
3460 5086 3585 5139 per-

1931 5175 2191 5228 euntibus
2238 5167 2455 5238 quidem
2492 5173 2737 5227 stultitia
2766 5174 2863 5221 est.
2898 5167 3002 5223 His
3048 5164 3237 5220 verbis
3288 5159 3595 5213 manifeste

3058 5255 3069 5278 Ξ
3111 5250 3347 5278 ..Α-λειω
3382 5262 3481 5278 ιιι-ιιι
3490 5246 3573 5276 οξε-
