3998 5278
387 1715 404 1727 '
472 1701 662 1774 gratia
691 1704 1057 1774 cooperante,
1088 1700 1149 1755 in
1179 1703 1462 1755 aeternum
1494 1699 1870 1755 salvabimur.

479 410 598 473 299
1506 411 1843 473 AT'I‘ONIS
1890 411 2473 475 VERCELLENSIS
2517 414 2792 476 EPISCO
2804 414 2874 476 ΡΙ
3703 425 3786 488 300

475 544 762 616 virginem
796 560 1019 617 parere,
1043 544 1227 601 Deum
1258 544 1317 599 in
1350 560 1519 599 cruce
1547 544 1687 616 pati,
1718 550 1822 601 aut
1853 545 2002 601 mori
2036 562 2130 616 po-
2157 545 2210 611 Α
2242 546 2441 600 fecerit
2470 547 2818 619 sapientiam
2847 563 2861 602 :
2891 548 2992 603 sed
3025 546 3267 602 stultam
3299 548 3447 618 fecit,
3470 550 3592 622 quia
3615 555 3792 615 stultam

471 633 677 701 tuisse,
707 637 810 688 aut
838 632 1139 689 hominem
1171 635 1241 689 de
1273 638 1428 690 terra
1458 650 1723 706 surgere.
1758 639 1907 707 Apte
1935 639 2134 689 autem
2248 650 2376 690 esse
2425 636 2698 707 ostendit,
2733 636 2994 692 faciendo
3044 654 3112 692 ea
3158 652 3283 708 qua:
3328 638 3448 709 ipsa
3490 639 3795 712 impossibilia

472 727 783 794 pereuntes
807 726 1117 788 vocantur;
1141 724 1299 793 quia,
1324 724 1464 778 dum
1491 723 1838 795 mysterium
1862 723 2138 778 humana:
2250 724 2565 779 asserebat.

473 811 892 884 redemptionis
940 812 1239 885 suscipere
1290 812 1519 878 nolunt,
1564 813 1623 866 in
1673 821 1956 868 aeternum
2008 828 2139 885 per-
2319 817 2461 869 Nam
2499 817 2636 884 quia
2658 817 2720 870 in
2748 816 2845 871 Dei
2889 818 3169 888 sapientia
3213 832 3321 872 non
3366 820 3590 888 cognovit
3625 822 3796 880 munda:

476 900 671 957 ibunt.
2246 917 2344 972 per
2365 905 2699 974 sapientiam
2736 906 2922 977 Deum,
2957 909 3064 960 etc.
3100 906 3162 960 In
3216 906 3309 961 Dei
3354 906 3630 978 sapientia,
3655 909 3701 964 id
3724 915 3798 977 est,

550 988 621 1046 Ut
649 1005 786 1062 ergo
817 989 1148 1046 ostenderet
1176 990 1391 1060 quibus
1422 994 1575 1045 esset
1596 991 1781 1045 virtus
1814 1007 1957 1045 crux
1978 990 2141 1045 Chri-
2250 991 2309 1045 in
2344 992 2547 1047 mundi
2590 994 2900 1061 creatione,
2934 1010 3062 1066 quae
3093 994 3193 1050 Dei
3233 994 3508 1067 sapientia
3557 996 3684 1053 facta
3725 1006 3797 1066 est,

476 1078 576 1145 sti,
607 1079 912 1149 subjunxit
946 1096 959 1134 :
991 1080 1086 1135 His
1133 1087 1338 1148 autem,
1373 1080 1470 1151 qui
1516 1080 1658 1136 salvi
1688 1080 1859 1150 ﬁunt;
1903 1096 2134 1150 rursus,
2250 1081 2508 1136 mundus
2556 1099 2656 1153 per
2705 1082 3076 1155 sapientiam,
3116 1082 3405 1139 carnalem
3448 1084 3698 1150 videlicet,
3721 1104 3797 1143 non

476 1173 542 1223 ut
562 1167 820 1240 apertius
841 1168 1274 1224 demonstraret
1293 1168 1364 1223 de
1387 1168 1604 1239 quibus
1627 1168 1865 1233 diceret,
1884 1167 2139 1239 adjecit:
2248 1171 2519 1241 cognovit
2571 1172 2779 1235 Deum,
2820 1173 2961 1244 quia
3009 1172 3279 1228 homines
3324 1173 3519 1228 mundi
3563 1180 3795 1242 amatores,

476 1256 649 1321 idest,
670 1258 866 1312 nobis:
893 1258 1062 1312 nobis
1087 1258 1266 1323 enim,
1292 1258 1350 1311 id
1375 1263 1484 1320 est,
1511 1258 1815 1328 praescitis,
1843 1264 1899 1311 et
1924 1258 2140 1328 prmde-
2246 1257 2331 1312 vel
2364 1259 2420 1313 in
2455 1260 2673 1314 mundo
2718 1267 3169 1331 commorantes,
3190 1261 3447 1317 videntes
3474 1262 3652 1316 mundi
3677 1279 3797 1318 orna-

474 1345 706 1401 stinatis
735 1345 808 1400 ad
840 1345 1041 1411 vitam,
1072 1347 1252 1400 uirtus
1281 1353 1360 1400 est
1390 1347 1503 1400 Dei.
1531 1344 1676 1410 Quia
1723 1362 1835 1399 non
1882 1343 2135 1398 infirmi-
2249 1354 2394 1413 tum,
2444 1366 2555 1403 non
2607 1366 2709 1420 per
2754 1355 3081 1405 creaturam
3135 1350 3461 1405 Creatorem
3503 1358 3793 1423 agnoverunt,

471 1438 653 1490 tatem
676 1434 735 1488 in
758 1450 827 1490 ea
846 1433 1254 1506 intelligimus,
1278 1435 1379 1488 sed
1404 1451 1507 1505 per
1528 1433 1955 1504 Deivirtutem,
1984 1450 2135 1488 mor-
2246 1441 2347 1490 aut
2377 1437 2425 1492 ei
2458 1438 2676 1509 gratias
2703 1438 3048 1509 retulerunt,
3074 1439 3171 1494 sed
3203 1439 3432 1495 unicam
3462 1440 3578 1509 ejus
3603 1441 3797 1510 majesta-

470 1527 591 1579 tem
643 1524 953 1590 devnctam,
995 1522 1319 1594 mortisque
1368 1523 1736 1577 destructum
1788 1522 2131 1594 imperium.
2247 1531 2365 1580 tem
2411 1526 2657 1583 diversis
2689 1528 3090 1600 figmentis,et
3119 1527 3421 1585 elementis
3467 1528 3796 1600 ascripserant,

473 1613 547 1668 Et
574 1612 714 1685 quia
744 1612 981 1685 signum
1012 1613 1204 1667 crucis
1256 1612 1315 1666 in
1347 1612 1534 1666 fronte
1582 1617 1909 1683 gestamus,
1937 1612 2137 1668 divina
2246 1618 2522 1685 putantes
2553 1616 2649 1671 alii
2682 1616 2866 1672 Deum
2906 1633 3033 1673 esse
3076 1634 3293 1685 aerem,
3327 1616 3421 1672 alii
3463 1616 3712 1683 aetherem,
3735 1616 3798 1671 alii

2245 1703 2448 1771 solem,
2493 1709 2551 1760 et
2598 1705 2822 1778 reliqua
2871 1706 3235 1777 hujusmodi.
3271 1705 3493 1760 Aliter:
3524 1704 3731 1760 Mundus
3760 1705 3797 1759 in

2244 1792 2529 1864 sapientia
2562 1794 2681 1861 Dei,
2713 1794 2820 1850 hoc
2850 1798 2962 1862 est,
2992 1794 3053 1851 in
3082 1794 3226 1851 Filio
3260 1794 3383 1860 Dei,
3405 1794 3500 1866 qui
3528 1796 3609 1850 est
3632 1793 3798 1863 sapien-

2242 1880 2324 1936 tia
2354 1882 2559 1950 Patris,
2582 1899 2690 1955 per
2719 1882 3067 1953 sapientiam
3098 1883 3415 1950 carnalem,
3438 1899 3602 1955 quam
3627 1884 3798 1952 Aposto-

2241 1969 2329 2023 lus
2361 1970 2601 2025 abusive
2651 1972 3000 2043 sapientiam
3051 1977 3248 2040 vocat;
3299 1972 3530 2045 ponitur
3570 1970 3697 2027 enim
3733 1986 3796 2039 pro

2237 2062 2486 2127 astutia;
2521 2077 2636 2115 non
2669 2061 2934 2133 cognovit
2979 2061 3186 2132 Deum,
3219 2078 3356 2117 cum
3386 2062 3576 2117 videns
3602 2075 3708 2116 eum
3730 2058 3796 2112 ho-

2240 2149 2458 2204 minem
2490 2150 2645 2206 inter
2672 2150 2942 2207 homines
2988 2157 3425 2216 conversatum,
3449 2166 3641 2222 purum
3670 2147 3797 2203 homi-

2240 2254 2372 2294 nem
2404 2239 2669 2294 credidit.
2694 2240 2819 2295 Non
2842 2239 3131 2312 cognovit,
3155 2242 3290 2312 quia
3319 2242 3419 2296 tua:
3446 2240 3504 2295 in
3532 2238 3719 2297 tenebris
3738 2237 3800 2290 lu-

2237 2335 2334 2398 cet,
2368 2336 2419 2382 et
2447 2329 2686 2385 tenebrm
2711 2345 2831 2383 eam
2879 2344 2989 2384 non
3018 2329 3556 2401 comprehenderunt.
3584 2328 3637 2382 In
3659 2323 3797 2381 mundo

2237 2418 2374 2485 erat,
2406 2424 2459 2471 et
2493 2417 2732 2472 mundus
2776 2433 2877 2488 per
2927 2419 3110 2489 ipsum
3155 2418 3341 2489 factus
3389 2422 3489 2490 est,
3542 2426 3595 2472 et
3634 2413 3797 2470 mundat

2239 2522 2365 2561 eum
2392 2521 2501 2561 non
2534 2507 2795 2577 cognovit.
2827 2509 2890 2562 In
2937 2508 3164 2579 propria
3193 2510 3370 2574 venit,
3399 2510 3451 2564 et
3477 2506 3562 2562 sui
3597 2521 3694 2560 eum
3729 2516 3797 2556 non

2242 2604 2580 2666 receperunt.
2614 2596 2798 2663 (Joan.
2830 2613 2869 2660 1,
2901 2596 2957 2662 5,
2992 2597 3077 2664 10,
3114 2597 3223 2667 11).

2314 2685 2534 2740 Placuit
2562 2686 2666 2740 Deo
2693 2701 2794 2756 per
2819 2683 3125 2741 stultitiam
3158 2686 3567 2757 praedicationis
3591 2680 3795 2747 salacita-

2243 2791 2363 2829 cere
2393 2774 2684 2841 credentes,
2715 2774 2771 2829 id
2805 2778 2911 2840 est,
2943 2774 3160 2846 placuit
3190 2778 3256 2831 ut
3288 2776 3538 2831 Verbum
3561 2789 3672 2829 caro
3695 2770 3799 2824 ﬁeret

2246 2868 2303 2918 et
2332 2864 2624 2919 habitaret
2652 2864 2711 2918 in
2744 2863 2941 2931 nobis;
2974 2862 3196 2936 placuit
3225 2864 3498 2920 ordinare
3527 2856 3801 2935 praedicatio-

2247 2969 2400 3023 nem,
2425 2968 2551 3024 quae
2581 2951 2699 3007 illis
2744 2951 2926 3008 stulta
2974 2952 3293 3025 videretur,
3328 2957 3392 3009 ut
3439 2952 3724 3025 quicunque
3745 2960 3800 3008 ea.

2247 3057 2373 3113 quas
2434 3041 2541 3114 ipsi
2602 3041 2963 3108 difﬁdebant,
3010 3042 3335 3115 crederent,
3396 3041 3732 3105 salvarentur,
3769 3034 3803 3086 et

2246 3147 2447 3187 eorum
2479 3129 2963 3186 condemnatione
2991 3130 3281 3186 increduli
3312 3131 3711 3187 damnarentur.

545 1790 730 1863 Igitur
758 1789 898 1862 quia
924 1789 1173 1845 verbum
1202 1788 1394 1845 crucis
1419 1789 1798 1860 pereuntibus
1828 1790 1976 1845 dixit
2000 1806 2130 1848 esse

474 1878 809 1946 stultitiam,
834 1877 927 1934 his
950 1882 1169 1946 autem,
1193 1877 1294 1949 qui
1325 1876 1469 1933 salvi
1499 1878 1670 1945 fiunt,
1691 1877 1965 1934 virtutem
1994 1879 2127 1946 Dei;

474 1972 540 2024 ut
558 1968 669 2024 hoc
689 1966 1024 2024 testimonio
1051 1966 1387 2040 prophetico
1410 1967 1804 2034 confirmaret,
1828 1968 2082 2038 subjecit
2108 1985 2121 2023 :

470 2059 751 2130 Scriptum
779 2060 860 2112 est
876 2058 1045 2125 enim,
1067 2055 1334 2112 videlicet
1352 2055 1413 2112 in
1434 2056 1586 2111 Isaia
1610 2073 1622 2110 :
1648 2056 1894 2112 Perdam
1910 2060 2127 2127 sapien-

472 2150 619 2205 tiam
679 2148 1039 2220 sapientium,
1068 2154 1123 2202 et
1149 2146 1502 2218 prudentiam
1530 2145 1885 2217 prudentium
1931 2161 2125 2218 repro-

474 2237 607 2294 babo
627 2238 763 2310 (Isa.
782 2253 940 2308 χχιχ,
963 2236 1074 2307 14).
1102 2235 1206 2292 Ubi
1229 2235 1835 2301 animadvertendum,
1859 2235 1999 2307 quia
2019 2235 2126 2291 Do-

473 2326 672 2382 minus
717 2342 833 2380 non
864 2341 927 2381 se
956 2340 1152 2380 veram
1183 2323 1534 2396 sapientiam
1586 2324 1823 2395 perdere
1878 2325 2124 2395 promit-

472 2414 574 2483 tit;
604 2429 721 2469 non
745 2412 909 2468 illam
931 2429 1123 2479 suam,
1142 2429 1321 2484 quam
1347 2412 1531 2484 gratis
1553 2412 1795 2477 confert,
1820 2413 1921 2468 sed
1945 2428 2127 2483 quam

473 2503 769 2576 sapientes
802 2501 1007 2557 mundi
1033 2500 1146 2557 sibi
1166 2505 1507 2572 arroganter
1529 2499 1797 2556 tribuunt
1821 2518 1832 2556 :
1859 2506 1914 2556 et
1945 2518 2125 2574 quam

474 2609 537 2650 se
560 2592 850 2664 jactantes
878 2594 1088 2662 putant
1134 2589 1366 2645 habere.
1393 2589 1557 2644 Tunc
1587 2605 1723 2661 ergo
1764 2590 2126 2661 sapientium

475 2681 827 2755 sapientiam
844 2678 1115 2752 perdidit,
1133 2679 1367 2751 quando
1392 2694 1480 2743 ea,
1497 2690 1624 2749 quae
1643 2678 1940 2751 sapientes
1964 2696 2133 2734 mun-

474 2770 534 2828 di
567 2770 691 2827 ﬁeri
722 2786 895 2842 posse
924 2769 1240 2841 negabant,
1267 2767 1507 2839 perfecit
1526 2772 1583 2823 et
1602 2785 1774 2840 opere
1796 2768 2130 2840 complevit.

475 2862 800 2918 Prudentes
828 2858 1008 2916 etiam
1056 2856 1263 2914 mundi
1313 2858 1500 2913 Deum
1548 2857 1803 2913 otiosum
1838 2858 2131 2929 dicebant,

476 2968 582 3007 nec
610 2950 827 3006 habere
848 2947 1243 3004 humanorum
1277 2951 1515 3002 actuum
1548 2963 1752 3004 curam
1779 2948 1963 3018 (502);
1996 2964 2138 3019 quo.

478 3058 608 3098 rum
632 3037 1006 3113 prudentiam
1025 3036 1330 3103 Dominus,
1347 3036 1405 3090 id
1430 3040 1521 3092 est
1542 3035 1927 3105 intellectum,
1945 3053 2137 3109 repro-

474 3130 638 3188 bavit
671 3147 684 3185 :
719 3129 860 3184 dum
892 3126 1046 3198 quod
1094 3124 1459 3198 impossibile
1504 3126 1818 3197 aestimant,
1845 3126 2134 3196 faciendo,

477 3216 758 3295 possibile
784 3216 1061 3284 ostendit,
1095 3231 1274 3287 seque
1327 3215 1629 3270 hominum
1662 3231 1865 3270 curam
1919 3216 2137 3271 habere

422 3362 423 3371 χ
474 3290 786 3367 manifeste
815 3303 1254 3362 demonstravit.
1284 3303 1431 3358 Nam
1462 3302 1673 3358 Filium
1707 3320 1881 3359 suum
1914 3305 1985 3359 de
2015 3321 2125 3359 σω·
2157 3290 2199 3357 C
2237 3290 2537 3377 diffidunt,
2571 3308 2671 3363 sed
2708 3313 2905 3364 utrum
2938 3290 3159 3365 factum
3193 3310 3295 3377 sit,
3330 3327 3529 3376 necne,
3559 3303 3807 3378 requirunt.

476 3398 552 3455 lis
583 3397 655 3453 ad
686 3401 873 3451 terras
904 3393 1085 3463 misit,
1111 3393 1211 3464 qui
1243 3408 1477 3464 passus,
1500 3392 1834 3459 cruciﬁxus,
1860 3400 2130 3448 mortuus
2241 3397 2450 3453 Omnia
2479 3397 2694 3468 quippe
2738 3398 2854 3453 Deo
2893 3398 3200 3469 possibilia
3247 3399 3535 3471 iudicant,
3569 3394 3653 3451 sed
3692 3389 3810 3460 signa

483 3492 543 3544 et
571 3483 859 3557 sepultus,
892 3498 1076 3554 genus
1106 3481 1433 3535 humanum
1467 3480 1735 3536 redemit.
2241 3491 2527 3559 quierunt,
2552 3487 2770 3558 quibus
2798 3503 2999 3542 verum
3027 3503 3156 3543 esse
3187 3489 3490 3560 probetur,
3514 3482 3650 3559 quod
3671 3474 3811 3553 pradi-

557 3575 630 3631 Ut
657 3577 854 3629 autem
875 3571 1206 3627 ostenderet
1225 3586 1476 3640 quorum
1510 3568 1865 3640 sapientium
1898 3571 2130 3642 sapien-
2241 3578 2407 3628 catur
2440 3590 2454 3629 :
2486 3572 2626 3628 talia
2673 3572 2911 3639 scilicet,
2955 3573 3153 3645 qualia
3202 3575 3358 3630 facta
3408 3580 3543 3631 sunt
3583 3572 3635 3626 in
3674 3560 3809 3621 Veteri

484 3665 1037 3733 tiam,autquorum
1059 3658 1437 3731 prudentium
1455 3659 1827 3729 prudentiam
1848 3675 1910 3714 se
1926 3660 2134 3715 dixerit
2240 3664 2631 3728 Testamento,
2667 3679 2803 3717 cum
2850 3662 3012 3734 virga
3058 3668 3250 3719 Aaron
3306 3664 3502 3721 ﬂoruit
3527 3664 3809 3731 (Nummi,

488 3752 773 3810 Dominus
824 3749 1154 3821 reprobare,
1189 3745 1412 3820 prolato
1466 3746 1756 3818 prophetas
1799 3747 2132 3803 testimonio
2239 3753 2293 3820 5,
2326 3750 2404 3821 8),
2428 3755 2483 3806 et
2504 3752 2676 3806 ﬂores
2700 3751 2757 3805 in
2792 3752 3131 3824 amygdalas
3160 3752 3693 3824 deformavit(Num.
3709 3740 3808 3810 VIII),

491 3840 795 3914 adjunxit:
830 3840 929 3897 Ubi
954 3839 1215 3910 sapiens?
1262 3837 1361 3894 Ubi
1403 3837 1623 3891 scriba?
1672 3837 1775 3892 Ubi
1803 3840 2136 3907 conquisitor
2244 3845 2301 3895 et
2327 3841 2503 3897 Jonas
2532 3840 2722 3895 tribus
2752 3839 2959 3896 diebus
2988 3846 3046 3896 et
3076 3841 3267 3897 tribus
3302 3842 3567 3897 noctibus
3595 3840 3648 3894 in
3671 3836 3811 3890 ventre

492 3933 656 4000 huius
681 3929 915 3988 saeculi?
942 3928 1071 4000 (lsa.
1102 3944 1301 3994 χχχιιι,
1338 3926 1449 3997 18.)
1481 3925 1702 3992 Quibus
1731 3926 1922 3982 verbis
1951 3928 2132 3999 Apos-
2245 3929 2354 3984 ceti
2380 3929 2591 4000 jaeuit,
2625 3933 2824 4000 pastea
2854 3930 3018 3985 vivus
3048 3930 3106 3985 in
3136 3928 3309 3986 littus
3356 3931 3573 4002 ejectus
3618 3929 3693 3983 est
3715 3923 3809 3991 (Jan.

490 4021 647 4079 tolus
675 4025 798 4076 tam
821 4018 1057 4075 Judaeos
1084 4016 1597 4088 redarguit,quam
1629 4014 1895 4086 gentiles.
1921 4016 2132 4072 Scribis
2245 4035 2306 4086 ιι,
2336 4020 2361 4071 1
2401 4034 2413 4073 :
2447 4018 2638 4073 Matth.
2672 4035 2772 4086 χιι,
2806 4018 2917 4086 40).
2940 4018 3190 4074 Maxime
3240 4024 3439 4076 autem
3488 4018 3595 4074 tale
3638 4013 3813 4085 signum

490 4127 766 4184 namque,
797 4109 857 4164 id
888 4111 995 4178 est,
1027 4106 1175 4180 legis
1204 4108 1472 4161 doctores
1496 4103 1835 4160 Judsaorum
1858 4105 2135 4161 nolebant
2242 4110 2530 4179 quaerunt,
2562 4107 2737 4178 quale
2782 4111 3083 4163 ostensum
3115 4112 3205 4164 est
3233 4108 3421 4182 Moysi
3467 4108 3526 4163 in
3570 4107 3686 4178 igne
3721 4093 3813 4153 rubi

487 4202 721 4259 credere
749 4204 930 4255 Deum
977 4194 1189 4253 Filium
1227 4194 1466 4259 habere,
1497 4193 1782 4264 virginem
1813 4195 2128 4265 peperisse,
2241 4196 2429 4269 (Εωοά,
2465 4214 2549 4262 In,
2580 4198 2636 4265 2’
2670 4196 2745 4266 3).

486 4295 589 4347 aut
619 4292 798 4345 Deum
830 4287 972 4360 pati,
1004 4284 1094 4340 vel
1128 4283 1276 4339 mori
1315 4282 1573 4353 potuisse
1607 4299 1621 4336 :
1656 4298 1791 4351 nam
1837 4282 1975 4352 quia
2021 4282 2130 4337 hoc

485 4376 965 4435 manifestissime
987 4390 1104 4430 non
1125 4376 1215 4428 est
1239 4372 1694 4444 przeﬁguratum,
1718 4370 1955 4426 omnino
1982 4371 2129 4427 diffi-

485 4467 731 4535 debant;
763 4463 1036 4520 similiter
1075 4466 1133 4517 et
1178 4460 1471 4532 sapientes
1503 4459 1699 4515 szeculi
1756 4459 1876 4515 haec
1924 4462 2125 4517 eadem
2238 4462 2539 4535 sapientia:
2569 4463 2873 4519 convenire
2903 4462 3209 4520 videntur:
3243 4463 3494 4536 ideoque
3522 4478 3619 4536 per
3643 4452 3817 4527 sapien-

485 4554 847 4619 deridebant,
878 4552 1016 4623 quia
1071 4550 1329 4607 humana
1385 4549 1673 4620 sapientia
1728 4567 1840 4606 non
1899 4551 2123 4622 recipit,
2235 4552 2374 4607 tiam
2412 4552 2665 4607 invenire
2698 4556 2987 4623 quaerunt,
3013 4552 3328 4623 quomodo,
3359 4557 3462 4608 aut
3492 4552 3643 4622 virgo
3670 4549 3817 4617 parem

485 4660 610 4716 quae
642 4642 889 4698 stultum
923 4641 1152 4712 judicat
1203 4639 1435 4695 credere
1466 4638 1760 4694 hominem
1809 4640 1969 4695 nasci
2026 4657 2125 4712 po-
2157 4653 2202 4717 D
2239 4640 2511 4713 potuerit,
2536 4645 2637 4696 aut
2666 4645 2934 4696 mortuus
2959 4656 3295 4713 resurgere:
3325 4641 3482 4713 quod
3506 4644 3684 4696 tamen
3707 4641 3820 4686 com-

479 4731 664 4788 tuisse
694 4731 819 4788 sine
848 4729 1256 4801 conjunctione
1287 4728 1467 4784 maris
1497 4746 1562 4784 ac
1592 4728 1840 4783 feminae.
1870 4729 2121 4801 Conqui-
2234 4730 2592 4802 prehendere
2621 4746 2737 4784 non
2778 4733 3051 4801 possunt;
3087 4730 3225 4801 quia
3271 4746 3507 4786 omnem
3559 4727 3815 4782 humanam

477 4822 717 4879 sitorem
774 4836 907 4875 vero
973 4816 1168 4874 sazculi
1241 4817 1570 4890 specialiter
1639 4818 2122 4873 mathematicum
2234 4819 2582 4891 sapientiam
2630 4817 3010 4873 transcendit.
3065 4818 3227 4873 Unde
3283 4818 3680 4874 convenienter
3716 4804 3818 4862 sub-

476 4910 634 4980 dicit,
670 4910 769 4982 qui
804 4908 1093 4964 mundum
1132 4908 1248 4963 fato
1298 4907 1436 4979 regi,
1469 4911 1525 4962 et
1573 4906 1770 4961 omnia
1817 4906 2119 4962 stellarum
2226 4908 2420 4977 junxit
2446 4923 2456 4962 :
2482 4911 2591 4962 Nos
2613 4916 2797 4963 autem
2822 4908 3185 4977 praedicamus
3207 4908 3483 4962 Christum
3510 4899 3819 4973 cruciﬁIt‘mv'

474 4998 1018 5057 constellationibus
1049 5001 1225 5068 atque
1256 4996 1512 5051 motibus
1544 4995 1662 5050 ﬁeri
1697 4996 1975 5049 decernit.
2228 4996 2429 5052 Judwis
2449 4996 2669 5068 quidem
2697 4995 3042 5061 scandalum,
3064 4997 3319 5063 gentibus
3348 5002 3537 5051 autem
3560 4986 3820 5068 stultitiam-

545 5089 653 5144 Sed
686 5104 754 5143 ex
785 5103 901 5159 quo
935 5067 1186 5142 maxime
1215 5084 1646 5156 comprobetur,
1680 5088 1742 5137 ut
1775 5101 1888 5138 non
1921 5084 1999 5138 sit
2028 5100 2118 5139 sa-
2231 5067 2496 5141 Christus
2528 5085 2839 5141 cruciﬁxus
2882 5084 3102 5139 Judaais
3151 5084 3496 5141 scandalum
3552 5082 3694 5144 erat;
3725 5067 3824 5144 quia

1830 5173 2076 5208 αιιι-ὶῖοηῖι
2102 5190 2114 5202 ο

2250 5174 2786 5208 ...ηηιιηιςηηιηηιιιη
2858 5175 3161 5208 multant“
3194 5174 3490 5208 ριηςοεηνη
3541 5167 3823 5208 υῑηιιιιηνθω

2238 4392 2305 4429 ea
2335 4373 2704 4429 solummodo
2736 4373 2859 4429 ﬁeri
2890 4391 3061 4446 posse
3091 4375 3407 4443 aestimant,
3439 4391 3564 4447 quae
3608 4371 3815 4426 humana

474 5175 639 5208 minus
686 5193 796 5208 “nn
824 5176 1011 5208 annikn
1062 5192 1174 5208 nnn
1206 5172 1565 5208 nnnnnicifnn
1587 5171 1778 5208 omni!“
1830 5173 2076 5208 αιιι-ὶῖοηῖι
2102 5190 2114 5202 ο

2250 5174 2786 5208 ιιιηηιῖηιῖηηικηιιθιινι

2315 3221 2461 3291 Quia
2490 3228 2542 3275 et
2566 3220 2938 3288 Judaeigsigna
2973 3224 3189 3292 petunt.
3221 3221 3350 3277 Non
3380 3220 3533 3277 enim
3562 3215 3668 3273 fieri
3691 3224 3806 3287 posse
3898 3270 3899 3273 η

2312 4285 2510 4352 Graeci,
2542 4285 2597 4339 id
2647 4283 2752 4356 esi,
2785 4285 3051 4357 gentiles,
3093 4288 3427 4358 sapientiam
3470 4282 3718 4358 quaerunt,
3744 4268 3816 4346 τιυὶ
3908 4268 3909 4341 l
