  <div class='ocr_page' id='page_1' title='image "/cluster/home/n/w/nwhite01/storage/ocr_20150623/134/hvd.32044015471741/148.png"; bbox 0 0 3998 5278; ppageno 0'>
   <div class='ocr_carea' id='block_1_1' title="bbox 134 436 2962 504">
    <p class='ocr_par' dir='ltr' id='par_1_1' title="bbox 134 436 2962 504">
     <span class='ocr_line' id='line_1_1' title="bbox 134 436 2962 504; baseline 0.002 -9"><span class='ocrx_word' id='word_1_1' title='bbox 134 437 225 496; x_wconf 86' lang='grc'><strong>301</strong></span> <span class='ocrx_word' id='word_1_2' title='bbox 680 436 1099 501; x_wconf 85' lang='lat' dir='ltr'><strong>EXPOSITIO</strong></span> <span class='ocrx_word' id='word_1_3' title='bbox 1146 440 1223 498; x_wconf 83' lang='lat' dir='ltr'><strong>IN</strong></span> <span class='ocrx_word' id='word_1_4' title='bbox 1273 439 1703 500; x_wconf 76' lang='lat' dir='ltr'><strong>EPISTOLAS</strong></span> <span class='ocrx_word' id='word_1_5' title='bbox 1753 436 2002 497; x_wconf 84' lang='lat' dir='ltr'><strong>PAULI.</strong></span> <span class='ocrx_word' id='word_1_6' title='bbox 2042 469 2113 479; x_wconf 88' lang='lat'><strong><em>-—</em></strong></span> <span class='ocrx_word' id='word_1_7' title='bbox 2150 438 2223 496; x_wconf 92' lang='lat' dir='ltr'><strong>lN</strong></span> <span class='ocrx_word' id='word_1_8' title='bbox 2272 439 2521 500; x_wconf 83' lang='lat' dir='ltr'><strong>EPIST.</strong></span> <span class='ocrx_word' id='word_1_9' title='bbox 2572 443 2589 499; x_wconf 93' lang='lat' dir='ltr'><strong>l</strong></span> <span class='ocrx_word' id='word_1_10' title='bbox 2641 443 2741 501; x_wconf 85' lang='lat' dir='ltr'><strong>AD</strong></span> <span class='ocrx_word' id='word_1_11' title='bbox 2787 444 2962 504; x_wconf 82' lang='lat' dir='ltr'><strong>COR.</strong></span> 
     </span>
    </p>
   </div>
   <div class='ocr_carea' id='block_1_2' title="bbox 3408 446 3524 505">
    <p class='ocr_par' dir='ltr' id='par_1_2' title="bbox 3408 446 3524 505">
     <span class='ocr_line' id='line_1_2' title="bbox 3408 446 3524 505; baseline 0 0"><span class='ocrx_word' id='word_1_12' title='bbox 3408 446 3524 505; x_wconf 78' lang='lat'><strong>302</strong></span> 
     </span>
    </p>
   </div>
   <div class='ocr_carea' id='block_1_3' title="bbox 130 566 3517 649">
    <p class='ocr_par' dir='ltr' id='par_1_3' title="bbox 130 566 3517 649">
     <span class='ocr_line' id='line_1_3' title="bbox 130 566 3517 649; baseline 0.003 -26"><span class='ocrx_word' id='word_1_13' title='bbox 130 566 413 637; x_wconf 71' lang='lat' dir='ltr'><strong>sapientiae</strong></span> <span class='ocrx_word' id='word_1_14' title='bbox 458 569 771 624; x_wconf 90' lang='lat' dir='ltr'><strong>convenire</strong></span> <span class='ocrx_word' id='word_1_15' title='bbox 795 587 909 624; x_wconf 89' lang='lat' dir='ltr'><strong>non</strong></span> <span class='ocrx_word' id='word_1_16' title='bbox 928 570 1764 640; x_wconf 86' lang='lat' dir='ltr'><strong>videntur,insensatajudica-</strong></span> <span class='ocrx_word' id='word_1_17' title='bbox 1798 572 1843 635; x_wconf 75' lang='grc' dir='ltr'><strong>Α</strong></span> <span class='ocrx_word' id='word_1_18' title='bbox 1880 586 1985 622; x_wconf 82' lang='lat' dir='ltr'><strong>non</strong></span> <span class='ocrx_word' id='word_1_19' title='bbox 2020 570 2180 623; x_wconf 85' lang='lat' dir='ltr'><strong>multi</strong></span> <span class='ocrx_word' id='word_1_20' title='bbox 2211 571 2412 624; x_wconf 77' lang='lat' dir='ltr'><strong>nobiles</strong></span> <span class='ocrx_word' id='word_1_21' title='bbox 2452 591 2470 625; x_wconf 91' lang='lat'><strong><em>:</em></strong></span> <span class='ocrx_word' id='word_1_22' title='bbox 2500 590 2563 627; x_wconf 85' lang='lat' dir='ltr'><strong>ac</strong></span> <span class='ocrx_word' id='word_1_23' title='bbox 2594 574 2643 625; x_wconf 88' lang='lat' dir='ltr'><strong>si</strong></span> <span class='ocrx_word' id='word_1_24' title='bbox 2676 574 2890 628; x_wconf 88' lang='lat' dir='ltr'><strong>diceret</strong></span> <span class='ocrx_word' id='word_1_25' title='bbox 2925 592 2936 627; x_wconf 91' lang='lat'><strong>:</strong></span> <span class='ocrx_word' id='word_1_26' title='bbox 2973 576 3033 627; x_wconf 91' lang='lat' dir='ltr'><strong>In</strong></span> <span class='ocrx_word' id='word_1_27' title='bbox 3084 575 3517 649; x_wconf 86' lang='lat' dir='ltr'><strong>vobismetipsis</strong></span> 
     </span>
    </p>
   </div>
   <div class='ocr_carea' id='block_1_4' title="bbox 130 656 1758 731">
    <p class='ocr_par' dir='ltr' id='par_1_4' title="bbox 130 656 1758 731">
     <span class='ocr_line' id='line_1_4' title="bbox 130 656 1758 731; baseline 0.002 -20"><span class='ocrx_word' id='word_1_28' title='bbox 130 659 274 725; x_wconf 83' lang='lat' dir='ltr'><strong>bant,</strong></span> <span class='ocrx_word' id='word_1_29' title='bbox 308 656 677 729; x_wconf 83' lang='lat' dir='ltr'><strong>maximeque</strong></span> <span class='ocrx_word' id='word_1_30' title='bbox 709 659 953 731; x_wconf 83' lang='lat' dir='ltr'><strong>virginis</strong></span> <span class='ocrx_word' id='word_1_31' title='bbox 1007 666 1241 731; x_wconf 89' lang='lat' dir='ltr'><strong>partum</strong></span> <span class='ocrx_word' id='word_1_32' title='bbox 1290 668 1339 715; x_wconf 88' lang='lat' dir='ltr'><strong>et</strong></span> <span class='ocrx_word' id='word_1_33' title='bbox 1393 667 1758 716; x_wconf 86' lang='lat' dir='ltr'><strong>mortuorum</strong></span> 
     </span>
    </p>
   </div>
   <div class='ocr_carea' id='block_1_5' title="bbox 128 744 993 816">
    <p class='ocr_par' dir='ltr' id='par_1_5' title="bbox 128 744 993 816">
     <span class='ocr_line' id='line_1_5' title="bbox 128 744 993 816; baseline 0.003 -17"><span class='ocrx_word' id='word_1_34' title='bbox 128 744 443 816; x_wconf 81' lang='lat' dir='ltr'><strong>generalem</strong></span> <span class='ocrx_word' id='word_1_35' title='bbox 476 748 993 803; x_wconf 81' lang='lat' dir='ltr'><strong>resurrectionem.</strong></span> 
     </span>
    </p>
   </div>
   <div class='ocr_carea' id='block_1_6' title="bbox 189 836 1759 910">
    <p class='ocr_par' dir='ltr' id='par_1_6' title="bbox 189 836 1759 910">
     <span class='ocr_line' id='line_1_6' title="bbox 189 836 1759 910; baseline 0.002 -21"><span class='ocrx_word' id='word_1_36' title='bbox 189 836 313 905; x_wconf 88' lang='lat' dir='ltr'><strong>Ipsis</strong></span> <span class='ocrx_word' id='word_1_37' title='bbox 342 844 525 890; x_wconf 86' lang='lat' dir='ltr'><strong>autem</strong></span> <span class='ocrx_word' id='word_1_38' title='bbox 554 840 753 891; x_wconf 79' lang='lat' dir='ltr'><strong>vocatis</strong></span> <span class='ocrx_word' id='word_1_39' title='bbox 776 855 796 897; x_wconf 85' lang='grc'><em>;</em></span> <span class='ocrx_word' id='word_1_40' title='bbox 830 855 944 892; x_wconf 92' lang='lat' dir='ltr'><strong>non</strong></span> <span class='ocrx_word' id='word_1_41' title='bbox 984 837 1079 893; x_wconf 90' lang='lat' dir='ltr'><strong>illa</strong></span> <span class='ocrx_word' id='word_1_42' title='bbox 1103 840 1543 910; x_wconf 90' lang='lat' dir='ltr'><strong>vocatione,qua</strong></span> <span class='ocrx_word' id='word_1_43' title='bbox 1573 838 1759 893; x_wconf 83' lang='lat' dir='ltr'><strong>vocati</strong></span> 
     </span>
    </p>
   </div>
   <div class='ocr_carea' id='block_1_7' title="bbox 130 923 1761 1000">
    <p class='ocr_par' dir='ltr' id='par_1_7' title="bbox 130 923 1761 1000">
     <span class='ocr_line' id='line_1_7' title="bbox 130 923 1761 1000; baseline 0.001 -21"><span class='ocrx_word' id='word_1_44' title='bbox 130 928 255 979; x_wconf 90' lang='lat' dir='ltr'><strong>sunt</strong></span> <span class='ocrx_word' id='word_1_45' title='bbox 282 923 337 977; x_wconf 90' lang='lat' dir='ltr'><strong>hi</strong></span> <span class='ocrx_word' id='word_1_46' title='bbox 374 925 494 995; x_wconf 89' lang='lat' dir='ltr'><strong>qui,</strong></span> <span class='ocrx_word' id='word_1_47' title='bbox 530 925 758 980; x_wconf 78' lang='lat' dir='ltr'><strong>invitati</strong></span> <span class='ocrx_word' id='word_1_48' title='bbox 792 928 862 981; x_wconf 91' lang='lat' dir='ltr'><strong>ad</strong></span> <span class='ocrx_word' id='word_1_49' title='bbox 913 944 1137 982; x_wconf 76' lang='lat' dir='ltr'><strong>ccenam</strong></span> <span class='ocrx_word' id='word_1_50' title='bbox 1170 929 1325 1000; x_wconf 83' lang='lat' dir='ltr'><strong>agni,</strong></span> <span class='ocrx_word' id='word_1_51' title='bbox 1360 946 1472 983; x_wconf 93' lang='lat' dir='ltr'><strong>non</strong></span> <span class='ocrx_word' id='word_1_52' title='bbox 1530 930 1761 982; x_wconf 91' lang='lat' dir='ltr'><strong>fuerunt</strong></span> 
     </span>
    </p>
   </div>
   <div class='ocr_carea' id='block_1_8' title="bbox 131 1013 1761 1085">
    <p class='ocr_par' dir='ltr' id='par_1_8' title="bbox 131 1013 1761 1085">
     <span class='ocr_line' id='line_1_8' title="bbox 131 1013 1761 1085; baseline 0.002 -19"><span class='ocrx_word' id='word_1_53' title='bbox 131 1013 276 1085; x_wconf 83' lang='lat' dir='ltr'><strong>digni</strong></span> <span class='ocrx_word' id='word_1_54' title='bbox 306 1014 501 1068; x_wconf 88' lang='lat' dir='ltr'><strong>venire</strong></span> <span class='ocrx_word' id='word_1_55' title='bbox 532 1014 713 1084; x_wconf 76' lang='lat' dir='ltr'><strong>(Apoc.</strong></span> <span class='ocrx_word' id='word_1_56' title='bbox 777 1034 892 1081; x_wconf 74' lang='lat' dir='ltr'><strong>xxx,</strong></span> <span class='ocrx_word' id='word_1_57' title='bbox 923 1018 995 1082; x_wconf 75' lang='lat'>9;</span> <span class='ocrx_word' id='word_1_58' title='bbox 1032 1018 1213 1072; x_wconf 79' lang='lat' dir='ltr'><strong>Matth.</strong></span> <span class='ocrx_word' id='word_1_59' title='bbox 1267 1036 1404 1080; x_wconf 78' lang='lat' dir='ltr'><strong>xxn,</strong></span> <span class='ocrx_word' id='word_1_60' title='bbox 1436 1021 1512 1085; x_wconf 72' lang='lat'><strong>3),</strong></span> <span class='ocrx_word' id='word_1_61' title='bbox 1558 1016 1657 1071; x_wconf 87' lang='lat' dir='ltr'><strong>sed</strong></span> <span class='ocrx_word' id='word_1_62' title='bbox 1695 1033 1761 1070; x_wconf 88' lang='lat' dir='ltr'><strong>ea</strong></span> 
     </span>
    </p>
   </div>
   <div class='ocr_carea' id='block_1_9' title="bbox 132 1102 1762 1176">
    <p class='ocr_par' dir='ltr' id='par_1_9' title="bbox 132 1102 1762 1176">
     <span class='ocr_line' id='line_1_9' title="bbox 132 1102 1762 1176; baseline 0.001 -19"><span class='ocrx_word' id='word_1_63' title='bbox 132 1103 194 1157; x_wconf 92' lang='lat' dir='ltr'><strong>de</strong></span> <span class='ocrx_word' id='word_1_64' title='bbox 224 1119 329 1172; x_wconf 89' lang='lat' dir='ltr'><strong>qua</strong></span> <span class='ocrx_word' id='word_1_65' title='bbox 359 1102 671 1173; x_wconf 71' lang='lat' dir='ltr'>Apostolus</span> <span class='ocrx_word' id='word_1_66' title='bbox 697 1122 709 1159; x_wconf 87' lang='lat'><strong>:</strong></span> <span class='ocrx_word' id='word_1_67' title='bbox 745 1106 881 1172; x_wconf 86' lang='lat' dir='ltr'><strong>Quos</strong></span> <span class='ocrx_word' id='word_1_68' title='bbox 912 1110 1092 1161; x_wconf 89' lang='lat' dir='ltr'><strong>autem</strong></span> <span class='ocrx_word' id='word_1_69' title='bbox 1119 1108 1564 1176; x_wconf 63' lang='lat' dir='ltr'><strong>1,-1&#39;a’destinarit.</strong></span> <span class='ocrx_word' id='word_1_70' title='bbox 1598 1106 1691 1160; x_wconf 89' lang='lat' dir='ltr'><strong>hos</strong></span> <span class='ocrx_word' id='word_1_71' title='bbox 1713 1109 1762 1159; x_wconf 85' lang='lat' dir='ltr'><strong>et</strong></span> 
     </span>
    </p>
   </div>
   <div class='ocr_carea' id='block_1_10' title="bbox 132 1193 1762 1265">
    <p class='ocr_par' dir='ltr' id='par_1_10' title="bbox 132 1193 1762 1265">
     <span class='ocr_line' id='line_1_10' title="bbox 132 1193 1762 1265; baseline 0.002 -21"><span class='ocrx_word' id='word_1_72' title='bbox 132 1193 348 1245; x_wconf 85' lang='lat' dir='ltr'><strong>vocavit.</strong></span> <span class='ocrx_word' id='word_1_73' title='bbox 392 1195 608 1247; x_wconf 79' lang='lat' dir='ltr'><strong>Vocatis</strong></span> <span class='ocrx_word' id='word_1_74' title='bbox 645 1210 781 1263; x_wconf 89' lang='lat' dir='ltr'><strong>ergo</strong></span> <span class='ocrx_word' id='word_1_75' title='bbox 811 1195 1030 1259; x_wconf 63' lang='lat' dir='ltr'><strong>Judaeis,</strong></span> <span class='ocrx_word' id='word_1_76' title='bbox 1088 1207 1247 1265; x_wconf 77' lang='lat' dir='ltr'><strong>atque</strong></span> <span class='ocrx_word' id='word_1_77' title='bbox 1297 1196 1491 1249; x_wconf 63' lang='lat' dir='ltr'><strong>Graecis</strong></span> <span class='ocrx_word' id='word_1_78' title='bbox 1520 1196 1762 1249; x_wconf 75' lang='lat' dir='ltr'><strong>Christus</strong></span> 
     </span>
    </p>
   </div>
   <div class='ocr_carea' id='block_1_11' title="bbox 130 1282 1764 1355">
    <p class='ocr_par' dir='ltr' id='par_1_11' title="bbox 130 1282 1764 1355">
     <span class='ocr_line' id='line_1_11' title="bbox 130 1282 1764 1355; baseline 0.001 -20"><span class='ocrx_word' id='word_1_79' title='bbox 130 1282 217 1335; x_wconf 89' lang='lat' dir='ltr'><strong>Dei</strong></span> <span class='ocrx_word' id='word_1_80' title='bbox 242 1282 415 1334; x_wconf 81' lang='lat' dir='ltr'><strong>virtus</strong></span> <span class='ocrx_word' id='word_1_81' title='bbox 443 1284 543 1348; x_wconf 83' lang='lat' dir='ltr'><strong>est,</strong></span> <span class='ocrx_word' id='word_1_82' title='bbox 576 1290 625 1336; x_wconf 90' lang='lat' dir='ltr'><strong>et</strong></span> <span class='ocrx_word' id='word_1_83' title='bbox 654 1284 753 1337; x_wconf 91' lang='lat' dir='ltr'><strong>Dei</strong></span> <span class='ocrx_word' id='word_1_84' title='bbox 784 1285 1051 1355; x_wconf 77' lang='lat' dir='ltr'><strong>sapientia</strong></span> <span class='ocrx_word' id='word_1_85' title='bbox 1082 1286 1254 1355; x_wconf 77' lang='lat' dir='ltr'><strong>(Hom.</strong></span> <span class='ocrx_word' id='word_1_86' title='bbox 1289 1302 1413 1340; x_wconf 86' lang='lat' dir='ltr'><strong>vm.</strong></span> <span class='ocrx_word' id='word_1_87' title='bbox 1447 1286 1535 1351; x_wconf 71' lang='grc'><strong>40)</strong></span> <span class='ocrx_word' id='word_1_88' title='bbox 1577 1302 1588 1337; x_wconf 92' lang='lat'>:</span> <span class='ocrx_word' id='word_1_89' title='bbox 1625 1285 1764 1354; x_wconf 97' lang='lat' dir='ltr'><strong>quia</strong></span> 
     </span>
    </p>
   </div>
   <div class='ocr_carea' id='block_1_12' title="bbox 128 1370 1761 1443">
    <p class='ocr_par' dir='ltr' id='par_1_12' title="bbox 128 1370 1761 1443">
     <span class='ocr_line' id='line_1_12' title="bbox 128 1370 1761 1443; baseline 0.001 -18"><span class='ocrx_word' id='word_1_90' title='bbox 128 1370 315 1434; x_wconf 70' lang='lat' dir='ltr'><strong>Judaei,</strong></span> <span class='ocrx_word' id='word_1_91' title='bbox 371 1372 473 1441; x_wconf 88' lang='lat' dir='ltr'><strong>qui</strong></span> <span class='ocrx_word' id='word_1_92' title='bbox 507 1372 666 1441; x_wconf 88' lang='lat' dir='ltr'><strong>prius</strong></span> <span class='ocrx_word' id='word_1_93' title='bbox 716 1372 887 1443; x_wconf 89' lang='lat' dir='ltr'><strong>signa</strong></span> <span class='ocrx_word' id='word_1_94' title='bbox 917 1374 1275 1443; x_wconf 62' lang='lat' dir='ltr'><strong>quierebant,</strong></span> <span class='ocrx_word' id='word_1_95' title='bbox 1330 1378 1385 1428; x_wconf 88' lang='lat' dir='ltr'><strong>et</strong></span> <span class='ocrx_word' id='word_1_96' title='bbox 1412 1373 1761 1429; x_wconf 88' lang='lat' dir='ltr'><strong>scandaliza-</strong></span> 
     </span>
    </p>
   </div>
   <div class='ocr_carea' id='block_1_13' title="bbox 128 1460 1764 1531">
    <p class='ocr_par' dir='ltr' id='par_1_13' title="bbox 128 1460 1764 1531">
     <span class='ocr_line' id='line_1_13' title="bbox 128 1460 1764 1531; baseline 0.001 -18"><span class='ocrx_word' id='word_1_97' title='bbox 128 1460 339 1529; x_wconf 90' lang='lat' dir='ltr'><strong>bantur,</strong></span> <span class='ocrx_word' id='word_1_98' title='bbox 381 1476 483 1530; x_wconf 90' lang='lat' dir='ltr'><strong>per</strong></span> <span class='ocrx_word' id='word_1_99' title='bbox 511 1460 759 1531; x_wconf 79' lang='lat' dir='ltr'><strong>gratiam</strong></span> <span class='ocrx_word' id='word_1_100' title='bbox 796 1462 892 1516; x_wconf 86' lang='lat' dir='ltr'><strong>Dei</strong></span> <span class='ocrx_word' id='word_1_101' title='bbox 923 1462 1107 1517; x_wconf 86' lang='lat' dir='ltr'><strong>vocati</strong></span> <span class='ocrx_word' id='word_1_102' title='bbox 1139 1464 1208 1517; x_wconf 90' lang='lat' dir='ltr'><strong>ad</strong></span> <span class='ocrx_word' id='word_1_103' title='bbox 1242 1464 1439 1526; x_wconf 81' lang='lat' dir='ltr'><strong>fidem,</strong></span> <span class='ocrx_word' id='word_1_104' title='bbox 1472 1462 1764 1517; x_wconf 82' lang='lat' dir='ltr'><strong>intellexe-</strong></span> 
     </span>
    </p>
   </div>
   <div class='ocr_carea' id='block_1_14' title="bbox 128 1548 1761 1623">
    <p class='ocr_par' dir='ltr' id='par_1_14' title="bbox 128 1548 1761 1623">
     <span class='ocr_line' id='line_1_14' title="bbox 128 1548 1761 1623; baseline 0.002 -20"><span class='ocrx_word' id='word_1_105' title='bbox 128 1553 248 1603; x_wconf 90' lang='lat' dir='ltr'><strong>runt</strong></span> <span class='ocrx_word' id='word_1_106' title='bbox 276 1564 413 1604; x_wconf 91' lang='lat' dir='ltr'><strong>eum</strong></span> <span class='ocrx_word' id='word_1_107' title='bbox 448 1548 549 1604; x_wconf 90' lang='lat' dir='ltr'><strong>Dei</strong></span> <span class='ocrx_word' id='word_1_108' title='bbox 579 1548 852 1605; x_wconf 80' lang='lat' dir='ltr'><strong>virtutem</strong></span> <span class='ocrx_word' id='word_1_109' title='bbox 890 1569 901 1618; x_wconf 93' lang='lat'>;</span> <span class='ocrx_word' id='word_1_110' title='bbox 937 1552 1211 1622; x_wconf 82' lang='lat' dir='ltr'><strong>quoniam</strong></span> <span class='ocrx_word' id='word_1_111' title='bbox 1253 1570 1355 1623; x_wconf 91' lang='lat' dir='ltr'><strong>per</strong></span> <span class='ocrx_word' id='word_1_112' title='bbox 1382 1553 1577 1623; x_wconf 89' lang='lat' dir='ltr'><strong>ipsum</strong></span> <span class='ocrx_word' id='word_1_113' title='bbox 1615 1553 1761 1606; x_wconf 86' lang='lat' dir='ltr'><strong>Deus</strong></span> 
     </span>
    </p>
   </div>
   <div class='ocr_carea' id='block_1_15' title="bbox 130 1636 1765 1711">
    <p class='ocr_par' dir='ltr' id='par_1_15' title="bbox 130 1636 1765 1711">
     <span class='ocr_line' id='line_1_15' title="bbox 130 1636 1765 1711; baseline 0.002 -21"><span class='ocrx_word' id='word_1_114' title='bbox 130 1638 277 1691; x_wconf 88' lang='lat' dir='ltr'><strong>Pater</strong></span> <span class='ocrx_word' id='word_1_115' title='bbox 306 1636 511 1692; x_wconf 85' lang='lat' dir='ltr'><strong>omnia</strong></span> <span class='ocrx_word' id='word_1_116' title='bbox 542 1638 821 1703; x_wconf 85' lang='lat' dir='ltr'><strong>condidit,</strong></span> <span class='ocrx_word' id='word_1_117' title='bbox 857 1640 1023 1707; x_wconf 82' lang='lat' dir='ltr'><strong>regit,</strong></span> <span class='ocrx_word' id='word_1_118' title='bbox 1057 1645 1113 1695; x_wconf 89' lang='lat' dir='ltr'><strong>et</strong></span> <span class='ocrx_word' id='word_1_119' title='bbox 1140 1641 1444 1711; x_wconf 84' lang='lat' dir='ltr'><strong>gubernat.</strong></span> <span class='ocrx_word' id='word_1_120' title='bbox 1483 1638 1765 1694; x_wconf 82' lang='lat' dir='ltr'><strong>Similiter</strong></span> 
     </span>
    </p>
   </div>
   <div class='ocr_carea' id='block_1_16' title="bbox 130 1725 1764 1799">
    <p class='ocr_par' dir='ltr' id='par_1_16' title="bbox 130 1725 1764 1799">
     <span class='ocr_line' id='line_1_16' title="bbox 130 1725 1764 1799; baseline 0.001 -20"><span class='ocrx_word' id='word_1_121' title='bbox 130 1725 356 1798; x_wconf 85' lang='lat' dir='ltr'><strong>gentiles</strong></span> <span class='ocrx_word' id='word_1_122' title='bbox 369 1726 488 1796; x_wconf 89' lang='lat' dir='ltr'><strong>,qui</strong></span> <span class='ocrx_word' id='word_1_123' title='bbox 510 1726 671 1797; x_wconf 89' lang='lat' dir='ltr'><strong>prius</strong></span> <span class='ocrx_word' id='word_1_124' title='bbox 686 1730 961 1799; x_wconf 80' lang='lat' dir='ltr'><strong>mysteria</strong></span> <span class='ocrx_word' id='word_1_125' title='bbox 976 1729 1052 1783; x_wconf 77' lang='lat' dir='ltr'><strong>tlh</strong></span> <span class='ocrx_word' id='word_1_126' title='bbox 1065 1729 1187 1783; x_wconf 87' lang='lat' dir='ltr'><strong>risti</strong></span> <span class='ocrx_word' id='word_1_127' title='bbox 1208 1729 1465 1783; x_wconf 86' lang='lat' dir='ltr'><strong>humana</strong></span> <span class='ocrx_word' id='word_1_128' title='bbox 1478 1728 1764 1799; x_wconf 86' lang='lat' dir='ltr'><strong>sapientia</strong></span> 
     </span>
    </p>
   </div>
   <div class='ocr_carea' id='block_1_17' title="bbox 130 1814 1762 1889">
    <p class='ocr_par' dir='ltr' id='par_1_17' title="bbox 130 1814 1762 1889">
     <span class='ocr_line' id='line_1_17' title="bbox 130 1814 1762 1889; baseline 0.001 -20"><span class='ocrx_word' id='word_1_129' title='bbox 130 1814 604 1885; x_wconf 84' lang='lat' dir='ltr'><strong>comprehendere</strong></span> <span class='ocrx_word' id='word_1_130' title='bbox 634 1816 1055 1884; x_wconf 88' lang='lat' dir='ltr'><strong>nitebantur,et</strong></span> <span class='ocrx_word' id='word_1_131' title='bbox 1084 1819 1300 1889; x_wconf 84' lang='lat' dir='ltr'><strong>quibus</strong></span> <span class='ocrx_word' id='word_1_132' title='bbox 1322 1817 1571 1872; x_wconf 84' lang='lat' dir='ltr'><strong>stultitia</strong></span> <span class='ocrx_word' id='word_1_133' title='bbox 1600 1817 1762 1871; x_wconf 91' lang='lat' dir='ltr'><strong>vide-</strong></span> 
     </span>
    </p>
   </div>
   <div class='ocr_carea' id='block_1_18' title="bbox 132 1903 1762 1978">
    <p class='ocr_par' dir='ltr' id='par_1_18' title="bbox 132 1903 1762 1978">
     <span class='ocr_line' id='line_1_18' title="bbox 132 1903 1762 1978; baseline 0.001 -20"><span class='ocrx_word' id='word_1_134' title='bbox 132 1905 339 1973; x_wconf 87' lang='lat' dir='ltr'><strong>bantur,</strong></span> <span class='ocrx_word' id='word_1_135' title='bbox 381 1903 483 1958; x_wconf 87' lang='lat' dir='ltr'><strong>Dei</strong></span> <span class='ocrx_word' id='word_1_136' title='bbox 513 1906 703 1975; x_wconf 89' lang='lat' dir='ltr'><strong>gratia</strong></span> <span class='ocrx_word' id='word_1_137' title='bbox 734 1906 867 1961; x_wconf 89' lang='lat' dir='ltr'><strong>facti</strong></span> <span class='ocrx_word' id='word_1_138' title='bbox 900 1908 1223 1973; x_wconf 88' lang='lat' dir='ltr'><strong>credentes,</strong></span> <span class='ocrx_word' id='word_1_139' title='bbox 1248 1911 1609 1978; x_wconf 89' lang='lat' dir='ltr'><strong>agnoverunt</strong></span> <span class='ocrx_word' id='word_1_140' title='bbox 1627 1922 1762 1961; x_wconf 90' lang='lat' dir='ltr'><strong>eum</strong></span> 
     </span>
    </p>
   </div>
   <div class='ocr_carea' id='block_1_19' title="bbox 133 1993 1765 2068">
    <p class='ocr_par' dir='ltr' id='par_1_19' title="bbox 133 1993 1765 2068">
     <span class='ocr_line' id='line_1_19' title="bbox 133 1993 1765 2068; baseline 0.001 -20"><span class='ocrx_word' id='word_1_141' title='bbox 133 1994 213 2048; x_wconf 90' lang='lat' dir='ltr'><strong>Dei</strong></span> <span class='ocrx_word' id='word_1_142' title='bbox 242 1993 592 2065; x_wconf 87' lang='lat' dir='ltr'><strong>sapientiam</strong></span> <span class='ocrx_word' id='word_1_143' title='bbox 631 2013 643 2062; x_wconf 91' lang='lat'><strong>;</strong></span> <span class='ocrx_word' id='word_1_144' title='bbox 697 1996 973 2066; x_wconf 91' lang='lat' dir='ltr'><strong>quoniam</strong></span> <span class='ocrx_word' id='word_1_145' title='bbox 1009 2014 1109 2068; x_wconf 92' lang='lat' dir='ltr'><strong>per</strong></span> <span class='ocrx_word' id='word_1_146' title='bbox 1140 2014 1273 2053; x_wconf 90' lang='lat' dir='ltr'><strong>eum</strong></span> <span class='ocrx_word' id='word_1_147' title='bbox 1305 1997 1457 2052; x_wconf 90' lang='lat' dir='ltr'><strong>Deus</strong></span> <span class='ocrx_word' id='word_1_148' title='bbox 1491 2002 1652 2067; x_wconf 90' lang='lat' dir='ltr'><strong>pater</strong></span> <span class='ocrx_word' id='word_1_149' title='bbox 1677 2000 1765 2051; x_wconf 92' lang='lat' dir='ltr'><strong>est</strong></span> 
     </span>
    </p>
   </div>
   <div class='ocr_carea' id='block_1_20' title="bbox 134 2082 1764 2156">
    <p class='ocr_par' dir='ltr' id='par_1_20' title="bbox 134 2082 1764 2156">
     <span class='ocr_line' id='line_1_20' title="bbox 134 2082 1764 2156; baseline 0.002 -20"><span class='ocrx_word' id='word_1_150' title='bbox 134 2082 369 2152; x_wconf 83' lang='lat' dir='ltr'><strong>agnitus.</strong></span> <span class='ocrx_word' id='word_1_151' title='bbox 417 2082 485 2136; x_wconf 81' lang='lat' dir='ltr'><strong>Et</strong></span> <span class='ocrx_word' id='word_1_152' title='bbox 514 2100 711 2138; x_wconf 85' lang='lat' dir='ltr'><strong>revera</strong></span> <span class='ocrx_word' id='word_1_153' title='bbox 742 2102 855 2139; x_wconf 90' lang='lat' dir='ltr'><strong>non</strong></span> <span class='ocrx_word' id='word_1_154' title='bbox 888 2085 1057 2141; x_wconf 91' lang='lat' dir='ltr'><strong>aliter</strong></span> <span class='ocrx_word' id='word_1_155' title='bbox 1113 2086 1323 2141; x_wconf 89' lang='lat' dir='ltr'><strong>melius</strong></span> <span class='ocrx_word' id='word_1_156' title='bbox 1355 2090 1579 2156; x_wconf 88' lang='lat' dir='ltr'><strong>poterat</strong></span> <span class='ocrx_word' id='word_1_157' title='bbox 1612 2086 1764 2140; x_wconf 89' lang='lat' dir='ltr'><strong>Deus</strong></span> 
     </span>
    </p>
   </div>
   <div class='ocr_carea' id='block_1_21' title="bbox 136 2171 1762 2246">
    <p class='ocr_par' dir='ltr' id='par_1_21' title="bbox 136 2171 1762 2246">
     <span class='ocr_line' id='line_1_21' title="bbox 136 2171 1762 2246; baseline 0.002 -23"><span class='ocrx_word' id='word_1_158' title='bbox 136 2171 276 2226; x_wconf 77' lang='lat' dir='ltr'><strong>l’ater</strong></span> <span class='ocrx_word' id='word_1_159' title='bbox 300 2172 568 2241; x_wconf 86' lang='lat' dir='ltr'><strong>agnosci,</strong></span> <span class='ocrx_word' id='word_1_160' title='bbox 603 2189 779 2241; x_wconf 86' lang='lat' dir='ltr'><strong>quam</strong></span> <span class='ocrx_word' id='word_1_161' title='bbox 814 2190 916 2244; x_wconf 91' lang='lat' dir='ltr'><strong>per</strong></span> <span class='ocrx_word' id='word_1_162' title='bbox 945 2191 1100 2241; x_wconf 92' lang='lat' dir='ltr'><strong>cum,</strong></span> <span class='ocrx_word' id='word_1_163' title='bbox 1153 2174 1253 2244; x_wconf 90' lang='lat' dir='ltr'><strong>qui</strong></span> <span class='ocrx_word' id='word_1_164' title='bbox 1305 2174 1539 2246; x_wconf 89' lang='lat' dir='ltr'><strong>genitus</strong></span> <span class='ocrx_word' id='word_1_165' title='bbox 1572 2178 1661 2228; x_wconf 88' lang='lat' dir='ltr'><strong>est</strong></span> <span class='ocrx_word' id='word_1_166' title='bbox 1692 2174 1762 2227; x_wconf 92' lang='lat' dir='ltr'><strong>ab</strong></span> 
     </span>
    </p>
   </div>
   <div class='ocr_carea' id='block_1_22' title="bbox 136 2259 1765 2332">
    <p class='ocr_par' dir='ltr' id='par_1_22' title="bbox 136 2259 1765 2332">
     <span class='ocr_line' id='line_1_22' title="bbox 136 2259 1765 2332; baseline 0.002 -20"><span class='ocrx_word' id='word_1_167' title='bbox 136 2259 237 2323; x_wconf 87' lang='lat' dir='ltr'><strong>illo,</strong></span> <span class='ocrx_word' id='word_1_168' title='bbox 263 2260 430 2315; x_wconf 90' lang='lat' dir='ltr'><strong>Unde</strong></span> <span class='ocrx_word' id='word_1_169' title='bbox 461 2261 518 2315; x_wconf 93' lang='lat' dir='ltr'><strong>in</strong></span> <span class='ocrx_word' id='word_1_170' title='bbox 553 2261 848 2332; x_wconf 88' lang='lat' dir='ltr'><strong>evangelio</strong></span> <span class='ocrx_word' id='word_1_171' title='bbox 908 2280 921 2316; x_wconf 87' lang='lat'>:</span> <span class='ocrx_word' id='word_1_172' title='bbox 978 2264 1143 2317; x_wconf 84' lang='lat' dir='ltr'><strong>Nemo</strong></span> <span class='ocrx_word' id='word_1_173' title='bbox 1172 2265 1321 2318; x_wconf 81' lang='lat' dir='ltr'><strong>novit</strong></span> <span class='ocrx_word' id='word_1_174' title='bbox 1359 2265 1598 2328; x_wconf 87' lang='lat' dir='ltr'><strong>Patrem,</strong></span> <span class='ocrx_word' id='word_1_175' title='bbox 1650 2264 1765 2315; x_wconf 85' lang='lat' dir='ltr'><strong>nisi</strong></span> 
     </span>
    </p>
   </div>
   <div class='ocr_carea' id='block_1_23' title="bbox 146 2348 1764 2422">
    <p class='ocr_par' dir='ltr' id='par_1_23' title="bbox 146 2348 1764 2422">
     <span class='ocr_line' id='line_1_23' title="bbox 146 2348 1764 2422; baseline 0.001 -21"><span class='ocrx_word' id='word_1_176' title='bbox 146 2348 315 2415; x_wconf 82' lang='lat' dir='ltr'><strong>Filius,</strong></span> <span class='ocrx_word' id='word_1_177' title='bbox 363 2356 423 2404; x_wconf 85' lang='lat' dir='ltr'><strong>et</strong></span> <span class='ocrx_word' id='word_1_178' title='bbox 452 2352 545 2404; x_wconf 88' lang='lat' dir='ltr'><strong>cui</strong></span> <span class='ocrx_word' id='word_1_179' title='bbox 566 2351 798 2405; x_wconf 80' lang='lat' dir='ltr'><strong>voluerit</strong></span> <span class='ocrx_word' id='word_1_180' title='bbox 858 2354 1041 2407; x_wconf 69' lang='lat' dir='ltr'><strong>Filius</strong></span> <span class='ocrx_word' id='word_1_181' title='bbox 1062 2354 1304 2407; x_wconf 82' lang='lat' dir='ltr'><strong>revelare</strong></span> <span class='ocrx_word' id='word_1_182' title='bbox 1342 2352 1764 2422; x_wconf 72' lang='lat' dir='ltr'><strong>(Matth.x1,27).</strong></span> 
     </span>
    </p>
   </div>
   <div class='ocr_carea' id='block_1_24' title="bbox 139 2438 1764 2511">
    <p class='ocr_par' dir='ltr' id='par_1_24' title="bbox 139 2438 1764 2511">
     <span class='ocr_line' id='line_1_24' title="bbox 139 2438 1764 2511; baseline 0.001 -20"><span class='ocrx_word' id='word_1_183' title='bbox 139 2440 558 2509; x_wconf 84' lang='lat' dir='ltr'><strong>Attamenjuxta</strong></span> <span class='ocrx_word' id='word_1_184' title='bbox 571 2438 720 2494; x_wconf 90' lang='lat' dir='ltr'><strong>hanc</strong></span> <span class='ocrx_word' id='word_1_185' title='bbox 735 2440 1115 2511; x_wconf 89' lang='lat' dir='ltr'><strong>apostolicam</strong></span> <span class='ocrx_word' id='word_1_186' title='bbox 1134 2442 1482 2497; x_wconf 86' lang='lat' dir='ltr'><strong>sententiam</strong></span> <span class='ocrx_word' id='word_1_187' title='bbox 1500 2440 1764 2511; x_wconf 91' lang='lat' dir='ltr'><strong>utrisque</strong></span> 
     </span>
    </p>
   </div>
   <div class='ocr_carea' id='block_1_25' title="bbox 136 2527 1762 2600">
    <p class='ocr_par' dir='ltr' id='par_1_25' title="bbox 136 2527 1762 2600">
     <span class='ocr_line' id='line_1_25' title="bbox 136 2527 1762 2600; baseline 0.002 -22"><span class='ocrx_word' id='word_1_188' title='bbox 136 2527 346 2594; x_wconf 83' lang='lat' dir='ltr'><strong>vocatis,</strong></span> <span class='ocrx_word' id='word_1_189' title='bbox 390 2532 511 2581; x_wconf 89' lang='lat' dir='ltr'><strong>tam</strong></span> <span class='ocrx_word' id='word_1_190' title='bbox 541 2528 965 2600; x_wconf 62' lang='lat' dir='ltr'><strong>Judaeis,quam</strong></span> <span class='ocrx_word' id='word_1_191' title='bbox 996 2530 1209 2585; x_wconf 66' lang='lat' dir='ltr'><strong>Grascis</strong></span> <span class='ocrx_word' id='word_1_192' title='bbox 1239 2530 1525 2585; x_wconf 89' lang='lat' dir='ltr'><strong>debemus</strong></span> <span class='ocrx_word' id='word_1_193' title='bbox 1554 2528 1762 2583; x_wconf 87' lang='lat' dir='ltr'><strong>intelli-</strong></span> 
     </span>
    </p>
   </div>
   <div class='ocr_carea' id='block_1_26' title="bbox 131 2616 1759 2689">
    <p class='ocr_par' dir='ltr' id='par_1_26' title="bbox 131 2616 1759 2689">
     <span class='ocr_line' id='line_1_26' title="bbox 131 2616 1759 2689; baseline 0.001 -20"><span class='ocrx_word' id='word_1_194' title='bbox 131 2632 245 2687; x_wconf 85' lang='lat' dir='ltr'><strong>gere</strong></span> <span class='ocrx_word' id='word_1_195' title='bbox 274 2616 581 2671; x_wconf 86' lang='lat' dir='ltr'><strong>Christum</strong></span> <span class='ocrx_word' id='word_1_196' title='bbox 644 2618 737 2672; x_wconf 89' lang='lat' dir='ltr'><strong>Dei</strong></span> <span class='ocrx_word' id='word_1_197' title='bbox 768 2618 1067 2685; x_wconf 86' lang='lat' dir='ltr'><strong>virtutem,</strong></span> <span class='ocrx_word' id='word_1_198' title='bbox 1118 2626 1172 2673; x_wconf 91' lang='lat' dir='ltr'><strong>et</strong></span> <span class='ocrx_word' id='word_1_199' title='bbox 1228 2619 1328 2673; x_wconf 89' lang='lat' dir='ltr'><strong>Dei</strong></span> <span class='ocrx_word' id='word_1_200' title='bbox 1363 2618 1712 2689; x_wconf 89' lang='lat' dir='ltr'><strong>sapientiam</strong></span> <span class='ocrx_word' id='word_1_201' title='bbox 1747 2634 1759 2671; x_wconf 89' lang='lat'><strong>:</strong></span> 
     </span>
    </p>
   </div>
   <div class='ocr_carea' id='block_1_27' title="bbox 129 2704 1765 2779">
    <p class='ocr_par' dir='ltr' id='par_1_27' title="bbox 129 2704 1765 2779">
     <span class='ocr_line' id='line_1_27' title="bbox 129 2704 1765 2779; baseline 0.004 -23"><span class='ocrx_word' id='word_1_202' title='bbox 129 2704 293 2760; x_wconf 84' lang='lat' dir='ltr'><strong>virtus</strong></span> <span class='ocrx_word' id='word_1_203' title='bbox 315 2705 537 2777; x_wconf 87' lang='lat' dir='ltr'><strong>quippe</strong></span> <span class='ocrx_word' id='word_1_204' title='bbox 559 2707 627 2761; x_wconf 90' lang='lat' dir='ltr'><strong>ad</strong></span> <span class='ocrx_word' id='word_1_205' title='bbox 662 2708 1377 2779; x_wconf 88' lang='lat' dir='ltr'><strong>operationem,sapientia</strong></span> <span class='ocrx_word' id='word_1_206' title='bbox 1400 2708 1469 2762; x_wconf 91' lang='lat' dir='ltr'><strong>ad</strong></span> <span class='ocrx_word' id='word_1_207' title='bbox 1494 2707 1765 2778; x_wconf 69' lang='lat' dir='ltr'><strong>praedica-</strong></span> 
     </span>
    </p>
   </div>
   <div class='ocr_carea' id='block_1_28' title="bbox 127 2794 1760 2867">
    <p class='ocr_par' dir='ltr' id='par_1_28' title="bbox 127 2794 1760 2867">
     <span class='ocr_line' id='line_1_28' title="bbox 127 2794 1760 2867; baseline 0.002 -21"><span class='ocrx_word' id='word_1_208' title='bbox 127 2794 330 2849; x_wconf 84' lang='lat' dir='ltr'><strong>tionem</strong></span> <span class='ocrx_word' id='word_1_209' title='bbox 366 2795 632 2850; x_wconf 87' lang='lat' dir='ltr'><strong>refertur.</strong></span> <span class='ocrx_word' id='word_1_210' title='bbox 678 2796 877 2851; x_wconf 86' lang='lat' dir='ltr'><strong>Virtus</strong></span> <span class='ocrx_word' id='word_1_211' title='bbox 904 2813 1009 2867; x_wconf 90' lang='lat' dir='ltr'><strong>ego</strong></span> <span class='ocrx_word' id='word_1_212' title='bbox 1044 2796 1143 2851; x_wconf 91' lang='lat' dir='ltr'><strong>Dei</strong></span> <span class='ocrx_word' id='word_1_213' title='bbox 1177 2796 1441 2850; x_wconf 89' lang='lat' dir='ltr'><strong>Christus</strong></span> <span class='ocrx_word' id='word_1_214' title='bbox 1470 2796 1587 2849; x_wconf 89' lang='lat' dir='ltr'><strong>illis</strong></span> <span class='ocrx_word' id='word_1_215' title='bbox 1620 2800 1707 2849; x_wconf 87' lang='lat' dir='ltr'><strong>est</strong></span> <span class='ocrx_word' id='word_1_216' title='bbox 1747 2812 1760 2860; x_wconf 90' lang='lat'><strong>;</strong></span> 
     </span>
    </p>
   </div>
   <div class='ocr_carea' id='block_1_29' title="bbox 126 2883 1767 2956">
    <p class='ocr_par' dir='ltr' id='par_1_29' title="bbox 126 2883 1767 2956">
     <span class='ocr_line' id='line_1_29' title="bbox 126 2883 1767 2956; baseline -0.001 -19"><span class='ocrx_word' id='word_1_217' title='bbox 126 2883 252 2953; x_wconf 90' lang='lat' dir='ltr'><strong>quia</strong></span> <span class='ocrx_word' id='word_1_218' title='bbox 280 2883 714 2948; x_wconf 84' lang='lat' dir='ltr'><strong>intellexerunt,</strong></span> <span class='ocrx_word' id='word_1_219' title='bbox 746 2886 915 2956; x_wconf 76' lang='lat' dir='ltr'><strong>:quod</strong></span> <span class='ocrx_word' id='word_1_220' title='bbox 947 2884 1060 2938; x_wconf 90' lang='lat' dir='ltr'><strong>nisi</strong></span> <span class='ocrx_word' id='word_1_221' title='bbox 1096 2885 1247 2939; x_wconf 87' lang='lat' dir='ltr'><strong>Deus</strong></span> <span class='ocrx_word' id='word_1_222' title='bbox 1277 2890 1452 2951; x_wconf 89' lang='lat' dir='ltr'><strong>esset,</strong></span> <span class='ocrx_word' id='word_1_223' title='bbox 1484 2883 1767 2938; x_wconf 88' lang='lat' dir='ltr'><strong>miracula</strong></span> 
     </span>
    </p>
   </div>
   <div class='ocr_carea' id='block_1_30' title="bbox 120 2971 1766 3043">
    <p class='ocr_par' dir='ltr' id='par_1_30' title="bbox 120 2971 1766 3043">
     <span class='ocr_line' id='line_1_30' title="bbox 120 2971 1766 3043; baseline -0.001 -18"><span class='ocrx_word' id='word_1_224' title='bbox 120 2988 239 3041; x_wconf 72' lang='lat' dir='ltr'><strong>qua:</strong></span> <span class='ocrx_word' id='word_1_225' title='bbox 268 2972 411 3027; x_wconf 87' lang='lat' dir='ltr'><strong>fecit</strong></span> <span class='ocrx_word' id='word_1_226' title='bbox 431 2972 616 3027; x_wconf 86' lang='lat' dir='ltr'><strong>facere</strong></span> <span class='ocrx_word' id='word_1_227' title='bbox 648 2989 762 3027; x_wconf 90' lang='lat' dir='ltr'><strong>non</strong></span> <span class='ocrx_word' id='word_1_228' title='bbox 796 2977 995 3043; x_wconf 87' lang='lat' dir='ltr'><strong>posset</strong></span> <span class='ocrx_word' id='word_1_229' title='bbox 1028 2990 1039 3026; x_wconf 91' lang='lat'><strong>:</strong></span> <span class='ocrx_word' id='word_1_230' title='bbox 1072 2976 1237 3026; x_wconf 90' lang='lat' dir='ltr'><strong>estet</strong></span> <span class='ocrx_word' id='word_1_231' title='bbox 1267 2971 1550 3042; x_wconf 87' lang='lat' dir='ltr'><strong>sapientia</strong></span> <span class='ocrx_word' id='word_1_232' title='bbox 1577 2990 1589 3035; x_wconf 87' lang='lat'><strong>;</strong></span> <span class='ocrx_word' id='word_1_233' title='bbox 1625 2987 1766 3039; x_wconf 93' lang='lat' dir='ltr'><strong>quo-</strong></span> 
     </span>
    </p>
   </div>
   <div class='ocr_carea' id='block_1_31' title="bbox 116 3059 1770 3130">
    <p class='ocr_par' dir='ltr' id='par_1_31' title="bbox 116 3059 1770 3130">
     <span class='ocr_line' id='line_1_31' title="bbox 116 3059 1770 3130; baseline -0.002 -16"><span class='ocrx_word' id='word_1_234' title='bbox 116 3060 270 3116; x_wconf 89' lang='lat' dir='ltr'><strong>niam</strong></span> <span class='ocrx_word' id='word_1_235' title='bbox 305 3066 670 3130; x_wconf 85' lang='lat' dir='ltr'><strong>agnoverunt</strong></span> <span class='ocrx_word' id='word_1_236' title='bbox 718 3060 969 3125; x_wconf 91' lang='lat' dir='ltr'><strong>nullum,</strong></span> <span class='ocrx_word' id='word_1_237' title='bbox 1021 3060 1131 3113; x_wconf 89' lang='lat' dir='ltr'><strong>nisi</strong></span> <span class='ocrx_word' id='word_1_238' title='bbox 1166 3060 1320 3113; x_wconf 90' lang='lat' dir='ltr'><strong>Deus</strong></span> <span class='ocrx_word' id='word_1_239' title='bbox 1361 3064 1533 3123; x_wconf 89' lang='lat' dir='ltr'><strong>esset,</strong></span> <span class='ocrx_word' id='word_1_240' title='bbox 1566 3059 1770 3111; x_wconf 91' lang='lat' dir='ltr'><strong>docere</strong></span> 
     </span>
    </p>
   </div>
   <div class='ocr_carea' id='block_1_32' title="bbox 112 3146 1766 3218">
    <p class='ocr_par' dir='ltr' id='par_1_32' title="bbox 112 3146 1766 3218">
     <span class='ocr_line' id='line_1_32' title="bbox 112 3146 1766 3218; baseline -0.003 -14"><span class='ocrx_word' id='word_1_241' title='bbox 112 3165 287 3218; x_wconf 89' lang='lat' dir='ltr'><strong>posse</strong></span> <span class='ocrx_word' id='word_1_242' title='bbox 322 3164 452 3217; x_wconf 69' lang='lat' dir='ltr'><strong>qua:</strong></span> <span class='ocrx_word' id='word_1_243' title='bbox 500 3147 717 3201; x_wconf 89' lang='lat' dir='ltr'><strong>docuit.</strong></span> <span class='ocrx_word' id='word_1_244' title='bbox 772 3147 935 3201; x_wconf 90' lang='lat' dir='ltr'><strong>Unde</strong></span> <span class='ocrx_word' id='word_1_245' title='bbox 988 3146 1169 3201; x_wconf 70' lang='lat' dir='ltr'><strong>Judzei</strong></span> <span class='ocrx_word' id='word_1_246' title='bbox 1220 3148 1289 3201; x_wconf 92' lang='lat' dir='ltr'><strong>de</strong></span> <span class='ocrx_word' id='word_1_247' title='bbox 1332 3162 1397 3200; x_wconf 91' lang='lat' dir='ltr'><strong>eo</strong></span> <span class='ocrx_word' id='word_1_248' title='bbox 1447 3146 1766 3199; x_wconf 84' lang='lat' dir='ltr'><strong>dixerunt:</strong></span> 
     </span>
    </p>
   </div>
   <div class='ocr_carea' id='block_1_33' title="bbox 112 3234 1767 3306">
    <p class='ocr_par' dir='ltr' id='par_1_33' title="bbox 112 3234 1767 3306">
     <span class='ocr_line' id='line_1_33' title="bbox 112 3234 1767 3306; baseline -0.003 -14"><span class='ocrx_word' id='word_1_249' title='bbox 112 3237 265 3293; x_wconf 82' lang='lat' dir='ltr'><strong>Unde</strong></span> <span class='ocrx_word' id='word_1_250' title='bbox 297 3235 433 3289; x_wconf 81' lang='lat' dir='ltr'><strong>huic</strong></span> <span class='ocrx_word' id='word_1_251' title='bbox 462 3238 635 3289; x_wconf 84' lang='lat' dir='ltr'><strong>virtus</strong></span> <span class='ocrx_word' id='word_1_252' title='bbox 664 3236 799 3301; x_wconf 61' lang='lat' dir='ltr'><strong>haec,</strong></span> <span class='ocrx_word' id='word_1_253' title='bbox 833 3240 887 3290; x_wconf 82' lang='lat' dir='ltr'><strong>et</strong></span> <span class='ocrx_word' id='word_1_254' title='bbox 918 3234 1234 3306; x_wconf 75' lang='lat' dir='ltr'><strong>sapientia?</strong></span> <span class='ocrx_word' id='word_1_255' title='bbox 1259 3236 1475 3301; x_wconf 82' lang='lat' dir='ltr'><strong>(Matth.</strong></span> <span class='ocrx_word' id='word_1_256' title='bbox 1508 3251 1631 3302; x_wconf 79' lang='lat' dir='ltr'><strong>xm,</strong></span> <span class='ocrx_word' id='word_1_257' title='bbox 1654 3235 1767 3304; x_wconf 72' lang='grc'><strong>5-4).</strong></span> 
     </span>
    </p>
   </div>
   <div class='ocr_carea' id='block_1_34' title="bbox 177 3310 2414 3398">
    <p class='ocr_par' dir='ltr' id='par_1_34' title="bbox 177 3310 2414 3398">
     <span class='ocr_line' id='line_1_34' title="bbox 177 3310 2414 3398; baseline -0.001 -19"><span class='ocrx_word' id='word_1_258' title='bbox 177 3326 337 3398; x_wconf 84' lang='lat' dir='ltr'><strong>Quia</strong></span> <span class='ocrx_word' id='word_1_259' title='bbox 373 3324 514 3393; x_wconf 86' lang='lat' dir='ltr'><strong>quod</strong></span> <span class='ocrx_word' id='word_1_260' title='bbox 542 3326 776 3378; x_wconf 86' lang='lat' dir='ltr'><strong>stultum</strong></span> <span class='ocrx_word' id='word_1_261' title='bbox 805 3328 885 3378; x_wconf 86' lang='lat' dir='ltr'><strong>est</strong></span> <span class='ocrx_word' id='word_1_262' title='bbox 934 3326 1052 3394; x_wconf 89' lang='lat' dir='ltr'><strong>Dei,</strong></span> <span class='ocrx_word' id='word_1_263' title='bbox 1084 3326 1393 3395; x_wconf 77' lang='lat' dir='ltr'><strong>sapientius</strong></span> <span class='ocrx_word' id='word_1_264' title='bbox 1424 3332 1501 3378; x_wconf 82' lang='lat' dir='ltr'><strong>est</strong></span> <span class='ocrx_word' id='word_1_265' title='bbox 1528 3325 1766 3380; x_wconf 86' lang='lat' dir='ltr'><strong>homini-</strong></span> <span class='ocrx_word' id='word_1_266' title='bbox 1798 3310 1840 3376; x_wconf 83' lang='lat' dir='ltr'><strong>C</strong></span> <span class='ocrx_word' id='word_1_267' title='bbox 1882 3324 1994 3377; x_wconf 89' lang='lat' dir='ltr'><strong>culi</strong></span> <span class='ocrx_word' id='word_1_268' title='bbox 2056 3326 2414 3395; x_wconf 88' lang='lat' dir='ltr'><strong>putabantur</strong></span> 
     </span>
    </p>
   </div>
   <div class='ocr_carea' id='block_1_35' title="bbox 110 3413 1757 3483">
    <p class='ocr_par' dir='ltr' id='par_1_35' title="bbox 110 3413 1757 3483">
     <span class='ocr_line' id='line_1_35' title="bbox 110 3413 1757 3483; baseline -0.002 -13"><span class='ocrx_word' id='word_1_269' title='bbox 110 3416 215 3481; x_wconf 80' lang='lat' dir='ltr'><strong>bus,</strong></span> <span class='ocrx_word' id='word_1_270' title='bbox 250 3422 305 3469; x_wconf 86' lang='lat' dir='ltr'><strong>et</strong></span> <span class='ocrx_word' id='word_1_271' title='bbox 337 3414 481 3483; x_wconf 80' lang='lat' dir='ltr'><strong>quod</strong></span> <span class='ocrx_word' id='word_1_272' title='bbox 513 3414 802 3481; x_wconf 80' lang='lat' dir='ltr'><strong>inﬁrmum</strong></span> <span class='ocrx_word' id='word_1_273' title='bbox 833 3420 913 3467; x_wconf 85' lang='lat' dir='ltr'><strong>est</strong></span> <span class='ocrx_word' id='word_1_274' title='bbox 946 3415 1062 3480; x_wconf 87' lang='lat' dir='ltr'><strong>Dei,</strong></span> <span class='ocrx_word' id='word_1_275' title='bbox 1090 3415 1290 3483; x_wconf 75' lang='lat' dir='ltr'><strong>fortius</strong></span> <span class='ocrx_word' id='word_1_276' title='bbox 1310 3418 1388 3467; x_wconf 84' lang='lat' dir='ltr'><strong>est</strong></span> <span class='ocrx_word' id='word_1_277' title='bbox 1419 3413 1757 3467; x_wconf 87' lang='lat' dir='ltr'><strong>hominibus.</strong></span> 
     </span>
    </p>
   </div>
   <div class='ocr_carea' id='block_1_36' title="bbox 110 3502 1761 3571">
    <p class='ocr_par' dir='ltr' id='par_1_36' title="bbox 110 3502 1761 3571">
     <span class='ocr_line' id='line_1_36' title="bbox 110 3502 1761 3571; baseline -0.002 -13"><span class='ocrx_word' id='word_1_278' title='bbox 110 3504 364 3559; x_wconf 83' lang='lat' dir='ltr'><strong>Stultum</strong></span> <span class='ocrx_word' id='word_1_279' title='bbox 401 3502 523 3571; x_wconf 89' lang='lat' dir='ltr'><strong>Dei,</strong></span> <span class='ocrx_word' id='word_1_280' title='bbox 556 3518 671 3557; x_wconf 91' lang='lat' dir='ltr'><strong>non</strong></span> <span class='ocrx_word' id='word_1_281' title='bbox 721 3517 852 3556; x_wconf 90' lang='lat' dir='ltr'><strong>vere</strong></span> <span class='ocrx_word' id='word_1_282' title='bbox 902 3503 1060 3566; x_wconf 85' lang='lat' dir='ltr'><strong>dicit,</strong></span> <span class='ocrx_word' id='word_1_283' title='bbox 1096 3502 1194 3556; x_wconf 90' lang='lat' dir='ltr'><strong>sed</strong></span> <span class='ocrx_word' id='word_1_284' title='bbox 1220 3502 1392 3571; x_wconf 86' lang='lat' dir='ltr'><strong>juxta</strong></span> <span class='ocrx_word' id='word_1_285' title='bbox 1450 3502 1761 3556; x_wconf 87' lang='lat' dir='ltr'><strong>hominum</strong></span> 
     </span>
    </p>
   </div>
   <div class='ocr_carea' id='block_1_37' title="bbox 112 3590 1763 3663">
    <p class='ocr_par' dir='ltr' id='par_1_37' title="bbox 112 3590 1763 3663">
     <span class='ocr_line' id='line_1_37' title="bbox 112 3590 1763 3663; baseline -0.002 -16"><span class='ocrx_word' id='word_1_286' title='bbox 112 3594 441 3663; x_wconf 88' lang='lat' dir='ltr'><strong>opinionem</strong></span> <span class='ocrx_word' id='word_1_287' title='bbox 477 3607 489 3645; x_wconf 90' lang='lat'>:</span> <span class='ocrx_word' id='word_1_288' title='bbox 526 3590 691 3661; x_wconf 89' lang='lat' dir='ltr'><strong>Nam,</strong></span> <span class='ocrx_word' id='word_1_289' title='bbox 724 3592 864 3661; x_wconf 87' lang='lat' dir='ltr'><strong>quia</strong></span> <span class='ocrx_word' id='word_1_290' title='bbox 894 3590 1154 3645; x_wconf 89' lang='lat' dir='ltr'><strong>humana</strong></span> <span class='ocrx_word' id='word_1_291' title='bbox 1183 3592 1472 3662; x_wconf 88' lang='lat' dir='ltr'><strong>sapientia</strong></span> <span class='ocrx_word' id='word_1_292' title='bbox 1502 3606 1763 3663; x_wconf 49' lang='lat' dir='ltr'><strong>comproj</strong></span> 
     </span>
    </p>
   </div>
   <div class='ocr_carea' id='block_1_38' title="bbox 112 3681 1765 3753">
    <p class='ocr_par' dir='ltr' id='par_1_38' title="bbox 112 3681 1765 3753">
     <span class='ocr_line' id='line_1_38' title="bbox 112 3681 1765 3753; baseline -0.002 -17"><span class='ocrx_word' id='word_1_293' title='bbox 112 3682 359 3736; x_wconf 88' lang='lat' dir='ltr'><strong>hendere</strong></span> <span class='ocrx_word' id='word_1_294' title='bbox 394 3697 508 3735; x_wconf 92' lang='lat' dir='ltr'><strong>non</strong></span> <span class='ocrx_word' id='word_1_295' title='bbox 561 3685 847 3752; x_wconf 89' lang='lat' dir='ltr'><strong>poterant,</strong></span> <span class='ocrx_word' id='word_1_296' title='bbox 901 3681 1195 3751; x_wconf 87' lang='lat' dir='ltr'><strong>quomodo</strong></span> <span class='ocrx_word' id='word_1_297' title='bbox 1242 3681 1329 3735; x_wconf 89' lang='lat' dir='ltr'><strong>vel</strong></span> <span class='ocrx_word' id='word_1_298' title='bbox 1362 3681 1520 3753; x_wconf 89' lang='lat' dir='ltr'><strong>virgo</strong></span> <span class='ocrx_word' id='word_1_299' title='bbox 1564 3696 1765 3751; x_wconf 89' lang='lat' dir='ltr'><strong>parere</strong></span> 
     </span>
    </p>
   </div>
   <div class='ocr_carea' id='block_1_39' title="bbox 116 3768 1765 3842">
    <p class='ocr_par' dir='ltr' id='par_1_39' title="bbox 116 3768 1765 3842">
     <span class='ocr_line' id='line_1_39' title="bbox 116 3768 1765 3842; baseline -0.002 -16"><span class='ocrx_word' id='word_1_300' title='bbox 116 3775 323 3842; x_wconf 89' lang='lat' dir='ltr'><strong>posset,</strong></span> <span class='ocrx_word' id='word_1_301' title='bbox 358 3771 447 3825; x_wconf 91' lang='lat' dir='ltr'><strong>vel</strong></span> <span class='ocrx_word' id='word_1_302' title='bbox 484 3774 633 3824; x_wconf 90' lang='lat' dir='ltr'><strong>Deus</strong></span> <span class='ocrx_word' id='word_1_303' title='bbox 666 3769 897 3840; x_wconf 89' lang='lat' dir='ltr'><strong>pati,vel</strong></span> <span class='ocrx_word' id='word_1_304' title='bbox 931 3774 1201 3825; x_wconf 88' lang='lat' dir='ltr'><strong>mortuus</strong></span> <span class='ocrx_word' id='word_1_305' title='bbox 1232 3786 1554 3841; x_wconf 86' lang='lat' dir='ltr'><strong>resurgere,</strong></span> <span class='ocrx_word' id='word_1_306' title='bbox 1582 3768 1765 3823; x_wconf 88' lang='lat' dir='ltr'><strong>stulta</strong></span> 
     </span>
    </p>
   </div>
   <div class='ocr_carea' id='block_1_40' title="bbox 117 3857 1762 3928">
    <p class='ocr_par' dir='ltr' id='par_1_40' title="bbox 117 3857 1762 3928">
     <span class='ocr_line' id='line_1_40' title="bbox 117 3857 1762 3928; baseline -0.001 -15"><span class='ocrx_word' id='word_1_307' title='bbox 117 3877 239 3914; x_wconf 89' lang='lat' dir='ltr'><strong>esse</strong></span> <span class='ocrx_word' id='word_1_308' title='bbox 270 3859 665 3925; x_wconf 66' lang='lat' dir='ltr'><strong>aistimabant,</strong></span> <span class='ocrx_word' id='word_1_309' title='bbox 693 3875 826 3913; x_wconf 89' lang='lat' dir='ltr'><strong>cum</strong></span> <span class='ocrx_word' id='word_1_310' title='bbox 860 3863 1019 3914; x_wconf 88' lang='lat' dir='ltr'><strong>esset</strong></span> <span class='ocrx_word' id='word_1_311' title='bbox 1048 3860 1108 3913; x_wconf 91' lang='lat' dir='ltr'><strong>in</strong></span> <span class='ocrx_word' id='word_1_312' title='bbox 1144 3858 1232 3913; x_wconf 88' lang='lat' dir='ltr'><strong>his</strong></span> <span class='ocrx_word' id='word_1_313' title='bbox 1283 3859 1431 3913; x_wconf 90' lang='lat' dir='ltr'><strong>ratio</strong></span> <span class='ocrx_word' id='word_1_314' title='bbox 1460 3857 1762 3928; x_wconf 89' lang='lat' dir='ltr'><strong>spiritalis.</strong></span> 
     </span>
    </p>
   </div>
   <div class='ocr_carea' id='block_1_41' title="bbox 119 3946 1764 4018">
    <p class='ocr_par' dir='ltr' id='par_1_41' title="bbox 119 3946 1764 4018">
     <span class='ocr_line' id='line_1_41' title="bbox 119 3946 1764 4018; baseline -0.002 -15"><span class='ocrx_word' id='word_1_315' title='bbox 119 3948 230 4003; x_wconf 86' lang='lat' dir='ltr'><strong>Hoc</strong></span> <span class='ocrx_word' id='word_1_316' title='bbox 262 3948 535 4017; x_wconf 89' lang='lat' dir='ltr'><strong>stultum,</strong></span> <span class='ocrx_word' id='word_1_317' title='bbox 571 3947 911 4003; x_wconf 90' lang='lat' dir='ltr'><strong>hominibus</strong></span> <span class='ocrx_word' id='word_1_318' title='bbox 947 3947 1273 4018; x_wconf 88' lang='lat' dir='ltr'><strong>sapientius</strong></span> <span class='ocrx_word' id='word_1_319' title='bbox 1303 3950 1392 4001; x_wconf 90' lang='lat' dir='ltr'><strong>est</strong></span> <span class='ocrx_word' id='word_1_320' title='bbox 1425 3965 1437 4013; x_wconf 92' lang='lat'><strong>;</strong></span> <span class='ocrx_word' id='word_1_321' title='bbox 1504 3946 1643 4017; x_wconf 90' lang='lat' dir='ltr'><strong>quia</strong></span> <span class='ocrx_word' id='word_1_322' title='bbox 1674 3963 1764 4000; x_wconf 87' lang='lat' dir='ltr'><strong>sa-</strong></span> 
     </span>
    </p>
   </div>
   <div class='ocr_carea' id='block_1_42' title="bbox 122 4034 1769 4109">
    <p class='ocr_par' dir='ltr' id='par_1_42' title="bbox 122 4034 1769 4109">
     <span class='ocr_line' id='line_1_42' title="bbox 122 4034 1769 4109; baseline -0.002 -18"><span class='ocrx_word' id='word_1_323' title='bbox 122 4037 329 4107; x_wconf 89' lang='lat' dir='ltr'><strong>pientia</strong></span> <span class='ocrx_word' id='word_1_324' title='bbox 359 4038 625 4092; x_wconf 89' lang='lat' dir='ltr'><strong>humana</strong></span> <span class='ocrx_word' id='word_1_325' title='bbox 655 4036 1074 4109; x_wconf 88' lang='lat' dir='ltr'><strong>comprehendi</strong></span> <span class='ocrx_word' id='word_1_326' title='bbox 1108 4053 1222 4090; x_wconf 92' lang='lat' dir='ltr'><strong>non</strong></span> <span class='ocrx_word' id='word_1_327' title='bbox 1254 4040 1467 4107; x_wconf 89' lang='lat' dir='ltr'><strong>potest.</strong></span> <span class='ocrx_word' id='word_1_328' title='bbox 1491 4034 1769 4090; x_wconf 84' lang='lat' dir='ltr'><strong>Similiter</strong></span> 
     </span>
    </p>
   </div>
   <div class='ocr_carea' id='block_1_43' title="bbox 118 4124 1770 4194">
    <p class='ocr_par' dir='ltr' id='par_1_43' title="bbox 118 4124 1770 4194">
     <span class='ocr_line' id='line_1_43' title="bbox 118 4124 1770 4194; baseline -0.002 -14"><span class='ocrx_word' id='word_1_329' title='bbox 118 4126 272 4194; x_wconf 87' lang='lat' dir='ltr'><strong>juxta</strong></span> <span class='ocrx_word' id='word_1_330' title='bbox 303 4126 617 4182; x_wconf 90' lang='lat' dir='ltr'><strong>hominum</strong></span> <span class='ocrx_word' id='word_1_331' title='bbox 647 4126 1091 4181; x_wconf 61' lang='lat' dir='ltr'><strong>aestimationem</strong></span> <span class='ocrx_word' id='word_1_332' title='bbox 1121 4124 1423 4179; x_wconf 85' lang='lat' dir='ltr'><strong>infirmum</strong></span> <span class='ocrx_word' id='word_1_333' title='bbox 1446 4124 1656 4179; x_wconf 84' lang='lat' dir='ltr'><strong>Christi</strong></span> <span class='ocrx_word' id='word_1_334' title='bbox 1680 4140 1770 4177; x_wconf 89' lang='lat' dir='ltr'><strong>vo-</strong></span> 
     </span>
    </p>
   </div>
   <div class='ocr_carea' id='block_1_44' title="bbox 124 4213 1767 4285">
    <p class='ocr_par' dir='ltr' id='par_1_44' title="bbox 124 4213 1767 4285">
     <span class='ocr_line' id='line_1_44' title="bbox 124 4213 1767 4285; baseline -0.001 -18"><span class='ocrx_word' id='word_1_335' title='bbox 124 4215 824 4285; x_wconf 83' lang='lat' dir='ltr'><strong>catexinanitionem,qua</strong></span> <span class='ocrx_word' id='word_1_336' title='bbox 847 4214 1236 4284; x_wconf 90' lang='lat' dir='ltr'><strong>semetipsum</strong></span> <span class='ocrx_word' id='word_1_337' title='bbox 1279 4213 1613 4279; x_wconf 86' lang='lat' dir='ltr'><strong>exinanivit,</strong></span> <span class='ocrx_word' id='word_1_338' title='bbox 1653 4214 1767 4267; x_wconf 89' lang='lat' dir='ltr'><strong>fac-</strong></span> 
     </span>
    </p>
   </div>
   <div class='ocr_carea' id='block_1_45' title="bbox 126 4300 1771 4373">
    <p class='ocr_par' dir='ltr' id='par_1_45' title="bbox 126 4300 1771 4373">
     <span class='ocr_line' id='line_1_45' title="bbox 126 4300 1771 4373; baseline -0.002 -17"><span class='ocrx_word' id='word_1_339' title='bbox 126 4307 215 4359; x_wconf 88' lang='lat' dir='ltr'><strong>tus</strong></span> <span class='ocrx_word' id='word_1_340' title='bbox 233 4305 519 4360; x_wconf 89' lang='lat' dir='ltr'><strong>obediens</strong></span> <span class='ocrx_word' id='word_1_341' title='bbox 544 4319 730 4373; x_wconf 89' lang='lat' dir='ltr'><strong>usque</strong></span> <span class='ocrx_word' id='word_1_342' title='bbox 752 4304 822 4357; x_wconf 90' lang='lat' dir='ltr'><strong>ad</strong></span> <span class='ocrx_word' id='word_1_343' title='bbox 851 4301 1525 4373; x_wconf 85' lang='lat' dir='ltr'><strong>mortem(Philipp.n,7);</strong></span> <span class='ocrx_word' id='word_1_344' title='bbox 1547 4300 1647 4355; x_wconf 90' lang='lat' dir='ltr'><strong>sed</strong></span> <span class='ocrx_word' id='word_1_345' title='bbox 1662 4300 1771 4353; x_wconf 92' lang='lat' dir='ltr'><strong>hoc</strong></span> 
     </span>
    </p>
   </div>
   <div class='ocr_carea' id='block_1_46' title="bbox 125 4388 1771 4461">
    <p class='ocr_par' dir='ltr' id='par_1_46' title="bbox 125 4388 1771 4461">
     <span class='ocr_line' id='line_1_46' title="bbox 125 4388 1771 4461; baseline -0.001 -18"><span class='ocrx_word' id='word_1_346' title='bbox 125 4390 655 4459; x_wconf 83' lang='lat' dir='ltr'><strong>infirmum,fortius</strong></span> <span class='ocrx_word' id='word_1_347' title='bbox 676 4394 763 4446; x_wconf 86' lang='lat' dir='ltr'><strong>est</strong></span> <span class='ocrx_word' id='word_1_348' title='bbox 784 4390 1290 4461; x_wconf 89' lang='lat' dir='ltr'><strong>hominibus,quia</strong></span> <span class='ocrx_word' id='word_1_349' title='bbox 1307 4390 1435 4459; x_wconf 87' lang='lat' dir='ltr'><strong>ejus</strong></span> <span class='ocrx_word' id='word_1_350' title='bbox 1456 4388 1771 4443; x_wconf 84' lang='lat' dir='ltr'><strong>infirmitas</strong></span> 
     </span>
    </p>
   </div>
   <div class='ocr_carea' id='block_1_47' title="bbox 127 4478 1771 4549">
    <p class='ocr_par' dir='ltr' id='par_1_47' title="bbox 127 4478 1771 4549">
     <span class='ocr_line' id='line_1_47' title="bbox 127 4478 1771 4549; baseline -0.001 -17"><span class='ocrx_word' id='word_1_351' title='bbox 127 4488 309 4537; x_wconf 90' lang='lat' dir='ltr'><strong>nostra</strong></span> <span class='ocrx_word' id='word_1_352' title='bbox 339 4486 434 4537; x_wconf 90' lang='lat' dir='ltr'><strong>est</strong></span> <span class='ocrx_word' id='word_1_353' title='bbox 463 4480 704 4535; x_wconf 87' lang='lat' dir='ltr'><strong>victoria</strong></span> <span class='ocrx_word' id='word_1_354' title='bbox 734 4484 790 4533; x_wconf 91' lang='lat' dir='ltr'><strong>et</strong></span> <span class='ocrx_word' id='word_1_355' title='bbox 820 4479 1099 4533; x_wconf 84' lang='lat' dir='ltr'><strong>fortitudo</strong></span> <span class='ocrx_word' id='word_1_356' title='bbox 1126 4495 1247 4549; x_wconf 89' lang='lat' dir='ltr'><strong>;per</strong></span> <span class='ocrx_word' id='word_1_357' title='bbox 1278 4494 1405 4532; x_wconf 89' lang='lat' dir='ltr'><strong>eam</strong></span> <span class='ocrx_word' id='word_1_358' title='bbox 1438 4478 1653 4548; x_wconf 90' lang='lat' dir='ltr'><strong>quippe</strong></span> <span class='ocrx_word' id='word_1_359' title='bbox 1668 4493 1771 4531; x_wconf 89' lang='lat' dir='ltr'><strong>nos</strong></span> 
     </span>
    </p>
   </div>
   <div class='ocr_carea' id='block_1_48' title="bbox 128 4566 1775 4635">
    <p class='ocr_par' dir='ltr' id='par_1_48' title="bbox 128 4566 1775 4635">
     <span class='ocr_line' id='line_1_48' title="bbox 128 4566 1775 4635; baseline 0 -15"><span class='ocrx_word' id='word_1_360' title='bbox 128 4568 290 4626; x_wconf 84' lang='lat' dir='ltr'><strong>fortes</strong></span> <span class='ocrx_word' id='word_1_361' title='bbox 350 4570 491 4626; x_wconf 88' lang='lat' dir='ltr'><strong>facti</strong></span> <span class='ocrx_word' id='word_1_362' title='bbox 548 4585 778 4624; x_wconf 90' lang='lat' dir='ltr'><strong>sumus.</strong></span> <span class='ocrx_word' id='word_1_363' title='bbox 843 4567 1068 4622; x_wconf 82' lang='lat' dir='ltr'><strong>Fortius</strong></span> <span class='ocrx_word' id='word_1_364' title='bbox 1100 4572 1188 4621; x_wconf 89' lang='lat' dir='ltr'><strong>est</strong></span> <span class='ocrx_word' id='word_1_365' title='bbox 1226 4566 1601 4633; x_wconf 85' lang='lat' dir='ltr'><strong>hominibus;</strong></span> <span class='ocrx_word' id='word_1_366' title='bbox 1637 4566 1775 4635; x_wconf 89' lang='lat' dir='ltr'><strong>quia</strong></span> 
     </span>
    </p>
   </div>
   <div class='ocr_carea' id='block_1_49' title="bbox 1876 660 3511 734">
    <p class='ocr_par' dir='ltr' id='par_1_49' title="bbox 1876 660 3511 734">
     <span class='ocr_line' id='line_1_49' title="bbox 1876 660 3511 734; baseline 0.006 -23"><span class='ocrx_word' id='word_1_367' title='bbox 1876 660 2209 729; x_wconf 78' lang='lat' dir='ltr'><strong>cognoscite</strong></span> <span class='ocrx_word' id='word_1_368' title='bbox 2234 663 2387 729; x_wconf 88' lang='lat' dir='ltr'><strong>quod</strong></span> <span class='ocrx_word' id='word_1_369' title='bbox 2414 662 2697 717; x_wconf 81' lang='lat' dir='ltr'><strong>dicozecce</strong></span> <span class='ocrx_word' id='word_1_370' title='bbox 2719 665 2875 717; x_wconf 88' lang='lat' dir='ltr'><strong>enim</strong></span> <span class='ocrx_word' id='word_1_371' title='bbox 2896 680 2996 717; x_wconf 91' lang='lat' dir='ltr'><strong>vos</strong></span> <span class='ocrx_word' id='word_1_372' title='bbox 3021 664 3319 734; x_wconf 90' lang='lat' dir='ltr'><strong>multijam</strong></span> <span class='ocrx_word' id='word_1_373' title='bbox 3348 670 3511 721; x_wconf 86' lang='lat' dir='ltr'><strong>estis.</strong></span> 
     </span>
    </p>
   </div>
   <div class='ocr_carea' id='block_1_50' title="bbox 1872 748 3516 823">
    <p class='ocr_par' dir='ltr' id='par_1_50' title="bbox 1872 748 3516 823">
     <span class='ocr_line' id='line_1_50' title="bbox 1872 748 3516 823; baseline 0.005 -22"><span class='ocrx_word' id='word_1_374' title='bbox 1872 748 1971 817; x_wconf 89' lang='lat' dir='ltr'><strong>qui</strong></span> <span class='ocrx_word' id='word_1_375' title='bbox 1995 748 2373 814; x_wconf 80' lang='lat' dir='ltr'><strong>creditis,non</strong></span> <span class='ocrx_word' id='word_1_376' title='bbox 2401 757 2596 806; x_wconf 85' lang='lat' dir='ltr'><strong>autem</strong></span> <span class='ocrx_word' id='word_1_377' title='bbox 2622 752 2789 807; x_wconf 90' lang='lat' dir='ltr'><strong>multi</strong></span> <span class='ocrx_word' id='word_1_378' title='bbox 2813 756 2951 808; x_wconf 88' lang='lat' dir='ltr'><strong>sunt</strong></span> <span class='ocrx_word' id='word_1_379' title='bbox 2976 753 3267 823; x_wconf 84' lang='lat' dir='ltr'><strong>sapientes</strong></span> <span class='ocrx_word' id='word_1_380' title='bbox 3308 771 3516 809; x_wconf 86' lang='lat' dir='ltr'><strong>secun-</strong></span> 
     </span>
    </p>
   </div>
   <div class='ocr_carea' id='block_1_51' title="bbox 1873 837 3518 913">
    <p class='ocr_par' dir='ltr' id='par_1_51' title="bbox 1873 837 3518 913">
     <span class='ocr_line' id='line_1_51' title="bbox 1873 837 3518 913; baseline 0.003 -23"><span class='ocrx_word' id='word_1_381' title='bbox 1873 837 2011 890; x_wconf 92' lang='lat' dir='ltr'><strong>dum</strong></span> <span class='ocrx_word' id='word_1_382' title='bbox 2047 854 2302 904; x_wconf 89' lang='lat' dir='ltr'><strong>carnem,</strong></span> <span class='ocrx_word' id='word_1_383' title='bbox 2337 838 2392 891; x_wconf 89' lang='lat' dir='ltr'><strong>id</strong></span> <span class='ocrx_word' id='word_1_384' title='bbox 2417 844 2526 897; x_wconf 85' lang='lat' dir='ltr'><strong>est.</strong></span> <span class='ocrx_word' id='word_1_385' title='bbox 2551 840 2651 909; x_wconf 91' lang='lat' dir='ltr'><strong>qui</strong></span> <span class='ocrx_word' id='word_1_386' title='bbox 2685 842 2981 895; x_wconf 86' lang='lat' dir='ltr'><strong>mundana</strong></span> <span class='ocrx_word' id='word_1_387' title='bbox 3008 842 3295 911; x_wconf 89' lang='lat' dir='ltr'><strong>sapientia</strong></span> <span class='ocrx_word' id='word_1_388' title='bbox 3322 841 3518 913; x_wconf 88' lang='lat' dir='ltr'><strong>potius</strong></span> 
     </span>
    </p>
   </div>
   <div class='ocr_carea' id='block_1_52' title="bbox 1874 926 3515 999">
    <p class='ocr_par' dir='ltr' id='par_1_52' title="bbox 1874 926 3515 999">
     <span class='ocr_line' id='line_1_52' title="bbox 1874 926 3515 999; baseline 0.004 -22"><span class='ocrx_word' id='word_1_389' title='bbox 1874 926 2058 979; x_wconf 83' lang='lat' dir='ltr'><strong>inﬂati</strong></span> <span class='ocrx_word' id='word_1_390' title='bbox 2093 944 2267 996; x_wconf 85' lang='lat' dir='ltr'><strong>quam</strong></span> <span class='ocrx_word' id='word_1_391' title='bbox 2318 928 2492 992; x_wconf 88' lang='lat' dir='ltr'><strong>docti,</strong></span> <span class='ocrx_word' id='word_1_392' title='bbox 2545 929 2751 982; x_wconf 70' lang='lat' dir='ltr'><strong>divina:</strong></span> <span class='ocrx_word' id='word_1_393' title='bbox 2803 930 3101 999; x_wconf 63' lang='lat' dir='ltr'><strong>sapientia!</strong></span> <span class='ocrx_word' id='word_1_394' title='bbox 3151 946 3211 984; x_wconf 91' lang='lat' dir='ltr'><strong>se</strong></span> <span class='ocrx_word' id='word_1_395' title='bbox 3260 930 3515 985; x_wconf 87' lang='lat' dir='ltr'><strong>subdere</strong></span> 
     </span>
    </p>
   </div>
   <div class='ocr_carea' id='block_1_53' title="bbox 1873 1014 3509 1088">
    <p class='ocr_par' dir='ltr' id='par_1_53' title="bbox 1873 1014 3509 1088">
     <span class='ocr_line' id='line_1_53' title="bbox 1873 1014 3509 1088; baseline 0.004 -21"><span class='ocrx_word' id='word_1_396' title='bbox 1873 1014 2188 1069; x_wconf 85' lang='lat' dir='ltr'><strong>noluerunt</strong></span> <span class='ocrx_word' id='word_1_397' title='bbox 2220 1032 2232 1070; x_wconf 91' lang='lat'>:</span> <span class='ocrx_word' id='word_1_398' title='bbox 2266 1018 2481 1087; x_wconf 87' lang='lat' dir='ltr'><strong>quibus</strong></span> <span class='ocrx_word' id='word_1_399' title='bbox 2512 1018 3044 1088; x_wconf 89' lang='lat' dir='ltr'><strong>verbisspecialiter</strong></span> <span class='ocrx_word' id='word_1_400' title='bbox 3063 1019 3509 1074; x_wconf 84' lang='lat' dir='ltr'><strong>mathematicos</strong></span> 
     </span>
    </p>
   </div>
   <div class='ocr_carea' id='block_1_54' title="bbox 1872 1105 3516 1179">
    <p class='ocr_par' dir='ltr' id='par_1_54' title="bbox 1872 1105 3516 1179">
     <span class='ocr_line' id='line_1_54' title="bbox 1872 1105 3516 1179; baseline 0.002 -22"><span class='ocrx_word' id='word_1_401' title='bbox 1872 1105 2263 1174; x_wconf 86' lang='lat' dir='ltr'><strong>reprehendit.</strong></span> <span class='ocrx_word' id='word_1_402' title='bbox 2316 1106 2383 1159; x_wconf 87' lang='lat' dir='ltr'><strong>Et</strong></span> <span class='ocrx_word' id='word_1_403' title='bbox 2414 1111 2569 1174; x_wconf 89' lang='lat' dir='ltr'><strong>nota,</strong></span> <span class='ocrx_word' id='word_1_404' title='bbox 2630 1107 2787 1177; x_wconf 87' lang='lat' dir='ltr'><strong>quia,</strong></span> <span class='ocrx_word' id='word_1_405' title='bbox 2844 1124 2992 1177; x_wconf 92' lang='lat' dir='ltr'><strong>quos</strong></span> <span class='ocrx_word' id='word_1_406' title='bbox 3046 1108 3339 1179; x_wconf 89' lang='lat' dir='ltr'><strong>sapientes</strong></span> <span class='ocrx_word' id='word_1_407' title='bbox 3371 1108 3516 1162; x_wconf 88' lang='lat' dir='ltr'><strong>dicit</strong></span> 
     </span>
    </p>
   </div>
   <div class='ocr_carea' id='block_1_55' title="bbox 1872 1194 3518 1267">
    <p class='ocr_par' dir='ltr' id='par_1_55' title="bbox 1872 1194 3518 1267">
     <span class='ocr_line' id='line_1_55' title="bbox 1872 1194 3518 1267; baseline 0.003 -21"><span class='ocrx_word' id='word_1_408' title='bbox 1872 1194 2197 1249; x_wconf 84' lang='lat' dir='ltr'><strong>secundum</strong></span> <span class='ocrx_word' id='word_1_409' title='bbox 2236 1212 2488 1263; x_wconf 91' lang='lat' dir='ltr'><strong>carnem,</strong></span> <span class='ocrx_word' id='word_1_410' title='bbox 2514 1197 2745 1250; x_wconf 87' lang='lat' dir='ltr'><strong>eosdem</strong></span> <span class='ocrx_word' id='word_1_411' title='bbox 2778 1202 2942 1251; x_wconf 88' lang='lat' dir='ltr'><strong>vocat</strong></span> <span class='ocrx_word' id='word_1_412' title='bbox 2973 1203 3235 1267; x_wconf 86' lang='lat' dir='ltr'><strong>potentes</strong></span> <span class='ocrx_word' id='word_1_413' title='bbox 3266 1202 3322 1252; x_wconf 91' lang='lat' dir='ltr'><strong>et</strong></span> <span class='ocrx_word' id='word_1_414' title='bbox 3353 1197 3518 1252; x_wconf 88' lang='lat' dir='ltr'><strong>nobi-</strong></span> 
     </span>
    </p>
   </div>
   <div class='ocr_carea' id='block_1_56' title="bbox 1874 1282 3518 1355">
    <p class='ocr_par' dir='ltr' id='par_1_56' title="bbox 1874 1282 3518 1355">
     <span class='ocr_line' id='line_1_56' title="bbox 1874 1282 3518 1355; baseline 0.004 -21"><span class='ocrx_word' id='word_1_415' title='bbox 1874 1282 1954 1335; x_wconf 87' lang='lat' dir='ltr'><strong>les</strong></span> <span class='ocrx_word' id='word_1_416' title='bbox 1990 1298 2001 1335; x_wconf 90' lang='lat'><strong>:</strong></span> <span class='ocrx_word' id='word_1_417' title='bbox 2041 1288 2319 1352; x_wconf 87' lang='lat' dir='ltr'><strong>potentes,</strong></span> <span class='ocrx_word' id='word_1_418' title='bbox 2355 1284 2490 1353; x_wconf 87' lang='lat' dir='ltr'><strong>quia</strong></span> <span class='ocrx_word' id='word_1_419' title='bbox 2522 1286 2725 1339; x_wconf 90' lang='lat' dir='ltr'><strong>mundi</strong></span> <span class='ocrx_word' id='word_1_420' title='bbox 2758 1285 3014 1355; x_wconf 87' lang='lat' dir='ltr'><strong>potentia</strong></span> <span class='ocrx_word' id='word_1_421' title='bbox 3039 1284 3518 1350; x_wconf 81' lang='lat' dir='ltr'><strong>elati,infirmita-</strong></span> 
     </span>
    </p>
   </div>
   <div class='ocr_carea' id='block_1_57' title="bbox 1872 1372 3515 1445">
    <p class='ocr_par' dir='ltr' id='par_1_57' title="bbox 1872 1372 3515 1445">
     <span class='ocr_line' id='line_1_57' title="bbox 1872 1372 3515 1445; baseline 0.004 -22"><span class='ocrx_word' id='word_1_422' title='bbox 1872 1374 1989 1424; x_wconf 89' lang='lat' dir='ltr'><strong>tem</strong></span> <span class='ocrx_word' id='word_1_423' title='bbox 2024 1373 2215 1427; x_wconf 87' lang='lat' dir='ltr'><strong>crucis</strong></span> <span class='ocrx_word' id='word_1_424' title='bbox 2236 1372 2447 1427; x_wconf 89' lang='lat' dir='ltr'><strong>Christi</strong></span> <span class='ocrx_word' id='word_1_425' title='bbox 2474 1373 2761 1427; x_wconf 90' lang='lat' dir='ltr'><strong>credendo</strong></span> <span class='ocrx_word' id='word_1_426' title='bbox 2780 1374 3075 1445; x_wconf 88' lang='lat' dir='ltr'><strong>suscipere</strong></span> <span class='ocrx_word' id='word_1_427' title='bbox 3106 1375 3515 1445; x_wconf 86' lang='lat' dir='ltr'><strong>despexerunt:</strong></span> 
     </span>
    </p>
   </div>
   <div class='ocr_carea' id='block_1_58' title="bbox 1873 1459 3519 1535">
    <p class='ocr_par' dir='ltr' id='par_1_58' title="bbox 1873 1459 3519 1535">
     <span class='ocr_line' id='line_1_58' title="bbox 1873 1459 3519 1535; baseline 0.002 -22"><span class='ocrx_word' id='word_1_428' title='bbox 1873 1459 2097 1514; x_wconf 90' lang='lat' dir='ltr'><strong>nobiles</strong></span> <span class='ocrx_word' id='word_1_429' title='bbox 2129 1477 2280 1521; x_wconf 87' lang='lat' dir='ltr'><strong>vero,</strong></span> <span class='ocrx_word' id='word_1_430' title='bbox 2306 1461 2445 1531; x_wconf 89' lang='lat' dir='ltr'><strong>quia</strong></span> <span class='ocrx_word' id='word_1_431' title='bbox 2474 1462 2841 1533; x_wconf 87' lang='lat' dir='ltr'><strong>antiquitatis</strong></span> <span class='ocrx_word' id='word_1_432' title='bbox 2872 1463 3159 1535; x_wconf 89' lang='lat' dir='ltr'><strong>originem</strong></span> <span class='ocrx_word' id='word_1_433' title='bbox 3178 1481 3294 1518; x_wconf 66' lang='lat' dir='ltr'><strong>sua:</strong></span> <span class='ocrx_word' id='word_1_434' title='bbox 3318 1480 3519 1535; x_wconf 88' lang='lat' dir='ltr'><strong>super-</strong></span> 
     </span>
    </p>
   </div>
   <div class='ocr_carea' id='block_1_59' title="bbox 1874 1549 3522 1625">
    <p class='ocr_par' dir='ltr' id='par_1_59' title="bbox 1874 1549 3522 1625">
     <span class='ocr_line' id='line_1_59' title="bbox 1874 1549 3522 1625; baseline 0.002 -21"><span class='ocrx_word' id='word_1_435' title='bbox 1874 1549 2767 1617; x_wconf 90' lang='lat' dir='ltr'><strong>stitioniascribebant,dicentes</strong></span> <span class='ocrx_word' id='word_1_436' title='bbox 2789 1570 2849 1607; x_wconf 91' lang='lat' dir='ltr'><strong>se</strong></span> <span class='ocrx_word' id='word_1_437' title='bbox 2872 1552 3113 1623; x_wconf 89' lang='lat' dir='ltr'><strong>antiqua</strong></span> <span class='ocrx_word' id='word_1_438' title='bbox 3136 1554 3357 1625; x_wconf 91' lang='lat' dir='ltr'><strong>origine</strong></span> <span class='ocrx_word' id='word_1_439' title='bbox 3380 1570 3522 1625; x_wconf 66' lang='lat' dir='ltr'><strong>prae-</strong></span> 
     </span>
    </p>
   </div>
   <div class='ocr_carea' id='block_1_60' title="bbox 1876 1638 3520 1713">
    <p class='ocr_par' dir='ltr' id='par_1_60' title="bbox 1876 1638 3520 1713">
     <span class='ocr_line' id='line_1_60' title="bbox 1876 1638 3520 1713; baseline 0.004 -21"><span class='ocrx_word' id='word_1_440' title='bbox 1876 1638 2048 1703; x_wconf 90' lang='lat' dir='ltr'><strong>ditos,</strong></span> <span class='ocrx_word' id='word_1_441' title='bbox 2074 1638 2437 1693; x_wconf 87' lang='lat' dir='ltr'><strong>Christianos</strong></span> <span class='ocrx_word' id='word_1_442' title='bbox 2460 1645 2655 1694; x_wconf 87' lang='lat' dir='ltr'><strong>autem</strong></span> <span class='ocrx_word' id='word_1_443' title='bbox 2680 1646 2951 1696; x_wconf 84' lang='lat' dir='ltr'><strong>vocantes</strong></span> <span class='ocrx_word' id='word_1_444' title='bbox 2972 1641 3247 1712; x_wconf 88' lang='lat' dir='ltr'><strong>novellos,</strong></span> <span class='ocrx_word' id='word_1_445' title='bbox 3272 1643 3520 1713; x_wconf 86' lang='lat' dir='ltr'><strong>ideoque</strong></span> 
     </span>
    </p>
   </div>
   <div class='ocr_carea' id='block_1_61' title="bbox 1874 1728 3520 1802">
    <p class='ocr_par' dir='ltr' id='par_1_61' title="bbox 1874 1728 3520 1802">
     <span class='ocr_line' id='line_1_61' title="bbox 1874 1728 3520 1802; baseline 0.004 -22"><span class='ocrx_word' id='word_1_446' title='bbox 1874 1728 2207 1797; x_wconf 66' lang='lat' dir='ltr'><strong>ignominiae</strong></span> <span class='ocrx_word' id='word_1_447' title='bbox 2226 1728 2499 1794; x_wconf 88' lang='lat' dir='ltr'><strong>crucis,id</strong></span> <span class='ocrx_word' id='word_1_448' title='bbox 2520 1730 2842 1797; x_wconf 74' lang='lat' dir='ltr'><strong>est,divina2</strong></span> <span class='ocrx_word' id='word_1_449' title='bbox 2871 1730 3160 1802; x_wconf 89' lang='lat' dir='ltr'><strong>religioni,</strong></span> <span class='ocrx_word' id='word_1_450' title='bbox 3184 1748 3245 1786; x_wconf 90' lang='lat' dir='ltr'><strong>se</strong></span> <span class='ocrx_word' id='word_1_451' title='bbox 3269 1732 3520 1786; x_wconf 88' lang='lat' dir='ltr'><strong>subdere</strong></span> 
     </span>
    </p>
   </div>
   <div class='ocr_carea' id='block_1_62' title="bbox 1875 1816 3521 1891">
    <p class='ocr_par' dir='ltr' id='par_1_62' title="bbox 1875 1816 3521 1891">
     <span class='ocr_line' id='line_1_62' title="bbox 1875 1816 3521 1891; baseline 0.002 -21"><span class='ocrx_word' id='word_1_452' title='bbox 1875 1816 2567 1887; x_wconf 87' lang='lat' dir='ltr'><strong>despiciebant.Ostendit</strong></span> <span class='ocrx_word' id='word_1_453' title='bbox 2585 1836 2718 1889; x_wconf 89' lang='lat' dir='ltr'><strong>ergo</strong></span> <span class='ocrx_word' id='word_1_454' title='bbox 2734 1818 2825 1874; x_wconf 89' lang='lat' dir='ltr'><strong>his</strong></span> <span class='ocrx_word' id='word_1_455' title='bbox 2838 1820 3027 1873; x_wconf 84' lang='lat' dir='ltr'><strong>verbis</strong></span> <span class='ocrx_word' id='word_1_456' title='bbox 3039 1820 3311 1891; x_wconf 86' lang='lat' dir='ltr'><strong>Apostolu</strong></span> <span class='ocrx_word' id='word_1_457' title='bbox 3322 1819 3521 1890; x_wconf 85' lang='lat' dir='ltr'><strong>s,quia</strong></span> 
     </span>
    </p>
   </div>
   <div class='ocr_carea' id='block_1_63' title="bbox 1875 1904 3514 1975">
    <p class='ocr_par' dir='ltr' id='par_1_63' title="bbox 1875 1904 3514 1975">
     <span class='ocr_line' id='line_1_63' title="bbox 1875 1904 3514 1975; baseline 0.003 -18"><span class='ocrx_word' id='word_1_458' title='bbox 1875 1904 2072 1959; x_wconf 81' lang='lat' dir='ltr'><strong>ﬁdeles</strong></span> <span class='ocrx_word' id='word_1_459' title='bbox 2098 1910 2387 1975; x_wconf 81' lang='lat' dir='ltr'><strong>Deus,non</strong></span> <span class='ocrx_word' id='word_1_460' title='bbox 2420 1908 2745 1961; x_wconf 89' lang='lat' dir='ltr'><strong>secundum</strong></span> <span class='ocrx_word' id='word_1_461' title='bbox 2770 1923 2895 1963; x_wconf 88' lang='lat' dir='ltr'><strong>eam</strong></span> <span class='ocrx_word' id='word_1_462' title='bbox 2922 1909 3245 1963; x_wconf 90' lang='lat' dir='ltr'><strong>doctrinam</strong></span> <span class='ocrx_word' id='word_1_463' title='bbox 3269 1907 3514 1971; x_wconf 87' lang='lat' dir='ltr'><strong>vocavit,</strong></span> 
     </span>
    </p>
   </div>
   <div class='ocr_carea' id='block_1_64' title="bbox 1873 1994 3515 2067">
    <p class='ocr_par' dir='ltr' id='par_1_64' title="bbox 1873 1994 3515 2067">
     <span class='ocr_line' id='line_1_64' title="bbox 1873 1994 3515 2067; baseline 0.002 -21"><span class='ocrx_word' id='word_1_464' title='bbox 1873 2010 1997 2063; x_wconf 73' lang='lat' dir='ltr'><strong>quae</strong></span> <span class='ocrx_word' id='word_1_465' title='bbox 2022 1994 2076 2047; x_wconf 92' lang='lat' dir='ltr'><strong>in</strong></span> <span class='ocrx_word' id='word_1_466' title='bbox 2110 1995 2311 2065; x_wconf 86' lang='lat' dir='ltr'><strong>paucis</strong></span> <span class='ocrx_word' id='word_1_467' title='bbox 2339 2002 2479 2063; x_wconf 84' lang='lat' dir='ltr'><strong>erat,</strong></span> <span class='ocrx_word' id='word_1_468' title='bbox 2502 1996 2601 2049; x_wconf 91' lang='lat' dir='ltr'><strong>sed</strong></span> <span class='ocrx_word' id='word_1_469' title='bbox 2627 1995 2773 2064; x_wconf 75' lang='grc'><strong>(504)</strong></span> <span class='ocrx_word' id='word_1_470' title='bbox 2799 1998 3118 2051; x_wconf 89' lang='lat' dir='ltr'><strong>secundum</strong></span> <span class='ocrx_word' id='word_1_471' title='bbox 3142 2013 3425 2067; x_wconf 71' lang='lat' dir='ltr'><strong>eam,quze</strong></span> <span class='ocrx_word' id='word_1_472' title='bbox 3453 1997 3515 2051; x_wconf 89' lang='lat' dir='ltr'><strong>in</strong></span> 
     </span>
    </p>
   </div>
   <div class='ocr_carea' id='block_1_65' title="bbox 1874 2081 3522 2155">
    <p class='ocr_par' dir='ltr' id='par_1_65' title="bbox 1874 2081 3522 2155">
     <span class='ocr_line' id='line_1_65' title="bbox 1874 2081 3522 2155; baseline 0.003 -20"><span class='ocrx_word' id='word_1_473' title='bbox 1874 2081 2369 2147; x_wconf 85' lang='lat' dir='ltr'><strong>multis,videlicet</strong></span> <span class='ocrx_word' id='word_1_474' title='bbox 2390 2084 2994 2155; x_wconf 85' lang='lat' dir='ltr'><strong>evangelicam.Aliter</strong></span> <span class='ocrx_word' id='word_1_475' title='bbox 3024 2102 3035 2139; x_wconf 94' lang='lat'><strong>:</strong></span> <span class='ocrx_word' id='word_1_476' title='bbox 3074 2085 3246 2140; x_wconf 80' lang='lat' dir='ltr'><strong>Videte</strong></span> <span class='ocrx_word' id='word_1_477' title='bbox 3278 2088 3522 2141; x_wconf 81' lang='lat' dir='ltr'><strong>vocatio-</strong></span> 
     </span>
    </p>
   </div>
   <div class='ocr_carea' id='block_1_66' title="bbox 1872 2175 3517 2245">
    <p class='ocr_par' dir='ltr' id='par_1_66' title="bbox 1872 2175 3517 2245">
     <span class='ocr_line' id='line_1_66' title="bbox 1872 2175 3517 2245; baseline 0.004 -22"><span class='ocrx_word' id='word_1_478' title='bbox 1872 2186 1993 2224; x_wconf 86' lang='lat' dir='ltr'><strong>nem</strong></span> <span class='ocrx_word' id='word_1_479' title='bbox 2028 2175 2502 2241; x_wconf 75' lang='lat' dir='ltr'><strong>vestrani,/ratres,</strong></span> <span class='ocrx_word' id='word_1_480' title='bbox 2523 2175 2791 2243; x_wconf 80' lang='lat' dir='ltr'><strong>quoniam</strong></span> <span class='ocrx_word' id='word_1_481' title='bbox 2822 2190 2930 2229; x_wconf 83' lang='lat' dir='ltr'><strong>non.</strong></span> <span class='ocrx_word' id='word_1_482' title='bbox 2962 2175 3123 2227; x_wconf 89' lang='lat' dir='ltr'><strong>multi</strong></span> <span class='ocrx_word' id='word_1_483' title='bbox 3146 2177 3413 2245; x_wconf 79' lang='lat' dir='ltr'><strong>sapientes</strong></span> <span class='ocrx_word' id='word_1_484' title='bbox 3435 2192 3517 2229; x_wconf 87' lang='lat' dir='ltr'><strong>se-</strong></span> 
     </span>
    </p>
   </div>
   <div class='ocr_carea' id='block_1_67' title="bbox 1874 2260 3519 2331">
    <p class='ocr_par' dir='ltr' id='par_1_67' title="bbox 1874 2260 3519 2331">
     <span class='ocr_line' id='line_1_67' title="bbox 1874 2260 3519 2331; baseline 0.004 -19"><span class='ocrx_word' id='word_1_485' title='bbox 1874 2260 2111 2313; x_wconf 77' lang='lat' dir='ltr'><strong>cundum</strong></span> <span class='ocrx_word' id='word_1_486' title='bbox 2143 2277 2389 2326; x_wconf 85' lang='lat' dir='ltr'><strong>carnem,</strong></span> <span class='ocrx_word' id='word_1_487' title='bbox 2442 2278 2551 2315; x_wconf 77' lang='lat' dir='ltr'><strong>non.</strong></span> <span class='ocrx_word' id='word_1_488' title='bbox 2600 2264 2760 2315; x_wconf 86' lang='lat' dir='ltr'><strong>multi</strong></span> <span class='ocrx_word' id='word_1_489' title='bbox 2787 2267 3053 2331; x_wconf 87' lang='lat' dir='ltr'><strong>potentes,</strong></span> <span class='ocrx_word' id='word_1_490' title='bbox 3085 2280 3200 2316; x_wconf 84' lang='lat' dir='ltr'><strong>non</strong></span> <span class='ocrx_word' id='word_1_491' title='bbox 3228 2265 3392 2318; x_wconf 87' lang='lat' dir='ltr'><strong>multi</strong></span> <span class='ocrx_word' id='word_1_492' title='bbox 3420 2279 3519 2319; x_wconf 83' lang='lat' dir='ltr'><strong>no-</strong></span> 
     </span>
    </p>
   </div>
   <div class='ocr_carea' id='block_1_68' title="bbox 1876 2349 3521 2422">
    <p class='ocr_par' dir='ltr' id='par_1_68' title="bbox 1876 2349 3521 2422">
     <span class='ocr_line' id='line_1_68' title="bbox 1876 2349 3521 2422; baseline 0.002 -20"><span class='ocrx_word' id='word_1_493' title='bbox 1876 2350 2027 2415; x_wconf 81' lang='lat' dir='ltr'><strong>biles,</strong></span> <span class='ocrx_word' id='word_1_494' title='bbox 2062 2349 2117 2403; x_wconf 93' lang='lat' dir='ltr'><strong>id</strong></span> <span class='ocrx_word' id='word_1_495' title='bbox 2150 2353 2257 2413; x_wconf 85' lang='lat' dir='ltr'><strong>est,</strong></span> <span class='ocrx_word' id='word_1_496' title='bbox 2284 2350 2640 2421; x_wconf 89' lang='lat' dir='ltr'><strong>perpendite,</strong></span> <span class='ocrx_word' id='word_1_497' title='bbox 2675 2352 3057 2411; x_wconf 86' lang='lat' dir='ltr'><strong>considerate.</strong></span> <span class='ocrx_word' id='word_1_498' title='bbox 3085 2353 3363 2422; x_wconf 91' lang='lat' dir='ltr'><strong>quoniam</strong></span> <span class='ocrx_word' id='word_1_499' title='bbox 3405 2369 3521 2406; x_wconf 89' lang='lat' dir='ltr'><strong>non</strong></span> 
     </span>
    </p>
   </div>
   <div class='ocr_carea' id='block_1_69' title="bbox 1876 2437 3603 2509">
    <p class='ocr_par' dir='ltr' id='par_1_69' title="bbox 1876 2437 3603 2509">
     <span class='ocr_line' id='line_1_69' title="bbox 1876 2437 3603 2509; baseline 0.002 -18"><span class='ocrx_word' id='word_1_500' title='bbox 1876 2437 2043 2492; x_wconf 89' lang='lat' dir='ltr'><strong>multi</strong></span> <span class='ocrx_word' id='word_1_501' title='bbox 2076 2438 2391 2508; x_wconf 75' lang='lat' dir='ltr'><strong>sapientes,</strong></span> <span class='ocrx_word' id='word_1_502' title='bbox 2429 2444 2712 2509; x_wconf 89' lang='lat' dir='ltr'><strong>potentes,</strong></span> <span class='ocrx_word' id='word_1_503' title='bbox 2765 2445 2865 2494; x_wconf 88' lang='lat' dir='ltr'><strong>aut</strong></span> <span class='ocrx_word' id='word_1_504' title='bbox 2906 2440 3127 2495; x_wconf 90' lang='lat' dir='ltr'><strong>nobiles</strong></span> <span class='ocrx_word' id='word_1_505' title='bbox 3159 2440 3325 2495; x_wconf 89' lang='lat' dir='ltr'><strong>electi</strong></span> <span class='ocrx_word' id='word_1_506' title='bbox 3359 2444 3519 2506; x_wconf 89' lang='lat' dir='ltr'><strong>sunt,</strong></span> <span class='ocrx_word' id='word_1_507' title='bbox 3594 2452 3603 2459; x_wconf 85' lang='grc'><strong>·</strong></span> 
     </span>
    </p>
   </div>
   <div class='ocr_carea' id='block_1_70' title="bbox 1874 2528 3518 2601">
    <p class='ocr_par' dir='ltr' id='par_1_70' title="bbox 1874 2528 3518 2601">
     <span class='ocr_line' id='line_1_70' title="bbox 1874 2528 3518 2601; baseline 0.002 -20"><span class='ocrx_word' id='word_1_508' title='bbox 1874 2544 1975 2597; x_wconf 84' lang='lat' dir='ltr'><strong>per</strong></span> <span class='ocrx_word' id='word_1_509' title='bbox 2025 2544 2172 2597; x_wconf 89' lang='lat' dir='ltr'><strong>quos</strong></span> <span class='ocrx_word' id='word_1_510' title='bbox 2219 2528 2593 2593; x_wconf 80' lang='lat' dir='ltr'><strong>vocaremini,</strong></span> <span class='ocrx_word' id='word_1_511' title='bbox 2647 2530 2745 2583; x_wconf 91' lang='lat' dir='ltr'><strong>sed</strong></span> <span class='ocrx_word' id='word_1_512' title='bbox 2800 2530 3136 2599; x_wconf 88' lang='lat' dir='ltr'><strong>paucissimi</strong></span> <span class='ocrx_word' id='word_1_513' title='bbox 3174 2531 3518 2601; x_wconf 88' lang='lat' dir='ltr'><strong>piscatores,</strong></span> 
     </span>
    </p>
   </div>
   <div class='ocr_carea' id='block_1_71' title="bbox 1875 2616 3514 2689">
    <p class='ocr_par' dir='ltr' id='par_1_71' title="bbox 1875 2616 3514 2689">
     <span class='ocr_line' id='line_1_71' title="bbox 1875 2616 3514 2689; baseline 0.002 -20"><span class='ocrx_word' id='word_1_514' title='bbox 1875 2616 2061 2669; x_wconf 63' lang='lat' dir='ltr'><strong>idiota:</strong></span> <span class='ocrx_word' id='word_1_515' title='bbox 2110 2621 2165 2670; x_wconf 89' lang='lat' dir='ltr'><strong>et</strong></span> <span class='ocrx_word' id='word_1_516' title='bbox 2214 2633 2519 2687; x_wconf 88' lang='lat' dir='ltr'><strong>pauperes.</strong></span> <span class='ocrx_word' id='word_1_517' title='bbox 2578 2617 2739 2671; x_wconf 81' lang='lat' dir='ltr'><strong>Unde</strong></span> <span class='ocrx_word' id='word_1_518' title='bbox 2779 2620 3185 2674; x_wconf 88' lang='lat' dir='ltr'><strong>convenienter</strong></span> <span class='ocrx_word' id='word_1_519' title='bbox 3216 2619 3514 2689; x_wconf 88' lang='lat' dir='ltr'><strong>subjecit:</strong></span> 
     </span>
    </p>
   </div>
   <div class='ocr_carea' id='block_1_72' title="bbox 1874 2704 3527 2778">
    <p class='ocr_par' dir='ltr' id='par_1_72' title="bbox 1874 2704 3527 2778">
     <span class='ocr_line' id='line_1_72' title="bbox 1874 2704 3527 2778; baseline 0.002 -19"><span class='ocrx_word' id='word_1_520' title='bbox 1874 2704 1978 2759; x_wconf 88' lang='lat' dir='ltr'><strong>Sed</strong></span> <span class='ocrx_word' id='word_1_521' title='bbox 2010 2721 2133 2774; x_wconf 68' lang='lat' dir='ltr'><strong>qua?</strong></span> <span class='ocrx_word' id='word_1_522' title='bbox 2176 2707 2347 2759; x_wconf 82' lang='lat' dir='ltr'><strong>stulta</strong></span> <span class='ocrx_word' id='word_1_523' title='bbox 2390 2706 2585 2759; x_wconf 86' lang='lat' dir='ltr'><strong>mundi</strong></span> <span class='ocrx_word' id='word_1_524' title='bbox 2634 2711 2783 2773; x_wconf 86' lang='lat' dir='ltr'><strong>sunt,</strong></span> <span class='ocrx_word' id='word_1_525' title='bbox 2837 2708 3002 2775; x_wconf 81' lang='lat' dir='ltr'><strong>elegit</strong></span> <span class='ocrx_word' id='word_1_526' title='bbox 3049 2708 3184 2763; x_wconf 85' lang='lat' dir='ltr'><strong>Deus</strong></span> <span class='ocrx_word' id='word_1_527' title='bbox 3234 2708 3406 2778; x_wconf 83' lang='grc'><strong>(505),</strong></span> <span class='ocrx_word' id='word_1_528' title='bbox 3465 2712 3527 2762; x_wconf 87' lang='lat' dir='ltr'><strong>ut</strong></span> 
     </span>
    </p>
   </div>
   <div class='ocr_carea' id='block_1_73' title="bbox 1874 2794 3527 2868">
    <p class='ocr_par' dir='ltr' id='par_1_73' title="bbox 1874 2794 3527 2868">
     <span class='ocr_line' id='line_1_73' title="bbox 1874 2794 3527 2868; baseline 0.002 -21"><span class='ocrx_word' id='word_1_529' title='bbox 1874 2794 2175 2865; x_wconf 76' lang='lat' dir='ltr'><strong>confundat</strong></span> <span class='ocrx_word' id='word_1_530' title='bbox 2197 2797 2363 2863; x_wconf 84' lang='lat' dir='ltr'><strong>fortia</strong></span> <span class='ocrx_word' id='word_1_531' title='bbox 2389 2814 2403 2857; x_wconf 86' lang='lat'><strong>;</strong></span> <span class='ocrx_word' id='word_1_532' title='bbox 2428 2803 2476 2849; x_wconf 91' lang='lat' dir='ltr'><strong>et</strong></span> <span class='ocrx_word' id='word_1_533' title='bbox 2504 2794 2805 2867; x_wconf 82' lang='lat' dir='ltr'><strong>ignobilia,</strong></span> <span class='ocrx_word' id='word_1_534' title='bbox 2830 2801 2879 2849; x_wconf 80' lang='lat' dir='ltr'><strong>et</strong></span> <span class='ocrx_word' id='word_1_535' title='bbox 2901 2798 3335 2868; x_wconf 82' lang='lat' dir='ltr'><strong>eontemptibilia</strong></span> <span class='ocrx_word' id='word_1_536' title='bbox 3362 2798 3527 2865; x_wconf 87' lang='lat' dir='ltr'><strong>elegit</strong></span> 
     </span>
    </p>
   </div>
   <div class='ocr_carea' id='block_1_74' title="bbox 1879 2883 3521 2957">
    <p class='ocr_par' dir='ltr' id='par_1_74' title="bbox 1879 2883 3521 2957">
     <span class='ocr_line' id='line_1_74' title="bbox 1879 2883 3521 2957; baseline 0.003 -22"><span class='ocrx_word' id='word_1_537' title='bbox 1879 2884 2037 2936; x_wconf 89' lang='lat' dir='ltr'><strong>Deus.</strong></span> <span class='ocrx_word' id='word_1_538' title='bbox 2088 2883 2219 2945; x_wconf 66' lang='lat' dir='ltr'><strong>Quae</strong></span> <span class='ocrx_word' id='word_1_539' title='bbox 2266 2884 2555 2937; x_wconf 90' lang='lat' dir='ltr'><strong>sententia</strong></span> <span class='ocrx_word' id='word_1_540' title='bbox 2605 2888 2723 2938; x_wconf 89' lang='lat' dir='ltr'><strong>tam</strong></span> <span class='ocrx_word' id='word_1_541' title='bbox 2774 2886 2845 2938; x_wconf 88' lang='lat' dir='ltr'><strong>ad</strong></span> <span class='ocrx_word' id='word_1_542' title='bbox 2902 2902 3020 2939; x_wconf 89' lang='lat' dir='ltr'><strong>rem</strong></span> <span class='ocrx_word' id='word_1_543' title='bbox 3063 2902 3238 2956; x_wconf 87' lang='lat' dir='ltr'><strong>quam</strong></span> <span class='ocrx_word' id='word_1_544' title='bbox 3290 2886 3360 2940; x_wconf 88' lang='lat' dir='ltr'><strong>ad</strong></span> <span class='ocrx_word' id='word_1_545' title='bbox 3396 2903 3521 2957; x_wconf 90' lang='lat' dir='ltr'><strong>per-</strong></span> 
     </span>
    </p>
   </div>
   <div class='ocr_carea' id='block_1_75' title="bbox 1878 2972 3520 3042">
    <p class='ocr_par' dir='ltr' id='par_1_75' title="bbox 1878 2972 3520 3042">
     <span class='ocr_line' id='line_1_75' title="bbox 1878 2972 3520 3042; baseline 0.003 -18"><span class='ocrx_word' id='word_1_546' title='bbox 1878 2988 2053 3024; x_wconf 88' lang='lat' dir='ltr'><strong>sonas</strong></span> <span class='ocrx_word' id='word_1_547' title='bbox 2084 2972 2280 3025; x_wconf 86' lang='lat' dir='ltr'><strong>inferri</strong></span> <span class='ocrx_word' id='word_1_548' title='bbox 2334 2978 2541 3042; x_wconf 88' lang='lat' dir='ltr'><strong>potest.</strong></span> <span class='ocrx_word' id='word_1_549' title='bbox 2576 2972 2629 3025; x_wconf 91' lang='lat' dir='ltr'><strong>Si</strong></span> <span class='ocrx_word' id='word_1_550' title='bbox 2663 2978 2856 3027; x_wconf 92' lang='lat' dir='ltr'><strong>autem</strong></span> <span class='ocrx_word' id='word_1_551' title='bbox 2891 2974 2961 3028; x_wconf 94' lang='lat' dir='ltr'><strong>ad</strong></span> <span class='ocrx_word' id='word_1_552' title='bbox 2995 2992 3118 3029; x_wconf 86' lang='lat' dir='ltr'><strong>rem</strong></span> <span class='ocrx_word' id='word_1_553' title='bbox 3181 2993 3192 3028; x_wconf 91' lang='lat'><strong>:</strong></span> <span class='ocrx_word' id='word_1_554' title='bbox 3266 2974 3520 3039; x_wconf 81' lang='lat' dir='ltr'><strong>infirma,</strong></span> 
     </span>
    </p>
   </div>
   <div class='ocr_carea' id='block_1_76' title="bbox 1881 3059 3567 3147">
    <p class='ocr_par' dir='ltr' id='par_1_76' title="bbox 1881 3059 3567 3147">
     <span class='ocr_line' id='line_1_76' title="bbox 1881 3059 3567 3147; baseline 0.004 -36"><span class='ocrx_word' id='word_1_555' title='bbox 1881 3059 2076 3123; x_wconf 83' lang='lat' dir='ltr'><strong>stulta,</strong></span> <span class='ocrx_word' id='word_1_556' title='bbox 2137 3059 2435 3129; x_wconf 87' lang='lat' dir='ltr'><strong>ignobilia,</strong></span> <span class='ocrx_word' id='word_1_557' title='bbox 2486 3066 2541 3113; x_wconf 88' lang='lat' dir='ltr'><strong>et</strong></span> <span class='ocrx_word' id='word_1_558' title='bbox 2597 3063 3063 3133; x_wconf 87' lang='lat' dir='ltr'><strong>contemptibilia</strong></span> <span class='ocrx_word' id='word_1_559' title='bbox 3116 3064 3255 3118; x_wconf 90' lang='lat' dir='ltr'><strong>dicit</strong></span> <span class='ocrx_word' id='word_1_560' title='bbox 3284 3067 3517 3135; x_wconf 90' lang='lat' dir='ltr'><strong>partum</strong></span> <span class='ocrx_word' id='word_1_561' title='bbox 3561 3137 3567 3147; x_wconf 33' lang='grc' dir='ltr'><strong>Ι</strong></span> 
     </span>
    </p>
   </div>
   <div class='ocr_carea' id='block_1_77' title="bbox 1879 3144 3521 3217">
    <p class='ocr_par' dir='ltr' id='par_1_77' title="bbox 1879 3144 3521 3217">
     <span class='ocr_line' id='line_1_77' title="bbox 1879 3144 3521 3217; baseline 0.004 -19"><span class='ocrx_word' id='word_1_562' title='bbox 1879 3144 2141 3217; x_wconf 82' lang='lat' dir='ltr'><strong>virginis,</strong></span> <span class='ocrx_word' id='word_1_563' title='bbox 2179 3152 2233 3200; x_wconf 90' lang='lat' dir='ltr'><strong>et</strong></span> <span class='ocrx_word' id='word_1_564' title='bbox 2264 3147 2491 3200; x_wconf 92' lang='lat' dir='ltr'><strong>Domini</strong></span> <span class='ocrx_word' id='word_1_565' title='bbox 2548 3150 2902 3217; x_wconf 81' lang='lat' dir='ltr'><strong>passionem,</strong></span> <span class='ocrx_word' id='word_1_566' title='bbox 2960 3150 3042 3205; x_wconf 89' lang='lat' dir='ltr'><strong>vel</strong></span> <span class='ocrx_word' id='word_1_567' title='bbox 3084 3157 3369 3217; x_wconf 87' lang='lat' dir='ltr'><strong>mortem;</strong></span> <span class='ocrx_word' id='word_1_568' title='bbox 3406 3168 3521 3206; x_wconf 89' lang='lat' dir='ltr'><strong>non</strong></span> 
     </span>
    </p>
   </div>
   <div class='ocr_carea' id='block_1_78' title="bbox 1882 3235 3521 3309">
    <p class='ocr_par' dir='ltr' id='par_1_78' title="bbox 1882 3235 3521 3309">
     <span class='ocr_line' id='line_1_78' title="bbox 1882 3235 3521 3309; baseline 0.003 -21"><span class='ocrx_word' id='word_1_569' title='bbox 1882 3235 2036 3306; x_wconf 92' lang='lat' dir='ltr'><strong>quod</strong></span> <span class='ocrx_word' id='word_1_570' title='bbox 2072 3251 2267 3291; x_wconf 87' lang='lat' dir='ltr'><strong>revera</strong></span> <span class='ocrx_word' id='word_1_571' title='bbox 2311 3236 2453 3301; x_wconf 88' lang='lat' dir='ltr'><strong>sint,</strong></span> <span class='ocrx_word' id='word_1_572' title='bbox 2514 3237 2613 3290; x_wconf 91' lang='lat' dir='ltr'><strong>sed</strong></span> <span class='ocrx_word' id='word_1_573' title='bbox 2674 3238 2811 3307; x_wconf 89' lang='lat' dir='ltr'><strong>quia</strong></span> <span class='ocrx_word' id='word_1_574' title='bbox 2843 3238 2924 3291; x_wconf 89' lang='lat' dir='ltr'><strong>sic</strong></span> <span class='ocrx_word' id='word_1_575' title='bbox 2956 3255 2988 3291; x_wconf 88' lang='lat' dir='ltr'><strong>a</strong></span> <span class='ocrx_word' id='word_1_576' title='bbox 3022 3239 3386 3309; x_wconf 86' lang='lat' dir='ltr'><strong>sapientibus</strong></span> <span class='ocrx_word' id='word_1_577' title='bbox 3418 3257 3521 3293; x_wconf 68' lang='lat' dir='ltr'><strong>sa:-</strong></span> 
     </span>
    </p>
   </div>
   <div class='ocr_carea' id='block_1_79' title="bbox 2474 3326 3523 3398">
    <p class='ocr_par' dir='ltr' id='par_1_79' title="bbox 2474 3326 3523 3398">
     <span class='ocr_line' id='line_1_79' title="bbox 2474 3326 3523 3398; baseline 0.004 -19"><span class='ocrx_word' id='word_1_578' title='bbox 2474 3341 2485 3379; x_wconf 89' lang='lat'>:</span> <span class='ocrx_word' id='word_1_579' title='bbox 2551 3342 2675 3395; x_wconf 73' lang='lat' dir='ltr'><strong>quae</strong></span> <span class='ocrx_word' id='word_1_580' title='bbox 2708 3326 2860 3379; x_wconf 91' lang='lat' dir='ltr'><strong>Deus</strong></span> <span class='ocrx_word' id='word_1_581' title='bbox 2912 3326 3102 3397; x_wconf 86' lang='lat' dir='ltr'><strong>elegit,</strong></span> <span class='ocrx_word' id='word_1_582' title='bbox 3138 3333 3200 3380; x_wconf 90' lang='lat' dir='ltr'><strong>ut</strong></span> <span class='ocrx_word' id='word_1_583' title='bbox 3230 3329 3523 3398; x_wconf 90' lang='lat' dir='ltr'><strong>sapientes</strong></span> 
     </span>
    </p>
   </div>
   <div class='ocr_carea' id='block_1_80' title="bbox 1871 3413 3521 3479">
    <p class='ocr_par' dir='ltr' id='par_1_80' title="bbox 1871 3413 3521 3479">
     <span class='ocr_line' id='line_1_80' title="bbox 1871 3413 3521 3479; baseline 0.002 -11"><span class='ocrx_word' id='word_1_584' title='bbox 1871 3418 1926 3469; x_wconf 89' lang='lat' dir='ltr'><strong>et</strong></span> <span class='ocrx_word' id='word_1_585' title='bbox 1956 3414 2132 3467; x_wconf 90' lang='lat' dir='ltr'><strong>fortes</strong></span> <span class='ocrx_word' id='word_1_586' title='bbox 2192 3413 2593 3479; x_wconf 86' lang='lat' dir='ltr'><strong>confunderet,</strong></span> <span class='ocrx_word' id='word_1_587' title='bbox 2644 3415 2783 3468; x_wconf 90' lang='lat' dir='ltr'><strong>dum</strong></span> <span class='ocrx_word' id='word_1_588' title='bbox 2847 3414 3061 3469; x_wconf 90' lang='lat' dir='ltr'><strong>multos</strong></span> <span class='ocrx_word' id='word_1_589' title='bbox 3107 3415 3368 3470; x_wconf 89' lang='lat' dir='ltr'><strong>viderent</strong></span> <span class='ocrx_word' id='word_1_590' title='bbox 3398 3433 3521 3471; x_wconf 89' lang='lat' dir='ltr'><strong>cre-</strong></span> 
     </span>
    </p>
   </div>
   <div class='ocr_carea' id='block_1_81' title="bbox 1874 3502 3524 3575">
    <p class='ocr_par' dir='ltr' id='par_1_81' title="bbox 1874 3502 3524 3575">
     <span class='ocr_line' id='line_1_81' title="bbox 1874 3502 3524 3575; baseline 0.004 -20"><span class='ocrx_word' id='word_1_591' title='bbox 1874 3502 2026 3565; x_wconf 91' lang='lat' dir='ltr'><strong>dere,</strong></span> <span class='ocrx_word' id='word_1_592' title='bbox 2075 3504 2229 3573; x_wconf 88' lang='lat' dir='ltr'><strong>quod</strong></span> <span class='ocrx_word' id='word_1_593' title='bbox 2280 3502 2449 3572; x_wconf 87' lang='lat' dir='ltr'><strong>pauci</strong></span> <span class='ocrx_word' id='word_1_594' title='bbox 2482 3503 2808 3574; x_wconf 84' lang='lat' dir='ltr'><strong>negabant;</strong></span> <span class='ocrx_word' id='word_1_595' title='bbox 2842 3503 2890 3558; x_wconf 91' lang='lat' dir='ltr'><strong>si</strong></span> <span class='ocrx_word' id='word_1_596' title='bbox 2936 3520 3067 3559; x_wconf 92' lang='lat' dir='ltr'><strong>vero</strong></span> <span class='ocrx_word' id='word_1_597' title='bbox 3119 3505 3188 3559; x_wconf 91' lang='lat' dir='ltr'><strong>ad</strong></span> <span class='ocrx_word' id='word_1_598' title='bbox 3246 3521 3524 3575; x_wconf 88' lang='lat' dir='ltr'><strong>personas</strong></span> 
     </span>
    </p>
   </div>
   <div class='ocr_carea' id='block_1_82' title="bbox 1873 3591 3530 3664">
    <p class='ocr_par' dir='ltr' id='par_1_82' title="bbox 1873 3591 3530 3664">
     <span class='ocr_line' id='line_1_82' title="bbox 1873 3591 3530 3664; baseline 0.002 -20"><span class='ocrx_word' id='word_1_599' title='bbox 1873 3591 2159 3645; x_wconf 80' lang='lat' dir='ltr'><strong>referatur</strong></span> <span class='ocrx_word' id='word_1_600' title='bbox 2210 3608 2221 3643; x_wconf 91' lang='lat'><strong>:</strong></span> <span class='ocrx_word' id='word_1_601' title='bbox 2279 3592 2458 3645; x_wconf 89' lang='lat' dir='ltr'><strong>stulta</strong></span> <span class='ocrx_word' id='word_1_602' title='bbox 2518 3592 2743 3659; x_wconf 89' lang='lat' dir='ltr'><strong>mundi,</strong></span> <span class='ocrx_word' id='word_1_603' title='bbox 2793 3592 3047 3660; x_wconf 84' lang='lat' dir='ltr'><strong>infirma,</strong></span> <span class='ocrx_word' id='word_1_604' title='bbox 3109 3592 3413 3664; x_wconf 90' lang='lat' dir='ltr'><strong>ignobilia,</strong></span> <span class='ocrx_word' id='word_1_605' title='bbox 3472 3598 3530 3647; x_wconf 91' lang='lat' dir='ltr'><strong>et</strong></span> 
     </span>
    </p>
   </div>
   <div class='ocr_carea' id='block_1_83' title="bbox 1874 3680 3528 3754">
    <p class='ocr_par' dir='ltr' id='par_1_83' title="bbox 1874 3680 3528 3754">
     <span class='ocr_line' id='line_1_83' title="bbox 1874 3680 3528 3754; baseline 0.001 -20"><span class='ocrx_word' id='word_1_606' title='bbox 1874 3680 2356 3751; x_wconf 74' lang='lat' dir='ltr'><strong>contemptibilis,</strong></span> <span class='ocrx_word' id='word_1_607' title='bbox 2380 3680 2593 3735; x_wconf 87' lang='lat' dir='ltr'><strong>Christi</strong></span> <span class='ocrx_word' id='word_1_608' title='bbox 2621 3688 2785 3736; x_wconf 87' lang='lat' dir='ltr'><strong>vocat</strong></span> <span class='ocrx_word' id='word_1_609' title='bbox 2816 3682 3239 3754; x_wconf 89' lang='lat' dir='ltr'><strong>apostolos,qui</strong></span> <span class='ocrx_word' id='word_1_610' title='bbox 3273 3682 3331 3736; x_wconf 92' lang='lat' dir='ltr'><strong>in</strong></span> <span class='ocrx_word' id='word_1_611' title='bbox 3364 3698 3528 3736; x_wconf 90' lang='lat' dir='ltr'><strong>com—</strong></span> 
     </span>
    </p>
   </div>
   <div class='ocr_carea' id='block_1_84' title="bbox 1875 3769 3530 3841">
    <p class='ocr_par' dir='ltr' id='par_1_84' title="bbox 1875 3769 3530 3841">
     <span class='ocr_line' id='line_1_84' title="bbox 1875 3769 3530 3841; baseline 0.002 -19"><span class='ocrx_word' id='word_1_612' title='bbox 1875 3769 2175 3839; x_wconf 89' lang='lat' dir='ltr'><strong>paratione</strong></span> <span class='ocrx_word' id='word_1_613' title='bbox 2207 3770 2585 3839; x_wconf 88' lang='lat' dir='ltr'><strong>sapientium,</strong></span> <span class='ocrx_word' id='word_1_614' title='bbox 2618 3770 2876 3834; x_wconf 79' lang='lat' dir='ltr'><strong>fortium,</strong></span> <span class='ocrx_word' id='word_1_615' title='bbox 2903 3770 3208 3841; x_wconf 91' lang='lat' dir='ltr'><strong>nobilium,</strong></span> <span class='ocrx_word' id='word_1_616' title='bbox 3242 3772 3315 3825; x_wconf 92' lang='lat' dir='ltr'><strong>ab</strong></span> <span class='ocrx_word' id='word_1_617' title='bbox 3348 3769 3530 3841; x_wconf 86' lang='lat' dir='ltr'><strong>hujus</strong></span> 
     </span>
    </p>
   </div>
   <div class='ocr_carea' id='block_1_85' title="bbox 1876 3856 3531 3930">
    <p class='ocr_par' dir='ltr' id='par_1_85' title="bbox 1876 3856 3531 3930">
     <span class='ocr_line' id='line_1_85' title="bbox 1876 3856 3531 3930; baseline 0.001 -19"><span class='ocrx_word' id='word_1_618' title='bbox 1876 3856 2079 3911; x_wconf 88' lang='lat' dir='ltr'><strong>mundi</strong></span> <span class='ocrx_word' id='word_1_619' title='bbox 2154 3857 2515 3911; x_wconf 90' lang='lat' dir='ltr'><strong>amatoribus</strong></span> <span class='ocrx_word' id='word_1_620' title='bbox 2577 3858 2761 3923; x_wconf 88' lang='lat' dir='ltr'><strong>stulti,</strong></span> <span class='ocrx_word' id='word_1_621' title='bbox 2814 3860 3055 3927; x_wconf 80' lang='lat' dir='ltr'><strong>infirmi,</strong></span> <span class='ocrx_word' id='word_1_622' title='bbox 3130 3859 3417 3930; x_wconf 83' lang='lat' dir='ltr'><strong>ignobiles</strong></span> <span class='ocrx_word' id='word_1_623' title='bbox 3472 3862 3531 3915; x_wconf 89' lang='lat' dir='ltr'><strong>et</strong></span> 
     </span>
    </p>
   </div>
   <div class='ocr_carea' id='block_1_86' title="bbox 1877 3944 3531 4021">
    <p class='ocr_par' dir='ltr' id='par_1_86' title="bbox 1877 3944 3531 4021">
     <span class='ocr_line' id='line_1_86' title="bbox 1877 3944 3531 4021; baseline 0.002 -22"><span class='ocrx_word' id='word_1_624' title='bbox 1877 3944 2341 4021; x_wconf 78' lang='lat' dir='ltr'><strong>contemptibiles</strong></span> <span class='ocrx_word' id='word_1_625' title='bbox 2374 3945 2835 3999; x_wconf 68' lang='lat' dir='ltr'><strong>aestimabantur.</strong></span> <span class='ocrx_word' id='word_1_626' title='bbox 2868 3948 3013 4001; x_wconf 91' lang='lat' dir='ltr'><strong>Mira</strong></span> <span class='ocrx_word' id='word_1_627' title='bbox 3033 3948 3247 4018; x_wconf 90' lang='lat' dir='ltr'><strong>quippe</strong></span> <span class='ocrx_word' id='word_1_628' title='bbox 3280 3954 3401 4003; x_wconf 89' lang='lat' dir='ltr'><strong>arte</strong></span> <span class='ocrx_word' id='word_1_629' title='bbox 3424 3948 3531 4003; x_wconf 92' lang='lat' dir='ltr'><strong>Do-</strong></span> 
     </span>
    </p>
   </div>
   <div class='ocr_carea' id='block_1_87' title="bbox 1878 4032 3533 4104">
    <p class='ocr_par' dir='ltr' id='par_1_87' title="bbox 1878 4032 3533 4104">
     <span class='ocr_line' id='line_1_87' title="bbox 1878 4032 3533 4104; baseline 0.003 -19"><span class='ocrx_word' id='word_1_630' title='bbox 1878 4032 2074 4086; x_wconf 91' lang='lat' dir='ltr'><strong>minus</strong></span> <span class='ocrx_word' id='word_1_631' title='bbox 2108 4032 2245 4102; x_wconf 88' lang='lat' dir='ltr'><strong>egit.</strong></span> <span class='ocrx_word' id='word_1_632' title='bbox 2282 4032 2478 4087; x_wconf 88' lang='lat' dir='ltr'><strong>Noluit</strong></span> <span class='ocrx_word' id='word_1_633' title='bbox 2534 4033 2688 4087; x_wconf 90' lang='lat' dir='ltr'><strong>enim</strong></span> <span class='ocrx_word' id='word_1_634' title='bbox 2750 4035 2819 4087; x_wconf 89' lang='lat' dir='ltr'><strong>ad</strong></span> <span class='ocrx_word' id='word_1_635' title='bbox 2876 4036 3311 4104; x_wconf 62' lang='lat' dir='ltr'><strong>praedicandum</strong></span> <span class='ocrx_word' id='word_1_636' title='bbox 3346 4037 3533 4090; x_wconf 88' lang='lat' dir='ltr'><strong>Evan-</strong></span> 
     </span>
    </p>
   </div>
   <div class='ocr_carea' id='block_1_88' title="bbox 1880 4118 3532 4191">
    <p class='ocr_par' dir='ltr' id='par_1_88' title="bbox 1880 4118 3532 4191">
     <span class='ocr_line' id='line_1_88' title="bbox 1880 4118 3532 4191; baseline 0.002 -18"><span class='ocrx_word' id='word_1_637' title='bbox 1880 4119 2100 4191; x_wconf 87' lang='lat' dir='ltr'><strong>gelium</strong></span> <span class='ocrx_word' id='word_1_638' title='bbox 2154 4119 2449 4190; x_wconf 88' lang='lat' dir='ltr'><strong>sapientes</strong></span> <span class='ocrx_word' id='word_1_639' title='bbox 2505 4118 2736 4189; x_wconf 90' lang='lat' dir='ltr'><strong>eligere,</strong></span> <span class='ocrx_word' id='word_1_640' title='bbox 2788 4125 3073 4190; x_wconf 88' lang='lat' dir='ltr'><strong>potentes,</strong></span> <span class='ocrx_word' id='word_1_641' title='bbox 3138 4121 3365 4181; x_wconf 87' lang='lat' dir='ltr'><strong>divites.</strong></span> <span class='ocrx_word' id='word_1_642' title='bbox 3430 4127 3532 4176; x_wconf 89' lang='lat' dir='ltr'><strong>aut</strong></span> 
     </span>
    </p>
   </div>
   <div class='ocr_carea' id='block_1_89' title="bbox 1882 4206 3535 4278">
    <p class='ocr_par' dir='ltr' id='par_1_89' title="bbox 1882 4206 3535 4278">
     <span class='ocr_line' id='line_1_89' title="bbox 1882 4206 3535 4278; baseline 0.001 -17"><span class='ocrx_word' id='word_1_643' title='bbox 1882 4208 2125 4276; x_wconf 87' lang='lat' dir='ltr'><strong>nobiles,</strong></span> <span class='ocrx_word' id='word_1_644' title='bbox 2184 4224 2253 4261; x_wconf 91' lang='lat' dir='ltr'><strong>ne</strong></span> <span class='ocrx_word' id='word_1_645' title='bbox 2306 4207 2429 4261; x_wconf 89' lang='lat' dir='ltr'><strong>suis</strong></span> <span class='ocrx_word' id='word_1_646' title='bbox 2462 4223 2523 4261; x_wconf 91' lang='lat' dir='ltr'><strong>se</strong></span> <span class='ocrx_word' id='word_1_647' title='bbox 2573 4206 2799 4261; x_wconf 90' lang='lat' dir='ltr'><strong>meritis</strong></span> <span class='ocrx_word' id='word_1_648' title='bbox 2848 4207 3059 4263; x_wconf 91' lang='lat' dir='ltr'><strong>electos</strong></span> <span class='ocrx_word' id='word_1_649' title='bbox 3108 4209 3427 4278; x_wconf 84' lang='lat' dir='ltr'><strong>crederent,</strong></span> <span class='ocrx_word' id='word_1_650' title='bbox 3477 4216 3535 4263; x_wconf 89' lang='lat' dir='ltr'><strong>et</strong></span> 
     </span>
    </p>
   </div>
   <div class='ocr_carea' id='block_1_90' title="bbox 1881 4296 3529 4367">
    <p class='ocr_par' dir='ltr' id='par_1_90' title="bbox 1881 4296 3529 4367">
     <span class='ocr_line' id='line_1_90' title="bbox 1881 4296 3529 4367; baseline 0 -17"><span class='ocrx_word' id='word_1_651' title='bbox 1881 4314 1951 4351; x_wconf 92' lang='lat' dir='ltr'><strong>ne</strong></span> <span class='ocrx_word' id='word_1_652' title='bbox 1984 4296 2212 4351; x_wconf 91' lang='lat' dir='ltr'><strong>dicendi</strong></span> <span class='ocrx_word' id='word_1_653' title='bbox 2260 4296 2484 4351; x_wconf 89' lang='lat' dir='ltr'><strong>occasio</strong></span> <span class='ocrx_word' id='word_1_654' title='bbox 2542 4296 2801 4366; x_wconf 86' lang='lat' dir='ltr'><strong>daretur,</strong></span> <span class='ocrx_word' id='word_1_655' title='bbox 2848 4297 3001 4367; x_wconf 86' lang='lat' dir='ltr'><strong>quod</strong></span> <span class='ocrx_word' id='word_1_656' title='bbox 3056 4296 3254 4352; x_wconf 78' lang='lat' dir='ltr'><strong>fideles</strong></span> <span class='ocrx_word' id='word_1_657' title='bbox 3294 4297 3529 4365; x_wconf 87' lang='lat' dir='ltr'><strong>Christi,</strong></span> 
     </span>
    </p>
   </div>
   <div class='ocr_carea' id='block_1_91' title="bbox 1882 4386 3536 4458">
    <p class='ocr_par' dir='ltr' id='par_1_91' title="bbox 1882 4386 3536 4458">
     <span class='ocr_line' id='line_1_91' title="bbox 1882 4386 3536 4458; baseline -0.001 -17"><span class='ocrx_word' id='word_1_658' title='bbox 1882 4390 1938 4441; x_wconf 89' lang='lat' dir='ltr'><strong>et</strong></span> <span class='ocrx_word' id='word_1_659' title='bbox 1972 4387 2125 4440; x_wconf 89' lang='lat' dir='ltr'><strong>fama</strong></span> <span class='ocrx_word' id='word_1_660' title='bbox 2160 4386 2415 4441; x_wconf 89' lang='lat' dir='ltr'><strong>nominis</strong></span> <span class='ocrx_word' id='word_1_661' title='bbox 2446 4386 2592 4456; x_wconf 89' lang='lat' dir='ltr'><strong>ejus,</strong></span> <span class='ocrx_word' id='word_1_662' title='bbox 2628 4404 2739 4440; x_wconf 91' lang='lat' dir='ltr'><strong>non</strong></span> <span class='ocrx_word' id='word_1_663' title='bbox 2795 4387 3009 4441; x_wconf 87' lang='lat' dir='ltr'><strong>virtute</strong></span> <span class='ocrx_word' id='word_1_664' title='bbox 3064 4387 3249 4442; x_wconf 87' lang='lat' dir='ltr'><strong>sancti</strong></span> <span class='ocrx_word' id='word_1_665' title='bbox 3280 4386 3536 4458; x_wconf 89' lang='lat' dir='ltr'><strong>Spiritus</strong></span> 
     </span>
    </p>
   </div>
   <div class='ocr_carea' id='block_1_92' title="bbox 1884 4476 3534 4545">
    <p class='ocr_par' dir='ltr' id='par_1_92' title="bbox 1884 4476 3534 4545">
     <span class='ocr_line' id='line_1_92' title="bbox 1884 4476 3534 4545; baseline 0.001 -17"><span class='ocrx_word' id='word_1_666' title='bbox 1884 4492 1986 4545; x_wconf 91' lang='lat' dir='ltr'><strong>per</strong></span> <span class='ocrx_word' id='word_1_667' title='bbox 2035 4476 2231 4529; x_wconf 89' lang='lat' dir='ltr'><strong>orbem</strong></span> <span class='ocrx_word' id='word_1_668' title='bbox 2284 4479 2571 4529; x_wconf 86' lang='lat' dir='ltr'><strong>terrarum</strong></span> <span class='ocrx_word' id='word_1_669' title='bbox 2628 4476 2931 4540; x_wconf 88' lang='lat' dir='ltr'><strong>creverint,</strong></span> <span class='ocrx_word' id='word_1_670' title='bbox 2992 4477 3094 4531; x_wconf 90' lang='lat' dir='ltr'><strong>sed</strong></span> <span class='ocrx_word' id='word_1_671' title='bbox 3142 4476 3411 4531; x_wconf 74' lang='lat' dir='ltr'><strong>humanae</strong></span> <span class='ocrx_word' id='word_1_672' title='bbox 3443 4492 3534 4530; x_wconf 89' lang='lat' dir='ltr'><strong>sa-</strong></span> 
     </span>
    </p>
   </div>
   <div class='ocr_carea' id='block_1_93' title="bbox 1883 4564 3537 4635">
    <p class='ocr_par' dir='ltr' id='par_1_93' title="bbox 1883 4564 3537 4635">
     <span class='ocr_line' id='line_1_93' title="bbox 1883 4564 3537 4635; baseline 0.001 -18"><span class='ocrx_word' id='word_1_673' title='bbox 1883 4564 2118 4634; x_wconf 65' lang='lat' dir='ltr'><strong>pientiae</strong></span> <span class='ocrx_word' id='word_1_674' title='bbox 2177 4564 2453 4629; x_wconf 87' lang='lat' dir='ltr'><strong>versutia,</strong></span> <span class='ocrx_word' id='word_1_675' title='bbox 2512 4569 2613 4617; x_wconf 90' lang='lat' dir='ltr'><strong>aut</strong></span> <span class='ocrx_word' id='word_1_676' title='bbox 2664 4564 2937 4635; x_wconf 86' lang='lat' dir='ltr'><strong>potentia,</strong></span> <span class='ocrx_word' id='word_1_677' title='bbox 2994 4566 3113 4620; x_wconf 89' lang='lat' dir='ltr'><strong>sive</strong></span> <span class='ocrx_word' id='word_1_678' title='bbox 3160 4565 3398 4631; x_wconf 89' lang='lat' dir='ltr'><strong>divitiis,</strong></span> <span class='ocrx_word' id='word_1_679' title='bbox 3433 4569 3537 4620; x_wconf 90' lang='lat' dir='ltr'><strong>aut</strong></span> 
     </span>
    </p>
   </div>
   <div class='ocr_carea' id='block_1_94' title="bbox 132 4651 3538 4739">
    <p class='ocr_par' dir='ltr' id='par_1_94' title="bbox 132 4651 3538 4739">
     <span class='ocr_line' id='line_1_94' title="bbox 132 4651 3538 4739; baseline -0.001 -28"><span class='ocrx_word' id='word_1_680' title='bbox 132 4664 362 4714; x_wconf 85' lang='lat' dir='ltr'><strong>mortem</strong></span> <span class='ocrx_word' id='word_1_681' title='bbox 398 4675 582 4729; x_wconf 91' lang='lat' dir='ltr'><strong>quam</strong></span> <span class='ocrx_word' id='word_1_682' title='bbox 636 4674 820 4729; x_wconf 89' lang='lat' dir='ltr'><strong>reges,</strong></span> <span class='ocrx_word' id='word_1_683' title='bbox 853 4657 1119 4728; x_wconf 90' lang='lat' dir='ltr'><strong>gigantes</strong></span> <span class='ocrx_word' id='word_1_684' title='bbox 1161 4661 1217 4710; x_wconf 89' lang='lat' dir='ltr'><strong>et</strong></span> <span class='ocrx_word' id='word_1_685' title='bbox 1257 4654 1545 4726; x_wconf 89' lang='lat' dir='ltr'><strong>principes</strong></span> <span class='ocrx_word' id='word_1_686' title='bbox 1596 4654 1773 4724; x_wconf 88' lang='lat' dir='ltr'><strong>hujus</strong></span> <span class='ocrx_word' id='word_1_687' title='bbox 1806 4675 1851 4739; x_wconf 83' lang='lat' dir='ltr'><strong>D</strong></span> <span class='ocrx_word' id='word_1_688' title='bbox 1884 4651 2207 4707; x_wconf 86' lang='lat' dir='ltr'><strong>nobilitate.</strong></span> <span class='ocrx_word' id='word_1_689' title='bbox 2243 4652 2441 4706; x_wconf 89' lang='lat' dir='ltr'><strong>Noluit</strong></span> <span class='ocrx_word' id='word_1_690' title='bbox 2473 4652 2687 4724; x_wconf 90' lang='lat' dir='ltr'><strong>quippe</strong></span> <span class='ocrx_word' id='word_1_691' title='bbox 2746 4670 2845 4723; x_wconf 86' lang='lat' dir='ltr'><strong>per</strong></span> <span class='ocrx_word' id='word_1_692' title='bbox 2875 4658 3160 4710; x_wconf 88' lang='lat' dir='ltr'><strong>oratorem</strong></span> <span class='ocrx_word' id='word_1_693' title='bbox 3207 4660 3538 4710; x_wconf 84' lang='lat' dir='ltr'><strong>convertere</strong></span> 
     </span>
    </p>
   </div>
   <div class='ocr_carea' id='block_1_95' title="bbox 135 4743 1773 4819">
    <p class='ocr_par' dir='ltr' id='par_1_95' title="bbox 135 4743 1773 4819">
     <span class='ocr_line' id='line_1_95' title="bbox 135 4743 1773 4819; baseline -0.001 -20"><span class='ocrx_word' id='word_1_694' title='bbox 135 4748 307 4802; x_wconf 65' lang='lat' dir='ltr'><strong>saeculi</strong></span> <span class='ocrx_word' id='word_1_695' title='bbox 341 4764 627 4819; x_wconf 88' lang='lat' dir='ltr'><strong>superare</strong></span> <span class='ocrx_word' id='word_1_696' title='bbox 657 4763 770 4802; x_wconf 90' lang='lat' dir='ltr'><strong>non</strong></span> <span class='ocrx_word' id='word_1_697' title='bbox 808 4750 1100 4816; x_wconf 89' lang='lat' dir='ltr'><strong>poterant,</strong></span> <span class='ocrx_word' id='word_1_698' title='bbox 1128 4745 1252 4815; x_wconf 90' lang='lat' dir='ltr'><strong>ipse</strong></span> <span class='ocrx_word' id='word_1_699' title='bbox 1274 4744 1575 4799; x_wconf 91' lang='lat' dir='ltr'><strong>moriendo</strong></span> <span class='ocrx_word' id='word_1_700' title='bbox 1616 4743 1773 4813; x_wconf 90' lang='lat' dir='ltr'><strong>vicit,</strong></span> 
     </span>
    </p>
   </div>
   <div class='ocr_carea' id='block_1_96' title="bbox 137 4831 1779 4906">
    <p class='ocr_par' dir='ltr' id='par_1_96' title="bbox 137 4831 1779 4906">
     <span class='ocr_line' id='line_1_96' title="bbox 137 4831 1779 4906; baseline -0.001 -19"><span class='ocrx_word' id='word_1_701' title='bbox 137 4849 329 4906; x_wconf 87' lang='lat' dir='ltr'><strong>eosque</strong></span> <span class='ocrx_word' id='word_1_702' title='bbox 360 4838 419 4891; x_wconf 89' lang='lat' dir='ltr'><strong>in</strong></span> <span class='ocrx_word' id='word_1_703' title='bbox 460 4836 679 4906; x_wconf 89' lang='lat' dir='ltr'><strong>impetu</strong></span> <span class='ocrx_word' id='word_1_704' title='bbox 713 4835 1087 4903; x_wconf 88' lang='lat' dir='ltr'><strong>destruxit,et</strong></span> <span class='ocrx_word' id='word_1_705' title='bbox 1116 4838 1380 4889; x_wconf 88' lang='lat' dir='ltr'><strong>autorem</strong></span> <span class='ocrx_word' id='word_1_706' title='bbox 1414 4831 1619 4887; x_wconf 89' lang='lat' dir='ltr'><strong>mortis</strong></span> <span class='ocrx_word' id='word_1_707' title='bbox 1652 4831 1779 4886; x_wconf 84' lang='lat' dir='ltr'><strong>reli-</strong></span> 
     </span>
    </p>
   </div>
   <div class='ocr_carea' id='block_1_97' title="bbox 141 4920 1779 4995">
    <p class='ocr_par' dir='ltr' id='par_1_97' title="bbox 141 4920 1779 4995">
     <span class='ocr_line' id='line_1_97' title="bbox 141 4920 1779 4995; baseline -0.001 -18"><span class='ocrx_word' id='word_1_708' title='bbox 141 4924 295 4995; x_wconf 83' lang='lat' dir='ltr'><strong>gavit,</strong></span> <span class='ocrx_word' id='word_1_709' title='bbox 330 4926 620 4995; x_wconf 90' lang='lat' dir='ltr'><strong>nobisque</strong></span> <span class='ocrx_word' id='word_1_710' title='bbox 652 4924 779 4978; x_wconf 71' lang='lat' dir='ltr'><strong>vita:</strong></span> <span class='ocrx_word' id='word_1_711' title='bbox 809 4927 1032 4977; x_wconf 67' lang='lat' dir='ltr'><strong>aeternae</strong></span> <span class='ocrx_word' id='word_1_712' title='bbox 1050 4923 1295 4993; x_wconf 89' lang='lat' dir='ltr'><strong>januam</strong></span> <span class='ocrx_word' id='word_1_713' title='bbox 1320 4920 1779 4993; x_wconf 88' lang='lat' dir='ltr'><strong>patefecit.Unde</strong></span> 
     </span>
    </p>
   </div>
   <div class='ocr_carea' id='block_1_98' title="bbox 144 5012 1782 5089">
    <p class='ocr_par' dir='ltr' id='par_1_98' title="bbox 144 5012 1782 5089">
     <span class='ocr_line' id='line_1_98' title="bbox 144 5012 1782 5089; baseline -0.001 -24"><span class='ocrx_word' id='word_1_714' title='bbox 144 5012 364 5081; x_wconf 89' lang='lat' dir='ltr'><strong>pulchre</strong></span> <span class='ocrx_word' id='word_1_715' title='bbox 383 5015 504 5089; x_wconf 86' lang='lat' dir='ltr'><strong>illic</strong></span> <span class='ocrx_word' id='word_1_716' title='bbox 527 5012 833 5084; x_wconf 83' lang='lat' dir='ltr'><strong>subjunxit</strong></span> <span class='ocrx_word' id='word_1_717' title='bbox 852 5013 1164 5083; x_wconf 90' lang='lat' dir='ltr'><strong>Apostolus</strong></span> <span class='ocrx_word' id='word_1_718' title='bbox 1187 5032 1198 5069; x_wconf 90' lang='lat'>:</span> <span class='ocrx_word' id='word_1_719' title='bbox 1225 5020 1458 5083; x_wconf 85' lang='lat' dir='ltr'><strong>Propter</strong></span> <span class='ocrx_word' id='word_1_720' title='bbox 1479 5012 1617 5082; x_wconf 89' lang='lat' dir='ltr'><strong>quod</strong></span> <span class='ocrx_word' id='word_1_721' title='bbox 1640 5015 1782 5065; x_wconf 89' lang='lat' dir='ltr'><strong>Deus</strong></span> 
     </span>
    </p>
   </div>
   <div class='ocr_carea' id='block_1_99' title="bbox 146 5102 1045 5174">
    <p class='ocr_par' dir='ltr' id='par_1_99' title="bbox 146 5102 1045 5174">
     <span class='ocr_line' id='line_1_99' title="bbox 146 5102 1045 5174; baseline 0.003 -22"><span class='ocrx_word' id='word_1_722' title='bbox 146 5102 292 5157; x_wconf 86' lang='lat' dir='ltr'><strong>illum</strong></span> <span class='ocrx_word' id='word_1_723' title='bbox 319 5105 587 5160; x_wconf 68' lang='lat' dir='ltr'><strong>exultavit</strong></span> <span class='ocrx_word' id='word_1_724' title='bbox 617 5102 801 5174; x_wconf 82' lang='lat' dir='ltr'><strong>(lbid.,</strong></span> <span class='ocrx_word' id='word_1_725' title='bbox 828 5102 905 5171; x_wconf 91' lang='lat'><strong>8),</strong></span> <span class='ocrx_word' id='word_1_726' title='bbox 935 5107 1045 5157; x_wconf 91' lang='lat' dir='ltr'><strong>etc.</strong></span> 
     </span>
    </p>
   </div>
   <div class='ocr_carea' id='block_1_100' title="bbox 212 5190 1751 5216">
    <p class='ocr_par' dir='ltr' id='par_1_100' title="bbox 212 5190 1751 5216">
     <span class='ocr_line' id='line_1_100' title="bbox 212 5190 1751 5216; baseline 0 0"><span class='ocrx_word' id='word_1_727' title='bbox 212 5191 456 5216; x_wconf 60' lang='grc' dir='ltr'><strong>(Ἶμ---..ι</strong></span> <span class='ocrx_word' id='word_1_728' title='bbox 504 5190 1179 5216; x_wconf 52' lang='lat' dir='ltr'><strong>A..--JA‘..nm-~n41-_-_</strong></span> <span class='ocrx_word' id='word_1_729' title='bbox 1588 5204 1751 5216; x_wconf 57' lang='grc' dir='ltr'><strong>’δίδη-ιλ</strong></span> 
     </span>
    </p>
   </div>
   <div class='ocr_carea' id='block_1_101' title="bbox 1884 4741 3535 4813">
    <p class='ocr_par' dir='ltr' id='par_1_101' title="bbox 1884 4741 3535 4813">
     <span class='ocr_line' id='line_1_101' title="bbox 1884 4741 3535 4813; baseline 0 -18"><span class='ocrx_word' id='word_1_730' title='bbox 1884 4742 2263 4813; x_wconf 90' lang='lat' dir='ltr'><strong>piscatorem,</strong></span> <span class='ocrx_word' id='word_1_731' title='bbox 2315 4742 2415 4795; x_wconf 88' lang='lat' dir='ltr'><strong>sed</strong></span> <span class='ocrx_word' id='word_1_732' title='bbox 2477 4758 2577 4811; x_wconf 90' lang='lat' dir='ltr'><strong>per</strong></span> <span class='ocrx_word' id='word_1_733' title='bbox 2617 4741 2964 4813; x_wconf 87' lang='lat' dir='ltr'><strong>piscatorem</strong></span> <span class='ocrx_word' id='word_1_734' title='bbox 2999 4743 3258 4798; x_wconf 89' lang='lat' dir='ltr'><strong>lucratus</strong></span> <span class='ocrx_word' id='word_1_735' title='bbox 3288 4748 3376 4797; x_wconf 88' lang='lat' dir='ltr'><strong>est</strong></span> <span class='ocrx_word' id='word_1_736' title='bbox 3407 4759 3535 4797; x_wconf 90' lang='lat' dir='ltr'><strong>ora-</strong></span> 
     </span>
    </p>
   </div>
   <div class='ocr_carea' id='block_1_102' title="bbox 1890 4829 3539 4901">
    <p class='ocr_par' dir='ltr' id='par_1_102' title="bbox 1890 4829 3539 4901">
     <span class='ocr_line' id='line_1_102' title="bbox 1890 4829 3539 4901; baseline -0.001 -16"><span class='ocrx_word' id='word_1_737' title='bbox 1890 4836 2096 4886; x_wconf 88' lang='lat' dir='ltr'><strong>torem.</strong></span> <span class='ocrx_word' id='word_1_738' title='bbox 2160 4834 2403 4901; x_wconf 84' lang='lat' dir='ltr'><strong>Magnus</strong></span> <span class='ocrx_word' id='word_1_739' title='bbox 2448 4830 2773 4901; x_wconf 82' lang='lat' dir='ltr'><strong>Cyprianus</strong></span> <span class='ocrx_word' id='word_1_740' title='bbox 2805 4836 3032 4899; x_wconf 89' lang='lat' dir='ltr'><strong>orator;</strong></span> <span class='ocrx_word' id='word_1_741' title='bbox 3066 4835 3167 4887; x_wconf 89' lang='lat' dir='ltr'><strong>sed</strong></span> <span class='ocrx_word' id='word_1_742' title='bbox 3221 4832 3407 4900; x_wconf 88' lang='lat' dir='ltr'><strong>major</strong></span> <span class='ocrx_word' id='word_1_743' title='bbox 3438 4829 3539 4884; x_wconf 91' lang='lat' dir='ltr'><strong>illo</strong></span> 
     </span>
    </p>
   </div>
   <div class='ocr_carea' id='block_1_103' title="bbox 1893 4920 3540 4990">
    <p class='ocr_par' dir='ltr' id='par_1_103' title="bbox 1893 4920 3540 4990">
     <span class='ocr_line' id='line_1_103' title="bbox 1893 4920 3540 4990; baseline -0.003 -16"><span class='ocrx_word' id='word_1_744' title='bbox 1893 4920 2096 4975; x_wconf 87' lang='lat' dir='ltr'><strong>Petrus</strong></span> <span class='ocrx_word' id='word_1_745' title='bbox 2128 4920 2401 4990; x_wconf 87' lang='lat' dir='ltr'><strong>piscator,</strong></span> <span class='ocrx_word' id='word_1_746' title='bbox 2420 4935 2519 4989; x_wconf 89' lang='lat' dir='ltr'><strong>per</strong></span> <span class='ocrx_word' id='word_1_747' title='bbox 2550 4936 2723 4989; x_wconf 91' lang='lat' dir='ltr'><strong>quem</strong></span> <span class='ocrx_word' id='word_1_748' title='bbox 2756 4920 3003 4975; x_wconf 89' lang='lat' dir='ltr'><strong>credidit</strong></span> <span class='ocrx_word' id='word_1_749' title='bbox 3034 4938 3149 4976; x_wconf 92' lang='lat' dir='ltr'><strong>non</strong></span> <span class='ocrx_word' id='word_1_750' title='bbox 3191 4920 3377 4975; x_wconf 89' lang='lat' dir='ltr'><strong>solum</strong></span> <span class='ocrx_word' id='word_1_751' title='bbox 3411 4934 3540 4971; x_wconf 89' lang='lat' dir='ltr'><strong>ora-</strong></span> 
     </span>
    </p>
   </div>
   <div class='ocr_carea' id='block_1_104' title="bbox 1893 5006 3545 5080">
    <p class='ocr_par' dir='ltr' id='par_1_104' title="bbox 1893 5006 3545 5080">
     <span class='ocr_line' id='line_1_104' title="bbox 1893 5006 3545 5080; baseline -0.002 -18"><span class='ocrx_word' id='word_1_752' title='bbox 1893 5013 2003 5077; x_wconf 91' lang='lat' dir='ltr'><strong>tor,</strong></span> <span class='ocrx_word' id='word_1_753' title='bbox 2040 5009 2138 5064; x_wconf 89' lang='lat' dir='ltr'><strong>sed</strong></span> <span class='ocrx_word' id='word_1_754' title='bbox 2174 5008 2346 5063; x_wconf 88' lang='lat' dir='ltr'><strong>etiam</strong></span> <span class='ocrx_word' id='word_1_755' title='bbox 2381 5006 2715 5079; x_wconf 87' lang='lat' dir='ltr'><strong>imperator.</strong></span> <span class='ocrx_word' id='word_1_756' title='bbox 2748 5008 2893 5062; x_wconf 82' lang='lat' dir='ltr'><strong>Hinc</strong></span> <span class='ocrx_word' id='word_1_757' title='bbox 2939 5014 3027 5065; x_wconf 88' lang='lat' dir='ltr'><strong>est</strong></span> <span class='ocrx_word' id='word_1_758' title='bbox 3064 5009 3214 5080; x_wconf 87' lang='lat' dir='ltr'><strong>qu0d</strong></span> <span class='ocrx_word' id='word_1_759' title='bbox 3262 5006 3545 5061; x_wconf 88' lang='lat' dir='ltr'><strong>Dominus</strong></span> 
     </span>
    </p>
   </div>
   <div class='ocr_carea' id='block_1_105' title="bbox 1895 5090 3550 5168">
    <p class='ocr_par' dir='ltr' id='par_1_105' title="bbox 1895 5090 3550 5168">
     <span class='ocr_line' id='line_1_105' title="bbox 1895 5090 3550 5168; baseline -0.004 -18"><span class='ocrx_word' id='word_1_760' title='bbox 1895 5096 2313 5152; x_wconf 89' lang='lat' dir='ltr'><strong>Nathanaelem</strong></span> <span class='ocrx_word' id='word_1_761' title='bbox 2367 5095 2641 5151; x_wconf 90' lang='lat' dir='ltr'><strong>laudibus</strong></span> <span class='ocrx_word' id='word_1_762' title='bbox 2696 5096 2951 5166; x_wconf 67' lang='lat' dir='ltr'><strong>praetulit</strong></span> <span class='ocrx_word' id='word_1_763' title='bbox 2996 5099 3172 5168; x_wconf 88' lang='lat' dir='ltr'><strong>(Joan.</strong></span> <span class='ocrx_word' id='word_1_764' title='bbox 3228 5112 3261 5161; x_wconf 77' lang='grc' dir='ltr'><strong>ι,</strong></span> <span class='ocrx_word' id='word_1_765' title='bbox 3305 5093 3413 5161; x_wconf 80' lang='grc'><strong>45),</strong></span> <span class='ocrx_word' id='word_1_766' title='bbox 3447 5090 3550 5145; x_wconf 89' lang='lat' dir='ltr'><strong>sed</strong></span> 
     </span>
    </p>
   </div>
   <div class='ocr_carea' id='block_1_106' title="bbox 1897 5181 3244 5216">
    <p class='ocr_par' dir='ltr' id='par_1_106' title="bbox 1897 5181 3244 5216">
     <span class='ocr_line' id='line_1_106' title="bbox 1897 5181 3244 5216; baseline -0.004 -1"><span class='ocrx_word' id='word_1_767' title='bbox 1897 5187 1963 5216; x_wconf 61' lang='grc' dir='ltr'><strong>αλ</strong></span> <span class='ocrx_word' id='word_1_768' title='bbox 2009 5188 2353 5214; x_wconf 61' lang='grc' dir='ltr'><strong>Ᾱῖηνιῖότιιηω</strong></span> <span class='ocrx_word' id='word_1_769' title='bbox 2392 5185 2753 5214; x_wconf 61' lang='grc' dir='ltr'><strong>ηηΛηϐΑῘπᾹ-εη</strong></span> <span class='ocrx_word' id='word_1_770' title='bbox 2780 5201 2888 5212; x_wconf 61' lang='grc' dir='ltr'><strong>...Αν-</strong></span> <span class='ocrx_word' id='word_1_771' title='bbox 2927 5181 3244 5212; x_wconf 63' lang='grc' dir='ltr'><strong>ληριεννινιηῖι</strong></span> 
     </span>
    </p>
   </div>
  </div>
