3998 5278
452 296 574 359 303

1475 295 1811 358 ATTONIS
1857 294 2439 356 VERCELLENSIS
2487 292 2841 355 EPISCOPI

3746 292 3870 353 204

448 436 707 488 strueret.
742 430 870 486 Sive
900 447 1034 486 cum
1065 430 1206 485 dicit
1244 446 1255 485 ε
1291 431 1426 498 Quae
1467 446 1580 484 non
1637 438 1783 494 sunt,
1821 430 2089 498 despecta
2123 430 2173 494 Α
2210 431 2315 495 est,
2350 427 2405 479 in
2440 444 2555 497 qua
2584 426 2783 481 omnia
2831 426 2965 479 fecit
2994 440 3127 479 cum
3161 427 3351 485 Patre,
3386 428 3442 479 et
3472 425 3599 496 ipse
3630 440 3665 479 a
3699 423 3867 479 nullo

450 521 626 591 hujus
658 520 865 574 mundi
897 519 1221 591 intelligere
1260 520 1543 575 debemus
1579 537 1591 585 ;
1628 518 1838 573 Christi
1872 518 2098 572 scilicet

452 609 767 681 apostolos,
830 609 950 680 qui,
1002 608 1276 680 quoniam
1329 609 1531 663 mundi
1564 608 1808 680 gloriam
1844 624 1957 662 non
1991 606 2097 662 ha-

454 699 869 771 bebant,quasi
901 713 1014 752 non
1047 698 1628 767 essejudicabantur.
1655 696 1937 755 Similiter
1960 711 2094 750 cum

455 788 698 843 subdit:
737 788 799 843 Ut
828 802 894 841 ea
934 802 1055 858 quas
1102 791 1231 842 sunt
1276 787 1594 852 destrueret,
1655 786 2098 857 intelligendum

454 882 561 947 est,
595 876 865 949 gloriosa,
919 881 977 930 et
1025 876 1321 943 sublimia,
1379 893 1507 947 quae
1558 891 1685 931 esse
1719 876 2098 945 putabantur,

454 965 592 1036 quia
622 966 681 1018 in
712 963 918 1019 mundi
963 963 1147 1035 gloria
1195 964 1611 1019 consistebant.
1666 964 1886 1017 Dicitur
1914 980 2050 1034 ergo
2086 978 2098 1015 :

450 1055 549 1119 Ea,
603 1070 729 1125 qua:
778 1070 894 1108 non
942 1057 1100 1121 sunt,
1165 1054 1223 1107 id
1293 1058 1399 1118 est,
1468 1054 1740 1124 despecta
1786 1052 1984 1123 elegit,
2038 1056 2101 1105 ut

450 1158 518 1198 ea
564 1159 689 1214 qua:
739 1148 879 1196 sunt
936 1141 992 1196 id
1064 1146 1153 1197 est
1199 1141 1453 1213 gloriosa
1501 1142 1828 1195 destrueret
1872 1158 1883 1205 ;
1946 1138 2099 1210 quod

448 1236 506 1286 et
521 1232 739 1287 factum
758 1246 887 1286 esse
908 1230 1419 1302 cognoscimus:ad
1448 1230 1917 1301 praadicationem
1942 1245 2103 1282 nam-

447 1336 561 1391 que
589 1318 985 1391 apostolorum
1018 1320 1185 1373 multi
1212 1336 1377 1390 reges
1410 1324 1467 1373 et
1500 1319 1678 1387 hujus
1711 1317 1911 1372 saeculi
1942 1317 2099 1387 prin-

449 1409 607 1478 cipes
636 1409 884 1475 confusi,
914 1409 1195 1463 destructi
1220 1414 1358 1464 sunt
1388 1414 1445 1463 et
1478 1408 1687 1462 humili
1717 1408 1932 1463 Christi
1958 1409 2103 1479 jugo

454 1514 516 1554 se
546 1497 957 1554 subdiderunt.

530 1632 641 1687 Sed
692 1648 796 1687 cur
844 1631 963 1687 haec
1010 1631 1295 1687 Dominus
1342 1631 1599 1703 elegerit,
1632 1631 1945 1703 Apostolus
1977 1649 2104 1686 ma-

456 1721 713 1787 nifestat,
763 1720 1128 1793 subjungens
1178 1721 1283 1790 :ZUt
1311 1737 1420 1775 non
1450 1721 1719 1789 glorietur
1761 1723 1939 1776 omnis
1979 1737 2105 1776 caro

456 1811 521 1865 in
542 1817 822 1881 conspectu
852 1811 986 1881 ejus.
1022 1808 1209 1864 Omnis
1238 1826 1385 1877 caro,
1419 1810 1610 1865 omnis
1642 1810 1891 1865 carnalis
1924 1811 2107 1864 scien-
2137 1798 2182 1862 Β

454 1898 538 1954 tia
578 1897 825 1972 intelligi
871 1903 1081 1970 potest,
1134 1903 1198 1952 ut
1246 1898 1322 1953 sit
1366 1916 1575 1954 sensus
1630 1915 1642 1954 :
1701 1900 1814 1954 Non
1844 1900 2111 1968 glorietur

452 1990 630 2044 omnis
658 2005 785 2044 caro
816 1990 875 2042 in
903 1996 1186 2059 conspectu
1217 1992 1358 2060 ejus,
1402 1988 1457 2041 id
1492 1993 1596 2053 est,
1662 1993 1724 2041 ut
1760 1987 1951 2041 omnis
1985 2003 2109 2040 car-

451 2078 602 2134 nalis
633 2078 879 2133 scientia
936 2078 1245 2133 erubescat
1277 2082 1335 2132 et
1395 2078 1793 2131 confundatur
1850 2076 1907 2129 in
1968 2092 2111 2129 con-

454 2172 655 2238 spectu
692 2167 812 2235 Dei,
842 2166 1043 2238 judice
1076 2167 1225 2237 ipso.
1257 2165 1519 2221 Carnalis
1556 2171 1746 2219 autem
1782 2163 2113 2219 intellectus

459 2256 837 2323 est,difﬁdere
869 2255 969 2311 Dei
992 2254 1253 2327 potentia
1273 2254 1557 2325 virginem
1592 2270 1793 2325 parere
1827 2254 2111 2325 potuisse,

464 2350 565 2401 aut
584 2344 883 2401 hominem
907 2349 1205 2399 mortuum
1232 2342 1959 2415 viviﬁcari.Congruentius
1982 2359 2113 2398 vero

468 2434 662 2489 omnis
694 2451 827 2490 caro
857 2431 1222 2505 intelligitur.
1257 2432 1448 2487 omnis
1480 2432 1677 2501 homo,
1729 2449 1761 2487 a
1809 2437 1970 2503 parte
2028 2436 2113 2486 to-

470 2528 597 2578 tum
632 2541 646 2591 ;
694 2528 759 2578 ut
811 2522 888 2578 sit
940 2538 1149 2577 sensus
1182 2539 1193 2576 :
1228 2520 1445 2576 Idcirco
1476 2526 1628 2576 Deus
1680 2520 1858 2576 nullis
1888 2520 2114 2576 meritis

469 2611 931 2684 praecedentibus
963 2610 1198 2666 inﬁrma
1244 2610 1447 2665 mundi
1481 2610 1675 2682 elegit,
1734 2615 1789 2665 et
1821 2611 2111 2682 despecta,

470 2704 537 2756 ut
586 2718 700 2757 non
756 2700 966 2756 habeat
1013 2700 1205 2755 omnis
1250 2699 1446 2765 homo,
1493 2701 1564 2755 de
1610 2717 1672 2755 se
1704 2700 1857 2754 unde
1908 2700 2111 2755 merito

467 2789 704 2860 gloriari
737 2788 925 2861 possit
973 2790 1032 2843 in
1083 2793 1397 2860 conspectu
1429 2788 1564 2857 Dei,
1602 2805 1666 2843 ac
1712 2789 1760 2843 si
1795 2793 1992 2858 aperte
2024 2789 2111 2851 di-

465 2881 655 2933 ceret:
691 2877 764 2932 Ut
793 2894 908 2933 non
940 2866 1221 2949 glorietur
1249 2878 1441 2933 omnis
1475 2878 1649 2932 homo
1704 2878 1761 2931 in
1793 2883 2108 2950 conspectu

465 2966 593 3037 ejus
614 2967 683 3022 de
715 2967 966 3039 propriis
997 2967 1241 3023 meritis.
1270 2967 1398 3021 Haec
1418 2983 1552 3039 ergo
1585 2967 1875 3022 sententia
1904 2984 2109 3023 omnes

463 3055 922 3128 comprehendit,
953 3058 1073 3111 tam
1099 3057 1316 3125 justos,
1351 3073 1519 3127 qusm
1566 3055 1821 3128 injustos
1856 3073 1868 3111 :
1903 3056 2106 3127 injusti

461 3144 639 3242 enim,
673 3145 811 3217 quia
842 3144 985 3242 nihil
1018 3145 1254 3242 habent,
1288 3163 1401 3242 non
1436 3150 1524 3242 est
1555 3146 1709 3242 unde
1739 3144 2100 3242 glorientur;
2135 3167 2177 3232 ρ
2217 3187 2264 3242 ri

452 3233 602 3304 justi
632 3238 847 3304 autem,
881 3235 989 3289 etsi
1020 3234 1239 3289 habent
1265 3235 1417 3289 unde
1438 3233 1675 3305 gloriari
1706 3234 1952 3305 possint,
1989 3252 2102 3289 non

458 3326 656 3379 tamen
679 3341 712 3378 a
742 3324 930 3389 se,sed
956 3340 990 3377 a
1014 3327 1125 3377 Deo
1152 3324 1223 3392 (II
1253 3323 1433 3393 Cor.x,
1474 3322 1737 3392 17).Quid
1760 3339 1894 3394 ergo
1927 3329 2105 3379 restat

462 3410 800 3468 salvandis?
830 3411 986 3466 Nihil
1018 3410 1197 3482 aliud,
1230 3410 1342 3465 nisi
1382 3412 1570 3483 gratia
1601 3411 1955 3467 miserantis.
1992 3414 2099 3468 Sed

458 3517 531 3556 ne
570 3501 715 3556 forte
758 3500 945 3556 sancti
986 3492 1049 3556 se
1103 3500 1324 3572 absque
1371 3500 1551 3571 gloria
1594 3502 1947 3557 remansisse
1994 3520 2102 3573 pu-

457 3592 668 3657 tarent,
699 3589 951 3660 subjecit
980 3606 993 3643 :
1027 3592 1107 3644 Ex
1136 3592 1252 3660 ipso
1280 3594 1463 3644 autem
1492 3607 1583 3645 vos
1612 3593 1735 3645 estis
1788 3593 1847 3644 in
1882 3591 2102 3648 Christo

455 3679 584 3732 Jesu
609 3695 630 3738 ,ο
662 3683 945 3749 tanquam
977 3679 1194 3733 diceret
1254 3696 1266 3732 :
1333 3679 1457 3733 Non
1496 3696 1598 3734 vos
1628 3666 1846 3749 putetis
1879 3681 2100 3752 absque

456 3765 644 3838 gloria
674 3766 1063 3823 remansisse:
1097 3767 1467 3840 gloriandum
1492 3769 1705 3840 quippe
1737 3770 1899 3824 vobis
1931 3774 2019 3824 est
2039 3770 2097 3824 in

456 3860 569 3911 Deo
592 3872 693 3929 per
712 3856 913 3914 Jesum
936 3857 1233 3913 Christum
1262 3876 1273 3925 ;
1299 3858 1438 3929 quia
1470 3858 1560 3913 Dei
1583 3858 1769 3929 gratia
1787 3860 1857 3913 ad
1883 3858 2095 3915 Christi

450 3944 626 4000 ﬁdem
659 3947 799 4003 estis
829 3948 1034 4016 vocati,
1067 3953 1123 4002 et
1150 3947 1209 4001 in
1267 3948 1394 4019 ejus
1426 3949 1691 4003 membra
1720 3949 1901 4004 effecti
1965 3968 1977 4003 :
2030 3966 2097 4004 ex

446 4032 575 4105 ipso
637 4052 910 4107 namque,
968 4037 1027 4091 id
1086 4040 1172 4092 est
1231 4052 1300 4091 ex
1343 4036 1479 4105 Deo,
1539 4038 1638 4109 qui
1694 4044 1781 4092 est
1830 4038 2093 4109 omnipo-

446 4126 598 4190 tens,
642 4141 741 4180 vos
773 4124 913 4181 estis
945 4125 1004 4179 in
1031 4125 1256 4180 Christo
1285 4125 1510 4187 Jesu,id
1534 4132 1643 4189 est,
1670 4126 1725 4179 in
1750 4127 1862 4180 ﬁde
1883 4127 2093 4181 Christi

444 4211 603 4267 Jesu.
638 4215 736 4268 Dei
768 4214 925 4268 enim
957 4214 1321 4285 propositum
1357 4213 1484 4279 fuit,
1521 4220 1585 4268 ut
1632 4216 1931 4270 credentes
1964 4233 2089 4287 per-

444 4300 740 4355 Christum
771 4308 1155 4373 agnoscerent
1184 4302 1283 4356 Dei
1315 4302 1640 4371 veritatem,
1673 4308 1731 4358 et
1772 4303 2087 4360 misericor-

443 4388 635 4444 diam:
664 4389 869 4445 veritas
898 4395 1094 4445 autem
1126 4397 1213 4446 est
1243 4390 1549 4446 Trinitatis
1582 4392 1920 4463 mysterium
1947 4419 1961 4461 ;
1988 4394 2093 4448 mi—

443 4477 764 4534 sericordia
792 4495 1069 4549 vero,qua
1093 4479 1377 4551 redempti
1402 4497 1628 4549 sumus,
1655 4498 1789 4537 cum
1822 4499 2087 4539 essemus

443 4564 677 4637 captivi.

510 4672 714 4744 Igitur,
764 4677 829 4728 ut
883 4676 1212 4731 ostenderet
1258 4676 1392 4747 quis
1450 4677 1622 4733 fuerit
1668 4677 1777 4732 iste
1818 4679 2083 4735 Christus

436 4764 628 4830 Jesus,
690 4763 995 4833 subjunxit
1026 4781 1038 4818 :
1076 4766 1179 4832 Qui
1234 4767 1412 4835 factus
1452 4772 1531 4821 est
1564 4768 1715 4821 nobis
1744 4770 2021 4837 sapientia
2052 4787 2085 4824 α

433 4852 559 4913 Deo,
618 4860 670 4907 et
707 4852 951 4923 justitia,
1003 4858 1056 4908 et
1082 4854 1463 4923 sanctiﬁcatio,
1517 4860 1568 4910 et
1624 4854 1941 4925 redemptio.
1999 4860 2077 4912 Ad

432 4941 937 4997 conﬁrmationem
970 4943 1183 5014 quippe
1216 4944 1478 4998 ﬁdelium
1502 4944 1756 4999 ostendit
1784 4945 2078 5001 Christum

429 5029 729 5085 voluntate
752 5031 960 5103 Patris,
996 5033 1193 5088 omnia
1222 5033 1430 5103 egisse,
1465 5049 1591 5102 quae
1626 5032 1776 5099 fecit,
1811 5040 1875 5087 ut
1906 5052 2078 5105 agno-

425 5121 616 5183 scant,
668 5122 724 5172 et
770 5121 957 5176 sciant
1015 5138 1074 5177 se
1120 5137 1316 5176 veram
1377 5121 1746 5190 sapientiam,
1806 5126 1861 5176 et
1894 5122 2073 5192 justi-

423 5204 594 5271 tiam,
643 5210 701 5258 et
749 5211 1289 5274 sancﬁﬁcationem,
1342 5213 1399 5263 et
1456 5209 1912 5278 redemptionem
1944 5227 2070 5278 per-

2208 516 2418 581 factus,
2483 521 2615 570 ante
2666 516 2863 570 omnia
2909 514 3121 570 saecula
3151 515 3387 586 genitus
3440 522 3531 569 est
3568 514 3643 569 ab
3680 530 3771 568 eo.
3810 515 3867 568 In

2210 609 2394 659 forma
2426 622 2560 677 ergo
2594 604 2975 659 humanitatis
3007 604 3174 659 nobis
3208 604 3399 658 factus
3430 610 3519 658 est
3551 622 3583 658 a
3617 603 3741 658 Deo
3778 619 3867 659 sa-

2211 693 2462 763 pientia;
2499 694 2636 763 quia
2667 693 2920 763 Spiritus
2950 696 3135 747 sancti
3160 693 3344 763 gratia
3363 694 3433 746 de
3454 692 3682 763 virgine
3717 708 3866 746 con-

2210 788 2413 851 ceptus
2468 789 2555 836 est
2586 788 2640 837 et
2675 788 2866 835 natus.
2928 782 3033 846 Qui
3089 782 3245 836 enim
3300 782 3356 835 in
3389 782 3735 837 substantia
3783 782 3869 835 di«

2213 871 2475 925 vinitatis
2504 888 2638 925 vera
2678 877 2797 926 erat
2840 870 3021 926 Patris
3060 871 3384 941 sapientia;
3436 888 3539 942 per
3589 871 3872 925 humani-

2212 964 2391 1013 tatem
2426 960 2591 1014 nobis
2612 962 2795 1014 factus
2830 966 2917 1015 est
2942 959 3229 1029 sapientia
3256 977 3267 1026 ;
3304 961 3584 1030 quoniam
3607 976 3717 1030 per
3736 976 3872 1014 eum

2210 1063 2403 1102 veram
2450 1048 2762 1102 didicimus
2813 1048 3182 1120 sapientiam,
3215 1049 3272 1101 id
3306 1054 3394 1103 est
3422 1049 3743 1102 Trinitatis
3775 1065 3874 1103 co-

2212 1137 2552 1207 gnitionem.
2613 1137 2890 1193 Similiter
2937 1137 3035 1207 qui
3068 1138 3128 1190 in
3160 1137 3380 1191 deitate
3404 1136 3649 1207 justitia
3682 1137 3871 1192 Patris

2212 1231 2357 1292 erat,
2391 1230 2448 1280 et
2478 1242 2579 1296 per
2608 1227 3031 1281 humanitatem
3060 1226 3224 1280 nobis
3266 1226 3457 1281 factus
3488 1226 3868 1297 estjustitia;

2215 1315 2354 1384 quia
2383 1316 2671 1370 credendo
2730 1317 2787 1369 in
2845 1332 3001 1383 eum,
3034 1320 3091 1370 et
3123 1316 3223 1369 Dei
3264 1315 3472 1369 Filium
3504 1316 3869 1381 Confitendo,

2213 1403 2326 1471 ipsi
2358 1420 2564 1457 sumus
2597 1405 2946 1476 incorporati
2978 1422 3043 1459 ac
3074 1420 3177 1475 per
3206 1404 3313 1458 hoc
3337 1403 3683 1473 justiticati.
3751 1407 3865 1468 Quo

2215 1492 2368 1547 enim
2419 1493 2667 1565 quisque
2711 1494 2898 1565 magis
2948 1493 3029 1547 illi
3078 1493 3338 1562 inhaeret,
3391 1498 3556 1548 tanto
3614 1493 3872 1565 amplius

2208 1581 2568 1651 justiﬁcatur
2600 1600 2612 1636 :
2639 1584 2870 1652 justum
2930 1599 3138 1654 nempe
3168 1586 3276 1647 est,
3308 1588 3393 1649 ut,
3427 1582 3649 1654 spretis
3689 1584 3873 1638 omni-

2218 1672 2346 1740 bus,
2381 1670 2542 1725 solus
2574 1672 2808 1727 Creator
2836 1677 3146 1727 veneretur
3202 1677 3258 1726 et
3313 1673 3609 1727 adoretur.
3657 1673 3872 1729 Factus

2216 1764 2304 1814 est
2334 1764 2390 1813 et
2420 1760 2801 1816 sanctiﬁcatio
2828 1786 2841 1829 ;
2876 1761 3155 1832 quoniam
3216 1778 3318 1833 per
3349 1777 3483 1816 eum
3527 1777 3649 1817 non
3682 1766 3870 1819 solum

2221 1849 2291 1902 ab
2324 1848 2661 1903 idololatria
2718 1854 2776 1905 et
2805 1850 3057 1921 prepriis
3107 1849 3340 1922 flagitiis
3392 1849 3607 1922 expiati
3642 1868 3868 1919 sumus,

2221 1940 2321 1992 sed
2354 1940 2530 1993 etiam
2564 1939 2636 1991 ab
2676 1938 2834 1993 omni
2880 1939 3323 2009 inquinamento
3373 1940 3587 1994 mentis
3644 1946 3705 1995 et
3755 1956 3869 1995 cor-

2223 2027 2398 2098 poris.

2294 2116 2573 2187 Denique,
2606 2117 2745 2187 quia
2803 2117 2923 2171 haec
2985 2116 3367 2171 sanctiﬁcatio
3399 2134 3500 2188 per
3530 2118 3867 2188 passionem

2223 2205 2349 2275 ejus
2410 2208 2559 2260 facta
2616 2210 2721 2276 est,
2782 2206 3194 2261 convenienter
3237 2206 3487 2277 subjecit
3522 2224 3535 2261 :
3568 2208 3636 2261 Et
3662 2208 3865 2263 redeat.

2222 2296 2335 2363 ptio
2360 2310 2379 2347 .°
2411 2295 2627 2350 oblatio
2658 2312 2912 2366 namque
2940 2296 3199 2367 corporis
3258 2296 3471 2351 Christi
3531 2304 3741 2352 nostra
3771 2298 3863 2351 fuit

2225 2383 2565 2454 redemptio.
2600 2384 2716 2437 Hoc
2755 2385 2911 2439 enim
2961 2386 3211 2456 pretium
3269 2403 3371 2457 pro
3417 2386 3585 2441 nobis
3639 2386 3863 2442 diabolo

2224 2473 2386 2527 dedit
2419 2490 2430 2527 :
2465 2473 2606 2528 dum
2638 2474 2793 2528 enim
2835 2491 2896 2529 se
2930 2476 3040 2529 Deo
3075 2474 3223 2529 Patri
3255 2474 3312 2527 in
3346 2492 3444 2530 ara
3473 2475 3672 2529 crucis
3702 2480 3862 2531 obtu-

2224 2560 2312 2631 lit,
2355 2577 2589 2617 omnem
2636 2564 2854 2634 peccati
2903 2564 3419 2619 contradictionem
3463 2564 3524 2619 in
3576 2580 3640 2621 se
3678 2565 3801 2636 ipso
3831 2582 3861 2619 a

2224 2652 2391 2705 nobis
2420 2651 2665 2706 abstulit
2695 2669 2707 2707 :
2745 2668 2878 2706 nam
2913 2652 3041 2707 ideo
3070 2652 3299 2708 diabolo
3330 2668 3393 2708 se
3421 2654 3686 2723 cupienti
3720 2655 3861 2709 occi-

2223 2741 2378 2811 dere,
2413 2746 2478 2795 ut
2522 2741 2809 2812 impleret,
2844 2742 3141 2811 permisit;
3177 2748 3259 2809 ut,
3295 2742 3436 2796 dum
3496 2741 3673 2798 illum
3703 2744 3859 2800 inno-

2222 2834 2447 2885 centem
2480 2830 2748 2886 indebitae
2779 2831 2951 2885 morti
2989 2831 3262 2898 traderet,
3300 2847 3426 2899 nos,
3461 2848 3615 2903 quos
3672 2834 3857 2889 debito

2220 2920 2474 2987 tenebat,
2507 2920 3024 2991 amitteret,sicque
3040 2936 3145 2975 nos
3175 2920 3430 2991 captivos
3454 2937 3490 2976 a
3522 2921 3743 2977 diaboli
3766 2939 3858 2995 po-

2217 3012 2427 3064 testate
2456 3014 2699 3064 erueret.

2290 3100 2509 3169 Itaque,
2544 3099 2683 3169 quia
2726 3099 2980 3154 ostendit
3010 3099 3068 3153 in
3101 3116 3216 3171 quo
3263 3101 3483 3156 sanctis
3534 3108 3693 3157 esset
3740 3102 3856 3174 glo-

2270 3188 2509 3257 andum,
2566 3193 2629 3242 ut
2678 3188 3001 3243 evidentius
3048 3189 3156 3244 hoc
3214 3190 3666 3262 demonstraret,
3730 3208 3854 3263 pro-

2215 3276 2511 3347 pheticum
2542 3277 2805 3331 subdidit
2839 3278 3261 3349 testimonium,
3296 3279 3497 3335 dicens
3531 3298 3544 3336 :
3584 3283 3649 3337 Ut
3677 3298 3855 3353 quem-

2214 3365 2513 3421 admodum
2542 3367 2805 3436 scriptum
2856 3373 2956 3436 est,
2991 3366 3256 3423 videlicet
3304 3368 3365 3421 in
3420 3368 3683 3425 Jeremia
3715 3388 3728 3424 :
3761 3371 3857 3438 Qui

2212 3456 2503 3524 gloriatur,
2539 3457 2596 3509 in
2626 3457 2854 3510 Domino
2882 3456 3166 3526 glorietur,
3186 3459 3315 3524 (Jer.
3348 3475 3426 3523 1x,
3456 3460 3570 3527 23).
3607 3460 3853 3531 Dignum

2212 3550 2303 3597 est
2330 3545 2563 3611 etenim,
2595 3550 2651 3599 et
2680 3544 2845 3599 valde
2876 3546 3293 3613 necessarium,
3326 3551 3390 3601 ut
3422 3549 3525 3618 qui
3552 3547 3851 3620 gloriatur,

2210 3632 2268 3686 in
2309 3633 2548 3687 Domino
2580 3632 3165 3705 glorietur,quoniam
3190 3635 3247 3688 in
3278 3639 3563 3690 aeternum
3590 3655 3711 3692 non
3733 3655 3852 3693 con-

2210 3722 2507 3776 fundetur.
2560 3722 2652 3776 Sic
2691 3737 2824 3792 ergo
2875 3721 2973 3792 qui
3006 3721 3309 3793 gloriatur,
3334 3722 3393 3776 in
3444 3722 3710 3782 Domino
3740 3727 3850 3798 glo-

2209 3811 2411 3879 riatur,
2444 3811 2493 3865 si
2526 3827 2696 3865 omne
2731 3810 2974 3880 bonum,
3015 3810 3168 3880 quod
3202 3810 3259 3865 id
3291 3827 3352 3866 se
3384 3816 3714 3884 cognoscit,
3749 3832 3848 3871 non

2208 3916 2381 3955 suum
2415 3917 2541 3955 esse
2571 3900 2729 3968 dicit,
2764 3904 2866 3953 aut
2922 3900 3125 3968 credit,
3181 3901 3281 3954 sed
3328 3901 3448 3967 Dei,
3479 3918 3515 3957 a
3546 3920 3667 3974 quo
3700 3921 3848 3960 acccc

2204 3994 2309 4058 pit,
2342 3989 2397 4041 id
2432 3994 2540 4054 est,
2576 3988 2623 4041 si
2658 4004 2771 4041 non
2805 3987 2995 4042 solum
3028 3989 3180 4059 quod
3215 3994 3320 4054 est,
3355 3990 3456 4045 sed
3484 3992 3669 4047 etiam
3703 3993 3848 4065 quod

2204 4078 2347 4131 bene
2377 4081 2485 4141 est,
2521 4077 2591 4130 ab
2625 4075 2722 4130 illo
2754 4092 2815 4131 se
2845 4078 3137 4149 accepisse
3166 4077 3458 4151 intelligit,
3492 4097 3529 4134 a
3559 4099 3678 4152 quo
3710 4098 3855 4137 acce-

2203 4165 2303 4236 pit,
2357 4170 2419 4219 ut
2465 4170 2637 4234 esset,
2688 4166 2858 4235 juxta
2912 4166 3057 4220 illud
3124 4167 3327 4221 Jacobi
3379 4185 3391 4221 :
3446 4168 3619 4225 Omne
3673 4172 3853 4226 datum

2198 4257 2465 4325 optimum
2504 4259 2552 4310 et
2613 4270 2772 4309 omne
2824 4255 3027 4309 donum
3072 4260 3375 4326 perfectum
3421 4257 3718 4315 desursum
3764 4269 3849 4326 est,

2197 4343 2516 4398 descendens
2570 4361 2606 4397 α
2655 4345 2820 4399 Patre
2878 4345 3150 4398 luminum
3205 4346 3346 4415 (Jac.
3381 4363 3418 4413 ι,
3456 4348 3566 4419 17).
3606 4350 3853 4420 Con/un-

2195 4433 2398 4488 dantur
2425 4449 2557 4503 ergo
2584 4448 2786 4500 omnes,
2819 4434 2916 4503 qui
2943 4433 3178 4488 adorant
3200 4435 3371 4499 idola,
3403 4437 3499 4505 qui
3525 4437 3851 4507 gloriantur

2114 4541 2162 4603 Β
2195 4524 2255 4576 in
2286 4524 2600 4577 simulacris
2628 4524 2742 4577 suis
2789 4522 2967 4593 (Psal.
3027 4539 3176 4589 cxvr,
3239 4525 3318 4592 7).
3350 4524 3666 4594 Quoniam,
3701 4528 3852 4582 sicut

2195 4611 2344 4666 alius
2377 4611 2660 4683 propheta
2686 4612 2824 4665 dicit
2857 4628 2869 4665 ε
2906 4612 2995 4666 Dii
3023 4614 3276 4680 gentium
3305 4630 3415 4668 non
3440 4614 3853 4690 pluunt,nequc

2192 4703 2433 4766 fecerant
2461 4701 2659 4755 caelum
2688 4704 2739 4755 et
2767 4709 2971 4756 terram
3001 4703 3127 4772 (Jer.
3162 4719 3277 4772 xm,
3313 4702 3426 4770 22).
3464 4702 3631 4758 Unde
3665 4707 3851 4777 scrip-

2191 4794 2316 4843 tum
2368 4794 2455 4844 est
2489 4808 2500 4844 :
2534 4790 2643 4855 Dii,
2675 4793 2774 4862 qui
2800 4806 2913 4845 non
2941 4793 3190 4861 fecerunt
3241 4794 3453 4859 malum,
3488 4797 3581 4847 aut
3615 4797 3852 4860 terram,

2187 4887 2414 4946 pereant
2444 4879 2507 4933 de
2536 4887 2682 4933 terra
2716 4881 2847 4949 (Jer.
2900 4897 2955 4949 Χ,
3008 4881 3114 4947 11).
3166 4881 3616 4935 Cont'undantur
3646 4886 3850 4945 etiam,

2191 4967 2291 5038 qui
2321 4966 2649 5039 gloriantur
2680 4968 2737 5021 in
2772 4968 3132 5034 hominibus,
3185 4986 3335 5040 quos
3387 4968 3614 5025 nullius
3651 4973 3853 5027 sciunt

2187 5073 2314 5110 esse
2344 5056 2594 5110 virtutis.
2635 5056 2793 5111 Unde
2822 5074 3024 5111 rursus
3075 5058 3359 5129 scriptum
3391 5062 3509 5113 est:
3545 5061 3699 5115 Vana
3729 5076 3849 5131 spes

2186 5145 2423 5198 hominis
2455 5145 2595 5213 (Tob.
2631 5160 2691 5211 11,
2745 5146 2855 5215 22).
2916 5146 3053 5199 Item
3089 5162 3099 5198 :
3136 5147 3450 5201 Maledictus
3503 5145 3690 5214 homo,
3754 5150 3852 5218 qui

2182 5232 2403 5278 rnnﬁdit
2432 5233 2491 5278 in
2520 5233 2754 5278 homine-
2790 5241 2840 5278 at
2896 5236 3045 5278 nnm’t
3095 5250 3319 5278 nnmmm
3361 5236 3649 5278 hrnnhium
3678 5253 3847 5278 eam»:
