3998 5278
174 406 291 470 309

734 407 1151 473 EXPOSITIO
1195 409 1272 471 IN
1319 408 1746 472 EPISTOLAS
1792 408 2047 472 PAULI.
2078 441 2156 453 —
2194 410 2274 471 ΙΝ
2318 408 2568 473 EPIST.
2616 410 2639 472 Ι
2686 412 2787 472 AD
2834 411 3007 474 COR.

3454 408 3574 473 3l0

168 542 338 600 etiam
371 540 509 614 quia
540 546 773 598 sanctos
805 560 966 610 suos,
1000 543 1379 615 gloriﬁcando
1410 560 1508 600 eos
1557 544 1808 599 miracu-
1840 547 1889 613 Α
1926 544 2074 599 ritus
2104 544 2310 599 sancti.
2330 548 2437 600 Per
2467 546 2641 601 ﬁdem
2660 560 2915 617 namque
2937 543 3262 617 accipimus
3284 544 3569 618 Spiritum

169 634 238 689 lis
268 638 324 688 et
366 632 681 687 virtutibus
712 650 1016 688 coruscare
1049 634 1206 688 facit.

237 723 381 792 (509)
416 721 693 776 Praeterea
754 726 814 777 ut
869 724 1201 778 ostenderet
1256 723 1472 794 quibus
1529 722 1816 794 sapientia

170 812 262 868 Dei
297 810 546 866 revelata
583 811 680 878 sit,
716 812 926 881 adjecit
977 813 1153 866 etiam
1207 813 1500 884 prophetae
1550 812 1811 867 testimo-

170 901 349 957 nium.
380 900 491 956 Sed
525 901 892 967 subauditur,
927 903 1227 957 credentes
1259 906 1641 973 agnoverunt,
1670 904 1813 955 sicut

169 992 429 1061 scriptum
460 998 591 1044 est:
641 990 862 1045 scilicet
910 990 967 1044 in
1019 991 1213 1046 Isaia:
1274 992 1423 1059 Quod
1473 994 1659 1045 oculus
1702 1007 1812 1045 non

170 1080 321 1144 vidit,
352 1094 451 1133 nec
478 1081 634 1133 auris
664 1080 903 1147 audivit,
936 1096 1037 1134 nec
1068 1083 1127 1134 in
1158 1097 1249 1137 cor
1280 1082 1517 1135 hominis
1547 1081 1807 1143 ascendit,

169 1185 285 1240 quae
324 1171 671 1240 praeparavit
720 1170 860 1223 Deus
912 1170 994 1223 his
1041 1172 1137 1240 qui
1192 1171 1429 1241 diligunt
1478 1172 1637 1225 illum
1681 1173 1803 1239 Usa.

167 1276 301 1327 Lx1v,
333 1259 408 1325 4).
445 1263 564 1313 Hoc
595 1259 747 1313 dicto
779 1260 1058 1323 ostendit,
1092 1259 1231 1329 quia
1263 1262 1417 1315 Deus
1458 1277 1575 1314 rem
1623 1259 1806 1329 inopi-

167 1352 373 1413 natam,
409 1351 473 1401 et
502 1346 847 1414 inauditam,
884 1354 938 1403 et
969 1349 1372 1404 absconditam
1407 1367 1439 1403 a
1470 1348 1717 1415 saeculis,
1752 1353 1809 1402 et

164 1436 631 1509 generationibus
656 1442 890 1508 repente
913 1443 1188 1509 operatus
1211 1444 1319 1507 est,
1339 1438 1575 1493 mittens
1598 1438 1803 1491 Filium

166 1541 327 1580 suum
359 1525 433 1579 de
465 1525 626 1579 ccelis
670 1526 759 1579 ad.
784 1532 987 1593 terras,
1025 1528 1125 1598 qui
1158 1527 1495 1581 incarnatus
1529 1532 1584 1581 et
1633 1526 1805 1580 homo

164 1616 358 1680 tactus,
383 1614 461 1669 de
492 1614 715 1685 virgine
747 1621 919 1670 natus
950 1621 1039 1671 est
1066 1633 1077 1670 :
1113 1634 1290 1687 quam
1324 1633 1443 1671 rem
1469 1634 1579 1671 non
1615 1616 1805 1670 solum

166 1704 452 1760 humanus
475 1720 687 1759 sensus
705 1706 1200 1776 comprehendere
1224 1722 1335 1760 non
1364 1706 1571 1776 potuit,
1589 1706 1688 1759 sed
1714 1722 1807 1760 ne-

166 1809 265 1865 que
287 1793 414 1864 ipsa
442 1798 653 1848 natura
679 1794 960 1865 angelica.
987 1796 1149 1858 Quod
1171 1795 1324 1849 enim
1348 1794 1619 1865 superius
1640 1793 1802 1859 dixit,

166 1883 261 1939 hoc
287 1899 450 1938 nunc
468 1883 803 1955 prophetico
825 1884 1161 1939 testimonio
1180 1884 1519 1949 conﬁrmat;
1543 1884 1808 1939 videlicet
1835 1918 1883 1983 B

168 1990 267 2028 non
291 1988 422 2028 esse
450 1972 809 2035 mirandum,
834 1974 880 2026 si
914 1973 1180 2029 homines
1205 1973 1513 2027 Dominicai
1537 1976 1803 2028 Incarna-

166 2063 326 2117 tionis
358 2062 714 2133 mysterium
747 2079 859 2117 non
894 2068 1274 2133 agnoverunt,
1311 2062 1585 2132 quoniam
1634 2061 1805 2117 latuit

168 2151 318 2205 etiam
351 2150 657 2221 principes
690 2151 907 2205 seaculi.
944 2152 1149 2207 Merito
1180 2156 1375 2205 tamen
1409 2153 1804 2206 condemnan-

172 2244 283 2305 tur;
314 2241 478 2311 quia,
505 2240 614 2294 etsi
644 2241 821 2294 verba
853 2240 1281 2309 praedicationis
1315 2240 1657 2295 scandalum
1691 2239 1805 2293 illis

178 2330 442 2384 faciebant
463 2373 477 2397 ,
546 2328 845 2383 miraculis
878 2320 1070 2383 tamen
1116 2330 1289 2383 {idem
1322 2348 1355 2384 a
1386 2345 1549 2384 ccom
1570 2330 1805 2383 modare

179 2417 496 2472 debuerant.
532 2422 812 2472 Humanis
845 2418 1059 2489 quippe
1090 2418 1430 2489 ignorantiae
1462 2423 1519 2472 et
1552 2417 1803 2471 infirmi-

169 2505 254 2558 tati
275 2505 460 2560 virtus
483 2506 786 2577 signorum
810 2507 1199 2578 praeponenda
1220 2512 1376 2573 erat;
1402 2511 1458 2561 et
1482 2507 1538 2561 id
1567 2507 1805 2561 omnino

164 2598 272 2646 erat
292 2595 677 2661 credendum,
704 2596 861 2665 quod
893 2595 1163 2650 humana:
1197 2596 1406 2651 rationi
1442 2596 1807 2667 impossibile

162 2681 480 2737 videbatur.
518 2685 631 2738 [loc
665 2684 847 2754 igitur
876 2689 995 2739 tam
1028 2685 1321 2741 ineffabile
1351 2686 1569 2740 donum
1602 2684 1806 2739 oculus

160 2786 265 2824 non
294 2771 463 2838 vidit,
496 2772 635 2843 quia
668 2789 781 2827 non
813 2777 902 2827 est
943 2773 1100 2827 color
1129 2798 1142 2839 ;
1194 2774 1353 2828 auris
1399 2791 1513 2829 non
1564 2772 1803 2838 audivit,

158 2860 289 2929 quia
320 2876 441 2914 non
490 2864 577 2915 est
609 2877 829 2927 sonus;
863 2861 923 2914 in
955 2878 1052 2915 cor
1082 2861 1341 2915 hominis
1375 2879 1489 2915 non
1521 2862 1804 2926 ascendit,

150 2947 281 3017 quia
299 2965 424 3002 non
444 2953 534 3003 est
559 2954 791 3003 terrena
808 2950 1188 3021 cogitatio.De
1206 2950 1578 3004 inferioribus
1596 2949 1809 3019 quippe

143 3040 387 3091 terrenae
427 3036 811 3107 cogitationes
843 3039 1169 3092 ascendunt
1198 3038 1258 3091 in
1290 3054 1387 3091 cor
1417 3038 1706 3103 hominis;
1741 3039 1812 3088 de

137 3124 565 3196 superioribus
598 3130 796 3178 autem
828 3142 999 3179 omne
1030 3127 1453 3195 bonum,juxta
1481 3125 1680 3180 Jacobi
1712 3141 1812 3179 vo-

134 3230 291 3279 cem,
345 3213 666 3268 descendit
728 3214 862 3284 (Jac.
916 3232 954 3279 ι,
1011 3215 1116 3284 17).
1174 3214 1372 3285 Aliter,
1428 3218 1490 3269 ut
1547 3215 1811 3285 quaedam

1925 638 2213 697 sanctum,
2247 634 2346 705 qui
2397 636 2564 691 nobis
2610 635 2825 690 revelat
2866 634 3223 690 voluntatem
3273 640 3329 691 et
3358 653 3571 693 arcana

1924 723 2021 778 Dei
2059 741 2070 778 :
2108 740 2199 777 res
2232 724 2450 795 quippe
2482 724 2581 778 Dei
2644 725 2777 779 sciri
2825 741 2941 779 non
2974 728 3185 796 potest,
3218 725 3328 780 nisi
3353 725 3572 797 Spiritu

1923 812 2130 866 Dei.Et
2162 814 2505 879 notandum,
2528 814 2666 884 quia
2688 814 2945 869 ostendit
2975 831 3036 869 se
3063 813 3193 869 ideo
3217 815 3573 884 missum,ut

1920 905 2147 955 tantum
2183 907 2612 957 sacramentum
2640 920 2755 958 non
2779 903 2971 957 solum
2995 903 3335 959 hominibus
3367 904 3574 975 praedi-

1921 996 2097 1058 caret,
2133 992 2231 1045 sed
2266 992 2440 1046 etiam
2491 993 2856 1064 principibus
2910 992 3103 1048 saeculi
3133 1011 3146 1061 ;
3181 997 3473 1065 quatenus
3501 1012 3569 1050 eo

1920 1080 2349 1151 evangelizante
2402 1081 2687 1135 discerent
2719 1084 2819 1152 qui
2862 1082 2920 1137 in
2953 1083 3115 1137 caelis
3164 1082 3565 1154 corporalibus

1920 1174 2078 1233 sunt,
2104 1176 2160 1224 et
2179 1170 2277 1240 qui
2299 1171 2519 1241 degunt
2541 1172 2650 1224 sub
2674 1171 2980 1227 elementis
3004 1173 3568 1244 ﬁrmamenti,quan-

1919 1263 2042 1312 tum
2074 1259 2293 1313 bonum
2326 1261 2726 1331 perdiderunt,
2754 1278 2886 1316 cum
2920 1278 3022 1333 per
3053 1262 3387 1332 superbiam
3420 1261 3565 1318 ceci-

1917 1346 2149 1412 derunt,
2176 1354 2231 1401 et
2251 1348 2554 1419 proprium
2578 1348 2943 1420 reliquerunt
2964 1349 3566 1422 domicilium.Singu-

1916 1434 2056 1490 laris
2086 1440 2174 1490 est
2203 1452 2337 1507 ergo
2370 1437 2477 1491 iste
2510 1438 2869 1508 praedicator,
2905 1440 3004 1511 qui
3032 1444 3255 1495 tantam
3287 1456 3564 1495 consecu-

1916 1529 2011 1579 tus
2041 1530 2129 1579 est
2158 1526 2403 1595 gratiam
2431 1545 2442 1593 ;
2478 1531 2579 1581 aut
2608 1529 2764 1582 enim
2796 1546 2829 1583 a
2869 1528 3050 1596 nullo,
3082 1534 3185 1584 aut
3213 1529 3305 1583 vix
3334 1529 3406 1584 ab
3441 1527 3560 1584 ullo

1914 1612 1996 1667 ita
2025 1614 2297 1684 explicari
2316 1615 2504 1685 potuit
2522 1616 2825 1671 Trinitatis
2846 1617 3190 1689 mysterium
3218 1635 3231 1685 ;
3267 1618 3420 1673 unde
3444 1634 3563 1673 me-

1917 1702 2025 1757 rito
2056 1720 2157 1757 vas
2188 1702 2484 1759 electionis
2518 1703 2713 1759 divino
2736 1705 2962 1775 judicio
2991 1710 3082 1760 est
3110 1705 3457 1777 appellatus.

1987 1792 2189 1863 Igitur,
2223 1810 2292 1847 ne
2324 1798 2665 1863 putaremus
2686 1812 2819 1850 eum
2852 1794 3205 1866 angelicum,
3234 1801 3337 1851 aut
3366 1795 3552 1851 levem

1916 1880 2131 1937 dixisse
2154 1882 2703 1954 spiritum,subjecit
2728 1902 2741 1940 :
2767 1885 3007 1955 Spiritus
3027 1888 3177 1940 enim
3207 1886 3393 1940 omnia
3412 1902 3561 1940 scru-

1914 1975 2079 2040 tatur,
2114 1971 2377 2026 videlicet
2406 1978 2629 2027 sanctus
2650 1991 2668 2033 ;
2696 1978 2753 2027 et
2782 1979 2871 2028 est
2892 1990 3101 2029 sensus
3134 1993 3146 2029 :
3181 1975 3398 2030 Idcirco
3430 1991 3561 2044 nos,

1915 2076 2041 2129 quae
2076 2060 2366 2131 principes
2397 2061 2593 2115 saeculi
2624 2079 2737 2115 non
2771 2064 3556 2133 agnoverunt,agnoscimus,

1915 2148 2192 2218 quoniam
2227 2148 2321 2203 ille
2348 2148 2597 2220 Spiritus
2621 2166 2727 2204 nos
2754 2151 2940 2217 docet,
2966 2152 3065 2222 qui
3092 2153 3559 2206 scrutatur.Nam

1916 2238 2057 2306 quia
2086 2237 2339 2307 Spiritus
2370 2242 2612 2293 sanctus
2637 2242 2693 2292 et
2717 2256 2783 2292 ex
2811 2244 2921 2293 Deo
2939 2244 3108 2306 est,et
3129 2241 3252 2311 ipse
3274 2239 3427 2295 Deus
3452 2244 3563 2295 est.

1914 2325 2044 2380 ideo
2072 2327 2268 2381 omnia
2289 2327 2466 2396 novit,
2491 2345 2617 2397 qua:
2642 2329 2735 2381 Dei
2762 2332 2920 2382 sunt.
2948 2328 3232 2397 Profunda
3252 2334 3444 2383 autem
3468 2331 3566 2385 Dei

1916 2415 2161 2480 addidit,
2200 2421 2265 2469 ut
2288 2417 2776 2487 ostenderetquia
2796 2433 3028 2472 omnem
3054 2418 3323 2473 virtutem
3350 2421 3407 2473 et
3428 2434 3566 2489 prae-

1916 2504 2218 2558 scientiam
2254 2505 2351 2559 Dei
2384 2505 2509 2577 ipse
2553 2505 2899 2561 naturaliter
2929 2506 3106 2569 novit,
3143 2506 3298 2576 quod
3326 2506 3565 2561 omnino

1917 2597 2190 2647 creaturos
2214 2593 2577 2664 impossibile
2599 2599 2793 2651 est.Ac
2807 2612 2908 2666 per
2921 2594 3029 2650 hoc
3051 2594 3302 2666 Spiritus
3324 2598 3563 2650 sanctus

1914 2698 2086 2736 verus
2117 2698 2243 2737 esse
2295 2683 2449 2737 Deus
2488 2682 2836 2748 ostenditur,
2869 2687 2925 2739 et
2976 2699 3091 2738 non
3140 2687 3429 2750 creatura,
3464 2684 3567 2739 sed

1917 2770 2171 2826 Creator.
2197 2773 2506 2827 Scrutatur
2526 2777 2719 2827 autem
2746 2772 2960 2840 omnia,
2986 2789 3100 2827 non
3121 2772 3260 2843 quia
3276 2772 3482 2840 nescit,
3501 2777 3568 2829 ut

1916 2860 2193 2930 inveniat,
2216 2861 2315 2915 sed
2341 2862 2479 2931 quia
2500 2861 2647 2916 nihil
2666 2861 2944 2933 relinquit
2960 2863 3113 2933 quod
3137 2862 3377 2917 nesciat.
3394 2862 3568 2917 Seru-

1916 2952 2096 3012 tatur,
2131 2966 2245 3004 non
2280 2956 2344 3004 ut
2374 2950 2652 3017 inveniat,
2689 2950 2828 3022 quia
2860 2950 3058 3005 omnia
3088 2951 3284 3019 novit;
3318 2951 3441 3016 sed,
3466 2950 3567 3022 qui

1920 3036 2027 3089 tibi
2061 3038 2233 3092 datus
2282 3044 2393 3108 est,
2444 3040 2720 3110 Spiritus,
2754 3045 2809 3095 te
2861 3039 3110 3095 scrutari
3160 3040 3376 3096 faciat:
3413 3041 3564 3111 quod

1924 3124 2079 3179 enim
2112 3129 2172 3178 tu
2220 3127 2347 3195 ejus
2392 3128 2671 3182 beneﬁcio
2722 3128 2883 3199 facis,
2933 3128 3059 3200 ipse
3104 3130 3291 3185 facere
3327 3128 3563 3199 dicitur,

1922 3214 2049 3268 sine
2082 3231 2195 3284 quo
2224 3219 2285 3268 tu
2321 3216 2503 3270 facere
2534 3233 2647 3270 non
2679 3221 2860 3286 potes.

145 3300 517 3372 exemplaria
549 3302 788 3370 habent,
823 3302 879 3363 in
922 3320 1021 3357 cor
1050 3302 1306 3357 hominis
1342 3284 1454 3357 non
1487 3284 1806 3371 descendit,
1839 3284 1882 3350 (ἶ
1992 3307 2067 3356 Ut
2097 3307 2289 3357 autem
2313 3308 2508 3373 aperte
2530 3284 2866 3360 Ostenderet
2890 3306 3030 3377 quia
3050 3306 3303 3378 Spiritus
3326 3311 3566 3363 sanctus

151 3391 287 3463 quia
338 3389 483 3445 illuc
536 3407 633 3446 cor
682 3390 939 3445 hominis
986 3391 1267 3457 ascendit,
1295 3393 1463 3461 juxta
1494 3391 1636 3446 illud
1668 3396 1804 3445 Pro-

154 3481 334 3553 phetas
363 3496 376 3534 :
413 3480 709 3535 Ascensum
741 3482 801 3534 in
830 3480 985 3535 corde
1015 3482 1131 3551 ejus
1159 3481 1426 3551 disposuit
1455 3484 1515 3535 in
1556 3479 1806 3535 convalle

154 3572 300 3639 ﬂetus
354 3570 740 3640 tacrymarum
789 3570 964 3640 (Psal.
1016 3587 1245 3638 LXXXIII,
1275 3570 1351 3639 7).
1396 3571 1518 3633 Quo
1546 3570 1571 3622 ‘?
1616 3572 1677 3624 In
1726 3570 1803 3624 to-

155 3674 289 3728 num,
322 3673 486 3730 quem
513 3660 714 3729 posuit,
749 3658 1015 3713 videlicet
1048 3658 1146 3713 ubi
1179 3658 1431 3714 caelestis
1463 3659 1656 3730 gloriae
1705 3659 1802 3712 dc-

160 3751 420 3817 gustaret
440 3746 808 3801 suavitatem.
837 3747 976 3801 Cum
1005 3763 1142 3817 ergo
1163 3748 1384 3802 donum
1413 3748 1520 3801 hoc
1548 3747 1604 3801 in
1632 3747 1803 3801 corde

163 3840 280 3890 erat
305 3835 574 3901 Joannis,
600 3836 728 3904 jam
782 3852 960 3905 supra
1009 3835 1308 3890 hominem
1348 3844 1470 3890 erat
1508 3837 1801 3899 Joannes;

162 3923 293 3993 quia
321 3940 421 3978 cor
463 3924 594 3994 ejus
644 3923 703 3976 in
754 3923 945 3977 locum
980 3923 1235 3994 positum
1269 3924 1624 3978 ascenderat.
1660 3925 1802 3977 ltem

162 4012 357 4067 oculus
390 4029 507 4067 non
555 4011 701 4066 vidit
742 4011 1025 4083 virginem
1058 4028 1259 4082 parere
1288 4029 1299 4077 ;
1334 4011 1493 4065 auris
1526 4014 1656 4065 ante
1687 4027 1802 4064 non

162 4101 388 4156 audivit.
426 4102 735 4173 Fulgebunt
774 4101 934 4172 justi,
966 4102 1107 4155 sicut
1155 4102 1255 4167 sol,
1301 4103 1355 4155 in
1407 4117 1567 4171 regno
1620 4103 1803 4155 Patris

161 4192 258 4245 mei
300 4191 509 4262 (Matth.
545 4209 668 4258 xm,
702 4190 816 4261 43).
850 4191 913 4245 In
962 4208 1060 4245 cor
1102 4190 1357 4245 hominis
1399 4207 1510 4245 non
1545 4191 1805 4245 ascendit

164 4284 219 4332 ut
246 4285 399 4335 esset
429 4279 619 4334 haeres
646 4279 770 4344 Dei,
795 4278 1045 4334 cohaeres
1074 4278 1213 4333 Jesu
1243 4277 1457 4333 Christi
1480 4280 1652 4349 (ltum.
1678 4296 1799 4345 VIII,

166 4368 258 4437 17).
290 4370 420 4424 Haec
453 4385 592 4441 ergo
623 4372 743 4423 tam
777 4367 1053 4439 praeclara
1087 4373 1139 4422 et
1176 4367 1491 4423 inetfabilia
1522 4369 1695 4433 dona,
1732 4369 1801 4421 de

165 4457 361 4527 quibus
393 4458 535 4513 alibi
567 4457 710 4511 dicit
742 4475 753 4511 :
792 4458 989 4512 Omnia
1018 4457 1160 4510 mihi
1188 4457 1390 4511 tradita
1420 4462 1546 4510 sunt
1577 4476 1609 4509 a
1638 4463 1802 4510 Patre

165 4560 268 4602 meo
294 4548 505 4615 (Matth.
529 4564 608 4611 x1,
640 4546 754 4617 27),
780 4546 1123 4617 praeparavit
1151 4546 1325 4616 Deus,
1360 4545 1415 4598 id
1449 4550 1555 4611 est,
1590 4562 1799 4615 przeor-

167 4632 392 4704 dinavit,
429 4652 547 4690 non
582 4634 855 4689 omnibus
886 4634 1144 4706 quidem,
1170 4634 1269 4689 sed
1302 4633 1394 4689 his
1425 4633 1525 4704 qui
1556 4634 1804 4689 credunt
1829 4656 1877 4720 D

168 4725 215 4776 et
243 4724 497 4797 diligunt
529 4724 716 4778 illum.

230 4817 544 4886 Apostolus
566 4830 722 4886 ergo,
754 4816 817 4868 ut
848 4813 1180 4868 ostenderet
1209 4829 1290 4879 se,
1319 4829 1595 4884 suosque,
1622 4830 1689 4867 ex
1712 4812 1804 4867 his

172 4912 285 4957 esse
313 4904 411 4973 qui
443 4904 633 4958 Deum
666 4902 936 4973 diligunt,
973 4902 1240 4972 adjunxit
1271 4920 1282 4956 :
1319 4902 1464 4971 (5l0)
1504 4902 1665 4957 Nobis
1695 4918 1802 4955 au-

174 4996 265 5044 tem
292 4994 557 5048 reuelauit
586 4993 721 5047 Deus
747 5008 850 5062 per
881 4993 1149 5062 Spiritum
1177 5008 1337 5045 suum
1356 5007 1376 5051 ;
1410 4996 1688 5061 tanquam
1723 4992 1803 5043 di-

174 5086 312 5135 ceret
347 5099 358 5136 :
419 5082 553 5135 Ideo
586 5098 690 5135 nos
735 5081 889 5151 quod
931 5079 1135 5135 oculus
1167 5097 1282 5134 non
1317 5079 1475 5143 vidit,
1511 5099 1611 5135 nec
1643 5078 1802 5133 auris

1181 5169 1399 5196 ..λη-,ιιιῖι
1435 5172 1634 5196 -~..--.Z

176 5170 375 5196 “I‘A:-0:‘
433 5186 542 5196 ..ΑΛ
594 5171 647 5196 ί.-
706 5187 802 5196 3A.-
1435 5172 1776 5196 A~»A-.:n\-th

1917 3391 2114 3446 omnia
2172 3397 2487 3461 scrutatur,
2549 3394 2800 3464 subjecit
2848 3396 3023 3451 etiam
3094 3396 3564 3466 similitudinem,

1917 3480 2117 3535 dicens
2150 3500 2161 3535 :
2199 3482 2330 3548 Quis
2360 3484 2508 3537 enim
2536 3485 2636 3538 scit
2680 3484 2965 3538 hominum
2994 3500 3120 3555 quae
3147 3494 3276 3542 sunt
3304 3486 3565 3557 hominis,

1913 3571 2026 3624 nisi
2050 3572 2281 3640 spiritus
2300 3571 2555 3643 hominis,
2577 3576 2675 3645 qui
2700 3576 2761 3631 in
2784 3577 2897 3644 ipso
2917 3578 3038 3629 est?
3060 3574 3329 3631 Humana
3355 3579 3568 3631 natura

1914 3674 1981 3713 ex
2029 3675 2268 3729 corpore
2314 3666 2564 3728 constat,
2597 3668 2653 3717 et
2696 3662 2928 3735 spiritu,
2964 3680 3135 3735 quem
3189 3670 3247 3719 et
3304 3664 3564 3720 animam

1914 3747 2135 3803 dicunt.
2173 3753 2269 3802 Est
2302 3754 2500 3805 autem
2552 3752 2796 3822 spiritus
2850 3752 3108 3807 hominis
3139 3753 3327 3825 ipsius
3354 3752 3564 3808 animai

1914 3836 2214 3891 rationalis
2246 3839 2528 3907 potentia,
2562 3856 2679 3909 qua
2728 3842 3052 3897 secernitur
3081 3859 3115 3896 a
3143 3842 3472 3913 pecoribus,
3506 3847 3566 3899 et

1913 3923 2132 3978 eisdem
2158 3926 2409 3979 naturali
2431 3926 2553 3997 lege
2576 3928 3017 3984 dominatur.De
3038 3930 3146 3985 hoc
3168 3930 3375 4002 spiritu
3400 3932 3562 3987 dicit:

1915 4013 2044 4079 Quis
2076 4014 2223 4065 enim
2252 4016 2351 4067 scit
2381 4015 2667 4068 hominum
2697 4032 2821 4085 qua:
2869 4024 2993 4070 sunt
3026 4019 3281 4085 hominis,
3313 4021 3425 4074 nisi
3452 4022 3564 4091 spi-

1914 4104 2058 4155 ritus
2084 4100 2342 4170 hominis,
2370 4104 2467 4171 qui
2488 4104 2545 4155 in
2570 4105 2684 4172 ipso
2705 4107 2817 4157 est?
2841 4110 2923 4158 Ac
2946 4104 2993 4158 si
3014 4108 3279 4173 patenter
3298 4106 3519 4162 diceret
3546 4123 3558 4161 :

1913 4193 2037 4243 Non
2070 4190 2169 4259 qui
2202 4189 2563 4245 extrinsecus
2595 4195 2703 4259 est,
2728 4192 2828 4245 sed
2861 4191 2960 4260 qui
2993 4191 3152 4246 intus
3183 4198 3290 4261 est,
3323 4195 3562 4250 animus

1913 4284 2069 4345 tuus,
2107 4279 2264 4333 novit
2295 4296 2528 4334 omnem
2574 4279 2985 4349 cogitationem
3035 4283 3091 4334 et
3120 4280 3565 4351 dispositionem

1914 4372 2077 4422 tuam
2116 4386 2128 4422 :
2163 4368 2281 4422 htBC
2315 4368 2468 4422 enim
2520 4374 2663 4424 sunt
2693 4368 2969 4423 interiora
3016 4373 3233 4424 nostra.
3266 4372 3333 4422 Et
3370 4385 3571 4427 revera

1914 4474 2084 4511 nemo
2117 4458 2237 4511 haec
2260 4457 2751 4528 comprehendere
2781 4462 2989 4528 potest,
3014 4457 3125 4512 nisi
3158 4457 3393 4513 animus
3426 4474 3563 4515 nos-

1912 4551 2019 4611 ter,
2054 4564 2227 4616 quem
2258 4546 2577 4617 Apostolus
2607 4546 2878 4618 spiritum
2908 4551 3091 4602 vocat.

1981 4640 2067 4690 Ita
2097 4642 2146 4690 et
2181 4652 2308 4706 quae
2339 4638 2439 4690 Dei
2462 4641 2591 4691 sunt
2623 4652 2785 4691 nemo
2826 4638 2975 4691 novit
3002 4637 3116 4691 nisi
3145 4635 3383 4708 Spiritus
3413 4638 3515 4695 Dei
3541 4655 3561 4695 :

1908 4728 2187 4794 tanquam
2216 4726 2463 4780 diceret:
2497 4724 2642 4787 Quia
2659 4724 2911 4795 Spiritus
2940 4730 3181 4780 sanctus
3211 4725 3390 4781 unius
3415 4727 3563 4780 sub-

1915 4814 2141 4867 stantia}
2176 4829 2307 4867 cum
2344 4819 2456 4868 Deo
2511 4818 2623 4877 est,
2654 4813 2803 4880 ideo,
2838 4812 3055 4880 omnia,
3091 4830 3217 4884 quae
3266 4812 3368 4867 Dei
3399 4817 3561 4881 sunt,

1915 4903 2259 4957 naturaliter
2289 4908 2345 4957 et
2375 4902 2501 4971 ipse
2532 4902 2712 4965 novit,
2745 4904 2800 4954 et
2830 4918 2936 4956 nos
2965 4902 3133 4958 docet
3161 4919 3173 4956 :
3200 4901 3367 4956 docet
3386 4900 3562 4956 etiam

1915 4993 2261 5064 mysterium
2293 4991 2509 5047 Christi
2538 5011 2551 5059 ;
2585 4991 2725 5063 quia
2745 5006 2859 5045 non
2889 4991 3078 5047 solum
3114 4989 3300 5045 Patris
3332 4992 3420 5044 est.
3440 4989 3570 5059 Spi-

1915 5082 2085 5149 ritus,
2120 5082 2219 5136 sed
2252 5088 2309 5136 et
2362 5080 2506 5135 Filii.
2540 5084 2715 5138 Nemo
2762 5096 2895 5148 ergo
2930 5081 3088 5137 novit
3118 5094 3244 5147 quae
3275 5076 3376 5130 Dei
3406 5080 3569 5145 sunt,

1961 5172 2024 5196 ίηῖ
2064 5170 2316 5196 ιπκέηζι..-
2374 5170 2467 5196 nn:
2502 5189 2512 5196 .
2562 5171 2683 5196 ...--:.-.
2740 5168 2833 5196 nec;

2592 5171 2683 5196 --I.—.
2740 5168 3073 5196 αηῖνηι-εηηη
3124 5164 3415 5196 ηΛιτ-ηῆαηῖ4
3472 5180 3574 5196 non

1912 5187 2024 5196 “an.
2064 5183 2212 5196 ι’κ-υ..
