3998 5278
360 355 471 417 311

1378 353 1717 416 ATTONIS
1759 352 2346 417 VERCELLENSIS
2391 353 2743 418 EPISGOPI

3652 352 3778 416 312

436 487 639 561 Igitur,
672 486 811 560 quia
840 488 1084 556 dixerat,
1116 488 1270 545 nobis
1299 489 1558 544 reuelauit
1598 490 1735 544 Deus
1762 502 1862 559 per
1891 487 2009 558 δρία
2035 490 2090 555 Α
2121 488 2221 543 tali
2246 490 2468 546 ratione
2488 489 2833 563 concipitur,
2854 490 3018 560 juxta
3037 487 3182 544 illud
3206 505 3219 544 :
3243 488 3366 543 Nisi
3393 485 3783 545 credideritis’

364 582 533 635 ritum
560 596 742 645 suum,
776 595 847 633 ne
877 579 1020 633 forte
1051 580 1305 633 crederet
1324 578 1556 649 aliquis,
1580 578 1732 647 quod
1765 579 2014 648 Aposto-

365 668 460 725 lus
482 670 724 739 ejusque
744 666 964 722 similes
984 668 1259 739 spiritum
1290 668 1492 722 muudi
1517 668 1900 738 accepissent,
1916 681 2018 737 per

368 775 541 830 quem
573 758 768 811 futura
799 763 1250 827 cognoscerent;
1284 757 1518 826 idcirco,
1554 774 1685 811 cum
1720 772 2016 810 commen-

368 848 529 903 daret
562 848 804 917 gratiam
846 847 939 902 Dei
974 848 1031 900 in
1065 848 1283 917 Spiritu
1319 853 1540 915 sancto,
1575 847 1788 917 adjecit
1820 845 1967 916 (511)
2003 858 2015 899 :

368 939 473 993 Nos
504 940 685 991 autem
714 952 818 989 non
868 936 1130 1006 spiritum
1176 938 1371 991 mundi
1409 938 1728 1006 accepimus,
1770 934 1861 989 sed
1893 933 2017 1003 Spi-

368 1029 543 1082 ritum
571 1028 668 1099 qui
695 1042 763 1080 ea:
812 1028 915 1081 Deo
964 1030 1061 1080 est.
1095 1034 1173 1079 Ac
1208 1028 1253 1081 si
1310 1028 1524 1081 diceret
1559 1044 1569 1079 ;
1610 1028 1667 1079 In
1701 1041 1766 1079 eo
1819 1023 2022 1094 proba—

370 1120 486 1181 tur,
520 1115 659 1186 quia
691 1132 803 1169 non
837 1114 1108 1186 spiritum
1144 1115 1346 1169 mundi
1381 1114 1734 1184 accepimus,
1769 1112 1908 1182 quia
1930 1128 2020 1164 ar-

372 1221 583 1259 aroana
600 1204 693 1258 Dei
708 1204 1269 1275 cognoscimus,quzn
1286 1203 1527 1275 spiritus
1543 1202 1744 1257 mundi
1760 1215 2023 1271 compre-

371 1294 627 1348 hendere
660 1311 774 1348 non
799 1293 1553 1365 potest.Spiritum'rnundi,
1574 1292 1845 1363 spiritum
1881 1288 2025 1342 dicit

373 1382 645 1438 elationis
676 1388 732 1438 et
780 1383 1109 1454 superbiae:
1157 1383 1492 1455 quicunque
1543 1383 1696 1436 enim
1746 1378 2024 1450 spiritum

378 1472 583 1527 mundi
617 1473 930 1544 accipiunt,
967 1474 1200 1544 superbi
1232 1478 1288 1527 et
1336 1472 1547 1541 ingrati
1584 1476 1695 1525 Deo
1728 1470 2023 1524 existunt;

376 1561 623 1632 ideoque
653 1563 976 1617 redduntur
1006 1562 1268 1616 infelices
1298 1579 1310 1616 :
1354 1560 1609 1631 Spiritus
1642 1576 1796 1628 vero,
1833 1555 1929 1625 qui
1959 1570 2030 1608 ex

378 1656 490 1705 Deo
521 1656 629 1721 est,
664 1650 919 1723 Spiritus
951 1656 1039 1706 est
1063 1650 1365 1706 charitatis
1390 1653 1446 1703 et
1477 1647 1824 1703 dilectionis.
1847 1643 2030 1699 Aliter

378 1740 650 1812 spiritum
712 1740 938 1809 mundi,
997 1739 1267 1811 spiritum
1318 1740 1459 1794 dicit
1511 1737 1785 1809 pythonis
1843 1734 2026 1805 (Deut.

377 1847 534 1899 xvm,
614 1834 669 1883 11
732 1848 743 1896 ;
822 1832 845 1884 I
896 1831 1019 1899 Reg.
1099 1846 1295 1893 xxvm,
1370 1832 1467 1893 7;
1547 1830 1653 1882 Isa.
1712 1844 1833 1891 VIII,
1896 1825 1961 1879 19
2013 1836 2030 1886 ς

377 1921 495 1976 Act.
515 1937 629 1987 xv1,
652 1920 759 1987 16),
782 1919 879 1989 qui
904 1924 992 1974 est
1014 1920 1202 1989 major
1222 1919 1372 1973 inter
1393 1918 1723 1971 mundanos
1757 1914 2021 1987 spiritus.
2054 1899 2102 1965 B

378 2015 499 2065 Hoc
544 2008 905 2079 arripiuntur
926 2024 1127 2063 omnes
1162 2007 1422 2073 fanatici,
1459 2005 1715 2076 sortilegi
1752 2009 1807 2059 et
1840 2018 2025 2073 augu-

381 2116 493 2167 res,
528 2099 628 2170 qui
662 2104 800 2153 sunt
832 2097 956 2153 sine
978 2098 1111 2152 Deo.
1155 2097 1271 2152 Hoc
1308 2096 1517 2168 spiritu
1560 2098 1789 2164 arrepta
1818 2092 2026 2163 Pytho-

380 2189 542 2245 nissa
560 2188 887 2243 Samuelem
928 2187 1229 2242 suscitavit
1270 2186 1430 2241 Sauli
1462 2186 1877 2255 (llteg.xxv111,
1913 2182 2021 2247 14).

452 2279 551 2333 Hic
582 2279 757 2333 etiam
789 2293 890 2348 per
918 2276 1194 2344 Sibyllam
1218 2276 1470 2341 locutus,
1499 2274 1684 2328 multa
1709 2274 1777 2327 de
1799 2269 2023 2326 Christo

380 2366 661 2439 praedixit.
698 2366 760 2419 In
793 2366 1144 2435 quibusdam
1179 2364 1376 2428 etiam,
1409 2368 1745 2417 sanctorum
1778 2359 2021 2431 prophe-

376 2460 570 2512 tarum
604 2459 840 2509 secutus
890 2459 979 2508 est
1028 2470 1257 2519 sensus,
1306 2451 1511 2507 callide
1559 2450 1758 2505 volens
1811 2448 2024 2503 habere

378 2546 573 2601 locum
595 2543 746 2598 inter
767 2542 1027 2598 caelestes
1047 2542 1312 2614 spiritus.
1332 2542 1399 2596 Et
1414 2540 1684 2611 quamvis
1707 2537 2023 2609 aliquando

378 2650 513 2690 vera
544 2633 837 2705 pradicet,
868 2633 1163 2687 interdum
1212 2634 1406 2685 tamen
1452 2646 1551 2701 per
1600 2625 1941 2683 verisimilia
1969 2628 2025 2679 et

379 2724 503 2795 ipse
527 2722 765 2787 fallitur,
790 2727 845 2777 et
867 2722 1010 2777 alios
1034 2721 1199 2776 fallit.
1224 2721 1330 2775 Sed
1357 2720 1522 2791 quasi
1548 2719 1762 2773 diceret
1783 2714 2020 2786 aliquis:

380 2812 541 2868 Unde
574 2812 808 2883 probas,
842 2811 1134 2883 Apostole,
1185 2810 1461 2881 quoniam
1494 2809 1788 2881 spiritum,
1823 2806 1923 2877 qui
1957 2819 2025 2858 ex

379 2907 493 2958 Deo
525 2907 632 2971 est,
667 2901 974 2973 accepistis
1000 2901 1027 2956 ‘I
1060 2901 1304 2969 adjecit:
1343 2900 1403 2955 Ut
1433 2902 1671 2954 sciamus
1702 2913 1825 2969 quae
1854 2914 1885 2951 a
1915 2898 2022 2950 Deo

379 2992 524 3046 dona
551 2999 677 3046 sunt
726 2992 919 3052 nobis;
952 2994 1231 3062 tanquam
1281 2990 1498 3045 diceret
1530 3005 1540 3043 :
1576 2989 1786 3043 Servus
1838 2987 2022 3042 nescit

374 3080 513 3152 quid
537 3080 708 3135 faciat
730 3080 1012 3135 Dominus
1034 3081 1082 3150 ej
1095 3096 1160 3134 us
1188 3097 1197 3133 :
1227 3095 1330 3133 nos
1349 3083 1565 3144 autem,
1595 3077 2021 3143 charissimi,ut

373 3170 545 3226 amici
577 3169 677 3224 Dei
706 3186 833 3224 esse
860 3168 1176 3240 possimus,
1201 3169 1328 3222 ideo
1352 3167 1654 3239 Spiritum,
1681 3167 1779 3237 qui
1815 3183 1881 3221 ex
1902 3166 2016 3220 Deo

2122 598 2231 635 non
2286 582 2605 647 intelligetis
2653 580 2776 650 (Isa.
2826 596 2903 650 VI,
2945 581 3016 647 9;
3068 578 3253 633 Matth.
3299 596 3423 647 xm,
3461 579 3562 645 14;
3606 578 3774 633 Marc.

2126 688 2201 739 Iv,
2237 671 2339 736 12;
2394 672 2521 724 Luc.
2571 687 2695 735 vm,
2727 671 2829 737 10;
2878 670 2989 724 Aet.
3031 686 3227 738 xxvm,
3257 670 3361 735 26;
3400 670 3549 723 Rom.
3582 686 3664 734 ιιι,
3699 670 3733 718 8
3763 694 3780 737 ς

2130 760 2284 814 Hebr.
2320 777 2396 829 x1,
2445 761 2521 829 3).

2199 850 2301 903 Sed
2330 852 2384 903 in
2417 849 2663 904 doctrina
2694 850 2951 921 Spiritus,
2985 848 3042 902 id
3082 852 3192 913 est,
3227 863 3293 903 ea
3323 847 3612 912 doctrina,
3649 864 3783 918 qua

2128 938 2346 1009 Spiritu
2380 944 2579 993 sancto
2613 944 2702 993 est
2729 939 2903 1005 edita,
2928 938 3151 992 scilicet
3180 936 3527 1007 evangelica.
3551 937 3741 991 Aliter
3769 954 3784 993 :

2128 1028 2191 1082 In
2225 1028 2484 1083 doctrina
2508 1028 2755 1099 Spiritus
2793 1028 3173 1099 loquebatur;
3208 1027 3346 1098 quia
3376 1042 3477 1097 per
3501 1027 3786 1081 virtutem

2132 1118 2315 1171 sancti
2365 1118 2635 1188 Spiritus,
2671 1134 3031 1189 quaecunque
3080 1116 3451 1188 praedicabat,
3487 1116 3682 1186 signis
3728 1120 3787 1171 et

2134 1206 2435 1261 miraculis
2461 1208 2863 1261 confirmabat.
2887 1207 3240 1276 Spiritalibus
3264 1206 3543 1277 spiritalia
3566 1221 3778 1277 compa-

2133 1305 2338 1351 rantes.
2365 1296 2666 1368 Spiritales
2692 1313 2790 1351 eos
2822 1296 2982 1361 dicit,
3005 1296 3097 1363 qui
3134 1295 3423 1367 negabant
3453 1294 3783 1349 humanam

2136 1385 2484 1455 sapientiam
2507 1402 2676 1456 posse
2696 1386 2925 1440 tradere
2946 1385 3192 1456 gratiam
3224 1386 3319 1439 Dei
3344 1400 3355 1437 :
3389 1384 3585 1455 gratia
3617 1400 3787 1438 nam-

2137 1490 2249 1544 que
2275 1473 2373 1528 Dei
2409 1473 2538 1527 ﬁdei
2574 1474 2849 1545 mysterio
2880 1472 3227 1539 continetur,
3252 1473 3322 1527 ad
3356 1471 3788 1526 illuminandos

2138 1562 2547 1617 benevolorum
2580 1563 2884 1617 hominum
2917 1577 3144 1617 sensus.
3170 1561 3517 1633 Quicunque
3550 1577 3695 1634 ergo
3724 1578 3790 1616 ea

2138 1652 2402 1716 credunt,
2427 1668 2553 1722 quae
2578 1652 2779 1706 mundi
2805 1652 3098 1722 sapientes
3118 1649 3614 1721 stultajudicaot,
3640 1656 3793 1705 recte

2139 1739 2434 1811 spiritales
2452 1745 2752 1795 vocantur.
2771 1739 2931 1795 Unde
2944 1739 3261 1811 Apostolus
3282 1738 3655 1811 spiritalibus
3680 1739 3795 1810 spi-

2140 1827 2331 1883 ritalia
2360 1830 2769 1900 comparabat;
2805 1829 2944 1901 quia
2974 1828 3106 1884 illos
3128 1829 3435 1899 judicabat
3466 1828 3789 1900 spiritales,

2136 1916 2235 1989 qui
2257 1934 2325 1972 ea
2341 1917 2466 1973 ﬁeri
2486 1933 2654 1988 posse
2672 1918 3004 1989 credebant,
3020 1935 3150 1989 quae
3173 1916 3478 1990 possibilia
3495 1917 3793 1989 sapientia

2135 2007 2341 2061 mundi
2373 2008 2717 2079 denegabat.

2205 2100 2474 2153 Animalis
2512 2103 2695 2153 autem
2734 2099 2888 2153 homo
2935 2114 3046 2153 non
3092 2098 3325 2169 percipit
3374 2113 3439 2153 ea
3488 2111 3620 2167 quae
3670 2113 3778 2150 sua

2131 2188 2377 2258 Spiritus
2430 2190 2550 2242 Dei.
2606 2188 2949 2260 Quicunque
2996 2204 3065 2242 ex
3118 2201 3357 2257 corpore
3410 2185 3577 2252 vivit,
3637 2190 3792 2240 recte

2134 2276 2387 2331 carnalis
2419 2284 2677 2346 vocatur,
2703 2283 2759 2332 et
2793 2276 3084 2331 animalis.
3110 2276 3373 2331 Carnalis
3402 2293 3438 2330 a
3469 2292 3670 2345 carne,
3698 2273 3797 2345 qui

2133 2365 2391 2420 carnalia
2419 2371 2716 2433 sectatur;
2752 2365 3047 2432 animalis,
3082 2366 3221 2437 quia
3269 2365 3455 2421 fertur
3504 2363 3797 2419 dissoluta

2132 2455 2367 2510 lascivia
2400 2457 2631 2527 animae,
2659 2472 2835 2527 quam
2869 2455 3114 2528 spiritus
3146 2471 3261 2509 non
3291 2453 3478 2525 regit;
3516 2454 3662 2525 quia
3695 2470 3795 2508 nec

2132 2545 2255 2616 ipse
2286 2561 2348 2599 se
2369 2545 2485 2600 Deo
2509 2546 2827 2617 regendum
2855 2544 3093 2616 subjicit
3113 2542 3397 2597 Animalis
3418 2557 3558 2613 ergo
3582 2542 3781 2607 homo,

2131 2634 2269 2705 quia
2286 2636 2608 2689 secundum
2629 2650 2690 2688 se
2709 2633 2866 2698 vivit,
2883 2633 2939 2687 id
2964 2632 3070 2699 est,
3086 2648 3324 2687 sensum
3344 2647 3522 2686 suum
3548 2631 3610 2685 in
3635 2636 3781 2686 terra

2132 2724 2430 2795 deprimit,
2454 2728 2683 2778 terrena
2703 2726 2932 2778 tantum
2957 2722 3265 2792 cogitando
3288 2724 3344 2776 et
3370 2719 3781 2775 desiderando.

2130 2812 2350 2867 Idcirco
2398 2830 2466 2867 ea
2514 2829 2639 2883 quae
2687 2811 2934 2883 Spiritus
2988 2811 3081 2866 Dei
3142 2814 3281 2865 sunt
3328 2826 3443 2864 non
3496 2809 3783 2880 percipit;

2131 2900 2269 2971 quia
2299 2901 2437 2971 quid
2472 2902 2667 2972 gratia:
2700 2918 2841 2955 crux
2872 2900 3083 2955 Christi
3133 2899 3416 2965 conferat,
3450 2914 3569 2953 non
3615 2896 3787 2951 intel-

2131 2989 2278 3057 ligit.
2302 2990 2469 3058 Nam,
2498 2991 2636 3061 quia
2658 2989 2802 3043 nihil
2835 2990 3017 3044 credit
3047 2990 3311 3043 futurum
3347 2991 3481 3058 post
3512 2990 3781 3050 mortem,

2131 3078 2344 3133 idcirco
2370 3096 2482 3134 non
2508 3080 2667 3134 freno
2697 3078 3091 3143 continentiae,
3119 3093 3234 3132 non
3268 3074 3543 3131 rationali
3571 3075 3782 3131 mentis

2120 3169 2341 3238 judicio
2374 3170 2613 3240 regitur,
2640 3169 2737 3223 sed
2772 3169 2843 3222 ad
2874 3172 3137 3223 terrenas
3167 3166 3521 3237 voluptates,
3551 3170 3610 3219 et
3642 3164 3783 3220 desi-

368 3260 906 3331 est,accepimus,ut
931 3259 1188 3313 sciamus
1210 3257 1351 3327 quid
1376 3255 1549 3311 faciat
1568 3257 1851 3311 Dominus
1866 3255 2018 3310 Deus
2051 3256 2092 3322 C
2132 3257 2311 3323 deria,
2334 3257 2494 3312 velut
2523 3259 2579 3311 in
2611 3273 2864 3329 praeceps
2887 3256 3124 3325 animal,
3151 3255 3423 3310 trahitur.
3449 3255 3598 3310 Cum
3628 3255 3782 3309 enim

367 3354 586 3405 noster.
612 3349 745 3404 Ideo
778 3362 1033 3418 namque
1052 3344 1475 3417 Spiritum,qui
1507 3349 1594 3399 est
1624 3361 1693 3399 ex
1713 3346 2013 3411 Deo,acce-

366 3439 584 3509 pimus,
618 3442 683 3491 ut
710 3438 781 3491 de
833 3436 1003 3490 donis
1035 3434 1135 3489 Dei
1186 3452 1300 3488 non
1350 3434 1691 3505 gloriemur,
1727 3438 2012 3504 tanquam

366 3526 581 3580 nostris
609 3524 833 3578 meritis
864 3522 1282 3593 acceperimus,
1302 3522 1403 3576 sed
1438 3520 1521 3575 illi
1547 3521 1764 3592 gratias
1798 3522 2011 3575 refera-

368 3632 523 3683 mus,
547 3630 710 3685 aquo
735 3612 1087 3682 accepimus.
1112 3611 1272 3665 Multi
1298 3611 1512 3682 quippe
1536 3610 1722 3665 multa
1737 3612 1889 3666 dona
1911 3612 2012 3666 Dei

369 3704 623 3769 habent;
658 3702 756 3758 sed
787 3718 820 3755 a
849 3717 963 3771 quo
1010 3699 1357 3771 acceperint,
1409 3700 1715 3768 nesciunt;
1768 3700 2015 3770 ideoque

370 3792 625 3863 superba
650 3790 1241 3859 vanitatejactantur.
1259 3789 1317 3844 Si
1349 3806 1483 3862 ergo
1507 3788 1780 3860 spiritum
1807 3789 2012 3843 mundi

371 3881 823 3952 accepissemus,
860 3879 1030 3945 dona,
1056 3896 1182 3949 quas
1215 3895 1248 3932 a
1281 3884 1391 3933 Deo
1423 3879 1598 3934 nobis
1621 3878 1829 3934 collata
1854 3886 2012 3949 sunt,

372 3985 719 4041 cognoscere
741 3984 1111 4039 nequaquam
1147 3985 1482 4039 possemus:
1502 3969 1776 4024 inferiora
1799 3969 2015 4041 quippe

371 4057 739 4129 superiorum
763 4057 1074 4113 consilium
1094 4058 1586 4129 comprehendere
1609 4076 1723 4113 non
1744 4062 2010 4130 possunt.

370 4148 567 4219 Neque
593 4155 917 4203 creaturam
949 4147 1040 4202 sui
1070 4147 1357 4201 Creatoris
1390 4147 1768 4218 voluntatem,
1803 4148 1915 4203 nisi
1949 4165 2013 4201 eo

368 4237 677 4299 revelante,
705 4252 1051 4307 cognoscere
1075 4240 1282 4305 potest.
1300 4236 1511 4306 Magna
1537 4238 1750 4308 quippe
1776 4236 2016 4291 scientia

368 4331 476 4395 est,
508 4326 704 4397 ipsum
736 4325 979 4393 donum,
1013 4324 1167 4395 quod
1218 4323 1432 4394 aliquis
1465 4326 1656 4394 habet,
1694 4342 1726 4380 a
1772 4342 1884 4396 quo
1916 4326 2015 4380 ha-

367 4416 503 4469 beat
532 4415 699 4468 scire.

444 4503 577 4570 Quae
605 4508 655 4556 et
674 4501 1203 4572 loquimur.Sensus
1227 4501 1319 4556 hic
1345 4508 1434 4556 est
1458 4519 1469 4556 :
1497 4503 1559 4557 In
1587 4503 1693 4558 hoc
1712 4504 2015 4559 verissime

372 4590 968 4684 comprobatumquod
988 4588 1397 4684 scia_mus,quze
1422 4592 1589 4647 nobis
1612 4610 1645 4647 a
1670 4598 1779 4648 Deo
1802 4594 2014 4649 donata
2046 4620 2093 4684 D

373 4685 530 4746 sunt,
562 4678 698 4750 quia
726 4680 847 4734 haec
868 4680 1069 4733 eadem
1101 4678 1419 4751 loquimur,
1447 4685 1509 4735 ut
1539 4680 1633 4735 alii
1658 4683 2016 4754 discant,per

371 4767 696 4839 spiritalem
749 4768 1094 4824 doctrinam.
1145 4769 1445 4832 Quomodo
1476 4787 1606 4823 vero
1657 4770 2011 4841 loqueretur,

372 4858 729 4922 manifestat,
763 4858 1129 4929 subjungens
1161 4874 1173 4912 :
1210 4859 1326 4912 Non
1358 4860 1419 4912 in
1446 4859 1613 4913 doctis
1640 4861 1900 4916 humanae
1927 4877 2014 4914 sa-

362 4947 596 5017 pientiae
620 4947 817 5011 verbis,
837 4945 892 5000 id
927 4950 1034 5016 est,
1069 4945 1415 5015 eloquentiae.
1439 4947 1625 5002 nitore
1656 4947 1923 5019 comptis.
1946 4949 2015 5002 Et

365 5042 455 5091 est
486 5052 696 5091 sensus
731 5053 743 5089 :
777 5036 921 5099 Quia
964 5050 1050 5101 ea,
1086 5052 1213 5104 quae
1262 5035 1582 5105 loquimur,
1616 5052 1731 5090 non
1758 5054 1791 5091 a
1820 5037 2009 5092 rheto-

362 5123 551 5190 ribus,
584 5140 699 5178 non
731 5140 765 5177 θ.
794 5122 1141 5187 dialecticis,
1176 5137 1291 5175 non
1326 5139 1359 5176 a
1390 5122 1755 5194 philosophis
1787 5127 2008 5197 accepi-

366 5228 499 5265 mus
526 5229 538 5278 ;
566 5212 691 5266 ideo
710 5228 823 5265 non
850 5228 917 5265 ea
937 5210 1234 5278 loquimur
1254 5210 1443 5265 verbis
1467 5211 1734 5266 humanae
1761 5215 2012 5270 scientia

2122 3362 2237 3401 non
2269 3347 2468 3401 credat
2498 3346 2796 3401 hominem
2829 3346 2957 3401 sine
3007 3345 3185 3400 maris
3234 3360 3300 3399 ac
3354 3343 3587 3399 feminae
3619 3358 3781 3399 com-

2124 3436 2396 3491 mistione
2430 3437 2613 3502 nasci,
2639 3436 2884 3491 audiens
2908 3436 3093 3491 Deum
3118 3433 3331 3489 Filium
3358 3432 3661 3505 genuisse,
3685 3437 3785 3486 aut

2121 3525 2407 3597 virginem
2431 3526 2743 3597 peperisse,
2759 3524 3188 3589 ridet.Rursus,
3205 3523 3341 3594 quia
3361 3522 3507 3577 nihil
3527 3522 3783 3576 aastimat

2124 3614 2386 3667 futurum
2410 3618 2541 3684 post
2558 3618 2826 3679 mortem,
2840 3613 3087 3668 audiens
3107 3612 3363 3668 resoluta
3380 3626 3629 3681 corpora
3645 3610 3784 3664 vivi-

2124 3703 2283 3758 ficari
2315 3719 2485 3774 posse
2509 3704 2580 3758 ad
2611 3704 2811 3773 vitam,
2838 3702 2945 3758 hoc
2977 3702 3201 3775 gannit.
3228 3701 3391 3757 Unde
3416 3716 3552 3755 mox
3578 3699 3780 3755 subdi-

2124 3798 2250 3849 tur:
2276 3794 2529 3849 Stultitia
2548 3801 2620 3848 est
2641 3795 2788 3848 enim
2810 3793 2921 3862 illi,
2945 3797 2995 3847 et
3023 3808 3133 3847 non
3157 3799 3328 3860 potest
3352 3789 3783 3861 intelligere.Et

2124 3886 2210 3938 est
2232 3899 2475 3938 sensus:
2502 3883 2633 3937 Ideo
2656 3882 2975 3951 intelligere
3000 3897 3113 3935 non
3137 3883 3346 3951 potest,
3366 3877 3506 3950 quia
3529 3878 3781 3933 stultum

2117 3972 2361 4043 judicat,
2396 3973 2549 4041 quod
2583 3989 2691 4026 sua
2720 3970 2944 4025 ratione
2976 3968 3322 4025 contendere
3352 3968 3579 4038 nequit.
3619 3966 3779 4023 Stul-

2124 4066 2249 4115 tum
2282 4062 2498 4131 quippe
2522 4060 2749 4130 judicat
2789 4058 3071 4130 quidquid
3106 4058 3285 4127 videt,
3319 4056 3471 4127 quod
3508 4056 3637 4127 ipse
3669 4071 3780 4110 non

2125 4149 2299 4204 novit.
2320 4150 2461 4216 Quia
2485 4146 2818 4219 spiritaliter
2840 4148 3219 4213 examinatur,
3242 4146 3296 4200 id
3321 4149 3429 4213 est,
3446 4146 3780 4215 judicatur,

2124 4239 2569 4294 condemnatur.
2630 4234 2983 4308 Spiritaliter
3037 4234 3426 4301 examinatur,
3489 4235 3659 4306 quia,
3711 4249 3781 4289 ne

2123 4327 2448 4398 intelligere
2494 4326 2702 4398 possit,
2735 4325 2860 4382 suis
2908 4323 3271 4396 exigentibus
3316 4322 3564 4395 meritis,
3601 4323 3779 4395 spiri-

2124 4416 2319 4472 taliter
2362 4417 2707 4472 obcaecatur.

2192 4507 2478 4577 Spiritalis
2498 4513 2680 4561 autem
2694 4504 2910 4574 judicat
2928 4504 3132 4559 omnia.
3158 4500 3451 4573 Spiritalis
3475 4500 3660 4556 homo
3692 4500 3779 4555 di-

2124 4596 2295 4661 citur,
2329 4595 2428 4667 qui
2463 4594 2682 4666 Spiritu
2714 4597 2916 4648 sancto
2949 4592 3190 4663 regitur,
3218 4595 3275 4646 et
3307 4590 3523 4646 idcirco
3548 4590 3781 4661 judicat

2125 4685 2322 4739 omnia
2351 4685 2465 4739 Deo
2498 4700 2625 4738 esse
2672 4680 2990 4754 possibilia.
3026 4679 3319 4751 Spiritalis
3350 4696 3486 4751 ergo
3517 4679 3781 4736 hominis

2125 4790 2255 4828 vera
2276 4779 2365 4828 est
2388 4772 2555 4837 ratio,
2580 4777 2636 4827 et
2654 4788 2851 4826 verum
2873 4770 3186 4841 judicium,
3208 4770 3486 4840 quoniam
3510 4770 3644 4839 eius
3668 4770 3782 4823 ﬁde

2125 4870 2180 4917 et
2210 4863 2495 4917 bonorum
2519 4878 2756 4933 operum
2783 4859 3067 4931 exemplo,
3093 4875 3400 4927 pravorum
3429 4857 3777 4923 inﬁdelitas,

2125 4956 2181 5006 et
2201 4956 2365 5007 actus
2389 4952 2871 5015 condemnantur,
2901 4943 3224 5005 secundum
3249 4947 3391 5003 illud
3418 4962 3430 5002 :
3462 4947 3779 5015 Quiautem

2123 5058 2229 5097 non
2263 5042 2452 5108 eretlit,
2477 5044 2597 5112 jam
2624 5040 2907 5112 judicatus
2934 5043 3011 5094 est
3044 5039 3219 5108 (Joan.
3256 5054 3338 5107 ιιι,
3374 5036 3482 5107 18).

2194 5131 2337 5194 Quia
2364 5148 2500 5201 ergo
2523 5128 2795 5185 animalis
2817 5128 3096 5192 hominis,
3122 5126 3179 5180 id
3204 5131 3313 5191 est,
3336 5124 3591 5180 inﬁdelis
3622 5124 3779 5196 judi-

2123 5221 2279 5275 cium
2312 5220 2525 5275 falsuin
2558 5223 2663 5278 est,
2698 5216 2981 5278 spiritalis
3011 5232 3165 5278 vero,
3201 5215 3257 5269 id
3310 5218 3416 5278 est,
3450 5213 3647 5269 ﬁdelis
3682 5228 3773 5267 ve-
