3998 5278
203 413 321 476 317

766 416 1181 481 EXPOSlTlO
1225 418 1304 480 IN
1350 419 1777 483 EPItsTOLAS
1821 416 2082 482 PAULI.
2115 452 2192 466 -—
2228 421 2306 483 IN
2351 423 2601 486 EPIST.
2652 424 2677 485 Ι
2721 424 2825 485 AD
2870 422 3047 486 COR.

3493 421 3612 483 318

203 545 574 615 laboraverit,
612 552 893 621 majorem
926 554 1205 625 suscipiet
1228 556 1853 611 remunerationem.Et
1882 557 1937 621 Α
1967 554 2201 623 fuerint,
2238 558 2616 613 fundamento
2652 562 2924 612 manente
2956 556 3266 621 immobili,
3300 556 3446 628 ipsa,
3470 570 3610 612 cum

205 642 298 693 est
320 655 566 694 sensus:
603 640 756 694 Licet
789 642 957 705 servi,
990 643 1123 697 licet
1151 644 1426 703 ministri.
1465 644 1597 700 licet
1654 661 1858 699 omnes

207 728 576 796 mercenarii,
600 734 819 794 tamen,
844 730 981 801 quia
1005 732 1232 787 diversa
1253 740 1392 787 sunt
1414 735 1860 803 ot‘ticia,diversa

209 822 381 871 erunt
431 822 489 871 et
540 819 795 889 praemia.
842 820 1008 888 Nam,
1062 823 1200 892 quia
1236 823 1421 894 magis
1479 829 1567 878 est
1599 824 1858 895 plantare

213 921 386 976 quam
421 907 630 977 rigare,
665 908 791 965 ideo
823 910 1025 982 dispar
1054 912 1163 966 erit
1195 914 1525 982 praemium.

285 995 393 1050 Sed
440 1002 504 1050 ut
560 999 907 1067 ostenderet,
969 1018 1071 1054 cur
1127 1002 1289 1073 digni
1347 1007 1543 1057 essent
1601 1002 1860 1073 accipere

216 1085 563 1151 mercedem,
600 1088 848 1156 subjecit
880 1092 1063 1160 (515):
1099 1093 1195 1146 Dei
1225 1109 1371 1146 enim
1411 1109 1599 1146 sumus
1643 1092 1857 1162 adjuto-

213 1190 323 1230 res.
367 1174 485 1229 Hoc
516 1177 775 1247 apertius
807 1178 1055 1234 habetur
1087 1180 1144 1234 in
1178 1182 1395 1245 Graeco,
1440 1182 1535 1235 ubi
1597 1181 1810 1251 legitur
1843 1199 1854 1235 :

212 1265 317 1317 Dei
329 1266 680 1320 enimsumus
702 1270 881 1337 aperis
895 1272 1205 1340 participes.
1226 1273 1284 1324 In
1308 1271 1659 1339 quibusdam
1684 1272 1856 1323 etiam

209 1352 644 1423 exemplaribus
685 1355 1015 1412 invenitur:
1078 1361 1174 1413 Dei
1226 1376 1412 1413 sumus
1468 1364 1855 1429 cooperatores.

210 1440 318 1495 Sed
353 1441 641 1513 quidquid
678 1443 824 1499 illud
858 1450 967 1510 est,
1001 1464 1184 1501 unum
1218 1448 1490 1519 idemque
1541 1448 1852 1519 signiﬁcat.

211 1529 409 1584 Sancti
440 1546 591 1603 ergo,
611 1533 705 1586 Dei
734 1540 873 1589 sunt
904 1537 1241 1607 adjutores;
1278 1538 1416 1609 quia
1463 1536 1854 1599 admonendo,

211 1618 606 1688 praedicando,
636 1623 1011 1693 baptizando,
1046 1625 1399 1695 illosjuvant
1424 1627 1675 1681 exterius
1709 1642 1857 1697 quos

210 1706 388 1775 Deus,
414 1715 647 1779 peccata
676 1712 1046 1782 dimittendo,
1064 1721 1119 1770 et
1135 1718 1322 1770 sancti
1340 1716 1591 1787 Spiritus
1609 1715 1854 1787 gratiam

212 1799 583 1866 conferendo,
614 1800 874 1857 illustrat
896 1803 1377 1860 intrinsecus.Dei
1400 1811 1539 1861 sunt
1561 1806 1858 1874 adjutores

213 1886 426 1952 ofﬁcio,
460 1906 575 1944 non
606 1895 911 1962 potestate,
937 1894 1106 1962 juxta
1152 1894 1332 1949 illud:
1368 1895 1525 1949 Secut
1567 1896 1719 1947 misit
1774 1908 1861 1945 me
1888 1929 1936 1993 B

213 1979 402 2037 Pater,
433 1981 485 2030 et
506 1993 598 2047 ego
618 1979 772 2033 mitto
801 1996 886 2033 vos
917 1982 1099 2050 (Joan.
1135 1999 1228 2048 xx,
1261 1983 1370 2051 2t).
1406 1988 1533 2037 Haec
1562 1999 1696 2053 ergo
1722 1998 1858 2035 sen—

213 2064 395 2118 tentia
424 2066 755 2136 specialiter
784 2069 854 2122 ad
886 2070 1183 2140 apostolos
1224 2072 1509 2142 pertinet;
1558 2072 1640 2125 illi
1701 2072 1855 2125 enim

214 2153 375 2208 fueru
388 2164 451 2208 nt
481 2155 694 2211 Christi
726 2157 946 2212 vicarii.

282 2245 380 2298 Dei
409 2246 761 2314 agricultura
791 2249 1046 2314 estis,Dei
1076 2248 1366 2317 aedificatio
1400 2252 1545 2303 estis.
1585 2251 1676 2304 [)ei
1710 2251 1859 2322 agri-

224 2331 439 2387 cultura
465 2340 669 2399 erant;
714 2336 852 2405 quia
902 2353 1003 2407 per
1060 2337 1323 2408 Apostoli
1384 2339 1854 2409 praedicationem

219 2420 355 2475 Deus
392 2423 665 2478 cordibus
697 2424 932 2481 illorum
961 2427 1284 2498 inspiravit,
1319 2433 1374 2483 et
1396 2430 1463 2482 ad
1507 2430 1679 2483 fidem
1714 2447 1858 2483 con-

210 2510 379 2564 vertit
410 2529 423 2577 ;
458 2518 533 2582 et,
570 2519 699 2584 post
730 2516 1134 2570 remissionem
1168 2523 1536 2586 peccatorum
1571 2534 1671 2589 per
1701 2518 1855 2573 lava—

206 2612 372 2653 erum
407 2600 689 2672 baptismi
722 2608 778 2657 et
806 2605 1021 2660 donum
1054 2606 1306 2676 Spiritus
1339 2608 1546 2673 sancti,
1569 2624 1757 2663 mores
1788 2608 1856 2661 il-

206 2685 403 2743 lorum
426 2690 699 2755 excoluit,
733 2693 801 2745 ad
838 2694 1216 2763 proferendos
1271 2696 1559 2750 bonorum
1611 2714 1855 2767 Operum

205 2778 458 2845 fructus,
486 2780 582 2833 Dei
606 2780 781 2835 etiam
812 2783 1117 2837 aedificatio
1140 2788 1333 2849 erant;
1369 2786 1644 2855 quoniam
1674 2788 1769 2857 qui
1798 2786 1861 2839 fi-

205 2866 343 2921 dem
378 2867 493 2922 illis
528 2869 790 2933 contulit,
826 2871 1208 2925 inhabitando
1237 2874 1411 2926 etiam
1446 2873 1589 2927 alias
1616 2875 1860 2929 virtutes

203 2956 393 3010 auxit.

281 3044 603 3111 Sequitur:
636 3045 944 3101 Secundum
973 3050 1209 3117 gratiam
1248 3051 1363 3115 Dei,
1427 3065 1551 3119 qum
1603 3050 1729 3105 data
1786 3060 1862 3105 est

201 3132 379 3198 mihi,
412 3142 472 3186 ut
522 3135 735 3204 sapiens
789 3136 1143 3205 architectus,
1203 3139 1625 3206 fundamentum
1676 3142 1857 3209 posui.

201 3219 361 3284 Quia
391 3221 655 3276 dicturus
683 3229 841 3277 erat:
881 3226 943 3280 Ut
981 3228 1198 3291 sapiens
1255 3227 1604 3291 architectus,
1656 3229 1857 3297 funda-

1969 644 2281 699 ceciderint
2304 664 2574 718 magnam
2604 647 2813 701 facient
2832 646 3083 699 ruinam.
3111 645 3455 716 Quicunque
3478 661 3614 717 ergo

1970 732 2117 787 male
2152 735 2441 804 praedicet,
2477 738 2945 800 fundamentum,
2971 734 3029 789 id
3061 738 3168 800 est,
3207 750 3438 799 nomen,
3465 739 3521 787 et
3544 734 3615 787 ti-

1968 822 2070 875 des
2102 822 2315 877 Christi
2336 823 2681 878 inconvulsa
2706 825 2998 889 manebit;
3035 840 3307 894 perversa
3331 838 3463 877 vero
3487 824 3614 892 ejus

1969 911 2231 966 doctrina
2262 913 2520 967 interibit
2550 920 2606 968 et
2636 914 2989 979 destruetur,
3023 928 3191 967 secus
3213 910 3357 964 illud
3384 928 3396 965 :
3424 911 3612 966 Omnis

1964 1002 2255 1069 plantatio,
2289 1019 2452 1071 quam
2476 1021 2585 1059 non
2614 1005 2886 1074 plantavit
2928 1009 3102 1057 Pater
3151 1017 3305 1055 meus
3362 1001 3610 1066 ccclesiis,

1967 1090 2351 1145 eradicabitur
2380 1094 2601 1157 (Matth.
2654 1110 2745 1157 xv,
2780 1093 2887 1157 13).
2952 1093 3077 1145 llaec
3128 1106 3264 1161 ergo
3322 1088 3612 1143 sententia

1968 1180 2299 1249 specialiter
2334 1181 2853 1253 pseudoapostolos
2880 1183 3148 1252 percutit,
3172 1180 3273 1251 qui
3305 1184 3434 1250 post
3460 1180 3610 1249 Apo-

1970 1268 2101 1321 stoli
2127 1270 2595 1338 przrdicationem
2620 1269 3444 1335 venientes,necintentionem
3469 1283 3609 1321 con-

1970 1355 2247 1423 siderare,
2284 1375 2385 1413 nec
2418 1360 2741 1414 doctrinam
2776 1360 2992 1414 imitari
3021 1358 3346 1421 voluerunt,
3374 1357 3473 1412 sed
3506 1373 3614 1411 sua

1968 1445 2116 1500 falsa
2170 1446 2480 1502 traditione
2555 1449 2770 1504 multos
2848 1448 3280 1503 Corinthiorum
3369 1447 3612 1517 decepe-

1969 1539 2124 1588 runt.
2435 1526 2453 1539 “

2038 1623 2433 1680 Fudamentum
2464 1627 2645 1694 aliud,
2671 1631 2776 1681 etc.
2816 1628 2945 1681 Ideo
2980 1625 3401 1695 fundamentum
3459 1622 3614 1677 aliud

1967 1730 2123 1768 nemo
2142 1718 2315 1783 potest
2344 1733 2563 1785 ponere,
2597 1721 2801 1787 praeter
2829 1716 2887 1769 id
2915 1714 3055 1785 quod
3083 1715 3322 1784 positum
3342 1720 3438 1776 est,
3471 1711 3615 1782 quod

1967 1806 2047 1856 est
2077 1803 2327 1858 Christus
2354 1810 2517 1861 Jesus
2542 1824 2553 1871 ;
2585 1806 2723 1877 quia
2744 1806 2876 1860 licet
2892 1804 3159 1859 hazretica
3179 1802 3299 1857 sint
3321 1819 3446 1873 quae
3467 1818 3617 1872 prae—

1969 1892 2184 1953 dicant.
2214 1899 2540 1949 nontamen
2566 1896 2801 1960 audent,
2835 1895 2947 1948 nisi
2990 1892 3331 1963 interposito
3377 1890 3616 1945 nomine

1968 1979 2211 2047 Christi;
2231 1982 2507 2052 quoniam
2531 1983 2620 2037 sui
2637 1984 2849 2038 erroris
2863 1986 3193 2038 commenta
3207 1980 3618 2035 commendare

1969 2085 2082 2122 non
2108 2077 2374 2142 possunt,
2402 2072 2514 2126 nisi
2540 2090 2629 2127 res
2657 2074 3039 2138 absurdas,et
3060 2067 3617 2140 turpes,acceptabi-

1968 2157 2436 2231 les,etcongruas
2450 2162 2623 2216 faciat
2637 2162 2777 2216 tanti
2796 2160 3049 2215 nominis
3064 2158 3608 2229 dignitas.Aitergo:

1968 2248 2399 2304 Fundamentum
2432 2251 2608 2319 aliud,
2632 2257 2739 2305 etc.
2768 2269 2781 2316 ;
2808 2267 2873 2304 ac
2906 2249 2953 2305 si
2980 2249 3198 2303 diceret
3223 2264 3235 2301 :
3270 2247 3389 2302 Etsi
3442 2244 3613 2299 multi

1969 2342 2253 2407 suntquae
2278 2339 2612 2409 praedicant,
2641 2355 2755 2393 non
2782 2345 2978 2393 tamen
3003 2338 3221 2391 audent
3239 2335 3419 2389 alium
3445 2333 3612 2387 Chri-

1967 2430 2122 2479 stum
2151 2427 2481 2497 praedicare,
2499 2446 2673 2499 quam
2708 2444 2881 2498 quem
2904 2443 3008 2495 ego
3033 2423 3335 2496 praedicavi
3358 2440 3371 2489 ;
3396 2420 3613 2492 quia,si

1967 2516 2224 2581 fecerint,
2258 2519 2532 2571 continuo
2564 2533 2766 2571 eorum
2808 2514 3316 2586 deprehendantur
3362 2526 3607 2565 errores.

1967 2603 2159 2659 Sonus
2189 2621 2324 2676 ergo
2354 2606 2502 2659 tanti
2545 2604 2798 2660 nominis
2831 2604 2986 2668 fecit,
3048 2608 3110 2657 ut
3168 2604 3502 2656 commenta
3557 2602 3615 2653 et

1967 2697 2131 2747 sectae
2153 2693 2559 2749 bareticorum
2593 2695 3054 2765 susciperentur.
3077 2690 3386 2762 Sequitur:
3410 2690 3473 2742 Si
3491 2688 3615 2759 quis

1967 2791 2148 2836 autem
2175 2783 2412 2851 a’ili/icat
2433 2801 2597 2853 supra
2621 2784 3045 2853 fundamentum
3071 2782 3190 2851 hoc,
3238 2795 3459 2844 aurum,
3517 2793 3618 2830 ar-

1967 2876 2213 2938 gentum,
2240 2873 2444 2942 lapides
2464 2875 2750 2942 pretiosos,
2778 2874 2950 2944 ligna,
2966 2876 3181 2942 fenum,
3214 2869 3611 2939 stipulam,etc.

1974 2961 2097 3012 Haec
2131 2961 2450 3030 apostolica
2481 2963 2772 3017 sententia
2800 2962 2856 3015 in
2892 2961 2985 3015 his
3044 2958 3441 3031 computanda
3498 2960 3607 3020 est,

1971 3064 2099 3116 quas
2131 3049 2335 3104 beatus
2352 3050 2557 3105 Petrus
2583 3051 2881 3120 apostolus
2916 3051 2984 3119 (II
3014 3056 3165 3105 Petr.
3192 3047 3388 3117 111,16)
3413 3044 3607 3098 :difﬁ-

1971 3135 2103 3189 cilia
2123 3136 2264 3189 dicit
2286 3137 2575 3191 intellcctu
2596 3140 2654 3191 in
2687 3138 2949 3208 epistolis
2980 3138 3142 3193 Pauli
3169 3156 3181 3203 ;
3221 3137 3374 3190 unde
3399 3134 3555 3188 varie
3574 3149 3611 3191 Β.

1971 3224 2305 3279 doctoribus
2336 3231 2423 3278 est
2454 3225 2732 3296 exposita.
2797 3226 3042 3296 Lapides
3110 3225 3396 3295 pretiosos
3451 3221 3614 3289 dicit,

197 3313 458 3365 mentum
518 3314 699 3381 posui,
760 3330 830 3367 ne
889 3314 999 3368 sibi
1042 3289 1399 3386 arroganter
1470 3289 1691 3387 aliquid
1751 3318 1852 3371 tri-
1888 3289 1930 3354 Ο
1971 3313 2288 3384 quosignis
2308 3331 2419 3368 non
2452 3289 2794 3386 corrumpit.
2832 3289 2903 3369 Ut
2936 3331 3071 3385 ergo
3100 3289 3458 3385 quibusdam
3493 3308 3625 3381 pla-

198 3400 389 3455 buere
419 3399 747 3467 videretur;
778 3403 947 3472 quasi
979 3402 1237 3470 haberet,
1272 3406 1424 3476 quod
1459 3423 1576 3459 non
1622 3423 1853 3476 accepe~

199 3488 279 3542 rit
308 3505 346 3543 a
374 3488 518 3543 Deo:
550 3489 677 3543 ideo
707 3490 950 3560 pulchre
981 3493 1297 3562 praemisit:
1362 3494 1671 3549 Secundum
1725 3513 1855 3563 gru-

201 3579 342 3632 tiam
370 3579 485 3643 Dei,
518 3594 637 3648 quze
666 3577 796 3633 data
825 3584 905 3634 est
934 3582 1089 3635 mihi.
1140 3581 1245 3636 Ubi
1305 3584 1653 3650 notandum,
1719 3586 1858 3655 quia

203 3684 322 3721 non
358 3666 457 3733 ait,
488 3669 814 3723 secundum
834 3668 1192 3723 voluntatem
1225 3674 1326 3724 aut
1360 3670 1615 3738 libitum,
1643 3675 1738 3727 sed
1756 3692 1854 3738 ,se-

203 3754 445 3809 cundum
474 3758 752 3825 gratiam;
789 3758 927 3827 quia
957 3763 1167 3812 cuncta
1215 3760 1329 3813 Deo
1387 3762 1649 3815 ascribit.
1712 3764 1854 3817 Gra-

207 3842 350 3897 tiam
383 3860 516 3898 vero
539 3844 652 3899 sibi
681 3846 877 3899 datam
901 3862 934 3899 a
974 3850 1088 3900 Deo
1132 3847 1291 3914 dicit,
1327 3848 1460 3918 quia
1491 3851 1711 3903 electus
1771 3857 1857 3905 est

207 3932 556 4003 specialiter,
621 3938 685 3988 ut
743 3934 1073 3989 mitteretur
1127 3936 1197 3989 ad
1256 3937 1517 4007 gentium
1578 3939 1852 4008 przedica-

204 4022 462 4077 tionem:
525 4023 679 4077 unde
742 4023 949 4077 merito
1008 4040 1107 4077 vas
1166 4023 1467 4079 electionis
1517 4031 1606 4080 est
1663 4028 1857 4099 appel-

204 4108 381 4165 latus.
416 4111 749 4167 Secundum
782 4112 929 4167 hanc
960 4112 1232 4183 gratiam,
1268 4119 1331 4167 ut
1366 4114 1603 4186 sapiens
1662 4116 1855 4170 archi-

206 4202 417 4266 tectus,
480 4200 677 4271 posuit
708 4201 1153 4256 fundamentum
1188 4228 1200 4269 ;
1234 4202 1475 4271 scilicet,
1532 4207 1671 4275 quia
1720 4207 1854 4275 jux-

207 4290 266 4342 ta
319 4286 537 4343 Christi
614 4289 984 4361 disciplinam
1044 4291 1361 4346 Corinthiis
1422 4292 1553 4347 fidei
1611 4296 1852 4349 verbum

208 4376 640 4449 svangelizavit.
667 4379 911 4451 Sapiens
944 4380 1160 4451 quippe
1183 4381 1534 4436 architectus
1560 4383 1726 4451 juxta
1755 4401 1851 4439 vo-

210 4463 497 4522 luntatem
539 4468 795 4523 auctoris
842 4470 1225 4523 fundamenta
1281 4470 1568 4525 collocat:
1628 4488 1852 4540 verum,

213 4556 344 4626 quia
367 4556 543 4611 multi
574 4563 708 4629 post
737 4557 904 4612 illum
937 4558 1249 4613 Corinthiis
1272 4560 1854 4630 praedicaverunt,ad-

1969 3408 2077 3467 cet,
2113 3420 2213 3473 per
2243 3420 2474 3470 aurum,
2511 3410 2843 3476 argentum,
2877 3403 3102 3475 lapides
3134 3401 3442 3473 pretiosos,
3502 3414 3618 3452 non

1967 3506 2163 3560 opera,
2191 3493 2291 3546 sed
2313 3492 2584 3547 homines
2608 3493 3015 3565 designantur,
3041 3491 3097 3545 id
3125 3496 3233 3560 est,
3251 3506 3354 3562 per
3379 3503 3613 3556 aurum,

1968 3584 2297 3650 argentum,
2326 3586 2381 3635 et
2411 3582 2637 3653 lapides
2671 3582 2979 3652 pretiosos,
3015 3580 3149 3635 boni
3173 3580 3617 3646 auditores;per

1966 3668 2146 3740 ligna,
2182 3672 2402 3738 fenum,
2437 3676 2493 3724 et
2524 3670 2830 3743 stipulam,
2865 3669 3024 3724 mali.
3062 3668 3157 3724 Ille
3178 3668 3375 3738 itaque
3432 3679 3610 3734 supra

1966 3758 2098 3811 fidei
2133 3760 2602 3826 fundamentum,
2633 3776 2867 3824 aurum,
2898 3764 3205 3831 argentum
3244 3756 3469 3828 lapides
3494 3775 3620 3828 pre-

1966 3846 2149 3900 tiosos
2180 3848 2445 3913 aedificat,
2481 3849 2581 3918 qui
2614 3865 2751 3902 suos
2785 3849 3079 3902 auditores
3112 3847 3256 3901 bene
3316 3845 3607 3913 instituit;

1966 3936 2288 3989 econtrario
2321 3935 2415 3989 ille
2448 3936 2670 4002 fenum,
2704 3935 2866 4007 ligna
2896 3940 2949 3989 et
2982 3934 3401 4005 stipulam,qui
3436 3935 3609 3990 male.

2038 4023 2471 4093 Uniuscujusque
2509 4029 2695 4076 autem
2725 4039 2856 4093 opus
2885 4023 3250 4095 manifestum
3280 4026 3419 4077 erit:
3476 4023 3614 4093 quia

1966 4112 2023 4165 in
2044 4112 2560 4181 t'uturojudicio,et
2583 4111 2717 4166 boni
2738 4112 3033 4165 auditores
3056 4110 3609 4177 manifestabuntur,

1964 4206 2021 4255 et
2052 4199 2209 4255 mali.
2236 4200 2400 4255 Unde
2425 4206 2481 4255 et
2503 4200 2769 4270 sequitur
2793 4216 2804 4253 :
2832 4201 2952 4254 Dies
2984 4200 3133 4254 enim
3179 4200 3400 4252 Domini
3425 4198 3608 4253 decla-

1964 4290 2269 4361 rabit,quia
2286 4292 2345 4345 in
2360 4292 2485 4359 igne
2504 4290 2854 4345 revelabitur.
2869 4288 3005 4343 Dies
3027 4287 3341 4353 Domini,id
3367 4286 3608 4355 est,dies

1955 4378 2525 4449 judiciideclarabit,
2552 4378 2690 4450 quia
2722 4378 3013 4433 discernet
3042 4378 3225 4431 bonos
3257 4376 3554 4431 auditores
3575 4392 3607 4430 ιι

1966 4467 2157 4521 malis.
2193 4469 2299 4530 Qui
2332 4470 2393 4521 in
2425 4470 2550 4537 igne
2592 4468 2964 4533 revelabitur;
3022 4466 3160 4537 quia
3208 4466 3488 4520 Dominus
3546 4465 3607 4519 in

1966 4557 2098 4627 igne
2122 4556 2410 4612 revelante
2432 4556 2621 4610 veniet
2643 4557 2711 4611 ad
2730 4556 3044 4626 judicium.
3086 4556 3151 4608 Et
3183 4556 3610 4625 uniuscuiusque

209 4645 437 4715 junxit:
470 4646 622 4701 Alius
656 4652 839 4702 autem
867 4647 1291 4719 superaediﬁcat,
1320 4648 1377 4702 id
1439 4654 1543 4715 est,
1607 4650 1852 4720 quicun-
1889 4652 1931 4714 D
1962 4661 2097 4715 opus
2129 4646 2289 4717 quale
2318 4648 2413 4711 sit,
2449 4647 2598 4716 ignis
2629 4646 2895 4713 probabit.
2922 4644 3399 4715 Uniuscujusque
3440 4659 3611 4713 opus,

218 4750 324 4804 que
348 4740 481 4807 post
506 4753 597 4790 me
625 4737 799 4791 venit.
834 4736 977 4791 Nam
1002 4737 1268 4803 dicendo,
1303 4740 1471 4807 alius,
1503 4756 1706 4794 omnes
1738 4740 1861 4795 vult

218 4821 486 4897 intelligi,
508 4829 629 4879 tam
650 4826 855 4893 bonos,
880 4842 1056 4896 quam
1078 4830 1264 4881 malos
1300 4829 1728 4897 praedicatores.
1756 4830 1860 4884 Su-

221 4913 564 4981 persedificia
579 4930 713 4985 ergo
734 4913 834 4969 illa
852 4914 1191 4986 accipienda
1221 4921 1379 4984 sunt,
1405 4932 1532 4985 quae
1554 4918 1624 4973 ab
1643 4918 1855 4989 hujus-

223 5001 371 5057 modi
394 5003 730 5059 doctoribus
754 5004 970 5059 tradita
991 5009 1132 5060 sunt
1156 5003 1471 5060 Corinthiis
1497 5024 1510 5071 ;
1548 5009 1700 5061 unde
1726 5025 1858 5063 mox

224 5090 555 5156 admonens,
590 5093 821 5148 subdit:
860 5094 1233 5165 Unusquisque
1264 5102 1445 5149 autem
1482 5095 1663 5149 videat
1721 5113 1855 5166 quo-

224 5181 364 5204 ..-J-
392 5183 785 5204 --...-....ch-_1
839 5181 892 5204 ΖΔ
924 5187 1005 5204 --ι
1064 5201 1088 5204 μ

1971 4735 2028 4789 id
2062 4740 2169 4800 est,
2203 4740 2257 4790 et
2286 4736 2471 4789 bonos
2495 4736 2811 4804 auditores,
2847 4740 2904 4789 et
2933 4734 3120 4789 malos
3142 4734 3297 4805 ignis
3320 4730 3611 4802 probabit,

1970 4824 2108 4895 quia
2139 4825 2323 4879 bonos
2357 4824 2631 4895 purgabit
2660 4824 2831 4894 (516),
2860 4823 3045 4878 malos
3077 4838 3208 4877 vero
3257 4826 3470 4875 aeterno
3518 4818 3615 4871 in-

1968 4914 2168 4969 cendio
2201 4914 2614 4969 concremabit.

2038 5007 2101 5060 Si
2123 5006 2278 5076 cujus
2299 5020 2436 5075 Opus
2454 5003 2893 5073 manserit,quod
2939 4998 3413 5075 superanti/icavit,
3470 5011 3613 5049 mer-

1967 5095 2147 5150 cedem
2178 5095 2433 5166 accipiet.
2456 5093 2525 5148 Et
2548 5099 2637 5148 est
2667 5108 2909 5146 sensus:
2944 5092 3004 5147 Si
3044 5090 3248 5144 doctor
3296 5084 3615 5137 misericor-

1976 5184 2049 5204 JE,
2094 5190 2131 5204 η
2176 5185 2185 5195 ·
2243 5184 2311 5204 ξι-
2358 5198 2493 5204 μη--
2530 5182 2788 5204 1η-η-ι--..
2834 5181 3006 5204 ι’.--..2ι
3042 5177 3336 5204 ...ηνιζδ-Ανιηο
3413 5176 3473 5204 οτι
3507 5171 3615 5204 {nisi
