3998 5278
444 401 561 464 319

1466 402 1802 466 ATTONIS
1846 401 2430 466 VERCELLENSIS
2476 405 2830 471 EPISCOPI
3685 423 3774 486 310

449 537 602 610 gelio
633 542 958 598 secundum
993 543 1208 600 Lucam
1234 563 1247 613 ;
1274 547 1396 601 Esto
1425 551 1488 601 tu
1515 563 1681 618 super
1699 549 1938 618 quinque
1957 550 2090 604 civi-
2119 536 2174 601 Α
2206 538 2318 595 nisi
2349 545 2515 596 caute
2542 557 2608 596 ac
2639 541 2832 598 sobrie
2861 543 3204 616 accipiatur,
3225 545 3403 601 errori
3450 547 3653 608 vicinus
3675 560 3773 614 est:

443 633 616 691 tates;
647 640 698 686 et
726 639 783 688 tu
841 639 951 690 esto
1009 651 1174 706 super
1224 637 1404 691 decem
1464 637 1614 708 (Luc.
1643 655 1762 703 xxx,
1800 639 1908 708 17).
1943 639 2089 694 Nam

442 726 661 792 quanto
696 722 892 795 plures
924 725 1138 797 aliquis
1175 726 1436 782 lucratus
1468 728 1662 794 fuerit,
1695 733 1857 783 tanto
1907 729 2090 797 majo-

441 827 564 866 rem
597 815 923 870 mercedem
958 815 1232 872 inveniet.

512 901 574 957 Si
600 905 755 974 cujus
802 920 936 975 opus
978 910 1196 972 arserit,
1259 908 1657 964 detrimentum
1701 912 1966 978 patietur.
2029 909 2089 963 Id

445 996 555 1059 est,
589 993 637 1046 si
675 992 812 1047 mali
847 996 1165 1060 auditores,
1191 997 1444 1067 prepriis
1475 997 1839 1067 exigentibus
1868 998 2092 1053 meritis

449 1081 924 1138 damnabantur:
960 1085 1180 1151 doctor,
1215 1085 1352 1156 quia
1390 1086 1586 1141 minus
1640 1086 1923 1141 sollicitus
1983 1088 2092 1140 fuit

445 1186 582 1241 erga
614 1187 816 1226 eorum
841 1173 1112 1236 salutem,
1148 1176 1429 1229 damnum
1457 1176 1730 1245 patietur.
1754 1176 1810 1230 id
1845 1181 1952 1232 est.
1979 1194 2092 1246 pae-

446 1275 551 1314 nas
583 1259 832 1322 luet,sed
861 1264 1226 1333 purgatorias
1250 1266 1416 1334 (517).
1455 1265 1614 1320 Unde
1633 1282 1765 1319 mox
1787 1266 2085 1318 subditur:

441 1349 556 1420 Ipse
584 1354 769 1404 autem
797 1353 980 1406 salvus
1010 1355 1114 1406 erit
1141 1371 1152 1418 ;
1184 1356 1265 1408 sic
1293 1357 1477 1407 tamen
1515 1357 1671 1422 quasi
1714 1371 1814 1424 per
1862 1356 2048 1421 ignem
2075 1371 2088 1419 ;

443 1437 581 1508 quia
609 1439 842 1510 propria
865 1440 1104 1509 justitia
1135 1447 1190 1497 et
1232 1444 1342 1496 {ide
1403 1443 1746 1504 salvabitur,
1808 1448 2089 1513 purgatus

442 1543 544 1596 per
568 1527 782 1596 ignem.
815 1528 1032 1585 Aliter:
1070 1532 1204 1586 Tria
1236 1533 1292 1587 in
1327 1532 1434 1586 hoc
1466 1532 1588 1586 loco
1621 1531 1934 1602 Apostolus
1966 1547 2087 1586 me-

447 1620 652 1676 morat.
687 1635 813 1684 quaa
847 1620 1100 1689 pretiosa
1132 1626 1189 1676 et
1221 1621 1495 1692 praeclara
1525 1625 1664 1675 sunt
1694 1622 1749 1676 in
1773 1621 2086 1685 mundo,id

443 1709 554 1771 est,
585 1722 816 1773 aurum,
851 1714 1180 1779 argentum,
1214 1715 1271 1764 et
1312 1709 1536 1780 lapides
1595 1710 1918 1780 pretiosos:
1977 1710 2090 1764 tria

444 1799 638 1849 autem
668 1812 818 1851 vana
875 1801 932 1850 et
962 1797 1185 1865 frivola,
1247 1798 1302 1852 id
1365 1803 1472 1867 est,
1527 1799 1704 1870 ligna,
1754 1799 1976 1864 fenum,
2032 1803 2090 1853 et

2204 647 2314 686 non
2347 633 2502 686 enim
2536 640 2777 704 apparet
2797 635 3086 704 quomodo
3114 634 3206 690 hic
3235 637 3572 709 quandoque
3592 658 3620 694 a
3647 660 3775 715 pcena

2204 719 2500 789 liberetur,
2533 739 2666 777 eum
2701 723 2986 779 Dominus
3017 724 3205 779 dicat:
3233 726 3298 781 Et
3328 727 3480 781 ibunt
3502 729 3556 783 lit
3583 733 3631 785 in
3679 750 3776 806 sup-

2196 811 2431 880 plicium
2452 820 2717 867 aeternum
2748 813 2957 882 (Matth.
2988 831 3118 878 xxv,
3174 815 3283 884 46).
3347 816 3637 873 Sciendum
3679 838 3778 878 vero

2202 899 2360 968 quia,
2394 905 2460 956 ut
2485 901 2625 956 dicit
2647 902 2853 956 beatus
2878 903 3259 971 Augustinus,
3290 903 3386 958 ille
3409 905 3509 960 hoc
3528 906 3638 962 loco
3663 909 3779 980 ignis

2201 987 2619 1059 intelligendus
2643 995 2749 1053 est,
2787 1008 2886 1060 per
2907 1009 3080 1062 quem
3111 993 3283 1047 ambo
3307 999 3610 1059 transeant,
3632 998 3678 1050 id
3698 1005 3778 1067 est,

2201 1077 2300 1147 qui
2335 1079 2581 1134 zediﬁcat
2612 1097 2845 1147 aurum,
2871 1086 3202 1151 argentum,
3236 1082 3454 1152 lapides
3475 1085 3783 1155 pretiosos,et

2202 1167 2300 1237 qui
2324 1166 2500 1238 ligna,
2528 1169 2724 1222 fenum
2753 1175 2808 1223 et
2832 1170 3131 1239 stipulam.
3157 1171 3250 1226 Sic
3272 1171 3427 1226 enim
3446 1172 3604 1228 dicit:
3623 1178 3782 1246 Siquis

2199 1257 2564 1325 trdiﬁcaveril
2591 1275 2764 1328 supra
2788 1259 3209 1314 fundamentum
3255 1261 3372 1330 hoc,
3397 1278 3604 1326 aurum,
3637 1281 3782 1334 argen-

2201 1349 2337 1406 tum,
2369 1348 2579 1416 lapides
2607 1349 2888 1417 pretiosos,
2922 1353 3133 1418 fenum,
3166 1352 3452 1421 stipulam.
3500 1351 3641 1421 Ignis
3680 1370 3780 1426 ergo

2200 1433 2258 1488 in
2282 1435 2389 1488 hoc
2415 1435 2560 1498 loco,
2581 1438 2822 1492 tentatio
2847 1437 3244 1493 tribulationis
3265 1439 3680 1511 intelligitur,de
3698 1459 3781 1513 quo

2199 1521 2336 1578 alibi
2371 1525 2585 1579 dicitur
2609 1542 2620 1578 :
2648 1527 2782 1582 Vasa
2803 1528 2962 1596 ﬁguli
2983 1529 3185 1598 probat
3203 1531 3430 1598 famam,
3489 1535 3537 1584 et
3586 1532 3780 1587 homines

2189 1614 2366 1683 justas
2400 1617 2630 1669 tentatio
2679 1617 3056 1671 tribulationis
3116 1619 3304 1686 (Eccli.
3364 1635 3534 1681 xxvn,
3586 1621 3653 1688 6).
3700 1621 3781 1675 Iste

2199 1701 2428 1772 ignisin
2461 1703 2569 1758 hac
2592 1703 2828 1759 interim
2858 1705 2977 1761 vita
3007 1707 3165 1775 facit,
3199 1707 3357 1777 quod
3388 1706 3482 1763 hic
3502 1707 3631 1763 dicit
3670 1712 3781 1779 Apo-

2197 1790 2382 1845 stolus
2409 1809 2421 1846 :
2456 1809 2571 1847 non
2607 1797 2802 1849 tamen
2835 1801 2926 1849 est
2956 1795 3319 1863 incredibile,
3352 1796 3506 1867 quod
3528 1801 3645 1867 post
3669 1798 3781 1852 hanc

443 1883 744 1954 stipulam.
778 1883 961 1952 Unde,
995 1891 1060 1940 ut
1088 1887 1336 1958 quidam.
1356 1888 1577 1958 volunt,
1604 1905 1704 1959 per
1734 1905 1964 1953 aurum,
1999 1904 2085 1941 ar-
2114 1909 2162 1974 Β
2193 1879 2370 1974 Vitam
2402 1880 2676 1974 idipstlm
2711 1882 2901 1938 faciat.

440 1977 706 2043 gentum,
729 1974 953 2044 lapides
978 1976 1282 2046 pretiosos,
1311 1977 1654 2047 designatur
1675 1979 2080 2042 bona,sana,et

437 2061 724 2116 catholica
751 2063 1054 2130 doctrina;
1092 2081 1194 2137 per
1224 2065 1402 2136 ligna,
1434 2065 1660 2132 fenum,
1685 2071 1742 2121 et
1772 2065 2077 2136 stipulam,

436 2149 609 2220 mala,
645 2167 938 2222 perversa,
971 2159 1027 2208 et
1051 2154 1336 2211 adultera.
1371 2157 1519 2226 Ergo
1542 2173 1721 2226 supra
1779 2155 1909 2208 ﬁdei
1948 2154 2077 2207 fun-

437 2239 802 2307 damentum,
828 2259 1063 2306 aurum,
1091 2249 1422 2314 argentum,
1456 2250 1512 2299 et
1541 2244 1764 2316 lapides
1795 2242 2078 2314 pretiosos

435 2328 701 2389 aedificat.
726 2330 825 2401 qui
857 2331 1003 2386 bene
1035 2333 1200 2387 docet
1227 2351 1238 2399 ;
1272 2332 1434 2402 ligna
1467 2333 1691 2399 fenum,
1717 2337 1774 2386 et
1798 2330 2076 2402 stipulam

435 2417 536 2487 qui
569 2433 852 2488 perverse.

511 2507 948 2578 Uniuscujusque
976 2524 1106 2579 opus
1136 2513 1490 2580 manifest-um
1546 2511 1654 2565 erit
1676 2527 1694 2570 .·
1725 2511 1864 2581 quia
1892 2510 1950 2564 in
1983 2508 2078 2563 die

426 2594 638 2666 judicii
669 2601 724 2650 et
745 2597 916 2661 bona,
942 2601 998 2652 et
1024 2598 1286 2654 adultera
1309 2599 1576 2654 doctrina
1599 2601 1871 2654 omnibus
1895 2598 2077 2653 mani-

432 2681 762 2739 festabitur.
797 2685 959 2741 Unde
982 2691 1038 2741 et
1060 2687 1326 2759 sequitur
1349 2705 1361 2743 :
1397 2691 1516 2744 Dies
1536 2692 1688 2744 enim
1715 2691 1934 2744 Domini
1989 2690 2079 2742 de-

431 2773 689 2840 clarabit,
723 2777 855 2846 quia
885 2779 944 2830 in
974 2780 1100 2846 igne
1125 2779 1496 2834 revelabitur:
1555 2780 1612 2833 in
1668 2781 1802 2850 igne
1860 2777 2076 2848 quippe

432 2866 573 2918 tunc
593 2864 869 2920 omnibus
900 2865 1252 2921 revelabitur
1274 2884 1448 2938 prava
1473 2867 1753 2936 doctrina,
1770 2885 1897 2938 quae
1921 2883 2076 2920 nunc

436 2953 720 3021 quosdam
745 2955 976 3026 decipit.
1003 2957 1066 3010 Et
1115 2958 1544 3029 uniuscujusque
1597 2975 1728 3028 opus
1779 2958 1938 3030 quale
1983 2959 2074 3024 sit,

438 3042 585 3106 ignis
609 3043 866 3112 probabit
891 3061 904 3111 ;
926 3044 1064 3114 quia
1093 3061 1196 3115 per
1224 3045 1417 3116 ignem
1452 3047 1516 3100 fit
1536 3046 1884 3100 examinatio
1910 3063 1921 3107 ;
1949 3045 2076 3100 ideo

439 3129 592 3201 ignis
615 3131 883 3202 probabit
904 3133 1374 3206 uniuscujusque
1392 3136 1714 3190 doctrinam
1740 3151 1752 3188 :
1775 3135 2074 3204 quoniam,

437 3217 485 3274 si
512 3217 656 3273 nihil
689 3219 995 3286 invenerit,
1019 3223 1174 3293 quod
1196 3228 1419 3292 exurat,
1443 3225 1817 3279 manifestum
1843 3224 1953 3279 erit
1973 3223 2075 3277 bo-

436 3323 578 3362 num
612 3308 792 3364 fuisse
821 3310 1154 3377 doctorem;
1191 3329 1369 3382 prava
1410 3318 1603 3367 autem
1640 3312 1905 3366 doctrina
1946 3327 2078 3366 esca

433 3397 544 3450 erit
570 3395 723 3467 ignis
746 3415 759 3463 ;
788 3399 944 3453 unde
969 3406 1392 3471 consequenter
1412 3400 1777 3472 significatur
1797 3417 1898 3472 per
1919 3399 2079 3472 ligna

434 3485 634 3540 fenum
653 3489 709 3539 et
740 3485 1042 3556 stipulam.

509 3572 569 3627 Si
595 3573 750 3644 cujus
778 3589 909 3645 opus
930 3576 1368 3646 manserit,quod
1425 3577 1908 3647 supermdiﬁcavit,
1931 3593 2076 3630 mer-

436 3661 615 3717 cedem
644 3663 890 3733 accipiet;
921 3663 975 3716 id
1011 3668 1116 3732 est,
1151 3663 1199 3718 si
1233 3664 1425 3720 nullas
1454 3665 1510 3719 in
1548 3666 1613 3721 eo
1644 3669 1845 3721 sordes
1893 3682 2080 3738 pravas

439 3749 714 3804 doctrinae
742 3749 898 3821 ignis
920 3751 1224 3818 invenerit,
1251 3769 1400 3824 quas
1431 3760 1632 3809 exurat
1660 3773 1672 3822 ;
1707 3755 2081 3825 etipse,sicut

439 3841 560 3893 tres
592 3838 752 3909 pueri
776 3840 934 3909 (Dan.
970 3842 1075 3911 III),
1108 3840 1327 3897 illaasus
1349 3843 1419 3897 ab
1447 3844 1598 3914 igne,
1631 3844 1874 3915 accipiet
1931 3861 2080 3898 mer-

437 3928 634 3982 cedem
662 3944 674 3982 :
709 3928 887 3984 vitam
919 3929 1124 4000 utique
1152 3937 1449 3998 aaternam,
1483 3949 1616 3988 cum
1650 3933 1834 4006 gloria
1879 3950 2080 4006 perpe-

437 4019 552 4070 tuas
584 4014 894 4073 felicitatis.

511 4104 579 4158 Si
601 4104 757 4174 cujus
783 4121 917 4176 opus
943 4109 1164 4174 arserit,
1183 4108 1575 4164 detrimentum
1603 4112 1866 4178 patietur.
1925 4111 2083 4182 Opus

446 4191 583 4246 mali
605 4193 860 4249 doctoris
882 4196 1126 4265 ardebit,
1161 4199 1299 4269 quia
1326 4215 1595 4269 perversa
1615 4200 1878 4255 doctrina
1907 4200 2084 4254 inter-

446 4279 583 4349 ibit;
601 4283 876 4353 quoniam
894 4301 1009 4339 non
1027 4290 1116 4340 est
1129 4287 1590 4352 substantia,sed
1604 4288 2082 4344 aceidenscausa.

446 4369 657 4425 Omnia
676 4373 892 4444 quippe
913 4377 1051 4430 tunc
1075 4374 1227 4430 mala
1250 4375 1538 4446 peribunt,
1561 4376 1716 4431 sicut
1735 4377 1843 4432 iter
1876 4378 2084 4448 impio-

445 4474 574 4513 rum
607 4460 778 4530 (Psal.
812 4463 961 4531 1,36).
1001 4465 1421 4519 Detrimentum
1449 4481 1581 4519 vero
1605 4466 1731 4536 pati
1776 4471 1862 4520 est
1886 4483 2085 4536 pmnas

440 4544 620 4601 luere.
654 4549 770 4618 Ipse
797 4558 980 4604 autem
1006 4553 1189 4605 salvus
1218 4555 1323 4607 erit
1354 4571 1375 4615 ;
1404 4554 1484 4607 sic
1541 4561 1722 4608 tamen
1773 4571 1929 4625 quasi
1985 4571 2087 4624 per

2261 1973 2447 2040 Supra
2459 1970 2908 2028 fundamentum
2923 1972 3246 2043 igiturﬁdei
3262 1973 3780 2029 illeadiﬂcataurum

2189 2064 2520 2127 argentum,
2546 2057 2771 2130 lapides
2823 2061 3126 2132 pretiosos,
3151 2062 3250 2131 qui
3285 2062 3441 2133 cogit
3470 2078 3533 2118 ea
3553 2079 3664 2132 quae
3682 2067 3782 2117 sunt

2189 2146 2423 2217 Christi,
2456 2150 2726 2218 quomodo
2755 2152 2973 2220 placeat
3006 2156 3118 2206 Deo
3150 2154 3202 2220 (Ι
3230 2151 3354 2206 Cor.
3388 2169 3484 2218 vn,
3505 2153 3607 2220 32),
3637 2151 3778 2216 idest,

2189 2237 2288 2306 qui
2320 2253 2386 2292 ea
2417 2243 2711 2308 operatur,
2737 2239 2796 2294 in
2821 2239 3036 2310 quibus
3059 2239 3388 2296 delectatur
3438 2242 3601 2298 Deus.
3653 2241 3776 2306 Nam,

2188 2325 2290 2396 qui
2322 2343 2464 2396 pure
2502 2327 2795 2397 intelligit,
2855 2335 3279 2400 consequenter
3333 2331 3461 2400 eius
3505 2329 3777 2384 intellectus

2187 2431 2290 2484 per
2319 2431 2528 2470 aurum
2563 2417 2922 2487 designatur,
2959 2419 3284 2474 secundum
3318 2419 3498 2475 illud:
3533 2421 3776 2474 Theseum:

2189 2504 2571 2561 desiderabilis
2602 2505 2911 2576 requiescit
2937 2506 2993 2560 in
3019 2523 3118 2562 ore
3143 2506 3429 2579 sapientis
3475 2508 3631 2578 (519).
3680 2504 3774 2560 Elo-

2188 2593 2426 2663 quentia
2454 2610 2588 2649 vero
2614 2593 2802 2664 ipsius
2824 2611 2926 2666 per
2946 2599 3250 2666 argentum
3278 2597 3649 2670 exprimitur;
3673 2593 3772 2664 quia

2186 2683 2520 2752 eloquentia
2542 2683 2795 2754 Domini,
2819 2683 3150 2756 eloquentia
3171 2691 3356 2753 casta,
3371 2690 3661 2758 argentum
3680 2685 3770 2755 igne

2186 2772 2581 2827 examinatum
2615 2774 2783 2844 (Psal.
2818 2791 2897 2840 x1,
2927 2775 3022 2842 9):
3056 2774 3326 2845 virtutes,
3359 2780 3420 2830 et
3447 2776 3592 2830 bona
3628 2788 3775 2845 opera.

2187 2878 2289 2931 per
2319 2861 2542 2932 lapides
2578 2863 2864 2933 pretiosos
2892 2880 2904 2929 ;
2935 2864 3235 2935 quoniam,
3269 2865 3430 2919 sicut
3453 2863 3659 2935 lapides
3684 2875 3776 2932 pre-

2185 2949 2367 3003 tiosos
2401 2950 2554 3021 ignis
2586 2967 2698 3005 non
2735 2952 3075 3022 corrumpit,
3131 2952 3212 3007 ita
3267 2953 3513 3008 virtutes
3570 2957 3621 3007 et
3668 2953 3781 3005 bona

2187 3055 2361 3110 opera
2392 3039 2546 3110 ignis
2569 3039 2968 3096 tribulationis
2995 3058 3106 3096 non
3141 3043 3462 3097 consumit.
3496 3043 3666 3112 Hujus
3681 3053 3780 3109 ergo

2186 3144 2334 3199 Opus
2365 3129 2519 3199 ignis
2550 3130 2841 3200 probabit,
2867 3129 3146 3201 quoniam
3172 3147 3286 3186 non
3304 3137 3529 3201 exuret,
3556 3131 3679 3203 quia
3697 3143 3780 3182 non

2187 3233 2255 3271 ea
2285 3217 2486 3272 dilexit
2517 3218 2575 3272 in
2611 3220 2850 3284 mundo,
2887 3236 3136 3291 quorum
3171 3219 3493 3277 amissione
3527 3219 3781 3276 crucietur.

2193 3307 2318 3362 Dies
2339 3307 2555 3380 quippe
2573 3308 2824 3375 Domini;
2843 3309 2897 3363 id
2913 3313 3020 3378 est,
3037 3309 3159 3364 dies
3173 3309 3569 3366 tribulationis
3581 3307 3781 3364 declara-

2187 3396 2274 3450 bit
2303 3395 2675 3466 splendidum
2701 3399 2829 3467 ejus
2859 3414 3027 3468 opus,
3056 3403 3118 3453 ut
3139 3403 3226 3454 est
3255 3416 3492 3466 aurum,
3524 3398 3660 3471 quod
3709 3409 3783 3465 per

2189 3485 2383 3556 ignem
2407 3485 2712 3541 transit.Et
2739 3489 2877 3558 quia
2900 3487 3273 3558 splendidum
3300 3489 3698 3556 ostendetur,et
3715 3483 3781 3537 in-

2188 3573 2460 3628 violabile
2491 3576 2876 3645 permanebit,
2903 3575 3120 3631 idcirco
3143 3579 3298 3648 quod
3329 3573 3782 3650 superaediﬁcavit,

2192 3664 2517 3718 mercedem
2545 3663 3026 3734 accipietreternaa
3052 3665 3364 3723 felicitatis.
3382 3667 3526 3723 Illud
3553 3665 3784 3722 nimirum

2191 3753 2565 3822 sumct,quod
2593 3753 2884 3823 cogitavit.
2903 3755 3242 3810 Econtrario
3269 3756 3366 3811 ille
3389 3754 3784 3823 sediﬁcatligna,

2194 3842 2412 3908 fenum,
2447 3841 2745 3913 stipulam,
2779 3843 2878 3914 qui
2909 3845 3124 3914 cogitat
3153 3862 3220 3900 ea
3250 3862 3378 3916 qua:
3415 3851 3554 3900 sunt
3602 3839 3786 3902 mundi,

2192 3931 2486 4001 quomodo
2523 3931 2741 4002 placeat
2771 3932 2934 3986 uxori
2967 3933 3014 4002 (ι
3043 3933 3166 3988 Cor.
3199 3951 3300 3998 vn,
3332 3935 3446 4001 34),
3478 3935 3534 3988 id
3566 3935 3661 3996 est,
3711 3925 3785 3997 qui

2192 4036 2259 4074 ea
2290 4026 2588 4090 operatur,
2623 4038 2750 4090 quae
2783 4022 3155 4076 abominetur
3184 4027 3356 4078 Deus.
3422 4019 3789 4078 Convenienter

2194 4125 2330 4180 ergo
2353 4125 2455 4178 per
2476 4109 2858 4180 ligna,fenum
2881 4114 2939 4164 et
2971 4111 3249 4182 stipulam
3275 4112 3648 4183 designantur
3663 4120 3793 4162 mun-

2195 4198 2356 4252 dana:
2384 4198 2786 4268 cogitationes,
2815 4203 2872 4252 et
2897 4197 3042 4253 tales
3061 4215 3258 4254 rerum
3279 4200 3640 4256 smeularium
3667 4190 3792 4263 cupi-

2195 4286 2406 4341 ditates
2431 4285 2719 4356 quin,licet
2741 4286 2858 4341 sint
2879 4286 3072 4354 licita},
3096 4289 3288 4344 amitti
3309 4293 3504 4345 tamen
3529 4287 3646 4343 sine
3663 4297 3793 4340 men-

2194 4375 2270 4430 tis
2301 4374 2497 4430 dolore
2529 4391 2642 4430 non
2677 4380 2946 4447 possunt.
2983 4377 3050 4431 Et
3089 4374 3268 4449 hujus
3299 4395 3436 4449 ergo
3495 4392 3634 4448 opus
3673 4369 3794 4443 ignis

2194 4463 2482 4536 probabit,
2518 4464 2657 4534 quia
2680 4470 2881 4520 exuret
2901 4482 3034 4520 eum
3064 4467 3230 4522 dolor
3253 4483 3449 4522 rerum
3472 4461 3792 4522 secularium

2194 4569 2342 4624 quas
2375 4552 2595 4620 dilexit,
2621 4555 2667 4607 si
2703 4554 3012 4625 contigerit
3035 4559 3099 4610 ut
3119 4571 3218 4610 eas
3238 4560 3497 4627 tempore
3516 4547 3796 4609 tribulatio-

441 4635 645 4702 ignem.
679 4636 913 4693 Salvum
945 4638 1111 4694 illum
1144 4640 1286 4696 dicit
1318 4641 1578 4697 futurum
1606 4661 1618 4710 ;
1657 4643 1795 4714 quia
1825 4661 1938 4699 non
1993 4644 2081 4698 in-
2111 4647 2160 4712 D
2194 4641 2284 4696 nis
2309 4643 2558 4696 amittat.
2584 4643 2807 4714 Quippe
2831 4661 2944 4698 non
2974 4649 3224 4715 possunt
3245 4644 3371 4700 sine
3393 4660 3598 4714 magno
3639 4633 3794 4695 amitti

442 4723 640 4779 teribit
683 4727 1034 4795 substantia,
1098 4746 1212 4800 qua
1259 4731 1547 4797 consistit,
1608 4733 1709 4786 sed
1764 4735 1892 4804 ejus
1948 4734 2084 4787 doc-

440 4813 614 4868 trina.
675 4814 784 4870 Sed
862 4818 1212 4890 notandum,
1279 4819 1416 4890 quia
1499 4837 1612 4875 non
1699 4822 1823 4876 ait:
1879 4821 2085 4878 Salvus

442 4903 554 4956 erit
584 4919 686 4973 per
719 4903 933 4975 ignem,
967 4908 1135 4975 quasi
1179 4909 1548 4964 fundamenti
1605 4911 1812 4965 merito
1862 4911 2086 4966 incom-

445 4991 656 5047 bustus
687 4993 759 5047 ab
790 4993 926 5064 igne
954 4994 1253 5066 liberetur,
1303 4999 1673 5054 examinatus
1731 5017 1833 5070 per
1889 5001 2083 5071 ignem

2194 4729 2412 4795 dolore,
2441 4748 2567 4801 quae
2590 4748 2723 4786 cum
2749 4748 2958 4804 magno
2984 4732 3436 4804 possidebantur
3451 4723 3796 4789 amore.Unde

2195 4819 2368 4892 paulo
2404 4825 2536 4891 post
2556 4821 2808 4876 dicitur:
2843 4821 2902 4877 Si
2930 4823 3091 4894 cujus
3121 4839 3252 4894 Opus
3281 4824 3499 4892 arserit,
3539 4820 3795 4876 detrimen-

2195 4919 2309 4964 tum
2337 4912 2599 4980 patietur.
2627 4912 2786 4982 Opus
2815 4912 3061 4978 ardebit,
3092 4912 3227 4982 quia
3256 4909 3585 4967 substantia
3625 4898 3797 4962 mundi

2196 5000 2433 5070 peribit:
2459 5001 2506 5055 si
2531 5017 2666 5071 ergo
2686 5001 2965 5071 perierint
2979 5019 3071 5057 res
3085 4997 3796 5068 saeculares,detrimentum
