  <div class='ocr_page' id='page_1' title='image "/cluster/home/n/w/nwhite01/storage/ocr_20150623/134/hvd.32044015471741/162.png"; bbox 0 0 3998 5278; ppageno 0'>
   <div class='ocr_carea' id='block_1_1' title="bbox 172 348 275 406">
    <p class='ocr_par' dir='ltr' id='par_1_1' title="bbox 172 348 275 406">
     <span class='ocr_line' id='line_1_1' title="bbox 172 348 275 406; baseline -0.039 1"><span class='ocrx_word' id='word_1_1' title='bbox 172 348 275 406; x_wconf 77' lang='grc'>329</span> 
     </span>
    </p>
   </div>
   <div class='ocr_carea' id='block_1_2' title="bbox 711 342 2991 410">
    <p class='ocr_par' dir='ltr' id='par_1_2' title="bbox 711 342 2991 410">
     <span class='ocr_line' id='line_1_2' title="bbox 711 342 2991 410; baseline 0.004 -11"><span class='ocrx_word' id='word_1_2' title='bbox 711 342 1127 402; x_wconf 83' lang='lat' dir='ltr'>EXPOSITIO</span> <span class='ocrx_word' id='word_1_3' title='bbox 1174 342 1247 399; x_wconf 86' lang='grc' dir='ltr'>ΙΝ</span> <span class='ocrx_word' id='word_1_4' title='bbox 1298 343 1723 403; x_wconf 80' lang='lat' dir='ltr'>EPISTOLAS</span> <span class='ocrx_word' id='word_1_5' title='bbox 1768 343 2027 405; x_wconf 77' lang='lat' dir='ltr'>PAULI.</span> <span class='ocrx_word' id='word_1_6' title='bbox 2070 379 2145 388; x_wconf 84' lang='lat'>-—-</span> <span class='ocrx_word' id='word_1_7' title='bbox 2180 349 2257 406; x_wconf 87' lang='lat' dir='ltr'>IN</span> <span class='ocrx_word' id='word_1_8' title='bbox 2304 349 2549 410; x_wconf 81' lang='lat' dir='ltr'>EPIST.</span> <span class='ocrx_word' id='word_1_9' title='bbox 2602 350 2619 406; x_wconf 92' lang='lat' dir='ltr'>l</span> <span class='ocrx_word' id='word_1_10' title='bbox 2668 350 2772 407; x_wconf 89' lang='lat' dir='ltr'><strong>AD</strong></span> <span class='ocrx_word' id='word_1_11' title='bbox 2816 349 2991 409; x_wconf 78' lang='lat' dir='ltr'>COR.</span> 
     </span>
    </p>
   </div>
   <div class='ocr_carea' id='block_1_3' title="bbox 3435 352 3555 412">
    <p class='ocr_par' dir='ltr' id='par_1_3' title="bbox 3435 352 3555 412">
     <span class='ocr_line' id='line_1_3' title="bbox 3435 352 3555 412; baseline -0.008 0"><span class='ocrx_word' id='word_1_12' title='bbox 3435 352 3555 412; x_wconf 87' lang='lat'>330</span> 
     </span>
    </p>
   </div>
   <div class='ocr_carea' id='block_1_4' title="bbox 165 471 3553 552">
    <p class='ocr_par' dir='ltr' id='par_1_4' title="bbox 165 471 3553 552">
     <span class='ocr_line' id='line_1_4' title="bbox 165 471 3553 552; baseline 0.002 -21"><span class='ocrx_word' id='word_1_13' title='bbox 165 491 285 531; x_wconf 68' lang='lat' dir='ltr'>srmo</span> <span class='ocrx_word' id='word_1_14' title='bbox 310 471 444 543; x_wconf 81' lang='lat' dir='ltr'>quod</span> <span class='ocrx_word' id='word_1_15' title='bbox 475 488 579 526; x_wconf 86' lang='lat' dir='ltr'>non</span> <span class='ocrx_word' id='word_1_16' title='bbox 610 476 739 525; x_wconf 88' lang='lat' dir='ltr'>sunt</span> <span class='ocrx_word' id='word_1_17' title='bbox 768 472 1048 543; x_wconf 70' lang='lat' dir='ltr'>condignae</span> <span class='ocrx_word' id='word_1_18' title='bbox 1092 476 1380 543; x_wconf 72' lang='lat' dir='ltr'>passiones</span> <span class='ocrx_word' id='word_1_19' title='bbox 1430 476 1588 545; x_wconf 80' lang='lat' dir='ltr'>hujus</span> <span class='ocrx_word' id='word_1_20' title='bbox 1631 492 1795 528; x_wconf 86' lang='lat' dir='ltr'>mun-</span> <span class='ocrx_word' id='word_1_21' title='bbox 1826 479 1877 541; x_wconf 80' lang='grc' dir='ltr'><strong>Α</strong></span> <span class='ocrx_word' id='word_1_22' title='bbox 1912 477 2018 529; x_wconf 84' lang='lat' dir='ltr'>Sed</span> <span class='ocrx_word' id='word_1_23' title='bbox 2056 478 2358 531; x_wconf 80' lang='lat' dir='ltr'>sciendum</span> <span class='ocrx_word' id='word_1_24' title='bbox 2393 480 2529 550; x_wconf 90' lang='lat' dir='ltr'>quia</span> <span class='ocrx_word' id='word_1_25' title='bbox 2552 496 2681 549; x_wconf 68' lang='lat' dir='ltr'>qure</span> <span class='ocrx_word' id='word_1_26' title='bbox 2715 480 2958 550; x_wconf 90' lang='lat' dir='ltr'>probare</span> <span class='ocrx_word' id='word_1_27' title='bbox 2987 480 3212 534; x_wconf 87' lang='lat' dir='ltr'>videtur</span> <span class='ocrx_word' id='word_1_28' title='bbox 3241 482 3553 552; x_wconf 80' lang='lat' dir='ltr'>Apostolus</span> 
     </span>
    </p>
   </div>
   <div class='ocr_carea' id='block_1_5' title="bbox 163 562 1805 633">
    <p class='ocr_par' dir='ltr' id='par_1_5' title="bbox 163 562 1805 633">
     <span class='ocr_line' id='line_1_5' title="bbox 163 562 1805 633; baseline -0.002 -14"><span class='ocrx_word' id='word_1_29' title='bbox 163 566 230 619; x_wconf 82' lang='lat' dir='ltr'>ait</span> <span class='ocrx_word' id='word_1_30' title='bbox 259 563 425 633; x_wconf 84' lang='lat' dir='ltr'>(Rom.</span> <span class='ocrx_word' id='word_1_31' title='bbox 456 578 579 627; x_wconf 87' lang='lat' dir='ltr'>vm,</span> <span class='ocrx_word' id='word_1_32' title='bbox 615 562 720 627; x_wconf 86' lang='grc'>18).</span> <span class='ocrx_word' id='word_1_33' title='bbox 757 565 951 615; x_wconf 77' lang='lat' dir='ltr'>Potest</span> <span class='ocrx_word' id='word_1_34' title='bbox 981 562 1157 616; x_wconf 90' lang='lat' dir='ltr'>etiam</span> <span class='ocrx_word' id='word_1_35' title='bbox 1190 562 1435 633; x_wconf 83' lang='lat' dir='ltr'>intelligi</span> <span class='ocrx_word' id='word_1_36' title='bbox 1470 568 1532 617; x_wconf 92' lang='lat' dir='ltr'>ut</span> <span class='ocrx_word' id='word_1_37' title='bbox 1562 564 1805 618; x_wconf 70' lang='lat' dir='ltr'>novissis</span> 
     </span>
    </p>
   </div>
   <div class='ocr_carea' id='block_1_6' title="bbox 167 648 1801 721">
    <p class='ocr_par' dir='ltr' id='par_1_6' title="bbox 167 648 1801 721">
     <span class='ocr_line' id='line_1_6' title="bbox 167 648 1801 721; baseline -0.001 -13"><span class='ocrx_word' id='word_1_38' title='bbox 167 669 279 708; x_wconf 88' lang='lat' dir='ltr'>mos</span> <span class='ocrx_word' id='word_1_39' title='bbox 337 648 561 719; x_wconf 82' lang='lat' dir='ltr'>dixerit,</span> <span class='ocrx_word' id='word_1_40' title='bbox 620 650 691 703; x_wconf 89' lang='lat' dir='ltr'>ad</span> <span class='ocrx_word' id='word_1_41' title='bbox 749 650 1245 719; x_wconf 89' lang='lat' dir='ltr'>comparationem</span> <span class='ocrx_word' id='word_1_42' title='bbox 1292 652 1601 721; x_wconf 82' lang='lat' dir='ltr'>priorum;</span> <span class='ocrx_word' id='word_1_43' title='bbox 1664 668 1801 706; x_wconf 89' lang='lat' dir='ltr'>nam</span> 
     </span>
    </p>
   </div>
   <div class='ocr_carea' id='block_1_7' title="bbox 166 737 1801 813">
    <p class='ocr_par' dir='ltr' id='par_1_7' title="bbox 166 737 1801 813">
     <span class='ocr_line' id='line_1_7' title="bbox 166 737 1801 813; baseline -0.001 -18"><span class='ocrx_word' id='word_1_44' title='bbox 166 757 301 813; x_wconf 91' lang='lat' dir='ltr'>quos</span> <span class='ocrx_word' id='word_1_45' title='bbox 332 738 551 809; x_wconf 90' lang='lat' dir='ltr'>primos</span> <span class='ocrx_word' id='word_1_46' title='bbox 573 737 767 809; x_wconf 84' lang='lat' dir='ltr'>elegit,</span> <span class='ocrx_word' id='word_1_47' title='bbox 792 739 1087 793; x_wconf 84' lang='lat' dir='ltr'>direxitad</span> <span class='ocrx_word' id='word_1_48' title='bbox 1118 740 1387 805; x_wconf 67' lang='lat' dir='ltr'>Judaeos;</span> <span class='ocrx_word' id='word_1_49' title='bbox 1427 757 1573 811; x_wconf 89' lang='lat' dir='ltr'>quos</span> <span class='ocrx_word' id='word_1_50' title='bbox 1604 746 1801 795; x_wconf 90' lang='lat' dir='ltr'>autem</span> 
     </span>
    </p>
   </div>
   <div class='ocr_carea' id='block_1_8' title="bbox 166 826 1797 900">
    <p class='ocr_par' dir='ltr' id='par_1_8' title="bbox 166 826 1797 900">
     <span class='ocr_line' id='line_1_8' title="bbox 166 826 1797 900; baseline -0.001 -15"><span class='ocrx_word' id='word_1_51' title='bbox 166 826 513 892; x_wconf 86' lang='lat' dir='ltr'>novissimos,</span> <span class='ocrx_word' id='word_1_52' title='bbox 566 826 880 881; x_wconf 72' lang='lat' dir='ltr'>destinavit</span> <span class='ocrx_word' id='word_1_53' title='bbox 928 828 999 882; x_wconf 91' lang='lat' dir='ltr'>ad</span> <span class='ocrx_word' id='word_1_54' title='bbox 1049 833 1302 899; x_wconf 85' lang='lat' dir='ltr'>gentes;</span> <span class='ocrx_word' id='word_1_55' title='bbox 1362 828 1609 900; x_wconf 88' lang='lat' dir='ltr'>ideoque</span> <span class='ocrx_word' id='word_1_56' title='bbox 1670 830 1797 884; x_wconf 82' lang='lat' dir='ltr'>ait:</span> 
     </span>
    </p>
   </div>
   <div class='ocr_carea' id='block_1_9' title="bbox 166 917 1801 987">
    <p class='ocr_par' dir='ltr' id='par_1_9' title="bbox 166 917 1801 987">
     <span class='ocr_line' id='line_1_9' title="bbox 166 917 1801 987; baseline 0.001 -16"><span class='ocrx_word' id='word_1_57' title='bbox 166 925 458 987; x_wconf 84' lang='lat' dir='ltr'>Tamquam</span> <span class='ocrx_word' id='word_1_58' title='bbox 488 917 656 969; x_wconf 83' lang='lat' dir='ltr'>morti</span> <span class='ocrx_word' id='word_1_59' title='bbox 678 917 999 983; x_wconf 75' lang='lat' dir='ltr'>destinatos,</span> <span class='ocrx_word' id='word_1_60' title='bbox 1036 918 1090 970; x_wconf 92' lang='lat' dir='ltr'>id</span> <span class='ocrx_word' id='word_1_61' title='bbox 1144 923 1255 979; x_wconf 86' lang='lat' dir='ltr'>est,</span> <span class='ocrx_word' id='word_1_62' title='bbox 1304 918 1375 971; x_wconf 91' lang='lat' dir='ltr'>ad</span> <span class='ocrx_word' id='word_1_63' title='bbox 1411 922 1684 982; x_wconf 90' lang='lat' dir='ltr'>mortem,</span> <span class='ocrx_word' id='word_1_64' title='bbox 1730 919 1801 973; x_wconf 89' lang='lat' dir='ltr'>ad</span> 
     </span>
    </p>
   </div>
   <div class='ocr_carea' id='block_1_10' title="bbox 166 1006 1334 1079">
    <p class='ocr_par' dir='ltr' id='par_1_10' title="bbox 166 1006 1334 1079">
     <span class='ocr_line' id='line_1_10' title="bbox 166 1006 1334 1079; baseline -0.003 -15"><span class='ocrx_word' id='word_1_65' title='bbox 166 1006 449 1079; x_wconf 84' lang='lat' dir='ltr'>supplicia,</span> <span class='ocrx_word' id='word_1_66' title='bbox 482 1006 555 1060; x_wconf 90' lang='lat' dir='ltr'>ad</span> <span class='ocrx_word' id='word_1_67' title='bbox 588 1007 1021 1077; x_wconf 83' lang='lat' dir='ltr'>persecutiones</span> <span class='ocrx_word' id='word_1_68' title='bbox 1052 1008 1334 1063; x_wconf 79' lang='lat' dir='ltr'>diversas.</span> 
     </span>
    </p>
   </div>
   <div class='ocr_carea' id='block_1_11' title="bbox 230 1096 1803 1166">
    <p class='ocr_par' dir='ltr' id='par_1_11' title="bbox 230 1096 1803 1166">
     <span class='ocr_line' id='line_1_11' title="bbox 230 1096 1803 1166; baseline 0.001 -17"><span class='ocrx_word' id='word_1_69' title='bbox 230 1097 350 1163; x_wconf 81' lang='lat' dir='ltr'>Quia</span> <span class='ocrx_word' id='word_1_70' title='bbox 400 1097 768 1164; x_wconf 77' lang='lat' dir='ltr'>spectaculum</span> <span class='ocrx_word' id='word_1_71' title='bbox 822 1098 960 1166; x_wconf 84' lang='lat' dir='ltr'>facti</span> <span class='ocrx_word' id='word_1_72' title='bbox 1014 1114 1205 1151; x_wconf 88' lang='lat' dir='ltr'>sumus</span> <span class='ocrx_word' id='word_1_73' title='bbox 1266 1097 1489 1152; x_wconf 82' lang='lat' dir='ltr'>mundo.</span> <span class='ocrx_word' id='word_1_74' title='bbox 1547 1096 1697 1151; x_wconf 88' lang='lat' dir='ltr'>Elias</span> <span class='ocrx_word' id='word_1_75' title='bbox 1748 1100 1803 1151; x_wconf 89' lang='lat' dir='ltr'>et</span> 
     </span>
    </p>
   </div>
   <div class='ocr_carea' id='block_1_12' title="bbox 168 1183 1801 1254">
    <p class='ocr_par' dir='ltr' id='par_1_12' title="bbox 168 1183 1801 1254">
     <span class='ocr_line' id='line_1_12' title="bbox 168 1183 1801 1254; baseline -0.001 -14"><span class='ocrx_word' id='word_1_76' title='bbox 168 1183 378 1240; x_wconf 89' lang='lat' dir='ltr'>Henoch</span> <span class='ocrx_word' id='word_1_77' title='bbox 440 1186 583 1238; x_wconf 89' lang='lat' dir='ltr'>adeo</span> <span class='ocrx_word' id='word_1_78' title='bbox 641 1184 1042 1254; x_wconf 83' lang='lat' dir='ltr'>spectaculum</span> <span class='ocrx_word' id='word_1_79' title='bbox 1076 1190 1247 1239; x_wconf 90' lang='lat' dir='ltr'>erunt</span> <span class='ocrx_word' id='word_1_80' title='bbox 1274 1186 1330 1239; x_wconf 90' lang='lat' dir='ltr'>in</span> <span class='ocrx_word' id='word_1_81' title='bbox 1365 1187 1612 1253; x_wconf 92' lang='lat' dir='ltr'>mundo,</span> <span class='ocrx_word' id='word_1_82' title='bbox 1646 1192 1710 1239; x_wconf 92' lang='lat' dir='ltr'>ut</span> <span class='ocrx_word' id='word_1_83' title='bbox 1742 1186 1801 1239; x_wconf 90' lang='lat' dir='ltr'>in</span> 
     </span>
    </p>
   </div>
   <div class='ocr_carea' id='block_1_13' title="bbox 163 1273 1804 1345">
    <p class='ocr_par' dir='ltr' id='par_1_13' title="bbox 163 1273 1804 1345">
     <span class='ocr_line' id='line_1_13' title="bbox 163 1273 1804 1345; baseline -0.001 -15"><span class='ocrx_word' id='word_1_84' title='bbox 163 1277 453 1345; x_wconf 87' lang='lat' dir='ltr'>conspectu</span> <span class='ocrx_word' id='word_1_85' title='bbox 486 1273 667 1327; x_wconf 84' lang='lat' dir='ltr'>totius</span> <span class='ocrx_word' id='word_1_86' title='bbox 701 1273 895 1344; x_wconf 89' lang='lat' dir='ltr'>populi</span> <span class='ocrx_word' id='word_1_87' title='bbox 922 1273 1175 1328; x_wconf 89' lang='lat' dir='ltr'>inﬁdelis</span> <span class='ocrx_word' id='word_1_88' title='bbox 1208 1274 1571 1343; x_wconf 84' lang='lat' dir='ltr'>occidantur,</span> <span class='ocrx_word' id='word_1_89' title='bbox 1598 1280 1653 1329; x_wconf 91' lang='lat' dir='ltr'>et</span> <span class='ocrx_word' id='word_1_90' title='bbox 1683 1291 1804 1328; x_wconf 90' lang='lat' dir='ltr'>cor-</span> 
     </span>
    </p>
   </div>
   <div class='ocr_carea' id='block_1_14' title="bbox 162 1360 1800 1435">
    <p class='ocr_par' dir='ltr' id='par_1_14' title="bbox 162 1360 1800 1435">
     <span class='ocr_line' id='line_1_14' title="bbox 162 1360 1800 1435; baseline -0.001 -18"><span class='ocrx_word' id='word_1_91' title='bbox 162 1379 284 1435; x_wconf 88' lang='lat' dir='ltr'>pora</span> <span class='ocrx_word' id='word_1_92' title='bbox 311 1377 512 1416; x_wconf 89' lang='lat' dir='ltr'>eorum</span> <span class='ocrx_word' id='word_1_93' title='bbox 545 1360 927 1431; x_wconf 80' lang='lat' dir='ltr'>projiciantur</span> <span class='ocrx_word' id='word_1_94' title='bbox 957 1362 1014 1415; x_wconf 90' lang='lat' dir='ltr'>in</span> <span class='ocrx_word' id='word_1_95' title='bbox 1048 1361 1235 1431; x_wconf 81' lang='lat' dir='ltr'>platea</span> <span class='ocrx_word' id='word_1_96' title='bbox 1266 1363 1337 1416; x_wconf 89' lang='lat' dir='ltr'>ad</span> <span class='ocrx_word' id='word_1_97' title='bbox 1388 1362 1800 1417; x_wconf 83' lang='lat' dir='ltr'>confusionem</span> 
     </span>
    </p>
   </div>
   <div class='ocr_carea' id='block_1_15' title="bbox 162 1449 1804 1520">
    <p class='ocr_par' dir='ltr' id='par_1_15' title="bbox 162 1449 1804 1520">
     <span class='ocr_line' id='line_1_15' title="bbox 162 1449 1804 1520; baseline 0 -14"><span class='ocrx_word' id='word_1_98' title='bbox 162 1450 418 1507; x_wconf 91' lang='lat' dir='ltr'>ﬁdelium.</span> <span class='ocrx_word' id='word_1_99' title='bbox 474 1449 568 1505; x_wconf 90' lang='lat' dir='ltr'>Sic</span> <span class='ocrx_word' id='word_1_100' title='bbox 624 1450 904 1504; x_wconf 79' lang='lat' dir='ltr'>nimirum</span> <span class='ocrx_word' id='word_1_101' title='bbox 937 1450 1185 1520; x_wconf 81' lang='lat' dir='ltr'>apostoli</span> <span class='ocrx_word' id='word_1_102' title='bbox 1232 1451 1631 1520; x_wconf 86' lang='lat' dir='ltr'>spectaculum</span> <span class='ocrx_word' id='word_1_103' title='bbox 1666 1452 1804 1507; x_wconf 87' lang='lat' dir='ltr'>facti</span> 
     </span>
    </p>
   </div>
   <div class='ocr_carea' id='block_1_16' title="bbox 161 1538 1801 1610">
    <p class='ocr_par' dir='ltr' id='par_1_16' title="bbox 161 1538 1801 1610">
     <span class='ocr_line' id='line_1_16' title="bbox 161 1538 1801 1610; baseline -0.002 -14"><span class='ocrx_word' id='word_1_104' title='bbox 161 1544 279 1596; x_wconf 88' lang='lat' dir='ltr'>sunt</span> <span class='ocrx_word' id='word_1_105' title='bbox 298 1538 690 1605; x_wconf 90' lang='lat' dir='ltr'>mundo,dum</span> <span class='ocrx_word' id='word_1_106' title='bbox 715 1539 775 1593; x_wconf 92' lang='lat' dir='ltr'>in</span> <span class='ocrx_word' id='word_1_107' title='bbox 803 1545 1119 1610; x_wconf 75' lang='lat' dir='ltr'>conspectu</span> <span class='ocrx_word' id='word_1_108' title='bbox 1146 1538 1559 1593; x_wconf 89' lang='lat' dir='ltr'>insultantium</span> <span class='ocrx_word' id='word_1_109' title='bbox 1594 1544 1801 1593; x_wconf 91' lang='lat' dir='ltr'>contu-</span> 
     </span>
    </p>
   </div>
   <div class='ocr_carea' id='block_1_17' title="bbox 164 1628 1802 1685">
    <p class='ocr_par' dir='ltr' id='par_1_17' title="bbox 164 1628 1802 1685">
     <span class='ocr_line' id='line_1_17' title="bbox 164 1628 1802 1685; baseline -0.002 0"><span class='ocrx_word' id='word_1_110' title='bbox 164 1629 329 1685; x_wconf 87' lang='lat' dir='ltr'>meliis</span> <span class='ocrx_word' id='word_1_111' title='bbox 359 1632 416 1683; x_wconf 90' lang='lat' dir='ltr'>et</span> <span class='ocrx_word' id='word_1_112' title='bbox 449 1628 810 1683; x_wconf 82' lang='lat' dir='ltr'>cruciatibus</span> <span class='ocrx_word' id='word_1_113' title='bbox 843 1632 981 1683; x_wconf 90' lang='lat' dir='ltr'>sunt</span> <span class='ocrx_word' id='word_1_114' title='bbox 1010 1628 1219 1683; x_wconf 77' lang='lat' dir='ltr'>att‘ecti.</span> <span class='ocrx_word' id='word_1_115' title='bbox 1279 1628 1482 1683; x_wconf 82' lang='lat' dir='ltr'>Mundo</span> <span class='ocrx_word' id='word_1_116' title='bbox 1512 1628 1655 1683; x_wconf 88' lang='lat' dir='ltr'>dicit</span> <span class='ocrx_word' id='word_1_117' title='bbox 1687 1644 1802 1682; x_wconf 92' lang='lat' dir='ltr'>non</span> 
     </span>
    </p>
   </div>
   <div class='ocr_carea' id='block_1_18' title="bbox 162 1716 1806 1787">
    <p class='ocr_par' dir='ltr' id='par_1_18' title="bbox 162 1716 1806 1787">
     <span class='ocr_line' id='line_1_18' title="bbox 162 1716 1806 1787; baseline -0.002 -14"><span class='ocrx_word' id='word_1_118' title='bbox 162 1718 284 1773; x_wconf 66' lang='lat' dir='ltr'>coelo</span> <span class='ocrx_word' id='word_1_119' title='bbox 316 1722 369 1772; x_wconf 89' lang='lat' dir='ltr'>et</span> <span class='ocrx_word' id='word_1_120' title='bbox 399 1721 594 1782; x_wconf 59' lang='lat' dir='ltr'>terra),</span> <span class='ocrx_word' id='word_1_121' title='bbox 630 1716 729 1771; x_wconf 91' lang='lat' dir='ltr'>sed</span> <span class='ocrx_word' id='word_1_122' title='bbox 774 1716 1176 1771; x_wconf 81' lang='lat' dir='ltr'>habitantibus</span> <span class='ocrx_word' id='word_1_123' title='bbox 1209 1717 1534 1781; x_wconf 88' lang='lat' dir='ltr'>mundum;</span> <span class='ocrx_word' id='word_1_124' title='bbox 1569 1721 1806 1787; x_wconf 80' lang='lat' dir='ltr'>propter</span> 
     </span>
    </p>
   </div>
   <div class='ocr_carea' id='block_1_19' title="bbox 1912 568 3557 639">
    <p class='ocr_par' dir='ltr' id='par_1_19' title="bbox 1912 568 3557 639">
     <span class='ocr_line' id='line_1_19' title="bbox 1912 568 3557 639; baseline 0.005 -21"><span class='ocrx_word' id='word_1_125' title='bbox 1912 570 2114 635; x_wconf 88' lang='lat' dir='ltr'>negat;</span> <span class='ocrx_word' id='word_1_126' title='bbox 2152 572 2208 620; x_wconf 89' lang='lat' dir='ltr'>et</span> <span class='ocrx_word' id='word_1_127' title='bbox 2239 584 2363 638; x_wconf 62' lang='lat' dir='ltr'>quae</span> <span class='ocrx_word' id='word_1_128' title='bbox 2400 584 2608 639; x_wconf 86' lang='lat' dir='ltr'>negare</span> <span class='ocrx_word' id='word_1_129' title='bbox 2649 568 2876 622; x_wconf 89' lang='lat' dir='ltr'>videtur</span> <span class='ocrx_word' id='word_1_130' title='bbox 2907 568 3132 638; x_wconf 81' lang='lat' dir='ltr'>probat.</span> <span class='ocrx_word' id='word_1_131' title='bbox 3184 568 3373 624; x_wconf 82' lang='lat' dir='ltr'>Verba</span> <span class='ocrx_word' id='word_1_132' title='bbox 3401 573 3557 626; x_wconf 86' lang='lat' dir='ltr'>enim</span> 
     </span>
    </p>
   </div>
   <div class='ocr_carea' id='block_1_20' title="bbox 1911 654 3562 727">
    <p class='ocr_par' dir='ltr' id='par_1_20' title="bbox 1911 654 3562 727">
     <span class='ocr_line' id='line_1_20' title="bbox 1911 654 3562 727; baseline 0.003 -19"><span class='ocrx_word' id='word_1_133' title='bbox 1911 659 2049 708; x_wconf 89' lang='lat' dir='ltr'>sunt</span> <span class='ocrx_word' id='word_1_134' title='bbox 2126 654 2502 726; x_wconf 86' lang='lat' dir='ltr'>increpantis,</span> <span class='ocrx_word' id='word_1_135' title='bbox 2580 656 2678 726; x_wconf 88' lang='lat' dir='ltr'>qui</span> <span class='ocrx_word' id='word_1_136' title='bbox 2757 656 3065 710; x_wconf 84' lang='lat' dir='ltr'>conﬁtetur</span> <span class='ocrx_word' id='word_1_137' title='bbox 3145 658 3430 727; x_wconf 87' lang='lat' dir='ltr'>negando,</span> <span class='ocrx_word' id='word_1_138' title='bbox 3504 663 3562 714; x_wconf 89' lang='lat' dir='ltr'>et</span> 
     </span>
    </p>
   </div>
   <div class='ocr_carea' id='block_1_21' title="bbox 1911 744 3563 815">
    <p class='ocr_par' dir='ltr' id='par_1_21' title="bbox 1911 744 3563 815">
     <span class='ocr_line' id='line_1_21' title="bbox 1911 744 3563 815; baseline 0.004 -19"><span class='ocrx_word' id='word_1_139' title='bbox 1911 744 2241 797; x_wconf 87' lang='lat' dir='ltr'>conﬁtendo</span> <span class='ocrx_word' id='word_1_140' title='bbox 2310 749 2501 814; x_wconf 87' lang='lat' dir='ltr'>negat,</span> <span class='ocrx_word' id='word_1_141' title='bbox 2602 745 2818 815; x_wconf 88' lang='lat' dir='ltr'>quippe</span> <span class='ocrx_word' id='word_1_142' title='bbox 2904 761 3001 815; x_wconf 88' lang='lat' dir='ltr'>per</span> <span class='ocrx_word' id='word_1_143' title='bbox 3074 744 3321 800; x_wconf 84' lang='lat' dir='ltr'>ironiam</span> <span class='ocrx_word' id='word_1_144' title='bbox 3407 747 3563 802; x_wconf 84' lang='lat' dir='ltr'>dicta</span> 
     </span>
    </p>
   </div>
   <div class='ocr_carea' id='block_1_22' title="bbox 1913 837 2071 886">
    <p class='ocr_par' dir='ltr' id='par_1_22' title="bbox 1913 837 2071 886">
     <span class='ocr_line' id='line_1_22' title="bbox 1913 837 2071 886; baseline 0 -1"><span class='ocrx_word' id='word_1_145' title='bbox 1913 837 2071 886; x_wconf 90' lang='lat' dir='ltr'>sunt.</span> 
     </span>
    </p>
   </div>
   <div class='ocr_carea' id='block_1_23' title="bbox 1988 938 3563 1010">
    <p class='ocr_par' dir='ltr' id='par_1_23' title="bbox 1988 938 3563 1010">
     <span class='ocr_line' id='line_1_23' title="bbox 1988 938 3563 1010; baseline 0.001 -17"><span class='ocrx_word' id='word_1_146' title='bbox 1988 940 2162 1008; x_wconf 87' lang='lat' dir='ltr'>Usque</span> <span class='ocrx_word' id='word_1_147' title='bbox 2186 939 2241 993; x_wconf 84' lang='lat' dir='ltr'>in</span> <span class='ocrx_word' id='word_1_148' title='bbox 2275 938 2414 993; x_wconf 87' lang='lat' dir='ltr'>hanc</span> <span class='ocrx_word' id='word_1_149' title='bbox 2440 939 2629 992; x_wconf 84' lang='lat' dir='ltr'>horam</span> <span class='ocrx_word' id='word_1_150' title='bbox 2654 955 2666 1003; x_wconf 91' lang='lat'><strong>;</strong></span> <span class='ocrx_word' id='word_1_151' title='bbox 2694 955 2879 1008; x_wconf 89' lang='lat' dir='ltr'>usque</span> <span class='ocrx_word' id='word_1_152' title='bbox 2910 939 2979 992; x_wconf 90' lang='lat' dir='ltr'>ad</span> <span class='ocrx_word' id='word_1_153' title='bbox 3005 939 3113 994; x_wconf 91' lang='lat' dir='ltr'>hoc</span> <span class='ocrx_word' id='word_1_154' title='bbox 3135 939 3451 1010; x_wconf 89' lang='lat' dir='ltr'>tempus,id</span> <span class='ocrx_word' id='word_1_155' title='bbox 3474 943 3563 995; x_wconf 86' lang='lat' dir='ltr'>est</span> 
     </span>
    </p>
   </div>
   <div class='ocr_carea' id='block_1_24' title="bbox 1911 1027 3562 1098">
    <p class='ocr_par' dir='ltr' id='par_1_24' title="bbox 1911 1027 3562 1098">
     <span class='ocr_line' id='line_1_24' title="bbox 1911 1027 3562 1098; baseline 0.001 -17"><span class='ocrx_word' id='word_1_156' title='bbox 1911 1027 2086 1081; x_wconf 89' lang='lat' dir='ltr'>etiam</span> <span class='ocrx_word' id='word_1_157' title='bbox 2121 1029 2273 1097; x_wconf 89' lang='lat' dir='ltr'>apud</span> <span class='ocrx_word' id='word_1_158' title='bbox 2307 1044 2427 1095; x_wconf 87' lang='lat' dir='ltr'>vos,</span> <span class='ocrx_word' id='word_1_159' title='bbox 2459 1032 2511 1081; x_wconf 86' lang='lat' dir='ltr'>et</span> <span class='ocrx_word' id='word_1_160' title='bbox 2543 1028 2835 1091; x_wconf 73' lang='lat' dir='ltr'>esurimus,</span> <span class='ocrx_word' id='word_1_161' title='bbox 2866 1030 2916 1081; x_wconf 87' lang='lat' dir='ltr'>et</span> <span class='ocrx_word' id='word_1_162' title='bbox 2960 1028 3193 1098; x_wconf 87' lang='lat' dir='ltr'>sitimus,</span> <span class='ocrx_word' id='word_1_163' title='bbox 3226 1036 3277 1083; x_wconf 87' lang='lat' dir='ltr'>et</span> <span class='ocrx_word' id='word_1_164' title='bbox 3302 1027 3441 1082; x_wconf 85' lang='lat' dir='ltr'>nudi</span> <span class='ocrx_word' id='word_1_165' title='bbox 3468 1045 3562 1082; x_wconf 84' lang='lat' dir='ltr'>su-</span> 
     </span>
    </p>
   </div>
   <div class='ocr_carea' id='block_1_25' title="bbox 1912 1116 3564 1187">
    <p class='ocr_par' dir='ltr' id='par_1_25' title="bbox 1912 1116 3564 1187">
     <span class='ocr_line' id='line_1_25' title="bbox 1912 1116 3564 1187; baseline 0.002 -20"><span class='ocrx_word' id='word_1_166' title='bbox 1912 1132 2050 1180; x_wconf 79' lang='lat' dir='ltr'>mus,</span> <span class='ocrx_word' id='word_1_167' title='bbox 2084 1122 2135 1169; x_wconf 82' lang='lat' dir='ltr'>et</span> <span class='ocrx_word' id='word_1_168' title='bbox 2167 1116 2413 1187; x_wconf 78' lang='lat' dir='ltr'>colaphis</span> <span class='ocrx_word' id='word_1_169' title='bbox 2462 1118 2761 1179; x_wconf 62' lang='lat' dir='ltr'>caedimur,</span> <span class='ocrx_word' id='word_1_170' title='bbox 2807 1118 2855 1169; x_wconf 88' lang='lat' dir='ltr'>et</span> <span class='ocrx_word' id='word_1_171' title='bbox 2913 1116 3196 1170; x_wconf 78' lang='lat' dir='ltr'>instabiles</span> <span class='ocrx_word' id='word_1_172' title='bbox 3251 1133 3456 1185; x_wconf 89' lang='lat' dir='ltr'>sumus,</span> <span class='ocrx_word' id='word_1_173' title='bbox 3511 1120 3564 1171; x_wconf 85' lang='lat' dir='ltr'>et</span> 
     </span>
    </p>
   </div>
   <div class='ocr_carea' id='block_1_26' title="bbox 1912 1204 3565 1275">
    <p class='ocr_par' dir='ltr' id='par_1_26' title="bbox 1912 1204 3565 1275">
     <span class='ocr_line' id='line_1_26' title="bbox 1912 1204 3565 1275; baseline 0.001 -18"><span class='ocrx_word' id='word_1_174' title='bbox 1912 1204 2225 1259; x_wconf 80' lang='lat' dir='ltr'>laboramus</span> <span class='ocrx_word' id='word_1_175' title='bbox 2256 1213 2536 1275; x_wconf 84' lang='lat' dir='ltr'>cperantes</span> <span class='ocrx_word' id='word_1_176' title='bbox 2568 1206 2829 1258; x_wconf 82' lang='lat' dir='ltr'>manibus</span> <span class='ocrx_word' id='word_1_177' title='bbox 2859 1204 3075 1259; x_wconf 82' lang='lat' dir='ltr'>nostris.</span> <span class='ocrx_word' id='word_1_178' title='bbox 3110 1204 3393 1275; x_wconf 86' lang='lat' dir='ltr'>Apostoli,</span> <span class='ocrx_word' id='word_1_179' title='bbox 3426 1204 3565 1275; x_wconf 84' lang='lat' dir='ltr'>quia</span> 
     </span>
    </p>
   </div>
   <div class='ocr_carea' id='block_1_27' title="bbox 1913 1291 3563 1348">
    <p class='ocr_par' dir='ltr' id='par_1_27' title="bbox 1913 1291 3563 1348">
     <span class='ocr_line' id='line_1_27' title="bbox 1913 1291 3563 1348; baseline 0.001 -3"><span class='ocrx_word' id='word_1_180' title='bbox 1913 1292 2039 1347; x_wconf 88' lang='lat' dir='ltr'>sine</span> <span class='ocrx_word' id='word_1_181' title='bbox 2100 1292 2437 1347; x_wconf 86' lang='lat' dir='ltr'>adulatione</span> <span class='ocrx_word' id='word_1_182' title='bbox 2494 1298 2549 1347; x_wconf 92' lang='lat' dir='ltr'>et</span> <span class='ocrx_word' id='word_1_183' title='bbox 2596 1293 2919 1348; x_wconf 83' lang='lat' dir='ltr'>secundum</span> <span class='ocrx_word' id='word_1_184' title='bbox 2981 1293 3155 1347; x_wconf 90' lang='lat' dir='ltr'>ﬁdem</span> <span class='ocrx_word' id='word_1_185' title='bbox 3215 1291 3563 1347; x_wconf 85' lang='lat' dir='ltr'>catholicam</span> 
     </span>
    </p>
   </div>
   <div class='ocr_carea' id='block_1_28' title="bbox 1911 1381 3568 1453">
    <p class='ocr_par' dir='ltr' id='par_1_28' title="bbox 1911 1381 3568 1453">
     <span class='ocr_line' id='line_1_28' title="bbox 1911 1381 3568 1453; baseline 0.002 -19"><span class='ocrx_word' id='word_1_186' title='bbox 1911 1381 2203 1435; x_wconf 90' lang='lat' dir='ltr'>Christum</span> <span class='ocrx_word' id='word_1_187' title='bbox 2245 1383 2658 1452; x_wconf 65' lang='lat' dir='ltr'>praedicabant,</span> <span class='ocrx_word' id='word_1_188' title='bbox 2684 1382 2921 1453; x_wconf 82' lang='lat' dir='ltr'>gratiosi</span> <span class='ocrx_word' id='word_1_189' title='bbox 2957 1398 3070 1436; x_wconf 91' lang='lat' dir='ltr'>non</span> <span class='ocrx_word' id='word_1_190' title='bbox 3102 1388 3288 1449; x_wconf 89' lang='lat' dir='ltr'>erant,</span> <span class='ocrx_word' id='word_1_191' title='bbox 3322 1381 3568 1453; x_wconf 84' lang='lat' dir='ltr'>ideoque</span> 
     </span>
    </p>
   </div>
   <div class='ocr_carea' id='block_1_29' title="bbox 1913 1470 3565 1541">
    <p class='ocr_par' dir='ltr' id='par_1_29' title="bbox 1913 1470 3565 1541">
     <span class='ocr_line' id='line_1_29' title="bbox 1913 1470 3565 1541; baseline 0.001 -17"><span class='ocrx_word' id='word_1_192' title='bbox 1913 1470 2061 1524; x_wconf 88' lang='lat' dir='ltr'>nihil</span> <span class='ocrx_word' id='word_1_193' title='bbox 2096 1472 2166 1524; x_wconf 90' lang='lat' dir='ltr'>ab</span> <span class='ocrx_word' id='word_1_194' title='bbox 2201 1472 2568 1525; x_wconf 90' lang='lat' dir='ltr'>auditoribus</span> <span class='ocrx_word' id='word_1_195' title='bbox 2586 1471 2949 1541; x_wconf 91' lang='lat' dir='ltr'>accipiebant</span> <span class='ocrx_word' id='word_1_196' title='bbox 2986 1472 3137 1526; x_wconf 89' lang='lat' dir='ltr'>unde</span> <span class='ocrx_word' id='word_1_197' title='bbox 3163 1476 3565 1526; x_wconf 89' lang='lat' dir='ltr'>sustentaren-</span> 
     </span>
    </p>
   </div>
   <div class='ocr_carea' id='block_1_30' title="bbox 1915 1559 3564 1630">
    <p class='ocr_par' dir='ltr' id='par_1_30' title="bbox 1915 1559 3564 1630">
     <span class='ocr_line' id='line_1_30' title="bbox 1915 1559 3564 1630; baseline 0.001 -18"><span class='ocrx_word' id='word_1_198' title='bbox 1915 1563 2048 1623; x_wconf 89' lang='lat' dir='ltr'>tur;</span> <span class='ocrx_word' id='word_1_199' title='bbox 2083 1576 2145 1613; x_wconf 91' lang='lat' dir='ltr'>ac</span> <span class='ocrx_word' id='word_1_200' title='bbox 2180 1576 2280 1630; x_wconf 91' lang='lat' dir='ltr'>per</span> <span class='ocrx_word' id='word_1_201' title='bbox 2312 1559 2417 1614; x_wconf 91' lang='lat' dir='ltr'>hoc</span> <span class='ocrx_word' id='word_1_202' title='bbox 2449 1560 3171 1627; x_wconf 86' lang='lat' dir='ltr'>esuriebant,sitiebant,et</span> <span class='ocrx_word' id='word_1_203' title='bbox 3199 1560 3341 1615; x_wconf 87' lang='lat' dir='ltr'>nudi</span> <span class='ocrx_word' id='word_1_204' title='bbox 3362 1563 3564 1627; x_wconf 88' lang='lat' dir='ltr'>erant;</span> 
     </span>
    </p>
   </div>
   <div class='ocr_carea' id='block_1_31' title="bbox 1915 1647 3569 1720">
    <p class='ocr_par' dir='ltr' id='par_1_31' title="bbox 1915 1647 3569 1720">
     <span class='ocr_line' id='line_1_31' title="bbox 1915 1647 3569 1720; baseline 0.001 -19"><span class='ocrx_word' id='word_1_205' title='bbox 1915 1647 2175 1718; x_wconf 86' lang='lat' dir='ltr'>colaphis</span> <span class='ocrx_word' id='word_1_206' title='bbox 2191 1650 2364 1702; x_wconf 91' lang='lat' dir='ltr'>etiam</span> <span class='ocrx_word' id='word_1_207' title='bbox 2378 1648 2917 1718; x_wconf 71' lang='lat' dir='ltr'>czedebantur,quia</span> <span class='ocrx_word' id='word_1_208' title='bbox 2930 1648 3160 1720; x_wconf 90' lang='lat' dir='ltr'>publice</span> <span class='ocrx_word' id='word_1_209' title='bbox 3174 1648 3569 1703; x_wconf 90' lang='lat' dir='ltr'>irridebantur</span> 
     </span>
    </p>
   </div>
   <div class='ocr_carea' id='block_1_32' title="bbox 1915 1736 3571 1808">
    <p class='ocr_par' dir='ltr' id='par_1_32' title="bbox 1915 1736 3571 1808">
     <span class='ocr_line' id='line_1_32' title="bbox 1915 1736 3571 1808; baseline 0 -17"><span class='ocrx_word' id='word_1_210' title='bbox 1915 1740 1971 1791; x_wconf 89' lang='lat' dir='ltr'>et</span> <span class='ocrx_word' id='word_1_211' title='bbox 1990 1738 2511 1807; x_wconf 83' lang='lat' dir='ltr'>exprobrabantur.</span> <span class='ocrx_word' id='word_1_212' title='bbox 2533 1736 2841 1791; x_wconf 81' lang='lat' dir='ltr'>Instabiles</span> <span class='ocrx_word' id='word_1_213' title='bbox 2863 1737 3196 1808; x_wconf 88' lang='lat' dir='ltr'>erant,quia</span> <span class='ocrx_word' id='word_1_214' title='bbox 3212 1736 3571 1808; x_wconf 80' lang='lat' dir='ltr'>fugabantur</span> 
     </span>
    </p>
   </div>
   <div class='ocr_carea' id='block_1_33' title="bbox 163 1805 1804 1907">
    <p class='ocr_par' dir='ltr' id='par_1_33' title="bbox 163 1805 1799 1877">
     <span class='ocr_line' id='line_1_33' title="bbox 163 1805 1799 1877; baseline -0.001 -17"><span class='ocrx_word' id='word_1_215' title='bbox 163 1807 293 1877; x_wconf 91' lang='lat' dir='ltr'>quod</span> <span class='ocrx_word' id='word_1_216' title='bbox 323 1822 643 1877; x_wconf 83' lang='lat' dir='ltr'>exponens,</span> <span class='ocrx_word' id='word_1_217' title='bbox 678 1805 931 1876; x_wconf 86' lang='lat' dir='ltr'>subjecit</span> <span class='ocrx_word' id='word_1_218' title='bbox 965 1822 975 1858; x_wconf 92' lang='lat'><strong>:</strong></span> <span class='ocrx_word' id='word_1_219' title='bbox 1023 1809 1088 1860; x_wconf 86' lang='lat' dir='ltr'>Et</span> <span class='ocrx_word' id='word_1_220' title='bbox 1116 1805 1350 1873; x_wconf 77' lang='lat' dir='ltr'>angelis,</span> <span class='ocrx_word' id='word_1_221' title='bbox 1383 1810 1432 1860; x_wconf 88' lang='lat' dir='ltr'>et</span> <span class='ocrx_word' id='word_1_222' title='bbox 1466 1805 1799 1859; x_wconf 83' lang='lat' dir='ltr'>hominibus.</span> 
     </span>
    </p>
   </div>
   <div class='ocr_carea' id='block_1_34' title="bbox 1922 1805 3569 1907">
    <p class='ocr_par' dir='ltr' id='par_1_34' title="bbox 1922 1805 3569 1890">
     <span class='ocr_line' id='line_1_34' title="bbox 1922 1805 3569 1890; baseline 0.001 -11"><span class='ocrx_word' id='word_1_223' title='bbox 1922 1826 1985 1879; x_wconf 82' lang='lat' dir='ltr'>ab</span> <span class='ocrx_word' id='word_1_224' title='bbox 2018 1805 2355 1879; x_wconf 79' lang='lat' dir='ltr'>inﬁdelibus</span> <span class='ocrx_word' id='word_1_225' title='bbox 2387 1826 2456 1879; x_wconf 93' lang='lat' dir='ltr'>de</span> <span class='ocrx_word' id='word_1_226' title='bbox 2488 1825 2612 1880; x_wconf 93' lang='lat' dir='ltr'>loco</span> <span class='ocrx_word' id='word_1_227' title='bbox 2645 1827 2701 1880; x_wconf 90' lang='lat' dir='ltr'>in</span> <span class='ocrx_word' id='word_1_228' title='bbox 2734 1825 2951 1890; x_wconf 91' lang='lat' dir='ltr'>locum,</span> <span class='ocrx_word' id='word_1_229' title='bbox 2986 1842 3056 1880; x_wconf 92' lang='lat' dir='ltr'>ne</span> <span class='ocrx_word' id='word_1_230' title='bbox 3077 1805 3231 1880; x_wconf 32' lang='lat' dir='ltr'>&#39;forte</span> <span class='ocrx_word' id='word_1_231' title='bbox 3263 1805 3311 1880; x_wconf 73' lang='lat' dir='ltr'>si</span> <span class='ocrx_word' id='word_1_232' title='bbox 3343 1824 3569 1880; x_wconf 79' lang='lat' dir='ltr'>diutius</span> 
     </span>
    </p>
   </div>
   <div class='ocr_carea' id='block_1_35' title="bbox 163 1892 1798 1966">
    <p class='ocr_par' dir='ltr' id='par_1_35' title="bbox 163 1892 1798 1966">
     <span class='ocr_line' id='line_1_35' title="bbox 163 1892 1798 1966; baseline 0 -18"><span class='ocrx_word' id='word_1_233' title='bbox 163 1894 383 1966; x_wconf 80' lang='lat' dir='ltr'>Angelos</span> <span class='ocrx_word' id='word_1_234' title='bbox 415 1899 619 1948; x_wconf 84' lang='lat' dir='ltr'>autem</span> <span class='ocrx_word' id='word_1_235' title='bbox 655 1911 767 1948; x_wconf 92' lang='lat' dir='ltr'>non</span> <span class='ocrx_word' id='word_1_236' title='bbox 802 1895 985 1949; x_wconf 89' lang='lat' dir='ltr'>bonos</span> <span class='ocrx_word' id='word_1_237' title='bbox 1015 1894 1227 1959; x_wconf 89' lang='lat' dir='ltr'>ait,sed</span> <span class='ocrx_word' id='word_1_238' title='bbox 1264 1892 1550 1962; x_wconf 89' lang='lat' dir='ltr'>malos,de</span> <span class='ocrx_word' id='word_1_239' title='bbox 1582 1894 1798 1965; x_wconf 89' lang='lat' dir='ltr'>quibus</span> 
     </span>
    </p>
   </div>
   <div class='ocr_carea' id='block_1_36' title="bbox 174 1981 1801 2053">
    <p class='ocr_par' dir='ltr' id='par_1_36' title="bbox 174 1981 1801 2053">
     <span class='ocr_line' id='line_1_36' title="bbox 174 1981 1801 2053; baseline 0 -16"><span class='ocrx_word' id='word_1_240' title='bbox 174 1984 291 2037; x_wconf 87' lang='lat' dir='ltr'>dicit</span> <span class='ocrx_word' id='word_1_241' title='bbox 342 1983 682 2053; x_wconf 87' lang='lat' dir='ltr'>Propheta:</span> <span class='ocrx_word' id='word_1_242' title='bbox 745 1984 1117 2038; x_wconf 86' lang='lat' dir='ltr'>lmmissiones</span> <span class='ocrx_word' id='word_1_243' title='bbox 1187 2000 1283 2052; x_wconf 82' lang='lat' dir='ltr'>per</span> <span class='ocrx_word' id='word_1_244' title='bbox 1340 1981 1562 2051; x_wconf 81' lang='lat' dir='ltr'>angelos</span> <span class='ocrx_word' id='word_1_245' title='bbox 1629 1983 1801 2037; x_wconf 83' lang='lat' dir='ltr'>malos</span> 
     </span>
    </p>
   </div>
   <div class='ocr_carea' id='block_1_37' title="bbox 165 2070 1798 2141">
    <p class='ocr_par' dir='ltr' id='par_1_37' title="bbox 165 2070 1798 2141">
     <span class='ocr_line' id='line_1_37' title="bbox 165 2070 1798 2141; baseline 0.001 -18"><span class='ocrx_word' id='word_1_246' title='bbox 165 2073 315 2139; x_wconf 68' lang='lat' dir='ltr'>(Psal.</span> <span class='ocrx_word' id='word_1_247' title='bbox 342 2089 548 2139; x_wconf 79' lang='lat' dir='ltr'>xxxm,</span> <span class='ocrx_word' id='word_1_248' title='bbox 603 2073 678 2139; x_wconf 85' lang='lat'>8).</span> <span class='ocrx_word' id='word_1_249' title='bbox 713 2071 995 2126; x_wconf 85' lang='lat' dir='ltr'>Similiter</span> <span class='ocrx_word' id='word_1_250' title='bbox 1024 2070 1313 2141; x_wconf 86' lang='lat' dir='ltr'>homines,</span> <span class='ocrx_word' id='word_1_251' title='bbox 1352 2088 1462 2125; x_wconf 91' lang='lat' dir='ltr'>non</span> <span class='ocrx_word' id='word_1_252' title='bbox 1510 2072 1798 2139; x_wconf 87' lang='lat' dir='ltr'>credulos,</span> 
     </span>
    </p>
   </div>
   <div class='ocr_carea' id='block_1_38' title="bbox 168 2159 1799 2232">
    <p class='ocr_par' dir='ltr' id='par_1_38' title="bbox 168 2159 1799 2232">
     <span class='ocr_line' id='line_1_38' title="bbox 168 2159 1799 2232; baseline 0.001 -21"><span class='ocrx_word' id='word_1_253' title='bbox 168 2162 290 2232; x_wconf 62' lang='grc'>(581)</span> <span class='ocrx_word' id='word_1_254' title='bbox 340 2161 444 2216; x_wconf 90' lang='lat' dir='ltr'>sed</span> <span class='ocrx_word' id='word_1_255' title='bbox 500 2159 787 2215; x_wconf 90' lang='lat' dir='ltr'>inﬁdeles.</span> <span class='ocrx_word' id='word_1_256' title='bbox 848 2160 948 2213; x_wconf 85' lang='lat' dir='ltr'>His</span> <span class='ocrx_word' id='word_1_257' title='bbox 1002 2161 1158 2213; x_wconf 89' lang='lat' dir='ltr'>enim</span> <span class='ocrx_word' id='word_1_258' title='bbox 1216 2159 1615 2231; x_wconf 84' lang='lat' dir='ltr'>spectaculum</span> <span class='ocrx_word' id='word_1_259' title='bbox 1664 2159 1799 2213; x_wconf 78' lang='lat' dir='ltr'>facti</span> 
     </span>
    </p>
   </div>
   <div class='ocr_carea' id='block_1_39' title="bbox 171 2248 1799 2320">
    <p class='ocr_par' dir='ltr' id='par_1_39' title="bbox 171 2248 1799 2320">
     <span class='ocr_line' id='line_1_39' title="bbox 171 2248 1799 2320; baseline 0 -19"><span class='ocrx_word' id='word_1_260' title='bbox 171 2249 435 2320; x_wconf 87' lang='lat' dir='ltr'>sunt,quia</span> <span class='ocrx_word' id='word_1_261' title='bbox 474 2248 846 2303; x_wconf 85' lang='lat' dir='ltr'>exsultabant</span> <span class='ocrx_word' id='word_1_262' title='bbox 875 2253 930 2302; x_wconf 89' lang='lat' dir='ltr'>et</span> <span class='ocrx_word' id='word_1_263' title='bbox 959 2248 1307 2302; x_wconf 69' lang='lat' dir='ltr'>laetabantur</span> <span class='ocrx_word' id='word_1_264' title='bbox 1335 2249 1405 2302; x_wconf 91' lang='lat' dir='ltr'>de</span> <span class='ocrx_word' id='word_1_265' title='bbox 1438 2264 1637 2302; x_wconf 89' lang='lat' dir='ltr'>eorum</span> <span class='ocrx_word' id='word_1_266' title='bbox 1673 2265 1799 2318; x_wconf 89' lang='lat' dir='ltr'>pas-</span> 
     </span>
    </p>
   </div>
   <div class='ocr_carea' id='block_1_40' title="bbox 172 2335 1801 2408">
    <p class='ocr_par' dir='ltr' id='par_1_40' title="bbox 172 2335 1801 2408">
     <span class='ocr_line' id='line_1_40' title="bbox 172 2335 1801 2408; baseline 0.001 -19"><span class='ocrx_word' id='word_1_267' title='bbox 172 2336 393 2393; x_wconf 86' lang='lat' dir='ltr'>sionibus</span> <span class='ocrx_word' id='word_1_268' title='bbox 425 2342 492 2393; x_wconf 86' lang='lat' dir='ltr'>et</span> <span class='ocrx_word' id='word_1_269' title='bbox 523 2337 834 2391; x_wconf 90' lang='lat' dir='ltr'>mortibus.</span> <span class='ocrx_word' id='word_1_270' title='bbox 862 2337 1073 2391; x_wconf 89' lang='lat' dir='ltr'>Beatus</span> <span class='ocrx_word' id='word_1_271' title='bbox 1094 2354 1226 2391; x_wconf 84' lang='lat' dir='ltr'>vero</span> <span class='ocrx_word' id='word_1_272' title='bbox 1260 2338 1625 2408; x_wconf 83' lang='lat' dir='ltr'>Augustinus</span> <span class='ocrx_word' id='word_1_273' title='bbox 1657 2335 1801 2391; x_wconf 91' lang='lat' dir='ltr'>dicit</span> 
     </span>
    </p>
   </div>
   <div class='ocr_carea' id='block_1_41' title="bbox 164 2424 1800 2496">
    <p class='ocr_par' dir='ltr' id='par_1_41' title="bbox 164 2424 1800 2496">
     <span class='ocr_line' id='line_1_41' title="bbox 164 2424 1800 2496; baseline 0.002 -19"><span class='ocrx_word' id='word_1_274' title='bbox 164 2425 371 2495; x_wconf 84' lang='lat' dir='ltr'>angelos</span> <span class='ocrx_word' id='word_1_275' title='bbox 425 2429 489 2481; x_wconf 90' lang='lat' dir='ltr'>et</span> <span class='ocrx_word' id='word_1_276' title='bbox 522 2426 791 2480; x_wconf 91' lang='lat' dir='ltr'>homines</span> <span class='ocrx_word' id='word_1_277' title='bbox 823 2430 942 2480; x_wconf 88' lang='lat' dir='ltr'>tam</span> <span class='ocrx_word' id='word_1_278' title='bbox 975 2426 1160 2481; x_wconf 91' lang='lat' dir='ltr'>bonos</span> <span class='ocrx_word' id='word_1_279' title='bbox 1200 2442 1377 2496; x_wconf 89' lang='lat' dir='ltr'>quam</span> <span class='ocrx_word' id='word_1_280' title='bbox 1410 2424 1595 2480; x_wconf 88' lang='lat' dir='ltr'>malos</span> <span class='ocrx_word' id='word_1_281' title='bbox 1627 2441 1800 2496; x_wconf 87' lang='lat' dir='ltr'>posse</span> 
     </span>
    </p>
   </div>
   <div class='ocr_carea' id='block_1_42' title="bbox 163 2512 1802 2587">
    <p class='ocr_par' dir='ltr' id='par_1_42' title="bbox 163 2512 1802 2587">
     <span class='ocr_line' id='line_1_42' title="bbox 163 2512 1802 2587; baseline 0.002 -21"><span class='ocrx_word' id='word_1_282' title='bbox 163 2512 410 2587; x_wconf 83' lang='lat' dir='ltr'>intelligi,</span> <span class='ocrx_word' id='word_1_283' title='bbox 470 2512 551 2570; x_wconf 61' lang='lat' dir='ltr'>ut&#39;</span> <span class='ocrx_word' id='word_1_284' title='bbox 584 2515 658 2570; x_wconf 88' lang='lat' dir='ltr'>sit</span> <span class='ocrx_word' id='word_1_285' title='bbox 709 2531 918 2571; x_wconf 89' lang='lat' dir='ltr'>sensus</span> <span class='ocrx_word' id='word_1_286' title='bbox 966 2533 977 2569; x_wconf 90' lang='lat'>:</span> <span class='ocrx_word' id='word_1_287' title='bbox 1030 2514 1391 2586; x_wconf 86' lang='lat' dir='ltr'>spetaculum</span> <span class='ocrx_word' id='word_1_288' title='bbox 1426 2515 1557 2569; x_wconf 83' lang='lat' dir='ltr'>facti</span> <span class='ocrx_word' id='word_1_289' title='bbox 1595 2531 1802 2569; x_wconf 90' lang='lat' dir='ltr'>sumus</span> 
     </span>
    </p>
   </div>
   <div class='ocr_carea' id='block_1_43' title="bbox 157 2604 1799 2676">
    <p class='ocr_par' dir='ltr' id='par_1_43' title="bbox 157 2604 1799 2676">
     <span class='ocr_line' id='line_1_43' title="bbox 157 2604 1799 2676; baseline 0.001 -21"><span class='ocrx_word' id='word_1_290' title='bbox 157 2604 380 2670; x_wconf 90' lang='lat' dir='ltr'>mundo,</span> <span class='ocrx_word' id='word_1_291' title='bbox 420 2604 647 2676; x_wconf 87' lang='lat' dir='ltr'>angelis</span> <span class='ocrx_word' id='word_1_292' title='bbox 683 2610 739 2658; x_wconf 81' lang='lat' dir='ltr'>et</span> <span class='ocrx_word' id='word_1_293' title='bbox 766 2604 1145 2671; x_wconf 87' lang='lat' dir='ltr'>hominibus;</span> <span class='ocrx_word' id='word_1_294' title='bbox 1180 2622 1294 2658; x_wconf 91' lang='lat' dir='ltr'>non</span> <span class='ocrx_word' id='word_1_295' title='bbox 1326 2604 1799 2675; x_wconf 84' lang='lat' dir='ltr'>vituperantibus</span> 
     </span>
    </p>
   </div>
   <div class='ocr_carea' id='block_1_44' title="bbox 151 2690 1802 2762">
    <p class='ocr_par' dir='ltr' id='par_1_44' title="bbox 151 2690 1802 2762">
     <span class='ocr_line' id='line_1_44' title="bbox 151 2690 1802 2762; baseline 0.001 -18"><span class='ocrx_word' id='word_1_296' title='bbox 151 2690 464 2759; x_wconf 89' lang='lat' dir='ltr'>solum,sed</span> <span class='ocrx_word' id='word_1_297' title='bbox 490 2694 663 2747; x_wconf 90' lang='lat' dir='ltr'>etiam</span> <span class='ocrx_word' id='word_1_298' title='bbox 684 2692 1611 2762; x_wconf 89' lang='lat' dir='ltr'>laudantibus,quiahabemusin</span> <span class='ocrx_word' id='word_1_299' title='bbox 1636 2693 1802 2747; x_wconf 90' lang='lat' dir='ltr'>nobis</span> 
     </span>
    </p>
   </div>
   <div class='ocr_carea' id='block_1_45' title="bbox 145 2780 1803 2853">
    <p class='ocr_par' dir='ltr' id='par_1_45' title="bbox 145 2780 1803 2853">
     <span class='ocr_line' id='line_1_45' title="bbox 145 2780 1803 2853; baseline 0.001 -19"><span class='ocrx_word' id='word_1_300' title='bbox 145 2780 285 2849; x_wconf 88' lang='lat' dir='ltr'>quod</span> <span class='ocrx_word' id='word_1_301' title='bbox 320 2782 494 2836; x_wconf 92' lang='lat' dir='ltr'>bonis</span> <span class='ocrx_word' id='word_1_302' title='bbox 527 2781 751 2853; x_wconf 89' lang='lat' dir='ltr'>angelis</span> <span class='ocrx_word' id='word_1_303' title='bbox 807 2781 1055 2852; x_wconf 87' lang='lat' dir='ltr'>placeat,</span> <span class='ocrx_word' id='word_1_304' title='bbox 1085 2781 1374 2834; x_wconf 89' lang='lat' dir='ltr'>habemus</span> <span class='ocrx_word' id='word_1_305' title='bbox 1426 2782 1584 2851; x_wconf 91' lang='lat' dir='ltr'>quod</span> <span class='ocrx_word' id='word_1_306' title='bbox 1632 2780 1803 2835; x_wconf 88' lang='lat' dir='ltr'>malis</span> 
     </span>
    </p>
   </div>
   <div class='ocr_carea' id='block_1_46' title="bbox 138 2867 1800 2939">
    <p class='ocr_par' dir='ltr' id='par_1_46' title="bbox 138 2867 1800 2939">
     <span class='ocr_line' id='line_1_46' title="bbox 138 2867 1800 2939; baseline 0.001 -19"><span class='ocrx_word' id='word_1_307' title='bbox 138 2867 470 2939; x_wconf 86' lang='lat' dir='ltr'>displiceat.</span> <span class='ocrx_word' id='word_1_308' title='bbox 504 2870 598 2924; x_wconf 92' lang='lat' dir='ltr'>Sic</span> <span class='ocrx_word' id='word_1_309' title='bbox 629 2874 686 2923; x_wconf 92' lang='lat' dir='ltr'>et</span> <span class='ocrx_word' id='word_1_310' title='bbox 714 2869 830 2924; x_wconf 88' lang='lat' dir='ltr'>vita</span> <span class='ocrx_word' id='word_1_311' title='bbox 855 2874 1057 2924; x_wconf 88' lang='lat' dir='ltr'>nostra</span> <span class='ocrx_word' id='word_1_312' title='bbox 1081 2868 1350 2922; x_wconf 89' lang='lat' dir='ltr'>ﬁdelibus</span> <span class='ocrx_word' id='word_1_313' title='bbox 1384 2868 1590 2937; x_wconf 90' lang='lat' dir='ltr'>placet,</span> <span class='ocrx_word' id='word_1_314' title='bbox 1628 2872 1683 2921; x_wconf 91' lang='lat' dir='ltr'>et</span> <span class='ocrx_word' id='word_1_315' title='bbox 1714 2868 1800 2921; x_wconf 94' lang='lat' dir='ltr'>in-</span> 
     </span>
    </p>
   </div>
   <div class='ocr_carea' id='block_1_47' title="bbox 130 2954 736 3027">
    <p class='ocr_par' dir='ltr' id='par_1_47' title="bbox 130 2954 736 3027">
     <span class='ocr_line' id='line_1_47' title="bbox 130 2954 736 3027; baseline 0.002 -17"><span class='ocrx_word' id='word_1_316' title='bbox 130 2954 405 3011; x_wconf 86' lang='lat' dir='ltr'>ﬁdelibus</span> <span class='ocrx_word' id='word_1_317' title='bbox 438 2958 736 3027; x_wconf 88' lang='lat' dir='ltr'>displicet.</span> 
     </span>
    </p>
   </div>
   <div class='ocr_carea' id='block_1_48' title="bbox 180 3042 1806 3115">
    <p class='ocr_par' dir='ltr' id='par_1_48' title="bbox 180 3042 1806 3115">
     <span class='ocr_line' id='line_1_48' title="bbox 180 3042 1806 3115; baseline -0.002 -14"><span class='ocrx_word' id='word_1_318' title='bbox 180 3050 299 3101; x_wconf 83' lang='lat' dir='ltr'>Nos</span> <span class='ocrx_word' id='word_1_319' title='bbox 332 3047 517 3098; x_wconf 82' lang='lat' dir='ltr'>stulti</span> <span class='ocrx_word' id='word_1_320' title='bbox 543 3049 762 3115; x_wconf 80' lang='lat' dir='ltr'>prapter</span> <span class='ocrx_word' id='word_1_321' title='bbox 812 3046 1116 3109; x_wconf 81' lang='lat' dir='ltr'>Christum,</span> <span class='ocrx_word' id='word_1_322' title='bbox 1172 3060 1257 3097; x_wconf 82' lang='lat' dir='ltr'>vos</span> <span class='ocrx_word' id='word_1_323' title='bbox 1288 3048 1473 3097; x_wconf 88' lang='lat' dir='ltr'>autem</span> <span class='ocrx_word' id='word_1_324' title='bbox 1518 3042 1806 3113; x_wconf 77' lang='lat' dir='ltr'>prudentes</span> 
     </span>
    </p>
   </div>
   <div class='ocr_carea' id='block_1_49' title="bbox 114 3132 1802 3203">
    <p class='ocr_par' dir='ltr' id='par_1_49' title="bbox 114 3132 1802 3203">
     <span class='ocr_line' id='line_1_49' title="bbox 114 3132 1802 3203; baseline -0.002 -15"><span class='ocrx_word' id='word_1_325' title='bbox 114 3138 158 3189; x_wconf 81' lang='lat' dir='ltr'>in</span> <span class='ocrx_word' id='word_1_326' title='bbox 179 3136 441 3191; x_wconf 75' lang='lat' dir='ltr'>Christo.</span> <span class='ocrx_word' id='word_1_327' title='bbox 492 3132 779 3203; x_wconf 81' lang='lat' dir='ltr'>Apostoli,</span> <span class='ocrx_word' id='word_1_328' title='bbox 803 3134 939 3203; x_wconf 87' lang='lat' dir='ltr'>quia</span> <span class='ocrx_word' id='word_1_329' title='bbox 957 3133 1254 3186; x_wconf 84' lang='lat' dir='ltr'>Christum</span> <span class='ocrx_word' id='word_1_330' title='bbox 1280 3132 1802 3202; x_wconf 85' lang='lat' dir='ltr'>diligentes,eaque</span> 
     </span>
    </p>
   </div>
   <div class='ocr_carea' id='block_1_50' title="bbox 121 3204 1874 3295">
    <p class='ocr_par' dir='ltr' id='par_1_50' title="bbox 121 3204 1874 3295">
     <span class='ocr_line' id='line_1_50' title="bbox 121 3204 1874 3295; baseline -0.005 -17"><span class='ocrx_word' id='word_1_331' title='bbox 121 3222 544 3295; x_wconf 77' lang='lat' dir='ltr'>prmdicabant</span> <span class='ocrx_word' id='word_1_332' title='bbox 567 3238 693 3291; x_wconf 74' lang='lat' dir='ltr'>quze</span> <span class='ocrx_word' id='word_1_333' title='bbox 718 3220 1080 3292; x_wconf 89' lang='lat' dir='ltr'>sapientibus</span> <span class='ocrx_word' id='word_1_334' title='bbox 1105 3222 1309 3275; x_wconf 91' lang='lat' dir='ltr'>mundi</span> <span class='ocrx_word' id='word_1_335' title='bbox 1330 3220 1510 3276; x_wconf 88' lang='lat' dir='ltr'>stulta</span> <span class='ocrx_word' id='word_1_336' title='bbox 1531 3221 1801 3275; x_wconf 88' lang='lat' dir='ltr'>videban-</span> <span class='ocrx_word' id='word_1_337' title='bbox 1832 3204 1874 3269; x_wconf 88' lang='lat' dir='ltr'>C</span> 
     </span>
    </p>
   </div>
   <div class='ocr_carea' id='block_1_51' title="bbox 125 3309 1795 3383">
    <p class='ocr_par' dir='ltr' id='par_1_51' title="bbox 125 3309 1795 3383">
     <span class='ocr_line' id='line_1_51' title="bbox 125 3309 1795 3383; baseline -0.002 -17"><span class='ocrx_word' id='word_1_338' title='bbox 125 3314 569 3383; x_wconf 87' lang='lat' dir='ltr'>tur,propterea</span> <span class='ocrx_word' id='word_1_339' title='bbox 601 3309 764 3363; x_wconf 89' lang='lat' dir='ltr'>stulti</span> <span class='ocrx_word' id='word_1_340' title='bbox 795 3310 1154 3364; x_wconf 88' lang='lat' dir='ltr'>vocabantur</span> <span class='ocrx_word' id='word_1_341' title='bbox 1180 3315 1416 3381; x_wconf 91' lang='lat' dir='ltr'>pr0pter</span> <span class='ocrx_word' id='word_1_342' title='bbox 1446 3309 1742 3363; x_wconf 90' lang='lat' dir='ltr'>Christum</span> <span class='ocrx_word' id='word_1_343' title='bbox 1783 3334 1795 3374; x_wconf 87' lang='lat'><strong>;</strong></span> 
     </span>
    </p>
   </div>
   <div class='ocr_carea' id='block_1_52' title="bbox 128 3396 1799 3469">
    <p class='ocr_par' dir='ltr' id='par_1_52' title="bbox 128 3396 1799 3469">
     <span class='ocr_line' id='line_1_52' title="bbox 128 3396 1799 3469; baseline -0.001 -15"><span class='ocrx_word' id='word_1_344' title='bbox 128 3401 333 3466; x_wconf 84' lang='lat' dir='ltr'>Ebion,</span> <span class='ocrx_word' id='word_1_345' title='bbox 388 3404 452 3454; x_wconf 88' lang='lat' dir='ltr'>et</span> <span class='ocrx_word' id='word_1_346' title='bbox 511 3396 847 3463; x_wconf 89' lang='lat' dir='ltr'>Cerinthus,</span> <span class='ocrx_word' id='word_1_347' title='bbox 899 3398 1036 3469; x_wconf 88' lang='lat' dir='ltr'>quia</span> <span class='ocrx_word' id='word_1_348' title='bbox 1092 3399 1276 3453; x_wconf 87' lang='lat' dir='ltr'>Deum</span> <span class='ocrx_word' id='word_1_349' title='bbox 1340 3396 1549 3453; x_wconf 87' lang='lat' dir='ltr'>Filium</span> <span class='ocrx_word' id='word_1_350' title='bbox 1586 3398 1799 3452; x_wconf 87' lang='lat' dir='ltr'>habere</span> 
     </span>
    </p>
   </div>
   <div class='ocr_carea' id='block_1_53' title="bbox 133 3486 1799 3562">
    <p class='ocr_par' dir='ltr' id='par_1_53' title="bbox 133 3486 1799 3562">
     <span class='ocr_line' id='line_1_53' title="bbox 133 3486 1799 3562; baseline -0.001 -19"><span class='ocrx_word' id='word_1_351' title='bbox 133 3491 452 3562; x_wconf 85' lang='lat' dir='ltr'>negabant,</span> <span class='ocrx_word' id='word_1_352' title='bbox 489 3492 591 3541; x_wconf 89' lang='lat' dir='ltr'>aut</span> <span class='ocrx_word' id='word_1_353' title='bbox 652 3487 833 3541; x_wconf 90' lang='lat' dir='ltr'>Deum</span> <span class='ocrx_word' id='word_1_354' title='bbox 872 3488 1167 3541; x_wconf 86' lang='lat' dir='ltr'>hominem</span> <span class='ocrx_word' id='word_1_355' title='bbox 1202 3487 1346 3553; x_wconf 87' lang='lat' dir='ltr'>ﬁeri,</span> <span class='ocrx_word' id='word_1_356' title='bbox 1387 3486 1474 3541; x_wconf 92' lang='lat' dir='ltr'>vel</span> <span class='ocrx_word' id='word_1_357' title='bbox 1514 3487 1799 3557; x_wconf 88' lang='lat' dir='ltr'>virginem</span> 
     </span>
    </p>
   </div>
   <div class='ocr_carea' id='block_1_54' title="bbox 136 3575 1802 3648">
    <p class='ocr_par' dir='ltr' id='par_1_54' title="bbox 136 3575 1802 3648">
     <span class='ocr_line' id='line_1_54' title="bbox 136 3575 1802 3648; baseline -0.003 -15"><span class='ocrx_word' id='word_1_358' title='bbox 136 3595 333 3647; x_wconf 87' lang='lat' dir='ltr'>parere</span> <span class='ocrx_word' id='word_1_359' title='bbox 368 3577 677 3648; x_wconf 91' lang='lat' dir='ltr'>potuisse;</span> <span class='ocrx_word' id='word_1_360' title='bbox 713 3576 920 3646; x_wconf 87' lang='lat' dir='ltr'>reliqui</span> <span class='ocrx_word' id='word_1_361' title='bbox 972 3592 1203 3646; x_wconf 90' lang='lat' dir='ltr'>quoque</span> <span class='ocrx_word' id='word_1_362' title='bbox 1255 3575 1354 3645; x_wconf 88' lang='lat' dir='ltr'>qui</span> <span class='ocrx_word' id='word_1_363' title='bbox 1406 3581 1608 3629; x_wconf 88' lang='lat' dir='ltr'>contra</span> <span class='ocrx_word' id='word_1_364' title='bbox 1640 3575 1802 3629; x_wconf 86' lang='lat' dir='ltr'>Chri-</span> 
     </span>
    </p>
   </div>
   <div class='ocr_carea' id='block_1_55' title="bbox 138 3663 1799 3738">
    <p class='ocr_par' dir='ltr' id='par_1_55' title="bbox 138 3663 1799 3738">
     <span class='ocr_line' id='line_1_55' title="bbox 138 3663 1799 3738; baseline -0.002 -17"><span class='ocrx_word' id='word_1_365' title='bbox 138 3674 289 3722; x_wconf 88' lang='lat' dir='ltr'>stum</span> <span class='ocrx_word' id='word_1_366' title='bbox 326 3665 1039 3738; x_wconf 87' lang='lat' dir='ltr'>predicabant,sapientes</span> <span class='ocrx_word' id='word_1_367' title='bbox 1070 3664 1129 3718; x_wconf 89' lang='lat' dir='ltr'>in</span> <span class='ocrx_word' id='word_1_368' title='bbox 1162 3663 1389 3719; x_wconf 86' lang='lat' dir='ltr'>Christo</span> <span class='ocrx_word' id='word_1_369' title='bbox 1422 3666 1799 3717; x_wconf 88' lang='lat' dir='ltr'>vocabantur.</span> 
     </span>
    </p>
   </div>
   <div class='ocr_carea' id='block_1_56' title="bbox 145 3752 1803 3827">
    <p class='ocr_par' dir='ltr' id='par_1_56' title="bbox 145 3752 1803 3827">
     <span class='ocr_line' id='line_1_56' title="bbox 145 3752 1803 3827; baseline -0.001 -20"><span class='ocrx_word' id='word_1_370' title='bbox 145 3756 265 3810; x_wconf 70' lang='lat' dir='ltr'>llazc</span> <span class='ocrx_word' id='word_1_371' title='bbox 288 3771 431 3827; x_wconf 87' lang='lat' dir='ltr'>ergo</span> <span class='ocrx_word' id='word_1_372' title='bbox 468 3752 760 3807; x_wconf 87' lang='lat' dir='ltr'>sententia</span> <span class='ocrx_word' id='word_1_373' title='bbox 791 3752 1313 3823; x_wconf 81' lang='lat' dir='ltr'>pseudoapostolos</span> <span class='ocrx_word' id='word_1_374' title='bbox 1340 3752 1657 3822; x_wconf 86' lang='lat' dir='ltr'>redarguit,</span> <span class='ocrx_word' id='word_1_375' title='bbox 1682 3752 1803 3821; x_wconf 91' lang='lat' dir='ltr'>qui,</span> 
     </span>
    </p>
   </div>
   <div class='ocr_carea' id='block_1_57' title="bbox 143 3839 1804 3914">
    <p class='ocr_par' dir='ltr' id='par_1_57' title="bbox 143 3839 1804 3914">
     <span class='ocr_line' id='line_1_57' title="bbox 143 3839 1804 3914; baseline -0.004 -17"><span class='ocrx_word' id='word_1_376' title='bbox 143 3843 497 3914; x_wconf 60' lang='lat' dir='ltr'>eloquentiae</span> <span class='ocrx_word' id='word_1_377' title='bbox 530 3842 799 3896; x_wconf 68' lang='lat' dir='ltr'>humanas</span> <span class='ocrx_word' id='word_1_378' title='bbox 842 3840 1090 3895; x_wconf 89' lang='lat' dir='ltr'>nitorem</span> <span class='ocrx_word' id='word_1_379' title='bbox 1123 3844 1448 3910; x_wconf 72' lang='lat' dir='ltr'>quaerentes</span> <span class='ocrx_word' id='word_1_380' title='bbox 1502 3856 1565 3893; x_wconf 89' lang='lat' dir='ltr'>ea</span> <span class='ocrx_word' id='word_1_381' title='bbox 1599 3839 1804 3909; x_wconf 68' lang='lat' dir='ltr'>praedi-</span> 
     </span>
    </p>
   </div>
   <div class='ocr_carea' id='block_1_58' title="bbox 145 3926 1803 4002">
    <p class='ocr_par' dir='ltr' id='par_1_58' title="bbox 145 3926 1803 4002">
     <span class='ocr_line' id='line_1_58' title="bbox 145 3926 1803 4002; baseline -0.002 -18"><span class='ocrx_word' id='word_1_382' title='bbox 145 3933 351 3986; x_wconf 89' lang='lat' dir='ltr'>cabant</span> <span class='ocrx_word' id='word_1_383' title='bbox 391 3947 527 4002; x_wconf 78' lang='lat' dir='ltr'>quae</span> <span class='ocrx_word' id='word_1_384' title='bbox 568 3928 777 3984; x_wconf 92' lang='lat' dir='ltr'>mundi</span> <span class='ocrx_word' id='word_1_385' title='bbox 818 3928 1184 4000; x_wconf 89' lang='lat' dir='ltr'>sapientibus</span> <span class='ocrx_word' id='word_1_386' title='bbox 1233 3944 1345 3982; x_wconf 92' lang='lat' dir='ltr'>non</span> <span class='ocrx_word' id='word_1_387' title='bbox 1387 3926 1803 3997; x_wconf 86' lang='lat' dir='ltr'>displicerent;</span> 
     </span>
    </p>
   </div>
   <div class='ocr_carea' id='block_1_59' title="bbox 145 4017 1629 4093">
    <p class='ocr_par' dir='ltr' id='par_1_59' title="bbox 145 4017 1629 4093">
     <span class='ocr_line' id='line_1_59' title="bbox 145 4017 1629 4093; baseline -0.001 -20"><span class='ocrx_word' id='word_1_388' title='bbox 145 4020 387 4093; x_wconf 88' lang='lat' dir='ltr'>ideoque</span> <span class='ocrx_word' id='word_1_389' title='bbox 420 4020 744 4091; x_wconf 85' lang='lat' dir='ltr'>prudentes</span> <span class='ocrx_word' id='word_1_390' title='bbox 779 4018 835 4072; x_wconf 91' lang='lat' dir='ltr'>in</span> <span class='ocrx_word' id='word_1_391' title='bbox 871 4017 1101 4072; x_wconf 89' lang='lat' dir='ltr'>Christo</span> <span class='ocrx_word' id='word_1_392' title='bbox 1132 4020 1299 4071; x_wconf 87' lang='lat' dir='ltr'>vocat</span> <span class='ocrx_word' id='word_1_393' title='bbox 1331 4033 1449 4071; x_wconf 89' lang='lat' dir='ltr'>eos.</span> <span class='ocrx_word' id='word_1_394' title='bbox 1618 4073 1629 4083; x_wconf 68' lang='grc'><em>,</em></span> 
     </span>
    </p>
   </div>
   <div class='ocr_carea' id='block_1_60' title="bbox 208 4104 1809 4180">
    <p class='ocr_par' dir='ltr' id='par_1_60' title="bbox 208 4104 1809 4180">
     <span class='ocr_line' id='line_1_60' title="bbox 208 4104 1809 4180; baseline -0.003 -16"><span class='ocrx_word' id='word_1_395' title='bbox 208 4110 311 4165; x_wconf 84' lang='lat' dir='ltr'>Nos</span> <span class='ocrx_word' id='word_1_396' title='bbox 368 4110 618 4180; x_wconf 85' lang='lat' dir='ltr'>inﬁrmi,</span> <span class='ocrx_word' id='word_1_397' title='bbox 676 4124 766 4162; x_wconf 84' lang='lat' dir='ltr'>vos</span> <span class='ocrx_word' id='word_1_398' title='bbox 827 4114 1010 4161; x_wconf 88' lang='lat' dir='ltr'>autem</span> <span class='ocrx_word' id='word_1_399' title='bbox 1076 4114 1262 4177; x_wconf 78' lang='lat' dir='ltr'>fortes.</span> <span class='ocrx_word' id='word_1_400' title='bbox 1334 4104 1610 4176; x_wconf 90' lang='lat' dir='ltr'>Apostoli,</span> <span class='ocrx_word' id='word_1_401' title='bbox 1671 4106 1809 4175; x_wconf 86' lang='lat' dir='ltr'>quia</span> 
     </span>
    </p>
   </div>
   <div class='ocr_carea' id='block_1_61' title="bbox 150 4193 1809 4267">
    <p class='ocr_par' dir='ltr' id='par_1_61' title="bbox 150 4193 1809 4267">
     <span class='ocr_line' id='line_1_61' title="bbox 150 4193 1809 4267; baseline -0.002 -16"><span class='ocrx_word' id='word_1_402' title='bbox 150 4195 314 4254; x_wconf 87' lang='lat' dir='ltr'>libere</span> <span class='ocrx_word' id='word_1_403' title='bbox 338 4203 397 4253; x_wconf 89' lang='lat' dir='ltr'>et</span> <span class='ocrx_word' id='word_1_404' title='bbox 416 4201 764 4253; x_wconf 85' lang='lat' dir='ltr'>constanter</span> <span class='ocrx_word' id='word_1_405' title='bbox 779 4195 1073 4251; x_wconf 87' lang='lat' dir='ltr'>Christum</span> <span class='ocrx_word' id='word_1_406' title='bbox 1100 4193 1649 4267; x_wconf 57' lang='lat' dir='ltr'>praedicabantﬁdeo</span> <span class='ocrx_word' id='word_1_407' title='bbox 1673 4211 1809 4265; x_wconf 88' lang='lat' dir='ltr'>pro-</span> 
     </span>
    </p>
   </div>
   <div class='ocr_carea' id='block_1_62' title="bbox 150 4283 1809 4355">
    <p class='ocr_par' dir='ltr' id='par_1_62' title="bbox 150 4283 1809 4355">
     <span class='ocr_line' id='line_1_62' title="bbox 150 4283 1809 4355; baseline -0.001 -17"><span class='ocrx_word' id='word_1_408' title='bbox 150 4284 262 4352; x_wconf 88' lang='lat' dir='ltr'>bra,</span> <span class='ocrx_word' id='word_1_409' title='bbox 322 4284 661 4352; x_wconf 87' lang='lat' dir='ltr'>molestias,</span> <span class='ocrx_word' id='word_1_410' title='bbox 722 4284 955 4355; x_wconf 88' lang='lat' dir='ltr'>vimque</span> <span class='ocrx_word' id='word_1_411' title='bbox 1019 4284 1413 4355; x_wconf 85' lang='lat' dir='ltr'>patiebantur,</span> <span class='ocrx_word' id='word_1_412' title='bbox 1475 4299 1537 4336; x_wconf 91' lang='lat' dir='ltr'>ac</span> <span class='ocrx_word' id='word_1_413' title='bbox 1571 4300 1671 4353; x_wconf 87' lang='lat' dir='ltr'>per</span> <span class='ocrx_word' id='word_1_414' title='bbox 1701 4283 1809 4337; x_wconf 91' lang='lat' dir='ltr'>hoc</span> 
     </span>
    </p>
   </div>
   <div class='ocr_carea' id='block_1_63' title="bbox 151 4370 1812 4443">
    <p class='ocr_par' dir='ltr' id='par_1_63' title="bbox 151 4370 1812 4443">
     <span class='ocr_line' id='line_1_63' title="bbox 151 4370 1812 4443; baseline -0.002 -15"><span class='ocrx_word' id='word_1_415' title='bbox 151 4374 815 4442; x_wconf 81' lang='lat' dir='ltr'>judicabanturinﬁrmi</span> <span class='ocrx_word' id='word_1_416' title='bbox 842 4390 855 4438; x_wconf 92' lang='lat'><strong>;</strong></span> <span class='ocrx_word' id='word_1_417' title='bbox 890 4381 1127 4427; x_wconf 88' lang='lat' dir='ltr'>econtra</span> <span class='ocrx_word' id='word_1_418' title='bbox 1150 4370 1641 4443; x_wconf 89' lang='lat' dir='ltr'>pseudoapostoli,</span> <span class='ocrx_word' id='word_1_419' title='bbox 1676 4372 1812 4441; x_wconf 90' lang='lat' dir='ltr'>quia</span> 
     </span>
    </p>
   </div>
   <div class='ocr_carea' id='block_1_64' title="bbox 154 4460 1810 4533">
    <p class='ocr_par' dir='ltr' id='par_1_64' title="bbox 154 4460 1810 4533">
     <span class='ocr_line' id='line_1_64' title="bbox 154 4460 1810 4533; baseline -0.002 -18"><span class='ocrx_word' id='word_1_420' title='bbox 154 4462 226 4517; x_wconf 86' lang='lat' dir='ltr'>ita</span> <span class='ocrx_word' id='word_1_421' title='bbox 282 4465 596 4520; x_wconf 88' lang='lat' dir='ltr'>Christum</span> <span class='ocrx_word' id='word_1_422' title='bbox 656 4461 1071 4533; x_wconf 74' lang='lat' dir='ltr'>praedicabant,</span> <span class='ocrx_word' id='word_1_423' title='bbox 1126 4466 1189 4515; x_wconf 92' lang='lat' dir='ltr'>ut</span> <span class='ocrx_word' id='word_1_424' title='bbox 1246 4460 1513 4514; x_wconf 91' lang='lat' dir='ltr'>homines</span> <span class='ocrx_word' id='word_1_425' title='bbox 1570 4477 1683 4514; x_wconf 91' lang='lat' dir='ltr'>non</span> <span class='ocrx_word' id='word_1_426' title='bbox 1722 4460 1810 4513; x_wconf 82' lang='lat' dir='ltr'>of-</span> 
     </span>
    </p>
   </div>
   <div class='ocr_carea' id='block_1_65' title="bbox 1912 1913 3567 1984">
    <p class='ocr_par' dir='ltr' id='par_1_65' title="bbox 1912 1913 3567 1984">
     <span class='ocr_line' id='line_1_65' title="bbox 1912 1913 3567 1984; baseline 0 -17"><span class='ocrx_word' id='word_1_427' title='bbox 1912 1914 1969 1967; x_wconf 91' lang='lat' dir='ltr'>in</span> <span class='ocrx_word' id='word_1_428' title='bbox 2002 1915 2205 1968; x_wconf 90' lang='lat' dir='ltr'>eodem</span> <span class='ocrx_word' id='word_1_429' title='bbox 2242 1914 2364 1967; x_wconf 90' lang='lat' dir='ltr'>loco</span> <span class='ocrx_word' id='word_1_430' title='bbox 2400 1918 2718 1979; x_wconf 85' lang='lat' dir='ltr'>manerent,</span> <span class='ocrx_word' id='word_1_431' title='bbox 2763 1913 2959 1984; x_wconf 90' lang='lat' dir='ltr'>plures</span> <span class='ocrx_word' id='word_1_432' title='bbox 3008 1914 3077 1967; x_wconf 91' lang='lat' dir='ltr'>ad</span> <span class='ocrx_word' id='word_1_433' title='bbox 3129 1914 3301 1968; x_wconf 88' lang='lat' dir='ltr'>ﬁdem</span> <span class='ocrx_word' id='word_1_434' title='bbox 3353 1913 3567 1969; x_wconf 89' lang='lat' dir='ltr'>Christi</span> 
     </span>
    </p>
   </div>
   <div class='ocr_carea' id='block_1_66' title="bbox 1910 2002 3568 2073">
    <p class='ocr_par' dir='ltr' id='par_1_66' title="bbox 1910 2002 3568 2073">
     <span class='ocr_line' id='line_1_66' title="bbox 1910 2002 3568 2073; baseline 0 -16"><span class='ocrx_word' id='word_1_435' title='bbox 1910 2007 2326 2058; x_wconf 90' lang='lat' dir='ltr'>converterent.</span> <span class='ocrx_word' id='word_1_436' title='bbox 2367 2003 2732 2057; x_wconf 84' lang='lat' dir='ltr'>Laborabant</span> <span class='ocrx_word' id='word_1_437' title='bbox 2763 2007 3068 2073; x_wconf 90' lang='lat' dir='ltr'>operantes</span> <span class='ocrx_word' id='word_1_438' title='bbox 3103 2003 3374 2057; x_wconf 90' lang='lat' dir='ltr'>manibus</span> <span class='ocrx_word' id='word_1_439' title='bbox 3420 2002 3568 2067; x_wconf 82' lang='lat' dir='ltr'>suis,</span> 
     </span>
    </p>
   </div>
   <div class='ocr_carea' id='block_1_67' title="bbox 1913 2092 3567 2162">
    <p class='ocr_par' dir='ltr' id='par_1_67' title="bbox 1913 2092 3567 2162">
     <span class='ocr_line' id='line_1_67' title="bbox 1913 2092 3567 2162; baseline 0 -17"><span class='ocrx_word' id='word_1_440' title='bbox 1913 2092 2065 2146; x_wconf 87' lang='lat' dir='ltr'>unde</span> <span class='ocrx_word' id='word_1_441' title='bbox 2097 2093 2311 2145; x_wconf 88' lang='lat' dir='ltr'>victum</span> <span class='ocrx_word' id='word_1_442' title='bbox 2347 2092 2717 2162; x_wconf 86' lang='lat' dir='ltr'>acquirerent</span> <span class='ocrx_word' id='word_1_443' title='bbox 2749 2109 2863 2161; x_wconf 90' lang='lat' dir='ltr'>quo</span> <span class='ocrx_word' id='word_1_444' title='bbox 2895 2096 3369 2146; x_wconf 88' lang='lat' dir='ltr'>sustentarentur</span> <span class='ocrx_word' id='word_1_445' title='bbox 3401 2107 3413 2145; x_wconf 75' lang='grc' dir='ltr'>ε</span> <span class='ocrx_word' id='word_1_446' title='bbox 3449 2107 3567 2145; x_wconf 88' lang='lat' dir='ltr'>non</span> 
     </span>
    </p>
   </div>
   <div class='ocr_carea' id='block_1_68' title="bbox 1914 2179 3569 2250">
    <p class='ocr_par' dir='ltr' id='par_1_68' title="bbox 1914 2179 3569 2250">
     <span class='ocr_line' id='line_1_68' title="bbox 1914 2179 3569 2250; baseline -0.001 -16"><span class='ocrx_word' id='word_1_447' title='bbox 1914 2181 2103 2235; x_wconf 90' lang='lat' dir='ltr'>solum</span> <span class='ocrx_word' id='word_1_448' title='bbox 2136 2180 2275 2250; x_wconf 86' lang='lat' dir='ltr'>quia</span> <span class='ocrx_word' id='word_1_449' title='bbox 2323 2197 2453 2234; x_wconf 85' lang='lat' dir='ltr'>cum</span> <span class='ocrx_word' id='word_1_450' title='bbox 2489 2179 2727 2249; x_wconf 85' lang='lat' dir='ltr'>gratiosi</span> <span class='ocrx_word' id='word_1_451' title='bbox 2763 2197 2876 2234; x_wconf 91' lang='lat' dir='ltr'>non</span> <span class='ocrx_word' id='word_1_452' title='bbox 2912 2180 3283 2245; x_wconf 88' lang='lat' dir='ltr'>essent,nibil</span> <span class='ocrx_word' id='word_1_453' title='bbox 3315 2179 3569 2249; x_wconf 79' lang='lat' dir='ltr'>accipie-</span> 
     </span>
    </p>
   </div>
   <div class='ocr_carea' id='block_1_69' title="bbox 1912 2267 3569 2339">
    <p class='ocr_par' dir='ltr' id='par_1_69' title="bbox 1912 2267 3569 2339">
     <span class='ocr_line' id='line_1_69' title="bbox 1912 2267 3569 2339; baseline -0.001 -16"><span class='ocrx_word' id='word_1_454' title='bbox 1912 2270 2073 2334; x_wconf 89' lang='lat' dir='ltr'>bant,</span> <span class='ocrx_word' id='word_1_455' title='bbox 2109 2271 2207 2323; x_wconf 81' lang='lat' dir='ltr'>sed</span> <span class='ocrx_word' id='word_1_456' title='bbox 2246 2269 2380 2338; x_wconf 88' lang='lat' dir='ltr'>quia</span> <span class='ocrx_word' id='word_1_457' title='bbox 2416 2268 2723 2339; x_wconf 85' lang='lat' dir='ltr'>indignum</span> <span class='ocrx_word' id='word_1_458' title='bbox 2744 2268 3094 2337; x_wconf 80' lang='lat' dir='ltr'>judicabant</span> <span class='ocrx_word' id='word_1_459' title='bbox 3123 2267 3346 2337; x_wconf 89' lang='lat' dir='ltr'>aliquid</span> <span class='ocrx_word' id='word_1_460' title='bbox 3378 2268 3448 2321; x_wconf 90' lang='lat' dir='ltr'>ab</span> <span class='ocrx_word' id='word_1_461' title='bbox 3475 2267 3569 2322; x_wconf 86' lang='lat' dir='ltr'>his</span> 
     </span>
    </p>
   </div>
   <div class='ocr_carea' id='block_1_70' title="bbox 1912 2356 3565 2428">
    <p class='ocr_par' dir='ltr' id='par_1_70' title="bbox 1912 2356 3565 2428">
     <span class='ocr_line' id='line_1_70' title="bbox 1912 2356 3565 2428; baseline -0.002 -16"><span class='ocrx_word' id='word_1_462' title='bbox 1912 2357 2170 2428; x_wconf 89' lang='lat' dir='ltr'>accipere</span> <span class='ocrx_word' id='word_1_463' title='bbox 2219 2374 2366 2427; x_wconf 89' lang='lat' dir='ltr'>quos</span> <span class='ocrx_word' id='word_1_464' title='bbox 2429 2356 2486 2409; x_wconf 92' lang='lat' dir='ltr'>in</span> <span class='ocrx_word' id='word_1_465' title='bbox 2538 2356 2718 2410; x_wconf 88' lang='lat' dir='ltr'>tantis</span> <span class='ocrx_word' id='word_1_466' title='bbox 2796 2356 3035 2428; x_wconf 85' lang='lat' dir='ltr'>ﬂagitiis</span> <span class='ocrx_word' id='word_1_467' title='bbox 3085 2373 3213 2411; x_wconf 89' lang='lat' dir='ltr'>esse</span> <span class='ocrx_word' id='word_1_468' title='bbox 3271 2356 3565 2423; x_wconf 89' lang='lat' dir='ltr'>videbant,</span> 
     </span>
    </p>
   </div>
   <div class='ocr_carea' id='block_1_71' title="bbox 1913 2445 3569 2518">
    <p class='ocr_par' dir='ltr' id='par_1_71' title="bbox 1913 2445 3569 2518">
     <span class='ocr_line' id='line_1_71' title="bbox 1913 2445 3569 2518; baseline -0.001 -17"><span class='ocrx_word' id='word_1_469' title='bbox 1913 2452 2149 2518; x_wconf 89' lang='lat' dir='ltr'>propter</span> <span class='ocrx_word' id='word_1_470' title='bbox 2179 2445 2324 2499; x_wconf 90' lang='lat' dir='ltr'>illud</span> <span class='ocrx_word' id='word_1_471' title='bbox 2350 2462 2363 2501; x_wconf 90' lang='lat'><strong>:</strong></span> <span class='ocrx_word' id='word_1_472' title='bbox 2389 2446 2580 2500; x_wconf 82' lang='lat' dir='ltr'>Oleum</span> <span class='ocrx_word' id='word_1_473' title='bbox 2606 2448 2904 2515; x_wconf 77' lang='lat' dir='ltr'>peccatoris</span> <span class='ocrx_word' id='word_1_474' title='bbox 2938 2460 3045 2499; x_wconf 86' lang='lat' dir='ltr'>non</span> <span class='ocrx_word' id='word_1_475' title='bbox 3076 2446 3379 2515; x_wconf 86' lang='lat' dir='ltr'>impinguet</span> <span class='ocrx_word' id='word_1_476' title='bbox 3407 2452 3569 2514; x_wconf 89' lang='lat' dir='ltr'>caput</span> 
     </span>
    </p>
   </div>
   <div class='ocr_carea' id='block_1_72' title="bbox 1909 2533 3571 2605">
    <p class='ocr_par' dir='ltr' id='par_1_72' title="bbox 1909 2533 3571 2605">
     <span class='ocr_line' id='line_1_72' title="bbox 1909 2533 3571 2605; baseline -0.001 -16"><span class='ocrx_word' id='word_1_477' title='bbox 1909 2552 2093 2590; x_wconf 87' lang='lat' dir='ltr'>meum</span> <span class='ocrx_word' id='word_1_478' title='bbox 2124 2535 2293 2601; x_wconf 84' lang='lat' dir='ltr'>(Psal.</span> <span class='ocrx_word' id='word_1_479' title='bbox 2329 2551 2454 2600; x_wconf 77' lang='lat' dir='ltr'>CXL,</span> <span class='ocrx_word' id='word_1_480' title='bbox 2513 2535 2589 2604; x_wconf 85' lang='lat'>5).</span> <span class='ocrx_word' id='word_1_481' title='bbox 2653 2534 2940 2589; x_wconf 85' lang='lat' dir='ltr'>Noverant</span> <span class='ocrx_word' id='word_1_482' title='bbox 2970 2534 3125 2589; x_wconf 91' lang='lat' dir='ltr'>enim</span> <span class='ocrx_word' id='word_1_483' title='bbox 3154 2534 3292 2605; x_wconf 90' lang='lat' dir='ltr'>quia</span> <span class='ocrx_word' id='word_1_484' title='bbox 3321 2533 3571 2605; x_wconf 88' lang='lat' dir='ltr'>graviter</span> 
     </span>
    </p>
   </div>
   <div class='ocr_carea' id='block_1_73' title="bbox 1914 2620 3568 2695">
    <p class='ocr_par' dir='ltr' id='par_1_73' title="bbox 1914 2620 3568 2695">
     <span class='ocr_line' id='line_1_73' title="bbox 1914 2620 3568 2695; baseline -0.002 -17"><span class='ocrx_word' id='word_1_485' title='bbox 1914 2629 2133 2695; x_wconf 88' lang='lat' dir='ltr'>peccat,</span> <span class='ocrx_word' id='word_1_486' title='bbox 2167 2630 2222 2677; x_wconf 89' lang='lat' dir='ltr'>et</span> <span class='ocrx_word' id='word_1_487' title='bbox 2254 2623 2577 2677; x_wconf 90' lang='lat' dir='ltr'>libertatem</span> <span class='ocrx_word' id='word_1_488' title='bbox 2641 2623 2924 2693; x_wconf 89' lang='lat' dir='ltr'>arguendi</span> <span class='ocrx_word' id='word_1_489' title='bbox 2976 2621 3213 2688; x_wconf 89' lang='lat' dir='ltr'>amittit,</span> <span class='ocrx_word' id='word_1_490' title='bbox 3248 2620 3346 2693; x_wconf 92' lang='lat' dir='ltr'>qui</span> <span class='ocrx_word' id='word_1_491' title='bbox 3379 2621 3451 2675; x_wconf 90' lang='lat' dir='ltr'>ab</span> <span class='ocrx_word' id='word_1_492' title='bbox 3502 2636 3568 2675; x_wconf 89' lang='lat' dir='ltr'>eo</span> 
     </span>
    </p>
   </div>
   <div class='ocr_carea' id='block_1_74' title="bbox 1913 2709 3568 2783">
    <p class='ocr_par' dir='ltr' id='par_1_74' title="bbox 1913 2709 3568 2783">
     <span class='ocr_line' id='line_1_74' title="bbox 1913 2709 3568 2783; baseline -0.002 -16"><span class='ocrx_word' id='word_1_493' title='bbox 1913 2713 2135 2783; x_wconf 87' lang='lat' dir='ltr'>aliquid</span> <span class='ocrx_word' id='word_1_494' title='bbox 2189 2712 2417 2783; x_wconf 87' lang='lat' dir='ltr'>accipit,</span> <span class='ocrx_word' id='word_1_495' title='bbox 2480 2713 2581 2781; x_wconf 92' lang='lat' dir='ltr'>qui</span> <span class='ocrx_word' id='word_1_496' title='bbox 2640 2716 2944 2783; x_wconf 84' lang='lat' dir='ltr'>propterea</span> <span class='ocrx_word' id='word_1_497' title='bbox 3002 2711 3229 2778; x_wconf 90' lang='lat' dir='ltr'>tribuit,</span> <span class='ocrx_word' id='word_1_498' title='bbox 3270 2727 3340 2765; x_wconf 89' lang='lat' dir='ltr'>ne</span> <span class='ocrx_word' id='word_1_499' title='bbox 3372 2709 3568 2765; x_wconf 86' lang='lat' dir='ltr'>redar-</span> 
     </span>
    </p>
   </div>
   <div class='ocr_carea' id='block_1_75' title="bbox 1913 2802 2272 2871">
    <p class='ocr_par' dir='ltr' id='par_1_75' title="bbox 1913 2802 2272 2871">
     <span class='ocr_line' id='line_1_75' title="bbox 1913 2802 2272 2871; baseline 0 -16"><span class='ocrx_word' id='word_1_500' title='bbox 1913 2806 2054 2871; x_wconf 89' lang='lat' dir='ltr'>guat</span> <span class='ocrx_word' id='word_1_501' title='bbox 2103 2802 2272 2869; x_wconf 83' lang='lat'>(532).</span> 
     </span>
    </p>
   </div>
   <div class='ocr_carea' id='block_1_76' title="bbox 1984 2905 3571 2977">
    <p class='ocr_par' dir='ltr' id='par_1_76' title="bbox 1984 2905 3571 2977">
     <span class='ocr_line' id='line_1_76' title="bbox 1984 2905 3571 2977; baseline 0.001 -18"><span class='ocrx_word' id='word_1_502' title='bbox 1984 2905 2259 2974; x_wconf 88' lang='lat' dir='ltr'>Sequitur</span> <span class='ocrx_word' id='word_1_503' title='bbox 2292 2922 2307 2961; x_wconf 90' lang='lat'><strong>:</strong></span> <span class='ocrx_word' id='word_1_504' title='bbox 2338 2907 2751 2973; x_wconf 86' lang='lat' dir='ltr'>maledicimur,</span> <span class='ocrx_word' id='word_1_505' title='bbox 2785 2909 2833 2960; x_wconf 88' lang='lat' dir='ltr'>et</span> <span class='ocrx_word' id='word_1_506' title='bbox 2867 2906 3233 2960; x_wconf 84' lang='lat' dir='ltr'>benedicimus</span> <span class='ocrx_word' id='word_1_507' title='bbox 3258 2922 3277 2965; x_wconf 89' lang='grc'><em>;</em></span> <span class='ocrx_word' id='word_1_508' title='bbox 3308 2921 3571 2977; x_wconf 86' lang='lat' dir='ltr'>persecu-</span> 
     </span>
    </p>
   </div>
   <div class='ocr_carea' id='block_1_77' title="bbox 1916 2994 3572 3063">
    <p class='ocr_par' dir='ltr' id='par_1_77' title="bbox 1916 2994 3572 3063">
     <span class='ocr_line' id='line_1_77' title="bbox 1916 2994 3572 3063; baseline 0.002 -17"><span class='ocrx_word' id='word_1_509' title='bbox 1916 2995 2112 3047; x_wconf 78' lang='lat' dir='ltr'>tionem</span> <span class='ocrx_word' id='word_1_510' title='bbox 2133 2996 2455 3062; x_wconf 84' lang='lat' dir='ltr'>patimur,et</span> <span class='ocrx_word' id='word_1_511' title='bbox 2476 2995 2810 3047; x_wconf 82' lang='lat' dir='ltr'>sustinemus</span> <span class='ocrx_word' id='word_1_512' title='bbox 2830 3013 2852 3056; x_wconf 76' lang='lat'>,-</span> <span class='ocrx_word' id='word_1_513' title='bbox 2875 2994 3397 3063; x_wconf 83' lang='lat' dir='ltr'>blasphemamur,et</span> <span class='ocrx_word' id='word_1_514' title='bbox 3423 2995 3572 3049; x_wconf 85' lang='lat' dir='ltr'>obse-</span> 
     </span>
    </p>
   </div>
   <div class='ocr_carea' id='block_1_78' title="bbox 1914 3080 3571 3153">
    <p class='ocr_par' dir='ltr' id='par_1_78' title="bbox 1914 3080 3571 3153">
     <span class='ocr_line' id='line_1_78' title="bbox 1914 3080 3571 3153; baseline 0 -18"><span class='ocrx_word' id='word_1_515' title='bbox 1914 3098 2148 3135; x_wconf 86' lang='lat' dir='ltr'>cramus.</span> <span class='ocrx_word' id='word_1_516' title='bbox 2183 3080 2697 3139; x_wconf 86' lang='lat' dir='ltr'>Maledicebantur.</span> <span class='ocrx_word' id='word_1_517' title='bbox 2732 3086 2786 3133; x_wconf 93' lang='lat' dir='ltr'>et</span> <span class='ocrx_word' id='word_1_518' title='bbox 2819 3081 3259 3144; x_wconf 88' lang='lat' dir='ltr'>benedicebant,</span> <span class='ocrx_word' id='word_1_519' title='bbox 3294 3082 3432 3151; x_wconf 89' lang='lat' dir='ltr'>quia</span> <span class='ocrx_word' id='word_1_520' title='bbox 3469 3098 3571 3153; x_wconf 90' lang='lat' dir='ltr'>pro</span> 
     </span>
    </p>
   </div>
   <div class='ocr_carea' id='block_1_79' title="bbox 1917 3169 3572 3238">
    <p class='ocr_par' dir='ltr' id='par_1_79' title="bbox 1917 3169 3572 3238">
     <span class='ocr_line' id='line_1_79' title="bbox 1917 3169 3572 3238; baseline 0 -14"><span class='ocrx_word' id='word_1_521' title='bbox 1917 3171 2085 3224; x_wconf 88' lang='lat' dir='ltr'>malis</span> <span class='ocrx_word' id='word_1_522' title='bbox 2118 3170 2298 3224; x_wconf 87' lang='lat' dir='ltr'>vicem</span> <span class='ocrx_word' id='word_1_523' title='bbox 2353 3186 2465 3223; x_wconf 91' lang='lat' dir='ltr'>non</span> <span class='ocrx_word' id='word_1_524' title='bbox 2526 3169 2865 3235; x_wconf 83' lang='lat' dir='ltr'>reddebant,</span> <span class='ocrx_word' id='word_1_525' title='bbox 2922 3173 2986 3221; x_wconf 91' lang='lat' dir='ltr'>ut</span> <span class='ocrx_word' id='word_1_526' title='bbox 3027 3186 3124 3222; x_wconf 91' lang='lat' dir='ltr'>eos</span> <span class='ocrx_word' id='word_1_527' title='bbox 3176 3170 3275 3238; x_wconf 88' lang='lat' dir='ltr'>qui</span> <span class='ocrx_word' id='word_1_528' title='bbox 3308 3186 3369 3223; x_wconf 90' lang='lat' dir='ltr'>se</span> <span class='ocrx_word' id='word_1_529' title='bbox 3420 3170 3572 3224; x_wconf 88' lang='lat' dir='ltr'>male</span> 
     </span>
    </p>
   </div>
   <div class='ocr_carea' id='block_1_80' title="bbox 1914 3256 3573 3328">
    <p class='ocr_par' dir='ltr' id='par_1_80' title="bbox 1914 3256 3573 3328">
     <span class='ocr_line' id='line_1_80' title="bbox 1914 3256 3573 3328; baseline -0.001 -14"><span class='ocrx_word' id='word_1_530' title='bbox 1914 3260 2242 3314; x_wconf 85' lang='lat' dir='ltr'>tractabant</span> <span class='ocrx_word' id='word_1_531' title='bbox 2275 3276 2383 3313; x_wconf 90' lang='lat' dir='ltr'>sua</span> <span class='ocrx_word' id='word_1_532' title='bbox 2418 3258 2697 3328; x_wconf 86' lang='lat' dir='ltr'>patientia</span> <span class='ocrx_word' id='word_1_533' title='bbox 2727 3258 2798 3312; x_wconf 87' lang='lat' dir='ltr'>ad</span> <span class='ocrx_word' id='word_1_534' title='bbox 2832 3256 3003 3312; x_wconf 90' lang='lat' dir='ltr'>ﬁdem</span> <span class='ocrx_word' id='word_1_535' title='bbox 3038 3256 3249 3311; x_wconf 91' lang='lat' dir='ltr'>Christi</span> <span class='ocrx_word' id='word_1_536' title='bbox 3282 3262 3573 3313; x_wconf 87' lang='lat' dir='ltr'>converte-</span> 
     </span>
    </p>
   </div>
   <div class='ocr_carea' id='block_1_81' title="bbox 1916 3345 3569 3417">
    <p class='ocr_par' dir='ltr' id='par_1_81' title="bbox 1916 3345 3569 3417">
     <span class='ocr_line' id='line_1_81' title="bbox 1916 3345 3569 3417; baseline 0.001 -16"><span class='ocrx_word' id='word_1_537' title='bbox 1916 3354 2062 3402; x_wconf 87' lang='lat' dir='ltr'>rent.</span> <span class='ocrx_word' id='word_1_538' title='bbox 2100 3347 2565 3402; x_wconf 67' lang='lat' dir='ltr'>Persesutionem</span> <span class='ocrx_word' id='word_1_539' title='bbox 2610 3345 3003 3417; x_wconf 89' lang='lat' dir='ltr'>patiebantur,</span> <span class='ocrx_word' id='word_1_540' title='bbox 3065 3351 3120 3400; x_wconf 90' lang='lat' dir='ltr'>et</span> <span class='ocrx_word' id='word_1_541' title='bbox 3177 3346 3569 3415; x_wconf 87' lang='lat' dir='ltr'>sustinebant,</span> 
     </span>
    </p>
   </div>
   <div class='ocr_carea' id='block_1_82' title="bbox 1915 3435 3571 3507">
    <p class='ocr_par' dir='ltr' id='par_1_82' title="bbox 1915 3435 3571 3507">
     <span class='ocr_line' id='line_1_82' title="bbox 1915 3435 3571 3507; baseline 0.001 -17"><span class='ocrx_word' id='word_1_542' title='bbox 1915 3437 2053 3507; x_wconf 90' lang='lat' dir='ltr'>quia</span> <span class='ocrx_word' id='word_1_543' title='bbox 2084 3436 2570 3507; x_wconf 82' lang='lat' dir='ltr'>persequentibus</span> <span class='ocrx_word' id='word_1_544' title='bbox 2604 3452 2717 3489; x_wconf 91' lang='lat' dir='ltr'>non</span> <span class='ocrx_word' id='word_1_545' title='bbox 2752 3435 3122 3489; x_wconf 84' lang='lat' dir='ltr'>resistebant.</span> <span class='ocrx_word' id='word_1_546' title='bbox 3184 3435 3571 3507; x_wconf 87' lang='lat' dir='ltr'>Blasphema-</span> 
     </span>
    </p>
   </div>
   <div class='ocr_carea' id='block_1_83' title="bbox 1914 3523 3572 3595">
    <p class='ocr_par' dir='ltr' id='par_1_83' title="bbox 1914 3523 3572 3595">
     <span class='ocr_line' id='line_1_83' title="bbox 1914 3523 3572 3595; baseline 0 -15"><span class='ocrx_word' id='word_1_547' title='bbox 1914 3526 2149 3590; x_wconf 88' lang='lat' dir='ltr'>bantur,</span> <span class='ocrx_word' id='word_1_548' title='bbox 2180 3529 2234 3579; x_wconf 91' lang='lat' dir='ltr'>et</span> <span class='ocrx_word' id='word_1_549' title='bbox 2267 3523 3090 3595; x_wconf 81' lang='lat' dir='ltr'>obsecrabant,quia,injuriis</span> <span class='ocrx_word' id='word_1_550' title='bbox 3112 3530 3168 3579; x_wconf 90' lang='lat' dir='ltr'>et</span> <span class='ocrx_word' id='word_1_551' title='bbox 3197 3524 3572 3581; x_wconf 88' lang='lat' dir='ltr'>contumeliis</span> 
     </span>
    </p>
   </div>
   <div class='ocr_carea' id='block_1_84' title="bbox 1915 3612 3574 3684">
    <p class='ocr_par' dir='ltr' id='par_1_84' title="bbox 1915 3612 3574 3684">
     <span class='ocr_line' id='line_1_84' title="bbox 1915 3612 3574 3684; baseline -0.001 -15"><span class='ocrx_word' id='word_1_552' title='bbox 1915 3615 2124 3681; x_wconf 80' lang='lat' dir='ltr'>atl‘ecti,</span> <span class='ocrx_word' id='word_1_553' title='bbox 2159 3612 2499 3684; x_wconf 90' lang='lat' dir='ltr'>suppliciter</span> <span class='ocrx_word' id='word_1_554' title='bbox 2529 3613 2934 3679; x_wconf 81' lang='lat' dir='ltr'>obsecrabant,</span> <span class='ocrx_word' id='word_1_555' title='bbox 2972 3618 3034 3666; x_wconf 91' lang='lat' dir='ltr'>ut</span> <span class='ocrx_word' id='word_1_556' title='bbox 3064 3629 3125 3667; x_wconf 91' lang='lat' dir='ltr'>se</span> <span class='ocrx_word' id='word_1_557' title='bbox 3157 3613 3574 3684; x_wconf 89' lang='lat' dir='ltr'>permitterent</span> 
     </span>
    </p>
   </div>
   <div class='ocr_carea' id='block_1_85' title="bbox 1916 3701 3572 3772">
    <p class='ocr_par' dir='ltr' id='par_1_85' title="bbox 1916 3701 3572 3772">
     <span class='ocr_line' id='line_1_85' title="bbox 1916 3701 3572 3772; baseline 0 -16"><span class='ocrx_word' id='word_1_558' title='bbox 1916 3703 2155 3757; x_wconf 90' lang='lat' dir='ltr'>reddere</span> <span class='ocrx_word' id='word_1_559' title='bbox 2188 3701 2495 3766; x_wconf 88' lang='lat' dir='ltr'>rationem,</span> <span class='ocrx_word' id='word_1_560' title='bbox 2530 3701 2779 3756; x_wconf 86' lang='lat' dir='ltr'>scientes</span> <span class='ocrx_word' id='word_1_561' title='bbox 2812 3701 2950 3772; x_wconf 89' lang='lat' dir='ltr'>quia</span> <span class='ocrx_word' id='word_1_562' title='bbox 2981 3701 3029 3756; x_wconf 90' lang='lat' dir='ltr'>si</span> <span class='ocrx_word' id='word_1_563' title='bbox 3064 3701 3117 3755; x_wconf 94' lang='lat' dir='ltr'>id</span> <span class='ocrx_word' id='word_1_564' title='bbox 3154 3701 3572 3767; x_wconf 84' lang='lat' dir='ltr'>ﬁeret,t‘acilius</span> 
     </span>
    </p>
   </div>
   <div class='ocr_carea' id='block_1_86' title="bbox 1915 3788 3009 3844">
    <p class='ocr_par' dir='ltr' id='par_1_86' title="bbox 1915 3788 3009 3844">
     <span class='ocr_line' id='line_1_86' title="bbox 1915 3788 3009 3844; baseline -0.001 0"><span class='ocrx_word' id='word_1_565' title='bbox 1915 3807 2014 3844; x_wconf 90' lang='lat' dir='ltr'>eos</span> <span class='ocrx_word' id='word_1_566' title='bbox 2036 3791 2108 3843; x_wconf 88' lang='lat' dir='ltr'>ad</span> <span class='ocrx_word' id='word_1_567' title='bbox 2142 3790 2314 3843; x_wconf 88' lang='lat' dir='ltr'>ﬁdem</span> <span class='ocrx_word' id='word_1_568' title='bbox 2348 3788 2559 3843; x_wconf 90' lang='lat' dir='ltr'>Christi</span> <span class='ocrx_word' id='word_1_569' title='bbox 2588 3794 3009 3844; x_wconf 90' lang='lat' dir='ltr'>converterent.</span> 
     </span>
    </p>
   </div>
   <div class='ocr_carea' id='block_1_87' title="bbox 1988 3904 3575 3975">
    <p class='ocr_par' dir='ltr' id='par_1_87' title="bbox 1988 3904 3575 3975">
     <span class='ocr_line' id='line_1_87' title="bbox 1988 3904 3575 3975; baseline 0.001 -17"><span class='ocrx_word' id='word_1_570' title='bbox 1988 3904 2263 3973; x_wconf 89' lang='lat' dir='ltr'>Sequitur</span> <span class='ocrx_word' id='word_1_571' title='bbox 2290 3920 2302 3956; x_wconf 86' lang='lat'>:</span> <span class='ocrx_word' id='word_1_572' title='bbox 2336 3912 2602 3971; x_wconf 84' lang='lat' dir='ltr'>tanquam</span> <span class='ocrx_word' id='word_1_573' title='bbox 2628 3912 2993 3973; x_wconf 86' lang='lat' dir='ltr'>purgamenta</span> <span class='ocrx_word' id='word_1_574' title='bbox 3024 3904 3183 3975; x_wconf 83' lang='lat' dir='ltr'>hujus</span> <span class='ocrx_word' id='word_1_575' title='bbox 3215 3907 3413 3962; x_wconf 86' lang='lat' dir='ltr'>mundi</span> <span class='ocrx_word' id='word_1_576' title='bbox 3438 3907 3575 3975; x_wconf 78' lang='lat' dir='ltr'>facti</span> 
     </span>
    </p>
   </div>
   <div class='ocr_carea' id='block_1_88' title="bbox 1916 3990 3572 4064">
    <p class='ocr_par' dir='ltr' id='par_1_88' title="bbox 1916 3990 3572 4064">
     <span class='ocr_line' id='line_1_88' title="bbox 1916 3990 3572 4064; baseline 0.001 -17"><span class='ocrx_word' id='word_1_577' title='bbox 1916 3992 2200 4047; x_wconf 85' lang='lat' dir='ltr'>sumus.Et</span> <span class='ocrx_word' id='word_1_578' title='bbox 2229 3995 2316 4045; x_wconf 90' lang='lat' dir='ltr'>est</span> <span class='ocrx_word' id='word_1_579' title='bbox 2343 4007 2551 4044; x_wconf 90' lang='lat' dir='ltr'>sensus</span> <span class='ocrx_word' id='word_1_580' title='bbox 2590 3990 2772 4052; x_wconf 88' lang='lat' dir='ltr'>:Quia</span> <span class='ocrx_word' id='word_1_581' title='bbox 2804 3991 3194 4062; x_wconf 87' lang='lat' dir='ltr'>nosmetipsos</span> <span class='ocrx_word' id='word_1_582' title='bbox 3226 3994 3572 4064; x_wconf 87' lang='lat' dir='ltr'>dejecimus,</span> 
     </span>
    </p>
   </div>
   <div class='ocr_carea' id='block_1_89' title="bbox 1920 4078 3574 4153">
    <p class='ocr_par' dir='ltr' id='par_1_89' title="bbox 1920 4078 3574 4153">
     <span class='ocr_line' id='line_1_89' title="bbox 1920 4078 3574 4153; baseline 0.001 -18"><span class='ocrx_word' id='word_1_583' title='bbox 1920 4082 2057 4153; x_wconf 89' lang='lat' dir='ltr'>quia</span> <span class='ocrx_word' id='word_1_584' title='bbox 2115 4096 2230 4135; x_wconf 92' lang='lat' dir='ltr'>non</span> <span class='ocrx_word' id='word_1_585' title='bbox 2287 4078 2772 4143; x_wconf 80' lang='lat' dir='ltr'>contradiximus,</span> <span class='ocrx_word' id='word_1_586' title='bbox 2832 4078 3048 4134; x_wconf 90' lang='lat' dir='ltr'>idcirco</span> <span class='ocrx_word' id='word_1_587' title='bbox 3100 4082 3574 4152; x_wconf 86' lang='lat' dir='ltr'>contemptibiles</span> 
     </span>
    </p>
   </div>
   <div class='ocr_carea' id='block_1_90' title="bbox 1918 4166 3576 4235">
    <p class='ocr_par' dir='ltr' id='par_1_90' title="bbox 1918 4166 3576 4235">
     <span class='ocr_line' id='line_1_90' title="bbox 1918 4166 3576 4235; baseline 0.001 -11"><span class='ocrx_word' id='word_1_588' title='bbox 1918 4168 2103 4225; x_wconf 90' lang='lat' dir='ltr'>habiti</span> <span class='ocrx_word' id='word_1_589' title='bbox 2128 4185 2191 4223; x_wconf 92' lang='lat' dir='ltr'>su</span> <span class='ocrx_word' id='word_1_590' title='bbox 2204 4172 2415 4235; x_wconf 90' lang='lat' dir='ltr'>mus,et</span> <span class='ocrx_word' id='word_1_591' title='bbox 2439 4166 2711 4221; x_wconf 90' lang='lat' dir='ltr'>vilissimi</span> <span class='ocrx_word' id='word_1_592' title='bbox 2736 4167 3195 4223; x_wconf 90' lang='lat' dir='ltr'>omnium.Unde</span> <span class='ocrx_word' id='word_1_593' title='bbox 3224 4185 3358 4224; x_wconf 79' lang='lat' dir='ltr'>mox</span> <span class='ocrx_word' id='word_1_594' title='bbox 3379 4170 3576 4225; x_wconf 90' lang='lat' dir='ltr'>subdi-</span> 
     </span>
    </p>
   </div>
   <div class='ocr_carea' id='block_1_91' title="bbox 1921 4256 3578 4327">
    <p class='ocr_par' dir='ltr' id='par_1_91' title="bbox 1921 4256 3578 4327">
     <span class='ocr_line' id='line_1_91' title="bbox 1921 4256 3578 4327; baseline -0.001 -13"><span class='ocrx_word' id='word_1_595' title='bbox 1921 4264 2064 4314; x_wconf 90' lang='lat' dir='ltr'>tur:</span> <span class='ocrx_word' id='word_1_596' title='bbox 2104 4257 2363 4311; x_wconf 87' lang='lat' dir='ltr'>Omnium</span> <span class='ocrx_word' id='word_1_597' title='bbox 2417 4258 2719 4327; x_wconf 84' lang='lat' dir='ltr'>peripsima</span> <span class='ocrx_word' id='word_1_598' title='bbox 2778 4256 2924 4326; x_wconf 88' lang='grc'>(533)</span> <span class='ocrx_word' id='word_1_599' title='bbox 2984 4273 3151 4327; x_wconf 80' lang='lat' dir='ltr'>usque</span> <span class='ocrx_word' id='word_1_600' title='bbox 3201 4259 3403 4313; x_wconf 76' lang='lat' dir='ltr'>adhuc.</span> <span class='ocrx_word' id='word_1_601' title='bbox 3438 4259 3578 4314; x_wconf 89' lang='lat' dir='ltr'>Per-</span> 
     </span>
    </p>
   </div>
   <div class='ocr_carea' id='block_1_92' title="bbox 1919 4344 3582 4419">
    <p class='ocr_par' dir='ltr' id='par_1_92' title="bbox 1919 4344 3582 4419">
     <span class='ocr_line' id='line_1_92' title="bbox 1919 4344 3582 4419; baseline 0.001 -18"><span class='ocrx_word' id='word_1_602' title='bbox 1919 4348 2133 4419; x_wconf 90' lang='lat' dir='ltr'>ipsima</span> <span class='ocrx_word' id='word_1_603' title='bbox 2162 4347 2318 4401; x_wconf 91' lang='lat' dir='ltr'>enim</span> <span class='ocrx_word' id='word_1_604' title='bbox 2353 4351 2489 4400; x_wconf 91' lang='lat' dir='ltr'>sunt</span> <span class='ocrx_word' id='word_1_605' title='bbox 2512 4344 2787 4415; x_wconf 71' lang='lat' dir='ltr'>quaelibet</span> <span class='ocrx_word' id='word_1_606' title='bbox 2813 4345 3130 4410; x_wconf 87' lang='lat' dir='ltr'>vilia,velut</span> <span class='ocrx_word' id='word_1_607' title='bbox 3158 4346 3582 4417; x_wconf 69' lang='lat' dir='ltr'>depilaturaa,et</span> 
     </span>
    </p>
   </div>
   <div class='ocr_carea' id='block_1_93' title="bbox 1920 4434 3581 4508">
    <p class='ocr_par' dir='ltr' id='par_1_93' title="bbox 1920 4434 3581 4508">
     <span class='ocr_line' id='line_1_93' title="bbox 1920 4434 3581 4508; baseline 0 -17"><span class='ocrx_word' id='word_1_608' title='bbox 1920 4453 2157 4499; x_wconf 77' lang='lat' dir='ltr'>rasurae,</span> <span class='ocrx_word' id='word_1_609' title='bbox 2190 4441 2247 4489; x_wconf 91' lang='lat' dir='ltr'>et</span> <span class='ocrx_word' id='word_1_610' title='bbox 2278 4451 2638 4505; x_wconf 64' lang='lat' dir='ltr'>quaecunque</span> <span class='ocrx_word' id='word_1_611' title='bbox 2671 4434 2787 4489; x_wconf 89' lang='lat' dir='ltr'>alia</span> <span class='ocrx_word' id='word_1_612' title='bbox 2818 4435 3162 4506; x_wconf 88' lang='lat' dir='ltr'>projectitia.</span> <span class='ocrx_word' id='word_1_613' title='bbox 3201 4437 3372 4508; x_wconf 80' lang='lat' dir='ltr'>Usque</span> <span class='ocrx_word' id='word_1_614' title='bbox 3395 4437 3581 4494; x_wconf 86' lang='lat' dir='ltr'>adhuc</span> 
     </span>
    </p>
   </div>
   <div class='ocr_carea' id='block_1_94' title="bbox 158 4523 3078 4622">
    <p class='ocr_par' dir='ltr' id='par_1_94' title="bbox 158 4523 3078 4622">
     <span class='ocr_line' id='line_1_94' title="bbox 158 4523 3078 4622; baseline -0.003 -18"><span class='ocrx_word' id='word_1_615' title='bbox 158 4551 475 4622; x_wconf 79' lang='lat' dir='ltr'>tenderent,</span> <span class='ocrx_word' id='word_1_616' title='bbox 542 4523 727 4606; x_wconf 78' lang='lat' dir='ltr'>securi</span> <span class='ocrx_word' id='word_1_617' title='bbox 791 4549 1104 4604; x_wconf 84' lang='lat' dir='ltr'>manebant</span> <span class='ocrx_word' id='word_1_618' title='bbox 1150 4574 1163 4615; x_wconf 89' lang='lat'><strong>;</strong></span> <span class='ocrx_word' id='word_1_619' title='bbox 1210 4549 1457 4619; x_wconf 82' lang='lat' dir='ltr'>ideoque</span> <span class='ocrx_word' id='word_1_620' title='bbox 1525 4548 1663 4603; x_wconf 90' lang='lat' dir='ltr'>dicit</span> <span class='ocrx_word' id='word_1_621' title='bbox 1718 4565 1815 4603; x_wconf 91' lang='lat' dir='ltr'>eos</span> <span class='ocrx_word' id='word_1_622' title='bbox 1847 4560 1891 4622; x_wconf 82' lang='lat' dir='ltr'>D</span> <span class='ocrx_word' id='word_1_623' title='bbox 1925 4526 2085 4590; x_wconf 51' lang='lat' dir='ltr'>die”,</span> <span class='ocrx_word' id='word_1_624' title='bbox 2117 4526 2174 4579; x_wconf 68' lang='lat' dir='ltr'>id</span> <span class='ocrx_word' id='word_1_625' title='bbox 2208 4528 2313 4589; x_wconf 63' lang='grc' dir='ltr'>θδίν</span> <span class='ocrx_word' id='word_1_626' title='bbox 2349 4540 2536 4593; x_wconf 70' lang='lat' dir='ltr'>usque</span> <span class='ocrx_word' id='word_1_627' title='bbox 2577 4524 2648 4578; x_wconf 67' lang='lat' dir='ltr'>ad</span> <span class='ocrx_word' id='word_1_628' title='bbox 2683 4523 2791 4579; x_wconf 73' lang='lat' dir='ltr'>hoc</span> <span class='ocrx_word' id='word_1_629' title='bbox 2823 4529 3078 4596; x_wconf 65' lang='lat' dir='ltr'>tempus-</span> 
     </span>
    </p>
   </div>
   <div class='ocr_carea' id='block_1_95' title="bbox 177 4644 324 4697">
    <p class='ocr_par' dir='ltr' id='par_1_95' title="bbox 177 4644 324 4697">
     <span class='ocr_line' id='line_1_95' title="bbox 177 4644 324 4697; baseline 0.014 -4"><span class='ocrx_word' id='word_1_630' title='bbox 177 4644 324 4697; x_wconf 87' lang='lat' dir='ltr'>&#39;ortes.</span> 
     </span>
    </p>
   </div>
   <div class='ocr_carea' id='block_1_96' title="bbox 156 4642 1813 4797">
    <p class='ocr_par' dir='ltr' id='par_1_96' title="bbox 156 4642 1813 4797">
     <span class='ocr_line' id='line_1_96' title="bbox 156 4642 324 4707; baseline 0.012 -14"><span class='ocrx_word' id='word_1_631' title='bbox 156 4642 324 4707; x_wconf 83' lang='lat' dir='ltr'>fortes.</span> 
     </span>
     <span class='ocr_line' id='line_1_97' title="bbox 225 4726 1813 4797; baseline -0.003 -13"><span class='ocrx_word' id='word_1_632' title='bbox 225 4732 313 4786; x_wconf 84' lang='lat' dir='ltr'>Vos</span> <span class='ocrx_word' id='word_1_633' title='bbox 367 4742 564 4787; x_wconf 80' lang='lat' dir='ltr'>autem</span> <span class='ocrx_word' id='word_1_634' title='bbox 620 4731 851 4795; x_wconf 84' lang='lat' dir='ltr'>nobiles,</span> <span class='ocrx_word' id='word_1_635' title='bbox 936 4744 1031 4783; x_wconf 83' lang='lat' dir='ltr'>nos</span> <span class='ocrx_word' id='word_1_636' title='bbox 1079 4737 1265 4783; x_wconf 86' lang='lat' dir='ltr'>autem</span> <span class='ocrx_word' id='word_1_637' title='bbox 1350 4728 1645 4797; x_wconf 77' lang='lat' dir='ltr'>ignobiles.</span> <span class='ocrx_word' id='word_1_638' title='bbox 1706 4726 1813 4789; x_wconf 90' lang='lat' dir='ltr'>Qui</span> 
     </span>
    </p>
   </div>
   <div class='ocr_carea' id='block_1_97' title="bbox 160 4816 1815 4888">
    <p class='ocr_par' dir='ltr' id='par_1_97' title="bbox 160 4816 1815 4888">
     <span class='ocr_line' id='line_1_98' title="bbox 160 4816 1815 4888; baseline -0.001 -18"><span class='ocrx_word' id='word_1_639' title='bbox 160 4816 330 4873; x_wconf 88' lang='lat' dir='ltr'>Deum</span> <span class='ocrx_word' id='word_1_640' title='bbox 364 4817 620 4874; x_wconf 71' lang='lat' dir='ltr'>Abrahae</span> <span class='ocrx_word' id='word_1_641' title='bbox 648 4818 829 4873; x_wconf 79' lang='lat' dir='ltr'>fuisse</span> <span class='ocrx_word' id='word_1_642' title='bbox 864 4816 1219 4888; x_wconf 89' lang='lat' dir='ltr'>promissum</span> <span class='ocrx_word' id='word_1_643' title='bbox 1253 4821 1355 4871; x_wconf 90' lang='lat' dir='ltr'>aut</span> <span class='ocrx_word' id='word_1_644' title='bbox 1384 4816 1682 4887; x_wconf 84' lang='lat' dir='ltr'>prephetis</span> <span class='ocrx_word' id='word_1_645' title='bbox 1714 4833 1815 4869; x_wconf 88' lang='lat' dir='ltr'>an-</span> 
     </span>
    </p>
   </div>
   <div class='ocr_carea' id='block_1_98' title="bbox 163 4904 1819 4978">
    <p class='ocr_par' dir='ltr' id='par_1_98' title="bbox 163 4904 1819 4978">
     <span class='ocr_line' id='line_1_99' title="bbox 163 4904 1819 4978; baseline -0.002 -18"><span class='ocrx_word' id='word_1_646' title='bbox 163 4910 495 4963; x_wconf 90' lang='lat' dir='ltr'>nuntiatum</span> <span class='ocrx_word' id='word_1_647' title='bbox 551 4907 864 4978; x_wconf 86' lang='lat' dir='ltr'>negabant,</span> <span class='ocrx_word' id='word_1_648' title='bbox 915 4904 1137 4960; x_wconf 89' lang='lat' dir='ltr'>nobiles</span> <span class='ocrx_word' id='word_1_649' title='bbox 1180 4906 1644 4971; x_wconf 68' lang='lat' dir='ltr'>aestimabantur,</span> <span class='ocrx_word' id='word_1_650' title='bbox 1679 4904 1819 4975; x_wconf 89' lang='lat' dir='ltr'>quia</span> 
     </span>
    </p>
   </div>
   <div class='ocr_carea' id='block_1_99' title="bbox 165 4993 1819 5066">
    <p class='ocr_par' dir='ltr' id='par_1_99' title="bbox 165 4993 1819 5066">
     <span class='ocr_line' id='line_1_100' title="bbox 165 4993 1819 5066; baseline -0.001 -18"><span class='ocrx_word' id='word_1_651' title='bbox 165 5010 385 5051; x_wconf 90' lang='lat' dir='ltr'>omnem</span> <span class='ocrx_word' id='word_1_652' title='bbox 421 4995 838 5065; x_wconf 88' lang='lat' dir='ltr'>antiquitatem</span> <span class='ocrx_word' id='word_1_653' title='bbox 873 4993 1085 5048; x_wconf 88' lang='lat' dir='ltr'>Christi</span> <span class='ocrx_word' id='word_1_654' title='bbox 1117 4994 1394 5066; x_wconf 89' lang='lat' dir='ltr'>promissi</span> <span class='ocrx_word' id='word_1_655' title='bbox 1428 5012 1540 5049; x_wconf 91' lang='lat' dir='ltr'>non</span> <span class='ocrx_word' id='word_1_656' title='bbox 1593 4994 1819 5047; x_wconf 88' lang='lat' dir='ltr'>Christo</span> 
     </span>
    </p>
   </div>
   <div class='ocr_carea' id='block_1_100' title="bbox 164 5081 1818 5153">
    <p class='ocr_par' dir='ltr' id='par_1_100' title="bbox 164 5081 1818 5153">
     <span class='ocr_line' id='line_1_101' title="bbox 164 5081 1818 5153; baseline -0.001 -17"><span class='ocrx_word' id='word_1_657' title='bbox 164 5085 535 5141; x_wconf 86' lang='lat' dir='ltr'>ascribebant</span> <span class='ocrx_word' id='word_1_658' title='bbox 566 5102 576 5149; x_wconf 88' lang='lat'>;</span> <span class='ocrx_word' id='word_1_659' title='bbox 626 5081 953 5140; x_wconf 89' lang='lat' dir='ltr'>econtrario</span> <span class='ocrx_word' id='word_1_660' title='bbox 986 5084 1083 5153; x_wconf 93' lang='lat' dir='ltr'>qui</span> <span class='ocrx_word' id='word_1_661' title='bbox 1133 5085 1457 5149; x_wconf 88' lang='lat' dir='ltr'>Christum,</span> <span class='ocrx_word' id='word_1_662' title='bbox 1492 5084 1818 5140; x_wconf 88' lang='lat' dir='ltr'>secundum</span> 
     </span>
    </p>
   </div>
   <div class='ocr_carea' id='block_1_101' title="bbox 1994 4640 3579 4713">
    <p class='ocr_par' dir='ltr' id='par_1_101' title="bbox 1994 4640 3579 4713">
     <span class='ocr_line' id='line_1_102' title="bbox 1994 4640 3579 4713; baseline 0 -19"><span class='ocrx_word' id='word_1_663' title='bbox 1994 4640 2270 4710; x_wconf 89' lang='lat' dir='ltr'>Sequitur</span> <span class='ocrx_word' id='word_1_664' title='bbox 2303 4656 2314 4692; x_wconf 87' lang='lat'><strong>:</strong></span> <span class='ocrx_word' id='word_1_665' title='bbox 2350 4641 2488 4695; x_wconf 88' lang='lat' dir='ltr'>Nam</span> <span class='ocrx_word' id='word_1_666' title='bbox 2517 4642 2568 4693; x_wconf 87' lang='lat' dir='ltr'>si</span> <span class='ocrx_word' id='word_1_667' title='bbox 2596 4640 2776 4695; x_wconf 85' lang='lat' dir='ltr'>decem</span> <span class='ocrx_word' id='word_1_668' title='bbox 2806 4641 2968 4696; x_wconf 87' lang='lat' dir='ltr'>milia</span> <span class='ocrx_word' id='word_1_669' title='bbox 2998 4642 3444 4713; x_wconf 71' lang='lat' dir='ltr'>paedagogorum,</span> <span class='ocrx_word' id='word_1_670' title='bbox 3468 4646 3579 4695; x_wconf 92' lang='lat' dir='ltr'>etc.</span> 
     </span>
    </p>
   </div>
   <div class='ocr_carea' id='block_1_102' title="bbox 1925 4724 3582 4800">
    <p class='ocr_par' dir='ltr' id='par_1_102' title="bbox 1925 4724 3582 4800">
     <span class='ocr_line' id='line_1_103' title="bbox 1925 4724 3582 4800; baseline -0.003 -16"><span class='ocrx_word' id='word_1_671' title='bbox 1925 4730 2257 4784; x_wconf 87' lang='lat' dir='ltr'>Notandum</span> <span class='ocrx_word' id='word_1_672' title='bbox 2293 4729 2429 4799; x_wconf 88' lang='lat' dir='ltr'>quia</span> <span class='ocrx_word' id='word_1_673' title='bbox 2451 4728 2547 4782; x_wconf 91' lang='lat' dir='ltr'>ille</span> <span class='ocrx_word' id='word_1_674' title='bbox 2576 4728 2673 4799; x_wconf 91' lang='lat' dir='ltr'>qui</span> <span class='ocrx_word' id='word_1_675' title='bbox 2698 4728 2954 4800; x_wconf 90' lang='lat' dir='ltr'>primum</span> <span class='ocrx_word' id='word_1_676' title='bbox 2978 4730 3425 4785; x_wconf 81' lang='lat' dir='ltr'>fundamentum</span> <span class='ocrx_word' id='word_1_677' title='bbox 3448 4724 3582 4782; x_wconf 90' lang='lat' dir='ltr'>ﬁdei</span> 
     </span>
    </p>
   </div>
   <div class='ocr_carea' id='block_1_103' title="bbox 1921 4817 3584 4889">
    <p class='ocr_par' dir='ltr' id='par_1_103' title="bbox 1921 4817 3584 4889">
     <span class='ocr_line' id='line_1_104' title="bbox 1921 4817 3584 4889; baseline -0.002 -17"><span class='ocrx_word' id='word_1_678' title='bbox 1921 4819 2083 4889; x_wconf 85' lang='lat' dir='ltr'>jacit,</span> <span class='ocrx_word' id='word_1_679' title='bbox 2119 4818 2214 4873; x_wconf 90' lang='lat' dir='ltr'>ille</span> <span class='ocrx_word' id='word_1_680' title='bbox 2256 4822 2419 4889; x_wconf 87' lang='lat' dir='ltr'>pater</span> <span class='ocrx_word' id='word_1_681' title='bbox 2449 4817 2702 4885; x_wconf 86' lang='lat' dir='ltr'>dicitur;</span> <span class='ocrx_word' id='word_1_682' title='bbox 2737 4818 2836 4887; x_wconf 90' lang='lat' dir='ltr'>qui</span> <span class='ocrx_word' id='word_1_683' title='bbox 2868 4834 2999 4873; x_wconf 89' lang='lat' dir='ltr'>vero</span> <span class='ocrx_word' id='word_1_684' title='bbox 3034 4818 3197 4873; x_wconf 75' lang='lat' dir='ltr'>illum</span> <span class='ocrx_word' id='word_1_685' title='bbox 3232 4820 3584 4889; x_wconf 90' lang='lat' dir='ltr'>sequuntur,</span> 
     </span>
    </p>
   </div>
   <div class='ocr_carea' id='block_1_104' title="bbox 1931 4904 3587 4981">
    <p class='ocr_par' dir='ltr' id='par_1_104' title="bbox 1931 4904 3587 4981">
     <span class='ocr_line' id='line_1_105' title="bbox 1931 4904 3587 4981; baseline -0.003 -19"><span class='ocrx_word' id='word_1_686' title='bbox 1931 4909 2252 4981; x_wconf 77' lang='lat' dir='ltr'>paedagogi.</span> <span class='ocrx_word' id='word_1_687' title='bbox 2284 4908 2639 4978; x_wconf 67' lang='lat' dir='ltr'>Piedagogus</span> <span class='ocrx_word' id='word_1_688' title='bbox 2670 4906 2905 4961; x_wconf 58' lang='lat' dir='ltr'>Graecus</span> <span class='ocrx_word' id='word_1_689' title='bbox 2936 4925 3127 4962; x_wconf 89' lang='lat' dir='ltr'>sermo</span> <span class='ocrx_word' id='word_1_690' title='bbox 3160 4912 3271 4970; x_wconf 89' lang='lat' dir='ltr'>est,</span> <span class='ocrx_word' id='word_1_691' title='bbox 3302 4911 3357 4960; x_wconf 91' lang='lat' dir='ltr'>et</span> <span class='ocrx_word' id='word_1_692' title='bbox 3391 4904 3587 4958; x_wconf 88' lang='lat' dir='ltr'>Latine</span> 
     </span>
    </p>
   </div>
   <div class='ocr_carea' id='block_1_105' title="bbox 1930 4996 3591 5070">
    <p class='ocr_par' dir='ltr' id='par_1_105' title="bbox 1930 4996 3591 5070">
     <span class='ocr_line' id='line_1_106' title="bbox 1930 4996 3591 5070; baseline -0.003 -19"><span class='ocrx_word' id='word_1_693' title='bbox 1930 4997 2145 5052; x_wconf 88' lang='lat' dir='ltr'>dicitur</span> <span class='ocrx_word' id='word_1_694' title='bbox 2191 4998 2565 5070; x_wconf 68' lang='lat' dir='ltr'>peztz&#39;ssequus,</span> <span class='ocrx_word' id='word_1_695' title='bbox 2619 5002 2674 5051; x_wconf 90' lang='lat' dir='ltr'>et</span> <span class='ocrx_word' id='word_1_696' title='bbox 2718 4996 2979 5050; x_wconf 87' lang='lat' dir='ltr'>eruditor</span> <span class='ocrx_word' id='word_1_697' title='bbox 3033 5011 3381 5067; x_wconf 86' lang='lat' dir='ltr'>puerorum;</span> <span class='ocrx_word' id='word_1_698' title='bbox 3416 4996 3591 5061; x_wconf 89' lang='lat' dir='ltr'>atque</span> 
     </span>
    </p>
   </div>
   <div class='ocr_carea' id='block_1_106' title="bbox 1935 5079 3593 5152">
    <p class='ocr_par' dir='ltr' id='par_1_106' title="bbox 1935 5079 3593 5152">
     <span class='ocr_line' id='line_1_107' title="bbox 1935 5079 3593 5152; baseline -0.003 -14"><span class='ocrx_word' id='word_1_699' title='bbox 1935 5085 2207 5142; x_wconf 88' lang='lat' dir='ltr'>tascivam</span> <span class='ocrx_word' id='word_1_700' title='bbox 2241 5092 2468 5141; x_wconf 73' lang='lat' dir='ltr'>mtatem</span> <span class='ocrx_word' id='word_1_701' title='bbox 2502 5085 2826 5140; x_wconf 77' lang='lat' dir='ltr'>refrenans.</span> <span class='ocrx_word' id='word_1_702' title='bbox 2855 5082 2966 5136; x_wconf 90' lang='lat' dir='ltr'>Iste</span> <span class='ocrx_word' id='word_1_703' title='bbox 2998 5098 3270 5152; x_wconf 83' lang='lat' dir='ltr'>namque,</span> <span class='ocrx_word' id='word_1_704' title='bbox 3304 5080 3441 5151; x_wconf 89' lang='lat' dir='ltr'>quia</span> <span class='ocrx_word' id='word_1_705' title='bbox 3465 5079 3593 5133; x_wconf 89' lang='lat' dir='ltr'>fun-</span> 
     </span>
    </p>
   </div>
  </div>
