3998 5278
412 392 519 451 331

1429 382 1768 450 ATTONIS
1815 388 2400 450 VERCELLENSIS
2447 386 2799 449 EPISCOPI

3703 386 3827 443 332

479 523 546 574 Et
577 535 756 591 quare
788 519 897 575 hoc
928 520 1153 575 dixerat
1205 520 1480 575 subditur
1512 538 1523 575 :
1559 528 1666 577 Per
1692 522 2053 591 Evangelium
2086 531 2141 595 Α
2170 519 2295 573 Non
2324 517 2481 573 enim
2513 517 2657 573 satis
2690 517 2798 572 fuit
2830 516 3138 588 epistolam
3198 514 3468 587 dirigere,
3500 530 3607 570 nec
3648 516 3828 570 etiam

406 625 508 682 ego
538 625 627 664 vos
656 610 829 679 genui
876 608 1045 679 (535).
1080 610 1140 663 In
1172 625 1237 663 eo
1277 609 1429 677 quod
1477 609 1618 664 dicit
1646 612 1834 679 genui,
1864 615 2058 663 osten-

408 699 567 753 ditur
596 713 722 752 esse
754 700 935 768 pater.
972 698 1038 751 Et
1068 697 1196 752 ideo
1228 697 1388 764 dicit,
1425 702 1488 751 ut
1510 699 1650 752 dum
1682 698 1764 752 illi
1796 715 1931 753 eum
1964 715 2062 752 au-

410 785 602 842 dirent
631 790 876 857 patrem,
909 802 970 840 se
1000 801 1128 841 esse
1171 790 1494 856 agnoscant
1540 786 1711 856 ﬁlios,
1744 791 1799 841 et
1841 785 2059 841 intelli-

412 879 554 947 gant
574 892 607 929 a
636 874 870 929 nemine
898 874 979 928 ita
1008 874 1697 945 diligi,quemadmodum
1727 877 1798 930 ab
1830 875 1927 929 illo
1959 875 2060 944 qui

414 967 576 1036 pater
605 968 712 1030 est,
771 968 827 1018 et
884 962 1161 1018 libentius
1201 980 1334 1018 eum
1393 964 1680 1018 audirent.
1714 963 1920 1018 Nullus
1951 965 2060 1018 ita-

416 1069 531 1124 que
581 1058 989 1108 extraneorum
1038 1052 1293 1107 ﬁliorum
1326 1069 1586 1107 amorem
1621 1052 1749 1108 suis
1782 1052 2065 1124 praeponit

416 1139 577 1196 ﬁliis.

487 1231 629 1297 Rogo
658 1238 842 1285 autem
887 1244 996 1291 vos,
1027 1230 1361 1299 fratres,etc.
1404 1228 1734 1283 Videndum
1768 1233 1857 1283 est
1886 1244 2066 1298 quare

415 1317 728 1390 Apostolus
757 1316 967 1371 dixerit
992 1316 1114 1371 suis
1146 1316 1531 1381 auditoribus,
1578 1316 1665 1371 vel
1696 1318 1849 1370 unde
1885 1334 1896 1370 :
1930 1318 2067 1369 Imi-

418 1416 613 1462 tatores
642 1408 751 1461 mei
778 1410 961 1461 estote.
985 1406 1317 1460 Notandum
1350 1408 1487 1476 quia
1518 1405 1776 1460 diversas
1805 1405 2067 1459 adversi-

418 1500 589 1566 tates,
621 1499 678 1548 et
706 1494 1235 1560 incommoditates,
1269 1499 1325 1546 ct
1359 1494 1592 1557 famem,
1616 1498 1671 1545 et
1700 1493 1859 1547 sitim
1892 1510 2069 1547 causa

419 1583 629 1639 salutis
649 1584 880 1638 illorum
906 1582 1218 1648 sustinuit;
1245 1585 1301 1636 et
1324 1582 1451 1635 ideo
1474 1580 1701 1634 dicebat
1724 1597 1735 1635 :
1762 1582 2068 1635 Imitatores

418 1674 530 1728 mei
578 1676 763 1737 estote,
806 1671 973 1743 quasi
1024 1670 1274 1724 diceret:
1308 1669 1469 1723 Sicut
1524 1686 1627 1741 ego
1659 1686 1835 1725 causa
1864 1675 2066 1724 vestrae

421 1760 629 1816 salutis
663 1760 878 1815 multas
908 1759 1418 1813 incommoditates
1451 1759 1728 1823 sustinui,
1749 1760 1829 1813 ita
1859 1764 1915 1812 et
1943 1775 2067 1824 vos,

423 1849 636 1920 spretis
659 1846 1422 1919 pseudoapostolis,illorum
1443 1846 1860 1901 detractionem
1887 1848 2070 1919 parvi-

424 1938 691 2009 pendatis
724 1955 736 1991 :
771 1952 905 1991 nam
940 1951 1142 1989 eorum
1174 1935 1594 1989 detractionem
1626 1935 1739 2007 ipsi
1786 1936 2071 1991 formida-

423 2028 602 2095 bant;
636 2024 803 2097 quasi
835 2024 1051 2079 diceret
1094 2041 1106 2078 :
1157 2024 1211 2077 Si
1260 2022 1361 2077 ﬁlii
1392 2024 1554 2094 estis,
1598 2025 1859 2080 debitum
1892 2025 2075 2080 hono-

422 2131 547 2170 rem
579 2112 802 2170 debetis
824 2112 1160 2184 impendere
1184 2113 1356 2183 patri,
1378 2118 1435 2167 et
1458 2114 1781 2169 imitatores
1804 2115 2072 2169 existere.

421 2204 613 2258 Variis
644 2202 800 2258 enim
833 2201 975 2257 locis
1004 2200 1164 2256 varia
1192 2206 1281 2256 est
1309 2202 1551 2257 intentio
1590 2202 1849 2275 Apostoli
1879 2203 2073 2257 dicen-

422 2292 500 2347 tis
535 2309 547 2345 :
580 2293 883 2346 lmitatores
911 2292 1022 2346 mei
1048 2291 1341 2356 estote,sed
1376 2295 1570 2346 tamen
1607 2292 1663 2345 in
1696 2291 1804 2346 hoc
1834 2290 1959 2346 loco
1992 2297 2074 2345 ta-

422 2380 497 2435 lis
528 2385 619 2435 est
647 2379 914 2434 intentio.

495 2468 620 2524 Ideo
678 2468 864 2522 direxi
917 2469 1063 2539 (536)
1137 2468 1492 2532 Timotheum,
1559 2472 1667 2521 etc.
1728 2467 1868 2532 Quis
1921 2467 2075 2522 enim

426 2563 623 2614 mente
654 2557 1142 2628 comprehendere
1173 2562 1276 2611 aut
1319 2556 1510 2610 verbis
1549 2556 1835 2627 explicare
1867 2556 2078 2628 poterit

428 2647 698 2703 affectum
730 2646 889 2701 illius
918 2647 945 2700 ?
974 2646 1098 2701 Non
1130 2646 1285 2699 enim
1318 2646 1463 2699 satis
1494 2644 1603 2698 fuit
1634 2644 1717 2700 eis
1767 2644 2075 2715 epistolam

427 2736 802 2808 dirigere,sed
829 2734 1005 2790 etiam
1021 2750 1197 2790 suum
1225 2732 1414 2787 ﬁlium
1441 2734 1815 2788 Timotheum
1846 2734 2076 2787 studuit

427 2826 716 2896 dirigere;
750 2829 806 2879 et
835 2841 950 2878 non
1001 2838 1384 2895 quaecunque,
1444 2823 1543 2877 sed
1589 2822 1762 2877 etiam
1818 2824 2077 2877 charissi-

427 2933 599 2970 mum.
632 2914 775 2968 Nam
799 2912 1015 2967 multos
1046 2910 1252 2965 habuit
1281 2910 1452 2966 ﬁlios.
1487 2910 1631 2966 alios
1662 2910 1891 2978 charos,
1932 2910 2077 2966 alios

430 3004 744 3073 ehariores,
776 3001 921 3056 alios
949 2999 1327 3055 charissimos
1360 3016 1372 3054 :
1408 3000 1516 3054 iste
1534 3015 1669 3056 vero
1692 3000 2077 3055 charissimus

429 3096 574 3157 erat,
609 3090 746 3161 quia
803 3106 906 3160 pro
965 3087 1207 3153 ﬁdelior,
1262 3105 1327 3143 eo
1376 3088 1621 3142 eharior.
1665 3089 1735 3142 Et
1764 3088 1856 3142 his
1887 3088 2078 3143 verbis

429 3179 561 3235 illos
591 3179 798 3250 tangit,
835 3177 934 3248 qui
966 3178 1037 3232 ab
1072 3178 1200 3247 ejus
1232 3176 1637 3248 praedicatione
1670 3183 2028 3231 recesserant
2059 3192 2072 3230 :

2170 606 2355 661 ﬁlium
2389 623 2563 661 suum
2587 605 3001 661 charissimum
3029 622 3042 672 ;
3076 606 3147 660 ad
3170 610 3497 660 extremum
3518 619 3657 659 vero
3678 620 3824 674 prse-

2170 696 2419 749 sentiam
2452 696 2543 749 sui
2575 695 2883 765 promittit,
2907 695 3151 749 dicendo
3186 712 3199 749 :
3237 697 3467 749 Veniam
3486 694 3559 748 ad
3580 709 3672 748 vos
3698 696 3827 747 cito.

2171 784 2282 837 Sed
2331 782 2458 838 vide
2488 800 2664 854 quam
2697 784 2944 838 discrete
2990 788 3046 838 et
3078 800 3256 855 quam
3306 788 3472 837 caute
3514 783 3829 853 loquatur;

2172 872 2326 925 dicet
2356 871 2510 926 enim
2546 890 2559 927 :
2592 872 2654 925 Si
2685 874 2953 927 Dominus
3008 873 3263 927 voluerit.
3324 874 3513 937 Quare
3543 871 3680 935 hoc,
3714 870 3833 924 nisi

2171 960 2312 1030 quia
2343 965 2692 1031 cognoverat
2746 961 2929 1015 Deum
2961 960 3145 1032 magis
3207 960 3354 1016 scire
3385 960 3541 1032 quod
3577 964 3744 1015 esset
3774 958 3834 1012 in

2174 1048 2409 1102 homine
2468 1065 2645 1118 quam
2678 1048 2977 1103 hominem
3009 1052 3030 1102 Ρ
3069 1050 3202 1104 Ideo
3234 1048 3342 1104 hoc
3373 1049 3626 1115 dicebat,
3689 1052 3757 1101 ut
3789 1048 3835 1101 si

2173 1136 2324 1191 Deus
2356 1136 2745 1206 disposuisset
2772 1136 2939 1193 illum
2972 1137 3310 1203 venire,non
3341 1137 3543 1207 Paulo,
3575 1137 3682 1192 sed
3717 1136 3831 1190 Deo

2173 1225 2658 1297 ascriberent,qui
2683 1243 2817 1281 cum
2849 1227 3043 1281 venire
3065 1227 3374 1298 disposuit,
3401 1232 3458 1281 et
3478 1242 3673 1296 operas
3697 1240 3826 1296 pre-

2174 1314 2321 1367 tium
2343 1319 2499 1369 esset
2529 1314 2716 1385 gratia
2748 1314 2847 1369 Dei
2876 1316 3159 1370 adventus
3186 1333 3197 1381 ;
3240 1315 3289 1369 si
3319 1330 3453 1369 vero
3485 1330 3604 1369 non
3635 1313 3833 1368 venis-

2175 1406 2283 1465 set,
2318 1419 2432 1456 non
2473 1403 2609 1467 Deo,
2642 1402 2725 1457 vel
2750 1401 2948 1473 Paulo,
2982 1404 3085 1457 sed
3116 1404 3242 1459 suis
3273 1402 3498 1459 meritis
3526 1404 3832 1474 disputas-

2178 1496 2327 1557 sent,
2389 1491 2691 1562 quoniam,
2752 1491 3122 1562 exigentibus
3179 1492 3425 1558 meritis,
3468 1507 3607 1546 eum
3638 1492 3838 1546 veniae

2181 1578 2428 1633 distulit.
2460 1579 2519 1633 Id
2552 1596 2666 1650 quo
2699 1580 2846 1635 facto
2870 1597 3178 1636 monemur
3200 1585 3264 1635 ut
3285 1597 3418 1636 eum
3440 1580 3673 1651 aliquid
3708 1596 3839 1651 pro-

2186 1667 2477 1723 mittimus
2508 1669 2684 1723 etiam
2709 1668 3264 1738 spiritale,dicamus
3297 1688 3310 1725 :
3344 1669 3395 1724 si
3416 1669 3711 1725 Dominus
3742 1687 3839 1724 vo-

2179 1756 2372 1823 luerit,
2408 1755 2463 1810 id
2495 1760 2585 1811 est
2616 1757 2966 1827 permiserit.

2104 1898 2148 1960 Β
2251 1888 2526 1958 Sequitur
2549 1905 2560 1942 :
2581 1890 2643 1942 Et
2661 1905 2976 1960 cognoscam
3008 1907 3113 1946 non
3146 1908 3453 1946 sermonem
3477 1908 3699 1956 eorum,
3732 1898 3836 1945 etc.

2187 1977 2518 2032 Notandum
2552 1978 2687 2050 quia
2714 1980 2915 2034 tandiu
2948 1980 3356 2036 manifestatur
3376 1980 3527 2036 falsa
3552 1981 3840 2045 doctrina,

2187 2082 2494 2137 quousque
2519 2083 2652 2121 vera
2672 2075 2948 2139 appareat
2971 2090 2984 2135 ;
3019 2085 3151 2123 cum
3174 2085 3304 2124 vero
3326 2085 3459 2125 vera
3480 2071 3842 2141 apparuerit,

2188 2155 2555 2210 obscuratur.
2582 2156 2670 2211 Ita
2701 2162 2757 2211 et
2787 2157 2900 2211 hic.
2928 2163 2989 2212 In
3022 2158 3272 2213 adventu
3297 2175 3555 2231 namque
3580 2158 3844 2230 Apostoli

2188 2244 2334 2298 falsa
2352 2245 2615 2299 doctrina
2632 2245 2946 2317 disparuit;
2973 2252 3030 2301 et
3051 2246 3181 2301 ideo
3205 2247 3345 2302 dicit
3361 2265 3372 2303 :
3389 2250 3465 2302 Et
3494 2264 3839 2318 cognoscam,

2187 2338 2293 2387 etc.
2325 2334 2640 2388 Sermonem
2660 2333 2913 2405 appellat
2939 2334 3330 2405 eloquentiam
3356 2354 3367 2403 ;
3394 2338 3667 2391 virtutem
3691 2354 3835 2391 vero.

2188 2420 2489 2492 signorum
2521 2427 2579 2477 et
2606 2440 2868 2494 Operum.
2904 2424 2969 2478 Et
2997 2441 3178 2495 quare
3219 2424 3425 2479 dixerit
3458 2442 3470 2478 :
3507 2425 3837 2496 Cognoscam

2185 2526 2270 2564 eos
2302 2514 2396 2580 qui
2426 2513 2763 2581 inﬂammati
2806 2513 2955 2584 (539)
2986 2522 3133 2584 sunt,
3169 2529 3279 2568 non
3300 2530 3583 2579 sermone,
3608 2515 3705 2569 sed
3736 2519 3838 2570 vir-

2184 2602 2319 2666 tute,
2345 2600 2697 2666 manifestat,
2727 2617 2861 2656 cum
2883 2603 3084 2658 subdit
3114 2619 3126 2658 :
3162 2605 3401 2673 Regnum
3426 2605 3527 2658 Dei
3546 2620 3663 2658 non
3683 2608 3758 2658 est
3786 2605 3840 2658 in

2185 2704 2447 2757 sermone,
2506 2689 2593 2742 sed
2624 2690 2681 2742 in
2712 2691 2910 2745 virtute
2930 2708 2950 2751 ;
3003 2690 3059 2744 id
3092 2695 3199 2763 est,
3232 2692 3290 2745 in
3330 2692 3542 2747 virtute
3575 2709 3833 2763 operum,

2188 2777 2322 2847 quia
2345 2777 2495 2831 sicut
2517 2778 2781 2833 doctrina
2794 2778 3127 2851 evangelica
3144 2798 3257 2835 non
3277 2786 3366 2836 est
3382 2781 3439 2834 in
3464 2782 3841 2851 montei’SiO),

2188 2866 2286 2920 sed
2315 2864 2372 2919 in
2405 2866 2641 2931 virtute,
2674 2866 2755 2922 ita
2783 2872 2838 2923 et
2868 2884 3113 2939 regnum
3148 2869 3265 2924 Dei.

2260 2998 2533 3068 Sequitur
2566 3018 2580 3053 :
2614 3000 2752 3067 Quid
2782 3002 2944 3055 vultis
2965 3004 2989 3053 γ
3022 3004 3076 3056 In
3112 3003 3399 3072 virga,etc.
3436 3001 3669 3073 Duplex
3693 3003 3840 3057 enim

2190 3092 2312 3139 erat
2342 3086 2582 3141 affectus
2640 3088 2969 3159 apostolicae
3027 3091 3259 3155 mentis,
3309 3091 3365 3144 id
3395 3095 3484 3146 est
3525 3091 3767 3162 pietatis
3790 3098 3843 3145 et

2188 3174 2531 3229 severitatis.
2568 3176 2848 3247 Superius
2881 3178 3142 3246 dixerat;
3180 3181 3245 3234 Ut
3270 3180 3413 3249 ﬁlios
3445 3195 3600 3234 meos
3631 3181 3843 3235 charis—

430 3269 551 3341 qui,
586 3268 635 3323 si
666 3266 1045 3335 mansissent,
1080 3266 1223 3321 forte
1277 3270 1333 3320 et
1378 3265 1492 3335 ipsi
1525 3264 1855 3319 cbarissimi
1888 3266 2076 3320 cfﬁce-
2110 3255 2152 3321 C
2189 3264 2361 3317 simos
2387 3278 2580 3318 moneo
2610 3265 2655 3334 (Ι
2686 3264 2803 3320 Cor.
2836 3284 2909 3331 1v,
2944 3267 3066 3337 ili):
3109 3284 3263 3321 nunc
3295 3284 3426 3323 vero
3458 3269 3639 3340 virga
3668 3270 3845 3323 mina-

432 3362 654 3413 rentur.

502 3447 608 3501 Sed
642 3462 820 3516 quare
879 3446 1058 3498 istum
1118 3443 1382 3497 direxit?
1416 3445 1582 3498 Forte
1634 3444 1782 3510 ideo,
1826 3444 1965 3513 quia
1995 3443 2079 3497 illi

433 3534 710 3589 oblivioni
740 3531 1109 3587 tradiderunt
1153 3548 1277 3601 quae
1310 3531 1393 3585 eis
1437 3530 1682 3601 apostoli
1729 3532 2079 3603 praedicave-

434 3627 587 3677 rant.
622 3621 687 3675 Et
714 3621 843 3675 ideo
874 3620 1052 3674 istum
1086 3619 1419 3690 direxit,qui
1448 3625 1586 3674 nota
1617 3625 1739 3674 erat
1768 3621 1895 3690 ejus
1929 3637 2078 3691 prie-

436 3710 666 3781 dicatio,
701 3715 758 3764 et
779 3710 907 3779 ejus
938 3706 1212 3779 epistolae,
1249 3713 1311 3761 ut
1342 3725 1409 3762 ea
1439 3724 1566 3779 quas
1598 3708 1873 3763 oblivioni
1897 3711 2079 3764 tradi-

432 3801 641 3855 derant
671 3799 741 3853 ad
775 3797 1117 3852 memoriam
1149 3802 1461 3851 revocaret.
1511 3797 1572 3850 In
1605 3814 1717 3868 quo
1750 3798 1899 3853 facto
1958 3816 2079 3854 mo-

435 3894 647 3943 nentur
678 3886 1081 3958 praedicatores
1115 3890 1177 3940 ut
1207 3886 1476 3940 affectum
1519 3887 1748 3956 pietatis
1780 3890 1851 3941 ab
1892 3888 2007 3943 illis
2049 3905 2082 3943 a

433 3977 652 4047 quibus
683 3980 1113 4047 persequuntur
1143 3990 1258 4029 non
1290 3975 1853 4044 subtrahunt,sed,si
1881 3994 2080 4032 neces-

433 4066 576 4121 sitas
610 4065 801 4135 t'uerit,
834 4080 937 4136 pro
968 4063 1083 4119 illis
1107 4062 1254 4118 mori
1285 4064 1578 4119 studeant.

505 4153 571 4208 Et
600 4169 776 4223 quare
820 4152 997 4207 istum
1029 4152 1304 4206 direxerit
1333 4152 1687 4219 manifestat,
1726 4155 2031 4209 subdendo
2066 4172 2079 4210 :

433 4244 541 4309 Qui
570 4258 659 4297 vos
687 4240 1143 4313 commonefaciat
1172 4242 1287 4294 vias
1319 4257 1466 4294 meas
1486 4257 1506 4301 ;
1540 4240 1595 4294 id
1628 4246 1717 4295 est
1755 4242 2082 4296 commoni-

431 4338 521 4387 tos
556 4348 658 4385 vos
689 4331 911 4385 reddat.
950 4330 1102 4383 Viam
1129 4346 1297 4384 suam
1328 4328 1579 4400 appellat
1610 4330 2078 4401 praedicationem

433 4426 491 4475 et
521 4420 915 4489 operationem
948 4433 1139 4473 suam.
1191 4418 1326 4485 Quae
1371 4427 1498 4473 sunt
1556 4421 1615 4473 in
1674 4418 1887 4473 Christo
1933 4422 2077 4475 Iesu.

430 4508 577 4562 Cum
607 4509 763 4561 enim
796 4506 955 4573 dicit,
983 4509 1039 4560 in
1068 4507 1286 4562 Christo
1316 4508 1463 4576 Iesu,
1490 4512 1541 4561 et
1570 4510 1711 4561 sicut
1743 4510 1802 4561 in
1834 4510 2081 4563 omnibus

434 4597 688 4650 Ecclesiis
718 4595 1160 4663 doeeo,ostendit
1190 4613 1251 4651 se
1284 4596 1363 4650 nil
1388 4596 1683 4662 contrarii,
1710 4596 1791 4650 nil
1828 4597 2080 4668 perversi
2113 4625 2159 4688 D

434 4701 534 4739 eos
565 4682 833 4737 docuisse
867 4700 879 4748 ;
935 4689 991 4737 et
1021 4684 1159 4737 dum
1222 4684 1303 4737 illi
1334 4686 1600 4739 audirent
1642 4686 2080 4757 generalitatem

431 4774 758 4841 observare,
796 4773 1041 4843 puderet
1067 4789 1165 4827 eos
1196 4790 1308 4827 non
1341 4791 1466 4828 esse
1498 4775 1913 4841 observatores,
1950 4774 2085 4844 quia

425 4878 550 4933 quo
571 4862 759 4933 magis
784 4862 1117 4932 specialitas
1140 4862 1293 4916 videt
1316 4862 1753 4933 generalitatem
1778 4863 2081 4917 observare

434 4950 677 5021 aliquid,
715 4951 901 5022 magis
946 4956 1290 5022 provocatur
1314 4950 1737 5005 observandum
1772 4951 1938 5020 (537).

505 5040 785 5066 ραν-κει..-
822 5057 833 5066 .
872 5040 1089 5066 ll.....'..-..
1128 5039 1191 5066 ".1
1224 5056 1311 5066 ..Λ-ι
1342 5039 1430 5066 [KQ
1473 5038 1487 5066 \
1537 5042 1621 5066 ηιη

1724 5038 2081 5066 πζτνιηᾹενΛν-ιιη

2190 3355 2305 3404 tur.
2339 3352 2485 3416 Quid
2520 3354 2905 3423 mansuetius,
2944 3356 3082 3426 quid
3107 3356 3763 3428 misericordius,quam
3782 3362 3846 3412 ut

2192 3439 2340 3495 ﬁlios
2374 3457 2533 3496 meos
2566 3441 2944 3499 charissimos
2974 3446 3246 3500 monere?
3270 3446 3338 3500 Et
3370 3446 3511 3515 quid
3546 3446 3845 3501 crudelius

2190 3545 2365 3600 quam
2394 3530 2557 3602 virga
2588 3532 2845 3586 minari?
2880 3538 2940 3586 ln
2972 3550 3086 3603 quo
3118 3535 3269 3588 facto
3294 3540 3612 3589 monentur
3644 3535 3846 3605 praedi-

2189 3623 2410 3674 catores
2444 3624 2507 3673 ut
2566 3624 2879 3691 utrumque
2911 3623 3179 3677 aﬁ‘ectum
3211 3638 3348 3693 erga
3378 3639 3519 3677 suos
3559 3622 3841 3688 habeant,

2190 3706 2245 3759 id
2279 3712 2368 3761 est
2401 3707 2725 3763 severitatis
2784 3715 2840 3763 et
2871 3710 3103 3780 pietatis
3162 3728 3175 3765 :
3238 3712 3339 3765 sed
3370 3711 3471 3779 ita,
3506 3716 3571 3766 ut
3621 3729 3745 3767 non
3775 3712 3849 3767 sit

2189 3795 2442 3851 crudelis
2465 3812 2665 3852 eorum
2696 3798 3277 3870 severitas,quoniam
3298 3800 3347 3854 si
3380 3800 3619 3867 talis,ad
3644 3801 3844 3872 despe-

2193 3884 2472 3939 rationem
2502 3885 2717 3952 trahit;
2751 3887 2798 3940 si
2822 3903 2952 3941 vero
2981 3888 3229 3942 remissa
3251 3888 3455 3959 pietas,
3480 3888 3846 3960 negligentes

2192 3973 2347 4027 facit.
2408 3973 2475 4026 Et
2527 3974 2657 4027 ideo
2717 3974 2899 4045 pietas
2932 3992 3065 4029 cum
3101 3977 3429 4046 severitate,
3480 3982 3539 4031 et
3568 3979 3847 4032 severitas

2190 4078 2324 4115 cum
2368 4062 2579 4132 pietate
2611 4063 2782 4116 debet
2830 4080 2979 4117 esse.
3016 4064 3159 4117 Hinc
3218 4068 3306 4118 est
3336 4065 3492 4135 quod
3547 4067 3662 4121 sub
3702 4066 3853 4120 mari

2192 4166 2347 4204 amco
2380 4168 2493 4204 non
2554 4150 2742 4205 solum
2800 4152 2993 4217 boves,
3049 4153 3150 4207 sed
3202 4152 3376 4208 etiam
3433 4152 3635 4209 leones
3667 4156 3849 4210 fuisse

2191 4237 2466 4308 leguntur
2522 4239 2623 4309 (III
2680 4245 2807 4309 Reg.
2861 4256 2962 4304 v11,
3020 4240 3131 4311 29).
3192 4241 3340 4305 Quid
3391 4258 3496 4312 per
3524 4243 3705 4297 boves
3738 4243 3850 4297 nisi

2192 4325 2376 4397 pietas
2411 4327 2891 4396 praedicatorum;
2932 4328 3068 4398 quid
3101 4345 3204 4400 per
3235 4329 3451 4397 leones,
3497 4330 3612 4384 nisi
3666 4335 3851 4385 terror

2192 4414 2514 4469 severitatis
2547 4416 2813 4486 signatur
2843 4416 2870 4469 ?
2904 4417 3193 4472 Discimus
3226 4417 3380 4472 enim
3414 4417 3472 4471 in
3507 4419 3849 4487 praefatione

2190 4503 2443 4557 similem
2502 4520 2631 4560 esse
2683 4504 2927 4559 Paulum
2984 4506 3202 4577 Moysi:
3238 4507 3392 4577 quod
3426 4509 3607 4561 etiam
3638 4508 3701 4562 in
3740 4506 3849 4561 hoc

2192 4590 2315 4647 loco
2337 4593 2673 4648 manifestat
2698 4613 2709 4661 ;
2732 4610 2865 4648 nam
2890 4594 3043 4649 sicut
3063 4594 3276 4666 duplex
3302 4595 3547 4650 affectus
3570 4597 3851 4667 possede-

2196 4685 2281 4733 rat
2311 4682 2568 4735 animam
2606 4682 2884 4747 istius,ita
2915 4688 2971 4737 et
3000 4683 3206 4751 ipsius.
3238 4684 3475 4754 Legitur
3504 4683 3666 4738 enlm
3692 4685 3853 4755 quia,

2195 4785 2327 4822 cum
2362 4770 2721 4825 ascendisset
2777 4772 2835 4825 in
2869 4776 3123 4826 montem
3158 4772 3330 4840 (Brod
3359 4774 3561 4841 xxxn),
3605 4778 3673 4827 ut
3702 4774 3851 4827 acci-

2193 4864 2351 4927 peret
2392 4858 2600 4928 legem,
2643 4859 2787 4914 dixit
2827 4861 2879 4914 ei
2921 4861 3075 4916 Deus
3109 4880 3121 4915 :
3156 4862 3448 4917 Descende
3496 4863 3569 4917 de
3628 4867 3849 4931 monte,

2193 4946 2328 5015 quia
2370 4948 2623 5016 peccavit
2654 4948 2904 5020 pOpulus
2934 4953 3158 5019 tuus,et
3185 4956 3454 5022 precante
3486 4949 3588 5005 illo
3620 4951 3853 5005 dimisit

2192 5033 2342 5066 naua
2379 5052 2581 5066 nnvnm
2642 5037 2854 5066 ηηιπιτῖη
2932 5044 2979 5066 At
3016 5039 3396 5066 ᾹηηηΑν-,ληηδλ
3451 5037 3549 5066 ζῘΙΑ
3605 5040 3845 5066 ι-ἐηευι..
