3998 5278
163 164 282 222 333

732 168 1146 231 EXPOSITIO
1189 173 1267 231 IN
1318 174 1740 233 EPISTULAS
1791 176 2043 235 PAULI.
2081 210 2157 220 ——
2192 179 2267 235 ΙΝ
2318 178 2564 238 EPIST.
2616 179 2631 235 l
2682 180 2784 236 AD
2830 179 3003 239 COR.

3449 185 3568 243 334

164 295 547 351 sericorditer
577 302 878 369 Optaverat
910 302 978 356 de
1013 302 1159 358 libro
1200 305 1397 371 deleri,
1454 308 1811 361 descendens
1841 315 1893 376 Α
1926 309 2287 378 specialitate
2321 310 2511 374 fuerit,
2546 309 2935 379 abiiciendum
2956 314 3565 381 est,quemadmodum

163 402 367 456 quam,
405 386 717 442 crudeliter
746 390 881 460 egit.

236 474 402 543 (ΟΑΡ.
436 474 531 541 V.)
564 479 802 533 Omnino
833 479 1059 533 auditur
1088 483 1234 536 inter
1260 497 1349 537 ros
1372 486 1807 552 [ornz'ratio,etc.

160 561 567 632 (5t2).Dicitur
598 581 610 618 :
646 566 885 620 Auditur
901 570 1199 637 fornicatio
1233 572 1397 631 tatis:
1428 580 1482 625 et
1505 573 1691 642 qualis
1714 573 1808 635 sit,

162 651 472 705 subdendo
506 654 864 718 manifestat,
898 674 1029 710 cum
1064 659 1241 712 dicit:
1280 660 1471 726 Quatis
1511 677 1609 714 nec
1666 664 1814 715 inter

160 744 375 810 gentes;
435 740 490 794 id
550 748 657 807 est,
722 744 873 798 inter
908 745 1040 799 illos
1071 748 1169 817 qui
1204 765 1233 801 a
1283 748 1611 819 cognitione
1639 750 1809 805 alieni

163 829 459 884 existunt:
497 832 652 885 unde
682 834 859 887 etiam
892 835 1142 904 gentiles
1176 837 1469 901 dicuntur,
1504 838 1671 908 quasi
1722 855 1811 910 ge-

162 919 266 973 niti
301 917 471 973 tales.
508 920 573 974 Et
603 922 905 976 sciendum
932 925 1069 993 quia
1100 928 1502 996 exaggerando
1553 928 1811 998 loquitur

165 1006 508 1079 Apostolus,
542 1014 608 1062 ut
651 1009 735 1063 illi
787 1020 1169 1083 agnoscentes
1224 1031 1501 1085 magnum
1561 1016 1806 1081 facinus,

166 1095 515 1168 poeniterent
544 1102 600 1151 et
631 1098 1012 1155 salvarentur.
1050 1102 1110 1154 In
1154 1118 1267 1172 quo
1300 1103 1447 1158 facto
1498 1111 1810 1159 monentur

164 1185 574 1256 praedicatores
606 1192 670 1241 ut
700 1204 833 1242 cum
858 1190 928 1243 de
960 1190 1154 1260 aliquo
1188 1192 1441 1247 facinore
1466 1191 1804 1263 loquuntur,

164 1275 566 1345 exaggerando
597 1275 933 1347 loquantur,
968 1279 1105 1348 quia
1132 1286 1268 1333 sunt
1300 1281 1542 1334 nonnuli
1577 1280 1807 1349 mali,et

164 1363 427 1434 perversi,
461 1365 712 1418 maxime
745 1366 1060 1436 Simplices,
1098 1367 1315 1438 quibus
1346 1369 1391 1422 si
1428 1370 1671 1424 remisso
1714 1387 1802 1423 ore

165 1452 285 1506 dine
313 1452 532 1506 vitium
562 1453 924 1524 increpetur,
969 1473 1211 1526 parvum
1246 1458 1619 1513 considerant
1676 1474 1803 1513 esse

170 1541 444 1612 flagitium
480 1559 650 1609 ;nam
670 1543 995 1597 secundum
1022 1546 1259 1599 modum
1285 1546 1803 1617 locutionis,quan-

165 1632 373 1684 titatem
408 1630 756 1702 intelligunt
777 1648 904 1686 esse
922 1634 1235 1702 peccati.Et
1256 1634 1382 1689 ideo
1400 1637 1802 1707 exaggerando
1832 1671 1880 1735 Β

166 1718 305 1789 loqui
335 1719 578 1787 debent,
613 1724 676 1774 ut
705 1720 845 1775 dum
877 1723 1145 1788 audiunt,
1174 1728 1496 1794 agnoscant
1519 1740 1798 1795 magnum

167 1807 390 1871 facinus,
420 1812 486 1862 et
517 1809 793 1879 paeniteat
824 1825 922 1864 eos
954 1810 1085 1863 facti
1114 1811 1225 1875 sui,
1261 1817 1317 1865 et
1360 1812 1673 1866 salventur.

230 1897 541 1967 Sequitur:
576 1899 664 1952 Ita
694 1906 753 1952 ut
783 1900 902 1968 quis
922 1915 1151 1954 uxorem
1181 1904 1360 1970 patris
1391 1901 1604 1955 habeat.
1641 1901 1801 1955 Dixe-

170 1991 246 2039 rat
271 1987 415 2040 enim
456 1986 733 2057 superius
753 1988 975 2042 crimen
997 1990 1399 2044 fornicationis
1420 1991 1796 2061 generaliter;

180 2075 609 2129 namfornicatio
642 2075 1044 2131 multashabet
1070 2078 1526 2148 significationes
1556 2097 1568 2146 ;
1601 2079 1797 2135 etideo

177 2162 392 2229 speciem
427 2165 743 2233 subjunxit
768 2183 779 2218 :
805 2166 887 2219 Ita
916 2173 973 2219 ut
1003 2169 1102 2236 qui
1133 2170 1551 2238 uxorempatris
1573 2168 1793 2224 habeat.

174 2250 266 2303 Iste
280 2252 429 2307 enim
458 2253 690 2323 publice
714 2270 1018 2310 novercam
1043 2272 1211 2310 suam
1239 2262 1538 2327 acceperat
1563 2258 1795 2323 ;etideo

168 2338 390 2395 dicebat.
427 2341 541 2396 Sed
576 2347 713 2396 nota
743 2343 879 2414 quia
909 2346 1373 2416 unumquodque
1401 2346 1646 2412 facinus,
1680 2364 1795 2417 quo

162 2428 334 2482 rarius
367 2435 654 2500 patratur,
688 2448 753 2486 eo
786 2433 1041 2486 deterius
1078 2434 1565 2489 habetur.Rarius
1596 2440 1797 2505 peccat

162 2514 320 2572 homo
349 2518 411 2572 in
446 2520 934 2591 consanguineis:
971 2526 1028 2575 et
1058 2538 1172 2591 quo
1204 2523 1413 2591 rarius,
1449 2540 1513 2577 eo
1538 2524 1794 2578 deterius

161 2604 343 2674 ipsum
374 2608 585 2662 vitium
617 2608 882 2662 habetur.
916 2614 1033 2663 Iste
1063 2610 1219 2663 enim
1252 2610 1309 2662 in
1362 2612 1796 2681 consanguinea

153 2702 511 2765 peccaverat,
548 2697 685 2766 quia
716 2713 952 2751 uxorem
987 2698 1168 2767 patris
1200 2705 1518 2767 acceperat.

208 2784 538 2855 Sequitur:
577 2789 639 2838 Et
670 2800 759 2838 vos
788 2786 973 2852 inﬂati
1000 2787 1153 2851 estis,
1188 2790 1295 2839 etc.
1321 2790 1462 2839 Cum
1494 2787 1649 2840 enim
1707 2788 1795 2839 in-

140 2877 218 2926 ter
250 2874 402 2926 istos
424 2876 557 2924 tam
584 2888 863 2942 magnum
884 2872 1108 2926 facinus
1132 2873 1338 2926 fuisset
1359 2876 1796 2944 patratum,non

135 2959 324 3031 magis
358 2958 601 3012 lu-ctum
635 2958 985 3023 habuerunt,
1020 2959 1117 3013 sed
1152 2960 1547 3030 potiusinﬂati
1571 2962 1798 3015 exstite-

1925 397 2017 449 hic
2049 398 2188 451 dicit
2218 399 2554 469 Apostolus.

1993 487 2273 556 Sequitur
2301 504 2312 539 :
2343 489 2452 557 Ego
2482 486 2697 556 quidem
2715 488 2911 541 absens
2927 490 3433 560 corpore,etc.(543)
3456 492 3569 546 Ab-

1924 590 2057 627 sens
2088 582 2211 629 erat
2244 576 2395 629 enim
2427 575 2537 629 iste
2560 591 2753 643 carne,
2801 576 2902 631 sed
2932 580 3127 630 tamen
3160 593 3413 647 praisens
3444 582 3569 632 erat

1922 662 2020 715 illo
2054 663 2282 733 spiritu,
2316 664 2413 735 qui
2448 664 2629 733 replet
2660 665 2857 717 orbem
2892 669 3177 719 terrarum
3210 667 3564 733 virtute,non

1924 753 2093 806 mole.
2120 752 2247 805 Alio
2279 770 2409 807 vero
2446 769 2621 806 sensu
2656 751 2754 805 illo
2776 752 2983 821 spiritu
3019 769 3272 822 praesens
3294 758 3560 824 erat,quo

1922 839 2149 894 Eliseus
2182 840 2356 905 Giezi,
2391 858 2523 895 cum
2558 841 2784 894 dicebat
2812 858 2823 894 :
2857 842 2993 894 Num
3016 857 3123 895 non
3154 856 3396 910 praesens
3418 844 3567 912 (544)

1919 944 2090 993 eram,
2124 929 2342 999 quando
2365 932 2598 983 occurrit
2626 929 2728 982 tibi
2776 928 2953 992 homo,
2985 938 3037 983 et
3085 930 3221 983 talia
3244 932 3485 985 tribuit?
3504 932 3569 985 Et

1920 1033 2035 1087 quo
2052 1017 2263 1087 spiritu
2280 1018 2621 1072 benedictus
2638 1017 2827 1071 adfuit
2842 1017 3266 1088 suis,sequitur
3288 1035 3300 1073 :
3326 1021 3568 1088 Congre-

1918 1107 2064 1172 gatis
2094 1107 2537 1173 vobis,etc.Bene
2562 1106 2703 1159 dicit
2734 1105 2790 1158 in
2822 1106 3059 1161 nomine
3109 1106 3340 1161 Domini
3394 1107 3570 1163 Jesus

1917 1194 2055 1263 quia
2086 1194 2233 1247 nihil
2258 1195 2494 1263 prodest
2526 1198 2842 1248 conventus
2874 1193 2998 1249 sine
3020 1193 3263 1250 Domino
3286 1194 3445 1250 Jesu.
3473 1196 3571 1250 Se-

1916 1282 2154 1353 quitur:
2188 1283 2457 1347 Judicavi,
2499 1287 2608 1337 etc.
2639 1301 2651 1346 ;
2684 1284 2851 1352 quasi
2885 1282 3075 1338 dicat:
3108 1284 3236 1337 lam
3288 1283 3569 1352 judicavi;

1916 1375 1980 1424 ut
2008 1370 2248 1425 tollatur
2276 1372 2346 1425 de
2370 1372 2561 1425 medio
2592 1376 2872 1437 vestrum,
2905 1377 2957 1425 et
2977 1372 3167 1440 judico
3200 1373 3553 1441 tradere,etc.

1912 1458 2084 1513 Varie
2110 1459 2263 1513 enim
2293 1460 2405 1513 iste
2434 1459 2597 1514 locus
2621 1477 2653 1513 a
2679 1460 3015 1514 doctoribus
3046 1459 3377 1529 exponitur.
3412 1461 3567 1516 Non-

1914 1546 2061 1601 nulli
2087 1548 2290 1602 dicunt
2312 1565 2445 1603 eum
2470 1549 2703 1603 Satanae
2721 1548 3007 1602 traditum
3032 1548 3299 1617 fuisse,id
3323 1549 3565 1615 est,dia-

1912 1636 2065 1702 bolo,
2104 1636 2174 1689 ad
2208 1637 2559 1703 vexandum,
2595 1642 2657 1690 ut
2692 1641 2933 1691 vexatus
2965 1641 3308 1706 agnosceret
3334 1636 3565 1707 culpam

1912 1742 2104 1787 suam,
2165 1730 2221 1777 et
2280 1726 2581 1796 pceniteret
2612 1742 2743 1779 eum
2809 1724 2940 1779 tacti
2985 1725 3098 1791 sui,
3132 1730 3187 1779 et
3218 1724 3563 1780 salvaretur.

1909 1813 2161 1867 Nonnuli
2195 1815 2397 1868 dicunt
2442 1830 2577 1868 eum
2618 1831 2649 1867 a
2709 1812 3123 1867 communione
3155 1813 3468 1884 privatum,
3499 1819 3567 1868 ut

1909 1903 2432 1956 excommunicatio
2466 1902 2829 1973 intelligatur
2861 1918 2962 1972 per
2982 1901 3567 1956 Satanam.Nonnulli

1909 1990 2546 2061 intelliguntcarcerem
2579 1991 2751 2061 :quod
2776 1990 3025 2044 maxime
3070 1990 3427 2044 credendum
3454 1994 3565 2058 est,

1909 2079 2046 2150 quia
2074 2080 2321 2134 Satanas
2352 2080 2547 2150 aliqua
2577 2078 2959 2133 contrarietas
2978 2077 3063 2131 vel
3098 2077 3419 2131 adversitas
3442 2084 3554 2133 est.

1908 2169 1972 2222 Et
2004 2173 2160 2227 nota.
2195 2169 2333 2238 quia
2364 2168 2471 2222 hoc
2495 2167 2789 2237 judicium
2821 2182 2935 2220 non
2974 2181 3042 2219 ex
3063 2164 3425 2234 crudelitate,
3461 2167 3565 2219 sed

1906 2273 1975 2310 ex
2005 2258 2217 2327 pietate
2245 2257 2577 2322 descendit;
2638 2260 2695 2310 et
2755 2254 2956 2309 subdit
2991 2269 3003 2305 :
3042 2254 3105 2307 Ut
3166 2254 3394 2322 spiritus
3443 2253 3564 2309 sat-

1909 2363 2003 2400 vus
2033 2350 2147 2403 sit:
2179 2349 2233 2399 et
2264 2345 2401 2399 alibi
2429 2362 2440 2399 :
2475 2346 2589 2413 Qui
2608 2341 2923 2397 inobcdiens
2951 2341 3112 2395 verbo
3144 2348 3331 2396 nostro
3370 2342 3563 2410 fuerit.

1908 2435 2052 2489 hunc
2082 2452 2179 2504 per
2207 2435 2497 2503 epistolam
2523 2436 2789 2501 notate,ut
2818 2446 2927 2484 non
2949 2430 3370 2501 conjungamini
3396 2432 3467 2498 ei,
3491 2439 3561 2486 ut

1914 2523 2295 2592 confundatur
2318 2539 2338 2583 ;
2368 2531 2737 2576 verumtamen
2770 2536 2881 2575 non
2912 2523 2968 2573 ut
3019 2520 3309 2573 inimicum
3360 2521 3563 2573 existi-

1910 2618 2080 2666 mate.
2113 2612 2210 2665 sed
2239 2613 2507 2680 corrigitc
2529 2614 2587 2664 ut
2618 2613 2853 2680 fratrem
2890 2610 2964 2681 (II
2995 2608 3173 2662 Thess.
3208 2624 3291 2675 III,
3328 2607 3434 2678 14).

1980 2701 2209 2753 Dixerat
2238 2699 2409 2769 paulo
2440 2699 2711 2769 superius
2744 2714 2844 2752 eos
2874 2696 3131 2761 inﬂatos,
3164 2712 3297 2750 cum
3370 2696 3560 2768 magis

1844 2768 1863 2781 ’
1908 2786 2129 2839 luctum
2162 2768 2373 2840 habere
2406 2768 2841 2840 debuissenLEt
2871 2784 2979 2839 hoc
3013 2784 3144 2838 aliis
3174 2784 3368 2839 verbis
3400 2800 3562 2855 repe-

1908 2874 1997 2943 tit,
2031 2890 2162 2927 cum
2187 2873 2364 2927 dicit:
2401 2876 2518 2927 Non
2552 2874 2689 2926 bona
2718 2873 2976 2939 gloriatio
3016 2876 3213 2927 vestra.
3279 2874 3382 2927 Pro
3444 2888 3561 2943 quo

1910 2962 2156 3017 habetur
2175 2962 2229 3014 in
2266 2961 2461 3015 Graeco
2483 2978 2500 3013 :
2525 2962 2675 3014 bona
2701 2958 2965 3029 gloriatio
2988 2964 3180 3014 vestra
3204 2977 3217 3026 ;
3244 2960 3299 3013 id
3322 2964 3559 3027 est,non

146 3050 279 3102 runt
307 3065 321 3113 ;
356 3051 417 3101 et
456 3048 584 3101 ideo
615 3047 753 3101 dicit
786 3047 1102 3118 Apostolus
1129 3064 1140 3102 :
1164 3051 1229 3103 Et
1260 3064 1345 3102 vos
1372 3049 1557 3117 inﬂati
1584 3050 1729 3117 estis,
1745 3058 1795 3105 et
1828 3030 1868 3095 ί]
1908 3051 2100 3119 bona;
2136 3049 2318 3103 inflati
2349 3064 2603 3119 namque
2631 3052 2814 3116 erant,
2848 3063 2982 3100 cum
3026 3047 3215 3118 magis
3260 3052 3557 3116 oporteret

153 3152 253 3190 non
283 3138 471 3204 magis
502 3137 706 3191 luctum
736 3136 1022 3190 habuistis.
1058 3136 1280 3190 Accidit
1309 3136 1462 3191 enim
1487 3139 1639 3192 inter
1669 3138 1795 3193 illos

157 3227 282 3280 talis
313 3224 642 3293 fornicatio,
678 3225 871 3291 qualis
902 3241 1008 3279 nec
1037 3226 1187 3279 inter
1214 3230 1415 3296 gentes
1445 3231 1537 3282 :et
1558 3226 1653 3281 isti
1680 3245 1793 3282 non

160 3312 445 3380 luxerunt,
481 3315 581 3369 sed
612 3313 796 3369 inflati
832 3313 1176 3368 exstiterunt
1203 3332 1215 3381 ;
1257 3320 1313 3369 et
1364 3314 1492 3369 ideo
1524 3316 1630 3370 hoc
1654 3316 1795 3370 dicit

162 3403 484 3473 Apostolus.
544 3403 685 3457 Nam
748 3409 1082 3457 sanctorum
1140 3408 1227 3458 est
1283 3402 1531 3457 aliorum
1560 3408 1794 3475 peccata

165 3492 379 3559 deﬂere,
416 3502 477 3546 ut
508 3492 788 3547 Jeremias
814 3508 824 3544 :
861 3492 991 3558 Quis
1020 3492 1171 3546 dabit
1200 3494 1370 3562 capiti
1399 3509 1515 3546 meo
1543 3494 1795 3563 aquam?

166 3581 286 3645 (λεν.
319 3598 394 3649 1x,
430 3583 504 3648 1),
533 3585 676 3646 etc.;
706 3584 762 3634 et
790 3580 1019 3634 Samuel
1052 3579 1262 3650 legitur
1288 3580 1514 3634 flevisse
1559 3581 1793 3635 Saulem

167 3670 209 3736 (Ι
236 3672 357 3742 Reg.
391 3687 483 3737 xv,
517 3667 1105 3739 35).Dominusetiam
1124 3668 1281 3722 ﬂevit
1301 3668 1530 3722 ruinam
1564 3670 1793 3739 perfidae

172 3756 421 3827 civitatis,
470 3758 753 3812 dicendo:
817 3756 877 3810 Si
930 3758 1266 3825 cognovisses
1293 3760 1341 3810 et
1372 3760 1432 3810 tu
1486 3757 1620 3825 (Luc
1676 3774 1790 3810 xxx.

178 3845 251 3915 42)
281 3846 672 3917 (subauditur,
708 3845 920 3915 ﬂeres).
956 3845 1116 3899 Unde
1175 3845 1315 3899 dicit
1342 3846 1549 3900 beatus
1582 3847 1793 3916 Grego-

176 3934 313 4002 rius;
346 3937 490 3991 Cum
539 3936 695 3990 enim
746 3935 975 4007 perfida:
1029 3934 1281 3989 civitatis
1340 3934 1567 3988 ruinam
1619 3934 1790 3999 ﬂevit,

177 4023 485 4078 ostenditur
517 4022 775 4093 quotidie
792 4022 925 4076 fiere
945 4028 1178 4093 peccata
1199 4021 1289 4075 sui
1313 4021 1511 4093 pepuli
1534 4038 1635 4092 per
1657 4038 1794 4076 suos

179 4112 585 4179 praedicatores,
617 4112 727 4165 Sed
760 4111 857 4166 isti
890 4127 1002 4164 non
1039 4114 1204 4165 erant
1236 4109 1402 4178 tales,
1435 4114 1489 4163 et
1520 4111 1647 4165 ideo
1706 4111 1792 4164 in-

179 4196 460 4256 ﬂabantur.

237 4287 538 4364 Sequitur:
606 4290 665 4344 Ut
717 4288 946 4343 tollatur
995 4288 1057 4341 de
1084 4287 1261 4341 medio
1304 4295 1560 4341 vestrum.
1595 4292 1701 4342 etc.
1736 4287 1795 4341 Si

183 4375 313 4431 enim
344 4396 453 4433 non
488 4378 669 4432 habes
702 4381 1046 4449 potestatem
1073 4376 1397 4446 corrigendi
1422 4376 1585 4430 illum
1620 4392 1793 4447 quem

186 4461 230 4514 in
283 4464 491 4537 ﬂagitio
524 4466 846 4539 cognoscis,
881 4463 1106 4520 alienus
1138 4465 1337 4519 existis
1370 4482 1402 4518 a
1432 4470 1662 4535 peccato
1700 4482 1711 4519 :
1747 4464 1797 4519 si

189 4566 296 4607 vero
326 4556 500 4611 habes
525 4559 957 4624 potestatem,et
986 4570 1100 4608 non
1126 4554 1388 4625 corrigis,
1418 4553 1704 4624 particeps
1736 4569 1798 4608 es

192 4637 341 4698 illius.
370 4646 425 4700 Si
458 4650 653 4700 autem
678 4644 858 4698 habes
880 4646 1223 4714 potestatem
1259 4642 1678 4713 corrigendi,et
1700 4643 1796 4696 de-

194 4735 575 4804 sunt,quieum
594 4733 1397 4798 condemnent,tolerareeum
1421 4732 1797 4801 debes,quem

194 4816 474 4878 admodum
500 4823 777 4877 Dominus
800 4820 1027 4875 facinus
1042 4822 1407 4891 Judze,qucm
1444 4820 1798 4892 proditorem

197 4917 301 4959 esse
329 4911 557 4967 sciebat.
589 4913 657 4965 Et
688 4909 1012 4965 notandum
1046 4909 1199 4981 quod
1235 4911 1283 4963 si
1316 4910 1519 4964 vitium
1552 4909 1611 4962 in
1634 4924 1804 4981 gene-

176 4990 391 5051 ralitate
418 4999 606 5066 fuerit,
639 4996 971 5055 exeundum
1005 5003 1129 5065 est;
1161 4999 1312 5068 quod
1348 4999 1527 5054 Isaias
1561 4996 1802 5053 manife-

200 5082 312 5147 stat,
343 5101 461 5141 cum
493 5088 663 5143 dicit:
700 5088 936 5155 I’r0pter
966 5088 1108 5154 quod
1139 5090 1283 5141 exite
1305 5088 1370 5142 de
1394 5088 1573 5144 medio
1586 5101 1798 5155 eorum,

197 5169 237 5217 et
264 5169 583 5232 immundum
636 5195 703 5233 ne
761 5175 1053 5241 tetigeritis
1082 5177 1327 5247 (lsa.i.11,
1364 5180 1470 5250 11);
1493 5180 1541 5236 si
1575 5192 1708 5235 vero
1741 5175 1800 5229 in

1907 3156 2004 3195 eos
2036 3139 2261 3193 luctum
2290 3138 2521 3202 habere,
2557 3137 2711 3207 quod
2742 3140 2971 3190 tantum
3006 3134 3159 3189 inter
3187 3151 3284 3189 eos
3342 3135 3556 3190 accidit

1907 3229 2147 3282 crimen.
2182 3229 2439 3291 Quorum
2472 3225 2642 3280 multi
2672 3223 3050 3279 inveniuntur
3078 3224 3424 3291 imitatores,
3455 3224 3555 3294 qui

1906 3334 2009 3371 nec
2033 3331 2335 3383 suam,nec
2357 3315 2602 3369 aliorum
2626 3318 2873 3368 mortem
2889 3312 3261 3384 lugent.Nam
3278 3312 3550 3368 nonnulli

1905 3406 2046 3459 adeo
2078 3404 2301 3475 decepti
2334 3408 2475 3458 sunt
2504 3401 2755 3469 diabolo,
2791 3406 2853 3455 ut
2885 3418 2999 3456 non
3031 3400 3222 3456 solum
3284 3417 3396 3455 non
3456 3400 3547 3456 lu-

1904 3498 2078 3565 geant
2106 3492 2192 3548 vel
2225 3510 2350 3561 sua,
2384 3491 2469 3546 vel
2502 3491 2747 3545 aliorum
2773 3495 3027 3561 peccata,
3064 3490 3163 3544 sed
3186 3506 3300 3560 quo
3321 3490 3545 3559 majora

1904 3581 1991 3634 vel
2023 3581 2134 3649 ipsi
2162 3579 2553 3644 commitiunt,
2584 3577 2671 3632 vel
2698 3577 2844 3632 alios
2873 3578 3124 3632 videant.
3181 3594 3246 3632 eo
3298 3576 3549 3632 laetiores

1905 3669 2174 3735 existant,
2210 3669 2279 3721 de
2306 3668 2521 3736 quibus
2543 3665 2815 3720 Salomon
2840 3682 2852 3718 :
2881 3667 3160 3721 Ltetantur
3190 3665 3401 3736 inquit,
3425 3682 3550 3721 cum

1905 3758 2048 3810 male
2077 3758 2309 3825 fecerint
2338 3756 2514 3823 (Prov.
2551 3770 2610 3818 11,
2648 3754 2756 3819 14),
2791 3757 2866 3806 et.
2898 3753 3174 3822 Sequitur
3202 3770 3213 3807 :
3260 3754 3408 3823 (445)
3441 3756 3550 3829 Να-

1903 3844 2060 3898 scitis
2122 3845 2261 3912 quia
2294 3842 2565 3896 modieum
2592 3840 3265 3909 fermentum,etc.0uasi
3290 3840 3546 3895 diceret:

1903 3932 2072 3987 Scitis
2103 3930 2259 4002 quia,
2295 3947 2406 3984 non
2444 3927 2633 3983 solum
2666 3928 2714 3981 si
2749 3942 2961 3997 magna
2991 3943 3126 3997 pars
3147 3927 3414 3981 fermenti
3440 3929 3545 3982 ad-

1898 4023 2103 4091 juncta
2125 4035 2331 4073 massas
2354 4016 2677 4086 corrumpit
2707 4014 2961 4083 eam,sed
2993 4015 3168 4069 etiam
3199 4015 3245 4067 si
3268 4016 3320 4068 ei
3347 4014 3547 4086 aliqua

1903 4105 2568 4180 particula,velscinti|la
2589 4105 3066 4169 admisceatur;et
3092 4120 3225 4157 cum
3250 4103 3359 4158 hoc
3390 4105 3551 4160 scia-

1904 4199 2002 4264 tis,
2036 4214 2138 4251 cur
2168 4200 2394 4251 tantum
2428 4194 2669 4261 crimen,
2703 4192 2858 4264 quod
2898 4198 3150 4247 vestram
3212 4192 3549 4249 societatem

1904 4286 2167 4341 scindere
2181 4289 2516 4355 potest,non
2532 4300 2564 4336 a
2580 4283 2743 4337 vobis
2760 4279 3042 4352 repellitis
3063 4281 3090 4335 ?
3125 4280 3283 4337 Solet
3314 4283 3554 4338 nomine

1826 4391 1873 4454 D
1905 4374 2171 4429 fermenti
2205 4389 2379 4443 prava
2408 4370 2699 4443 designari
2732 4370 3015 4438 doctrina,
3051 4375 3117 4425 ut
3146 4369 3325 4427 illud:
3361 4371 3555 4426 Cavete

1908 4482 1939 4518 a
1968 4465 2230 4533 fermento
2262 4461 2586 4515 Scribarum
2626 4465 2676 4514 et
2710 4459 3121 4515 Pharisaeorum
3159 4460 3309 4525 (Luc.
3351 4476 3451 4524 xn,
3486 4461 3509 4512 1
3537 4478 3551 4525 ;

1908 4552 2042 4605 Mar.
2075 4568 2196 4619 vni,
2233 4550 2329 4618 15).
2366 4549 2434 4602 Et
2465 4545 2705 4618 pulchre
2736 4547 2996 4617 quidem,
3049 4547 3188 4617 quia
3236 4546 3385 4601 sicut
3435 4547 3555 4599 fer—

1911 4645 2171 4695 mentum
2204 4652 2478 4707 magnam
2514 4651 2774 4691 massam
2805 4636 3128 4707 corrumpit
3154 4634 3466 4704 farinaa,sic
3498 4638 3556 4687 et

1910 4745 2086 4799 prava
2117 4727 2382 4781 doctrina
2416 4741 2689 4796 magnam
2725 4738 2983 4777 massam
3009 4722 3162 4787 ﬁdei,
3185 4724 3555 4775 ceterarum-

1912 4832 2023 4887 que
2052 4810 2858 4887 corrumpitvirtutum.Solet
2880 4811 3054 4865 etiam
3072 4808 3363 4878 designari
3382 4824 3559 4877 prava

1911 4906 2081 4959 actio.
2116 4906 2277 4969 Quod
2301 4909 2359 4958 et
2384 4901 2664 4972 hicjuxta
2684 4900 3073 4970 inceptionem
3106 4915 3139 4951 a
3159 4894 3370 4965 populo
3388 4895 3561 4951 intel-

1912 4993 2043 5063 lige.
2083 4994 2150 5046 Et
2180 4994 2347 5055 bene,
2384 4990 2525 5059 quia
2556 4998 2612 5049 et
2642 4991 2861 5045 crimen
2903 5003 3053 5056 saepe
3110 4997 3383 5051 magnam
3415 4984 3564 5042 solet

1914 5085 2127 5136 sanctae
2161 5078 2623 5136 conversatiOnis
2643 5084 2699 5134 et
2717 5074 3009 5130 societatis
3026 5086 3282 5126 massam
3300 5087 3564 5129 corrum-

1913 5186 2068 5241 pere.
2107 5170 2268 5234 Quod
2302 5165 2522 5237 saepius
2554 5170 2613 5224 in
2642 5160 2858 5239 pepulo
2902 5161 3240 5216 Judteorum
3301 5161 3566 5219 evenisse
