3998 5278
168 446 283 507 345

734 448 1144 512 EXPOSlTlO
1186 450 1264 512 ΙΝ
1311 450 1739 512 EPlS'l‘OIAS
1784 450 2037 513 PAULI.
2077 486 2153 496 —
2192 454 2268 513 ΙΝ
2311 452 2558 514 EPIST.
2606 451 2629 512 Ι
2674 452 2779 513 ΑΒ
2823 450 2996 513 COR.

3441 440 3559 511 346

166 595 535 647 concessum,
561 586 616 637 et
640 598 753 637 non
781 583 1110 639 considerat
1137 585 1347 656 qualis,
1371 590 1425 641 et
1456 588 1713 656 quantus
1735 586 1811 641 sit
1840 588 1893 653 Α
1926 586 2098 641 modo
2120 590 2173 640 te
2192 593 2382 657 putas,
2399 586 2627 657 impure
2642 582 3119 647 vivendo,ccelum
3140 582 3336 638 subire
3354 581 3564 654 posse?

165 670 298 740 iste,
324 671 424 741 qui
458 687 653 726 servos
685 689 797 726 non
823 673 1015 728 solum
1041 676 1260 745 fratres,
1287 676 1386 729 sed
1419 677 1592 729 etiam
1626 692 1806 729 mem-

165 760 274 814 bra
303 760 548 815 vocavit.
582 760 699 815 Hoc
728 762 939 817 etenim
974 764 1215 830 donum,
1245 765 1293 819 si
1327 780 1441 817 non
1477 763 1808 829 haberetur,

168 846 602 903 desideraretur
622 892 634 915 ,
664 850 763 904 sed
798 850 935 921 quia
961 851 1225 917 habetur,
1250 853 1330 906 ita
1360 852 1672 907 vivendum
1700 856 1807 917 est,

169 942 235 991 ut
264 952 377 990 non
411 936 716 992 amittatur
744 944 799 993 et
826 945 1018 1009 grates
1051 941 1101 995 ei
1144 943 1487 996 referantur.

244 1025 352 1080 Sed
387 1026 624 1081 fuerunt
654 1028 939 1094 nonnulli,
974 1032 1070 1100 qui
1104 1031 1375 1085 dixerunt
1417 1032 1654 1099 majoris
1702 1031 1811 1085 cri-

172 1114 348 1169 minis
371 1130 498 1169 esse
531 1115 834 1172 mulierem
859 1118 981 1174 viro
1011 1137 1023 1185 ;
1058 1120 1157 1173 sed
1192 1136 1263 1174 ne
1286 1120 1525 1189 majoris
1548 1119 1812 1174 criminis

166 1203 481 1273 videretur,
514 1204 640 1259 ideo
672 1204 811 1259 dicit
840 1208 1153 1277 Apostolus
1187 1226 1198 1263 :
1251 1211 1471 1263 Faciens
1508 1209 1811 1263 membrum

167 1295 487 1348 meretricis.
520 1295 794 1363 Sequitur
828 1312 840 1349 :
897 1298 977 1350 An
1010 1300 1229 1351 nescitis
1260 1301 1392 1369 quia
1420 1300 1516 1370 qui
1560 1298 1811 1353 adferret

170 1384 465 1447 meretrici,
498 1388 605 1436 etc.
632 1384 805 1446 Quasi
832 1385 1049 1440 diceret
1073 1403 1084 1439 :
1120 1388 1243 1440 Non
1272 1388 1509 1441 nescitis
1536 1406 1547 1453 ;
1584 1388 1680 1441 sed
1708 1387 1814 1440 sci-

170 1470 264 1537 tis,
302 1472 455 1526 Bene
485 1472 625 1525 dicit
657 1491 668 1527 :
722 1474 898 1530 Unum
927 1490 1161 1545 corpus;
1204 1476 1361 1547 quia,
1397 1476 1547 1531 sicut
1579 1493 1694 1530 una
1724 1480 1813 1529 est

170 1566 401 1625 natura,
434 1562 515 1615 ita
545 1579 661 1617 una
691 1567 781 1617 est
807 1562 1011 1635 culpa;
1048 1568 1102 1618 et
1134 1565 1287 1619 sicut
1316 1583 1433 1620 una
1462 1571 1549 1621 est
1578 1565 1725 1619 actio
1758 1570 1815 1619 et

168 1650 497 1719 delectatio,
525 1649 606 1704 ita
636 1668 803 1722 aequa
832 1658 919 1707 est
950 1654 1209 1709 offensio.
1261 1654 1536 1725 Sequitur
1568 1672 1580 1708 :
1634 1656 1811 1708 Erunt

169 1739 274 1794 duo
305 1741 365 1793 in
395 1756 563 1794 carne
583 1758 714 1795 una.
740 1740 856 1795 Hoc
887 1742 1098 1796 etenim
1136 1742 1321 1813 primo
1345 1742 1567 1797 homini
1592 1743 1813 1797 dictum

168 1833 257 1884 est
292 1845 303 1883 :
359 1830 587 1899 Propter
616 1829 717 1884 hoc
745 1831 1017 1901 relinquet
1060 1832 1215 1887 homo
1256 1836 1471 1902 patrem
1501 1836 1553 1885 et
1582 1840 1812 1885 matrem

170 1916 322 1985 (Gen.
349 1932 414 1981 ιι,
436 1918 547 1987 24),
570 1922 679 1973 etc.
705 1918 851 1981 Quia
877 1919 1029 1974 sicut
1058 1936 1160 1991 per
1190 1920 1412 1974 licitum
1437 1920 1812 1975 concubitum

170 2008 287 2061 duo
316 2023 503 2061 unum
537 2012 675 2061 sunt
704 2024 938 2079 corpus;
972 2010 1052 2063 ita
1102 2026 1203 2079 per
1256 2009 1521 2063 illicitum
1556 2025 1812 2063 amorem

173 2096 291 2151 duo
322 2096 415 2151 isti
466 2112 648 2150 unum
682 2097 1033 2152 efficiuntur.

242 2184 560 2256 Sequitur:
596 2186 700 2253 Qui
728 2184 974 2241 adhaeret
1007 2187 1254 2255 Domino,
1288 2203 1429 2240 unus
1458 2188 1685 2256 spiritus
1718 2189 1813 2241 est.

181 2274 386 2344 Supra,
410 2272 481 2327 de
514 2273 747 2327 duobus
768 2274 1106 2329 hominibus
1131 2274 1394 2346 loquens,
1419 2275 1601 2330 dixit:
1641 2277 1817 2331 Unum

185 2378 408 2432 corpus;
459 2378 614 2416 nunc
643 2378 776 2417 vero
820 2362 891 2417 de
935 2363 1182 2418 diversis
1212 2364 1517 2434 spiritibus
1550 2364 1814 2435 loquens,

181 2449 232 2505 id
287 2454 374 2505 est
422 2450 544 2516 Dei,
578 2456 633 2505 et
681 2450 957 2517 hominis,
991 2468 1105 2506 non
1156 2452 1322 2519 dixit,
1356 2469 1533 2506 unum
1565 2457 1722 2521 sunt,
1755 2456 1819 2506 ut

173 2554 373 2610 supra.
407 2539 516 2593 Sed
552 2555 764 2610 magna
794 2540 1071 2595 distantia
1102 2547 1191 2595 est
1225 2541 1375 2595 inter
1403 2541 1683 2613 Spiritum
1722 2540 1817 2595 Dei

168 2632 223 2682 et
256 2627 519 2683 hominis
553 2645 566 2682 :
622 2628 874 2699 Spiritus
906 2645 1159 2701 namque
1189 2629 1290 2685 Dei
1325 2630 1551 2697 beatus,
1584 2636 1642 2686 et
1685 2647 1818 2701 per-

164 2716 363 2772 fectus
394 2716 615 2789 absque
646 2717 853 2788 spiritu
889 2718 1146 2773 hominis
1178 2723 1268 2773 est
1296 2737 1308 2785 ;
1360 2719 1618 2774 hominis
1659 2735 1815 2788 vero,

164 2806 401 2877 absque
418 2805 514 2861 Dei
536 2821 664 2860 esse
687 2823 797 2861 non
823 2808 1207 2877 potest.Quod
1230 2824 1363 2862 vero
1378 2811 1631 2863 Joannes
1655 2808 1816 2876 dicit,

160 2893 423 2965 loquens
462 2895 533 2948 de
576 2893 798 2949 unitate
829 2896 1086 2965 corporis
1118 2895 1265 2965 (570)
1300 2910 1313 2947 :
1374 2897 1515 2960 Volo,
1547 2899 1730 2965 Pater,
1763 2901 1821 2950 ut

159 2984 317 3039 sicut
335 2998 451 3053 ego,
469 2992 521 3037 et
543 2988 608 3035 tu
626 2998 798 3035 unum
818 2998 1029 3050 sumus,
1045 2984 1125 3037 ita
1145 2986 1195 3035 et
1216 2984 1315 3036 isti
1333 2999 1505 3036 unum
1527 2985 1636 3037 sint
1650 2985 1767 3051 (571
1781 2984 1819 3051 ),

163 3088 298 3127 non
355 3075 445 3124 est
493 3070 848 3124 contrarium
897 3070 1033 3123 huic
1084 3070 1256 3123 loco:
1314 3086 1449 3124 nam
1482 3072 1560 3124 ibi
1594 3075 1825 3141 propter

161 3161 471 3229 imparem
503 3162 777 3211 naturam
811 3157 953 3212 dicit
987 3176 998 3212 :
1056 3159 1231 3214 Unum
1262 3160 1375 3213 sint
1403 3161 1547 3213 sicut
1591 3168 1642 3214 et
1678 3175 1775 3214 nos
1802 3176 1823 3221 ,·

164 3262 295 3301 ηοη
331 3245 494 3309 dicit,
531 3260 734 3301 omnes
766 3262 948 3301 unum
982 3262 1189 3301 sumus
1223 3264 1233 3301 :
1292 3246 1383 3301 hic
1427 3264 1558 3301 vero
1590 3253 1826 3319 propter

1920 675 1974 729 Si
1993 676 2271 730 enimNoe
2290 676 2767 743 solus,ma|orum
2788 673 3168 744 relinquendo
3182 673 3560 742 consortium,

1920 770 1976 820 et
2005 782 2198 819 arcam
2230 766 2617 830 ascendendo,
2654 779 2964 818 commune
3001 760 3326 833 periculum
3360 760 3561 815 diluvii

1920 855 2101 909 evasit
2124 856 2271 924 (Gen.
2297 872 2372 920 v1,
2400 856 2453 923 7,
2479 854 2569 921 8);
2598 853 2889 924 quomodo
2914 856 2969 905 te
2994 855 3165 922 putas
3188 864 3561 905 communem

1922 944 2248 1007 interitum,
2302 942 2610 997 consortiis
2671 941 2959 995 malorum
3015 940 3277 1002 fruendo,
3310 937 3564 992 transire

1924 1033 2141 1103 posse?
2169 1032 2227 1085 Si
2278 1032 2433 1086 enim
2488 1030 2783 1084 Abraham
2817 1028 3001 1093 solus,
3034 1029 3111 1083 Ur
3157 1026 3561 1083 Chaldaeorum

1922 1121 2073 1192 (Gen.
2118 1139 2195 1185 x1,
2246 1122 2358 1187 31),
2390 1120 2446 1173 id
2498 1124 2603 1184 est,
2640 1120 2834 1189 ignem
2867 1117 3265 1188 relinquendo,
3301 1114 3563 1171 benedici

1924 1210 2565 1281 promeruit,quomodo
2582 1214 2643 1263 tu
2664 1208 2720 1262 in
2740 1208 2871 1278 igne
2889 1205 3139 1261 carnalis
3163 1204 3563 1259 delectationis

1922 1300 2317 1367 consistendo,
2334 1298 2597 1353 benedici
2618 1298 2826 1369 putas?
2846 1297 2901 1350 Si
2920 1296 3077 1350 Isaac
3096 1296 3165 1350 de
3187 1296 3359 1349 domo
3376 1310 3565 1365 egres-

1923 1406 2024 1443 sus
2055 1388 2112 1440 in
2138 1404 2339 1458 agrum
2376 1388 2445 1441 ad
2481 1386 2881 1441 meditandum
2912 1384 3068 1439 venit
3089 1386 3242 1450 (Gen.
3272 1400 3422 1448 xxw,
3445 1383 3559 1451 63),

1923 1476 2213 1548 quomodo
2236 1475 2368 1529 tuin
2386 1476 2557 1529 domo
2588 1474 2838 1529 carnalis
2867 1471 3269 1530 delectationis
3306 1470 3563 1526 coelestia

1924 1564 2157 1620 rimaris
2178 1566 2205 1618 ?
2234 1564 2288 1617 Si
2323 1564 2478 1618 enim
2510 1564 2689 1619 Jacob
2721 1568 2778 1618 et
2818 1562 2919 1616 filii
2967 1563 3092 1631 ejus
3126 1577 3275 1633 (egre
3303 1558 3567 1615 tulerunt

1923 1660 2194 1725 stuprum
2230 1654 2382 1707 Dinae
2414 1654 2565 1723 (Gen.
2598 1670 2787 1719 xxxiv,
2819 1654 2896 1722 7),
2929 1651 3221 1723 quomodo
3251 1654 3314 1704 tu
3346 1648 3405 1703 in
3438 1652 3563 1703 stu-

1924 1744 2185 1815 pratione
2211 1742 2429 1814 proprii
2453 1743 2712 1814 corporis
2736 1740 2947 1796 laetaris
2968 1741 2994 1794 ?
3026 1740 3085 1796 Si
3116 1738 3333 1810 Joseph
3361 1737 3562 1793 lauda-

1924 1832 2059 1887 bilis
2079 1832 2228 1887 inter
2252 1834 2455 1887 fratres
2482 1831 2772 1897 inventus,
2796 1834 2852 1884 et
2875 1830 3122 1901 figuram
3146 1827 3356 1884 Christi
3380 1830 3567 1898 gesta-

1846 1954 1894 2017 B
1922 1920 2003 1975 vit
2046 1922 2116 1975 ob
2168 1920 2298 1990 hoc,
2331 1922 2470 1991 quia
2510 1920 2728 1974 crimen
2761 1917 3158 1974 fornicationis
3189 1916 3390 1983 evasit,
3424 1913 3563 1986 quid

1926 2010 2031 2064 tibi
2054 2009 2383 2064 faciendum
2404 2014 2493 2064 cst
2512 2010 2539 2063 ‘I
2572 2009 2805 2080 Legitur
2826 2006 2981 2063 enim
3005 2006 3144 2077 quia
3168 2006 3351 2060 relicto
3369 2005 3562 2076 pallio,

1924 2102 2074 2169 foras
2102 2100 2247 2166 fugit
2287 2099 2355 2152 ab
2405 2114 2467 2151 ea
2500 2098 2650 2167 (Gen.
2682 2114 2870 2163 xxxix,
2906 2096 3011 2162 12).
3044 2095 3167 2149 Νοη
3200 2093 3384 2149 aliter.
3418 2093 3565 2147 Nam

1929 2184 1976 2239 si
2001 2184 2108 2238 hoc
2125 2184 2261 2238 vitio
2285 2183 2713 2246 succubuisset.
2729 2187 3072 2237 moreretur.
3088 2182 3299 2236 Anima
3322 2196 3567 2235 morere-

1926 2278 2042 2337 tur,
2077 2276 2141 2327 ut
2187 2272 2330 2327 illud
2365 2291 2379 2329 :
2433 2274 2629 2327 Anima
2678 2290 2797 2343 qua:
2844 2272 3147 2342 peccaverit
3184 2270 3374 2341 (Levit.
3407 2286 3565 2338 xvul,

1925 2364 2038 2429 29),
2070 2368 2177 2417 etc.
2211 2363 2324 2416 Nec
2368 2361 2473 2416 rite
2507 2361 2796 2415 diceretur
2827 2360 2974 2431 patri
3011 2377 3022 2413 :
3072 2359 3250 2413 Filius
3282 2362 3407 2412 tuus
3435 2359 3570 2413 vivit

1928 2452 2078 2524 (Gen.
2130 2468 2257 2518 XLV,
2304 2452 2400 2518 6);
2454 2466 2556 2504 nec
2604 2449 2776 2503 etiam
2827 2448 3117 2503 diceretur
3166 2446 3453 2503 dominari
3506 2446 3567 2502 in

1926 2544 2047 2596 tota
2075 2545 2229 2595 terra
2258 2538 2483 2611 Egypti
2517 2538 2722 2609 (Ibid.),
2754 2538 2853 2592 sed
2887 2537 2945 2591 in
2979 2536 3233 2607 quadam
3263 2540 3446 2607 parte.
3480 2534 3567 2590 Illi

1928 2629 2165 2697 etenim,
2212 2629 2309 2699 qui
2360 2627 2559 2683 omnia
2608 2626 2746 2681 vitia
2805 2625 3208 2697 supplantant,
3256 2624 3338 2679 illi
3388 2624 3569 2680 totius

1925 2718 2153 2791 Egypti
2178 2718 2575 2772 dominantur.
2601 2720 2667 2769 Et
2696 2715 2849 2786 quod
2882 2714 2987 2780 illi,
3013 2713 3111 2785 qui
3143 2713 3253 2768 hoc
3275 2713 3413 2769 vitio
3444 2728 3572 2768 suc-

1928 2808 2235 2873 cumbunt,
2269 2807 2613 2871 moriantur,
2646 2805 2813 2860 testis
2842 2809 2931 2859 est
2958 2804 3247 2869 Susanna,
3280 2819 3406 2874 quae
3438 2818 3566 2873 pre-

1930 2896 2180 2969 sbyteris
2202 2895 2432 2951 dicebat
2456 2912 2468 2948 :
2501 2896 2565 2951 Si
2595 2897 2743 2950 enim
2773 2894 2869 2949 hoc
2896 2908 3048 2963 egero
3070 2893 3235 2963 (573),
3262 2895 3371 2947 etc.
3394 2890 3567 2945 Vide-

1932 2990 2021 3039 rat
2052 2989 2297 3039 mortem
2322 2984 2529 3038 anima:
2560 2988 2617 3037 et
2647 2983 2926 3054 corporis,
2952 2982 3051 3037 sed
3084 2979 3258 3051 elegit
3285 2979 3385 3034 illa
3413 2995 3567 3033 mor-

1934 3075 2048 3127 tem
2072 3072 2280 3126 animie
2300 3072 2501 3135 vitare,
2526 3076 2583 3125 et
2604 3074 2776 3127 morti
2796 3070 3054 3142 corporis
3080 3068 3480 3124 succumbere.
3500 3068 3570 3123 Et

1934 3158 2269 3230 quicunque
2283 3160 2352 3214 ad
2372 3158 2703 3228 exemplum
2720 3158 2907 3228 ipsius
2927 3162 3169 3211 mortem
3186 3154 3391 3210 animae
3408 3156 3571 3219 vitat,

1937 3265 2051 3303 non
2084 3248 2395 3302 immemor
2422 3251 2511 3301 est
2540 3246 2718 3301 David
2752 3244 2987 3300 Saulem
3021 3244 3298 3315 fugientis
3327 3248 3384 3297 et
3414 3259 3574 3298 mor-

165 3333 453 3406 gratiam,
478 3349 653 3403 quam
680 3333 900 3403 accepit
926 3334 1168 3405 spiritus
1191 3334 1466 3401 hominis,
1492 3340 1554 3389 ut
1576 3316 1823 3405 junctus
1854 3316 1895 3381 C
1934 3342 2053 3393 tem
2112 3335 2457 3392 declinantis
2507 3336 2554 3406 (I
2602 3337 2724 3405 Reg.
2776 3335 2959 3404 xxm).
3000 3337 3146 3387 Nam
3198 3347 3299 3402 per
3342 3330 3574 3385 Saulem

165 3422 417 3495 Spiritui
437 3421 535 3476 Dei
560 3421 668 3477 hoc
696 3422 853 3486 velit,
869 3424 1023 3494 quod
1048 3423 1173 3495 ipse
1196 3423 1368 3478 dicit:
1393 3427 1540 3481 Unus
1560 3433 1637 3479 est
1654 3425 1826 3495 Spiri-

163 3516 296 3573 tus;
320 3511 461 3581 quia
482 3510 725 3581 spiritus
750 3511 1008 3565 hominis
1036 3512 1134 3566 Dei
1156 3512 1398 3583 Spiritui
1426 3514 1823 3585 conjungitur,

169 3616 293 3655 non
328 3603 393 3653 ut
424 3597 582 3652 aliud
614 3598 771 3667 velit,
804 3615 981 3669 quam
1013 3600 1156 3671 ipse.

245 3688 398 3759 (572)
427 3686 735 3761 Sequitur:
768 3689 954 3758 Fugite
976 3689 1413 3758 fornicationem,
1436 3690 1627 3745 Monet
1650 3692 1823 3747 etiam

171 3774 500 3847 Apostolus
524 3774 860 3845 fugiendam
890 3791 1019 3830 esse
1043 3777 1481 3832 fornicationem
1510 3796 1522 3845 ;
1558 3780 1688 3850 quia
1720 3780 1827 3835 hoc

172 3864 386 3919 vitium
419 3863 535 3919 tale
580 3868 689 3933 est,
724 3867 788 3917 ut
838 3862 990 3918 filios
1035 3865 1136 3918 Dei
1169 3865 1383 3919 diaboli
1419 3867 1608 3921 faciat.
1642 3868 1709 3921 Et
1740 3869 1829 3923 bis

175 3951 321 4008 dicit
353 3950 661 4024 Apostolus
687 3968 699 4005 :
730 3954 971 4019 Fugite;
1000 3953 1139 4022 quia
1170 3953 1240 4007 ad
1274 3958 1479 4007 caetera
1508 3955 1649 4009 vitia
1678 3956 1829 4011 bella

175 4044 325 4097 sunt
346 4040 715 4107 adhibenda;
751 4040 906 4094 istud
931 4056 1063 4095 vero
1090 4040 1335 4111 pedibus
1358 4041 1703 4111 fugiendum
1732 4061 1745 4097 :
1776 4048 1833 4099 et

176 4134 388 4185 contra
418 4128 529 4183 alia
551 4128 789 4198 quidem
822 4128 1079 4183 brachiis
1101 4130 1483 4200 pugnandum
1510 4149 1522 4198 ;
1558 4130 1667 4186 hoc
1698 4148 1831 4188 vero

176 4217 434 4289 pedibus
480 4217 802 4272 vitandum.
836 4217 986 4272 Dicit
1039 4216 1426 4290 Hieronymus
1462 4236 1472 4274 :
1524 4223 1696 4288 Mors,
1732 4226 1832 4276 aut

177 4311 373 4370 scuto,
403 4309 503 4360 aut
532 4305 779 4376 pedibus
809 4306 1043 4360 vitatur.
1068 4306 1281 4361 Contra
1308 4313 1515 4362 caetera
1533 4308 1673 4363 vitia
1704 4326 1831 4364 scu-

176 4398 307 4449 tum
340 4397 430 4448 est
457 4394 797 4466 erigendum
829 4410 841 4447 :
876 4393 985 4447 hoc
1015 4410 1148 4448 vero
1180 4395 1428 4465 pedibus
1460 4396 1829 4468 fugiendum.

178 4483 500 4539 Sciendum
522 4482 664 4554 quia
683 4482 1085 4553 exaggerando
1106 4482 1250 4537 dicit
1268 4484 1580 4554 Apostolus
1602 4501 1613 4539 :
1639 4489 1831 4555 Fugite

177 4572 637 4641 fornicationem:
650 4574 706 4626 et
718 4570 825 4625 hoc
837 4569 1259 4625 adversusillos
1274 4570 1371 4641 qui
1386 4572 1484 4625 diu
1502 4572 1561 4626 in
1575 4572 1683 4627 hoc
1696 4573 1831 4629 vitio

1937 3426 2226 3490 diabolus,
2260 3430 2317 3480 et
2362 3425 2544 3491 vitia;
2592 3441 2693 3495 per
2741 3423 2942 3490 David,
2975 3421 3173 3477 anima
3216 3420 3417 3487 electa,
3449 3436 3576 3490 quas

1933 3515 2227 3583 certando,
2261 3513 2567 3569 suasiones
2608 3512 2925 3569 diabolicae
2976 3510 3251 3583 fugiendo
3303 3507 3574 3564 declinat.

2006 3602 2334 3673 Sequitur:
2397 3602 2565 3657 Omne
2613 3605 2922 3672 peccatum,
2978 3599 3331 3671 quodcunque
3386 3599 3579 3669 fecerit

1936 3692 2113 3757 homo,
2144 3694 2303 3745 extra
2348 3706 2540 3761 corpus
2592 3693 2669 3745 est
2687 3708 2707 3752 ;
2760 3691 2855 3760 qui
2905 3697 3085 3743 autem
3131 3686 3465 3760 fornicatur,
3518 3688 3581 3741 in

1934 3795 2129 3849 corpus
2176 3795 2338 3833 suum
2384 3786 2583 3849 peccat.
2619 3778 2721 3832 Hic
2760 3777 2924 3832 locus
2955 3776 3111 3831 varie
3162 3773 3508 3846 intelligitur
3550 3790 3584 3828 a

1936 3866 2271 3922 doctoribus
2286 3868 2453 3937 (574).
2469 3866 2724 3921 Novatus
2743 3882 2975 3936 quoque
2998 3866 3107 3920 sub
3132 3862 3584 3935 interrogatione

1938 3956 2195 4025 proferre
2213 3954 2415 4009 voluit.
2438 3954 2712 4009 Nonnulli
2748 3954 2855 4007 hoc
2889 3954 3060 4008 modo
3084 3952 3460 4023 intelligunt:
3494 3951 3582 4005 di-

1939 4046 2079 4098 cunt
2100 4042 2254 4096 enim
2280 4043 2432 4112 quod
2460 4041 2763 4096 fornicatio
2788 4058 2901 4095 non
2927 4040 3038 4095 nisi
3070 4057 3104 4094 a
3133 4041 3366 4095 duobus
3386 4039 3582 4111 peragi

1939 4130 2165 4202 possit;
2216 4134 2422 4184 caetera
2450 4145 2583 4183 vero
2616 4133 2851 4199 peccata
2880 4128 3056 4182 etiam
3089 4128 3160 4181 ab
3196 4143 3331 4181 uno.
3366 4126 3581 4191 Unum,

1940 4218 2052 4274 dici
2076 4234 2288 4290 corpus
2312 4235 2425 4273 non
2451 4221 2667 4289 potest;
2692 4216 2807 4273 duo
2828 4215 3219 4287 quoque,jam
3243 4230 3452 4284 corpus
3471 4212 3583 4268 dici

1940 4311 2209 4379 possunt,
2234 4311 2288 4361 et
2321 4306 2448 4361 ideo
2480 4305 2579 4377 qui
2614 4304 2953 4370 fornicatur,
2990 4302 3047 4357 in
3080 4318 3291 4370 corpus
3315 4299 3583 4357 Ecclesiae

1939 4400 2161 4467 peccat.
2192 4394 2302 4449 Alii
2333 4394 2568 4466 quidem
2620 4395 2727 4449 hoc
2772 4392 3107 4464 intelligunt
3155 4391 3212 4445 in
3266 4390 3497 4457 marito,
3530 4394 3587 4443 et

1940 4500 2137 4553 uxore,
2170 4484 2269 4555 qui
2305 4500 2486 4539 unum
2518 4500 2729 4556 corpus
2761 4486 2937 4549 sunt;
2972 4482 3125 4536 unde
3157 4496 3336 4551 supra
3364 4495 3376 4532 :
3409 4480 3586 4535 Erunt

1939 4573 2045 4628 duo
2092 4575 2152 4626 in
2200 4588 2365 4627 carne
2411 4590 2543 4628 una.
2581 4573 2725 4644 Ergo
2772 4570 2874 4642 qui
2907 4571 3247 4637 fornicatur,
3281 4570 3340 4624 in
3373 4584 3585 4639 corpus

181 4664 493 4715 morantur
516 4678 529 4727 ;
550 4663 607 4715 et
636 4659 770 4729 quia
802 4658 1029 4714 diutius
1063 4675 1306 4729 parvum
1338 4664 1568 4730 putant,
1602 4661 1831 4718 etiamsi
1864 4679 1909 4743 Ι)
1943 4677 2117 4716 suum
2140 4665 2357 4732 peccat,
2381 4660 2438 4714 id
2473 4665 2579 4727 est,
2609 4666 2710 4715 aut
2737 4660 2826 4713 vir
2855 4659 2914 4713 in
2941 4676 3200 4724 uxorem,
3223 4662 3324 4713 aut
3354 4673 3497 4712 uxor
3526 4656 3586 4710 in

182 4748 257 4803 ab
277 4747 475 4819 aliquo
498 4748 730 4803 doctore
752 4746 1274 4819 reprehendantur,
1296 4763 1411 4802 non
1435 4748 1828 4821 corriguntur.

255 4836 321 4890 Ei
342 4837 483 4906 quia
504 4836 615 4890 hoc
639 4835 842 4890 vitium
871 4836 1194 4891 cavendum
1219 4835 1315 4903 sit,
1344 4836 1625 4908 exemplis
1647 4842 1833 4893 osten-

187 4924 365 4979 ditur.
397 4925 457 4979 Si
502 4926 657 4980 enim
688 4926 849 4991 Uain,
886 4925 1137 4980 fraterno
1168 4925 1453 4996 sanguine
1483 4931 1697 4981 terram
1730 4926 1828 4981 fce-

189 5012 381 5068 dando
402 5013 554 5083 (Gen.
580 5030 655 5081 1v,
677 5015 751 5081 8),
779 5030 812 5068 a
835 5013 1081 5069 Domino
1107 5015 1472 5085 reprobatus,
1500 5020 1556 5070 et
1590 5015 1647 5069 in
1669 5017 1829 5071 omni

187 5116 354 5156 sacra
367 5102 663 5171 Scriptura
678 5101 973 5157 fratricida
994 5107 1082 5159 est
1103 5108 1498 5175 nuncupatus,
1517 5120 1633 5175 qua
1654 5107 1830 5160 teme-

189 5190 355 5214 -ει..ι-
402 5191 724 5216 ..Α-ριν...
753 5190 962 5218 ntus-“
995 5192 1259 5218 ουλε-ΔΑ
1311 5197 1481 5220 μηδ..-
1509 5198 1562 5220 ΔΑ
1597 5192 1803 5222 ..ληξηιη

1938 4749 2152 4804 virum.
2190 4750 2403 4804 Beatus
2447 4766 2579 4803 vero
2627 4749 3001 4820 Augustinus
3040 4747 3388 4819 profundius
3436 4744 3588 4797 hanc

1942 4838 2321 4909 quaestionem
2354 4837 2626 4908 inspexit,
2660 4837 2802 4892 adeo
2836 4843 2902 4892 ut
2931 4837 3168 4902 diceret,
3202 4833 3394 4889 nescio
3429 4832 3477 4886 si
3515 4833 3587 4885 ad

1941 4926 2257 4998 liquidum,
2310 4944 2436 4998 qua:
2484 4925 2567 4981 ait
2609 4943 2621 4980 :
2674 4931 3098 4991 verumtamen,
3151 4925 3403 4978 donante
3450 4920 3586 4988 Deo,

1942 5016 2131 5072 multa
2159 5016 2230 5070 de
2277 5033 2343 5071 ea
2374 5014 2760 5086 probabiliter
2790 5019 3039 5085 possunt
3067 5013 3202 5068 dici.
3235 4998 3590 5075 Videndum,

1941 5105 2155 5178 inquit,
2202 5107 2354 5161 unde
2404 5105 2650 5160 intentio
2700 5104 2962 5175 Apostoli
3012 5099 3396 5157 descenderit.
3451 5093 3598 5149 Dicit

1942 5194 2111 5224 nnu‘n
2164 5194 2436 5224 ηιιηηηῖηα
2471 5208 2481 5219 ο
2548 5192 2774 5224 "noni-'5...
2828 5192 3085 5224 nonnus‘nm
3135 5201 3357 5224 nnmnrn
3421 5185 3599 5224 τνρςὴιη
