3998 5278
390 400 510 468 347

1418 422 1754 489 ATTONIS
1799 425 2385 490 VERCELLENSIS
2430 424 2776 491 EPISCOPI

3676 423 3798 486 348

396 546 520 612 Quo
550 546 610 603 in
644 547 769 607 loco
796 560 1061 612 versatur
1088 558 1397 632 Apostolus
1428 578 1565 635 erga
1594 564 1850 635 corporis
1878 565 2038 636 puri-
2067 567 2122 633 Α
2152 560 2413 631 corporis
2438 577 2655 625 amore,
2680 561 2897 617 recedit
2924 578 2958 616 a
2979 564 3111 616 Deo.
3130 560 3189 615 Si
3212 562 3405 615 autem
3431 575 3549 614 non
3573 559 3799 614 mundo

398 640 599 703 tatem,
631 645 687 694 et
733 642 858 698 vult
899 645 1169 704 timorem
1200 649 1459 707 incutere
1490 654 1762 709 cordibus
1793 672 2033 710 suorum

396 726 754 799 auditorum,
788 736 852 786 ut
882 734 1128 792 timeant
1174 754 1274 809 per
1305 741 1737 798 immunditiam
1774 745 2036 800 membra

394 813 611 871 Christi
640 818 828 876 facere
860 825 1124 881 membra
1146 829 1486 885 meretricis.
1510 833 1617 886 Sed
1652 834 2030 903 quaerendum

390 904 483 993 est
505 920 684 975 quare
705 907 914 965 dixerit
938 929 950 967 :
985 913 1154 970 Omne
1168 928 1450 987 peccatum
1470 920 1819 993 quodcunque
1840 924 2035 992 fecerit

398 991 577 1064 homo,
627 1005 790 1053 extra
829 1015 1022 1072 corpus
1068 1008 1164 1058 est.
1212 1005 1485 1078 Nunquid
1536 1008 1636 1062 illa
1683 991 1809 1079 quae
1841 991 2033 1081 paulo

392 1084 666 1153 superius
727 1089 922 1157 posuit
978 1092 1199 1165 absque
1255 1096 1444 1151 ofﬁcio
1510 1098 1767 1169 corporis
1838 1100 2029 1171 peragi

389 1174 680 1242 possunt?
699 1173 845 1232 Non.
869 1178 939 1233 Et
968 1182 1189 1254 cogitas
1212 1185 1344 1255 quis
1371 1185 1589 1257 aliquid
1624 1186 1857 1243 carnale
1883 1207 1894 1255 ;
1930 1190 2029 1244 sed

388 1263 654 1333 nunquid
688 1264 812 1321 sine
843 1284 1013 1325 carne
1043 1273 1295 1343 cogitare
1326 1276 1568 1346 posset?
1605 1278 1717 1331 Aut
1764 1278 2023 1347 nunquid

389 1355 584 1421 potest
603 1351 729 1425 ipse
751 1373 1019 1428 separare
1042 1360 1339 1434 hoc,quod
1363 1365 1827 1421 dicitPsalmista
1847 1383 1859 1420 :
1880 1369 2032 1422 Dixit

387 1440 652 1524 insipiens
681 1445 741 1498 in
770 1446 927 1503 corde
955 1464 1053 1504 suo
1082 1468 1100 1503 :
1151 1452 1264 1506 Non
1304 1461 1381 1508 est
1423 1454 1560 1507 Deus
1593 1454 1760 1524 (Psal.
1794 1471 1918 1522 xm,
1952 1456 2027 1523 1),

387 1523 464 1584 ab
494 1529 609 1587 illis
630 1534 923 1604 operibus,
949 1538 1018 1593 de
1053 1539 1268 1609 quibus
1300 1541 1424 1612 ipse
1455 1523 1628 1597 dicit:
1667 1542 1863 1598 Omnes
1884 1550 2027 1600 asta-

389 1618 568 1675 bimus
589 1634 718 1677 ante
738 1624 988 1679 tribunal
1011 1627 1253 1682 Christi?
1274 1631 1450 1695 (Rom.
1474 1647 1588 1696 xxv,
1616 1630 1722 1702 10.)
1745 1637 1853 1687 etc.
1879 1634 2023 1699 Non,

388 1706 649 1780 inquam,
674 1716 902 1782 potest;
939 1716 1096 1786 quia,
1121 1718 1301 1773 donec
1332 1719 1389 1773 in
1413 1736 1651 1790 corpore
1683 1726 1898 1791 manet,
1925 1739 2023 1793 po-

382 1799 499 1853 test
528 1799 717 1856 dicere
750 1818 762 1856 :
792 1802 922 1857 Non
956 1808 1045 1859 est
1076 1805 1247 1861 Deus.
1280 1807 1439 1861 Idem
1472 1809 1645 1863 etiam
1680 1809 1816 1865 alibi
1848 1809 2021 1865 dicit:

384 1888 678 1958 Manifesta
724 1899 853 1947 sunt
908 1908 1070 1964 cpera
1126 1898 1329 1963 carnis,
1382 1912 1499 1967 quae
1549 1906 1677 1953 sunt
1730 1901 2026 1969 fornicatio

384 1974 524 2047 (Gal.
558 1995 612 2044 ν,
652 1976 759 2049 19),
793 1984 923 2047 etc.,
958 1982 1107 2039 inter
1136 2000 1262 2055 quae
1296 1987 1715 2057 opera'carnis,
1738 1988 2025 2059 spiritalia

380 2064 521 2120 vitia
551 2076 988 2128 commemorat.
1023 2073 1081 2128 Si
1112 2089 1248 2145 ergo
1280 2075 1405 2147 ipse
1435 2076 1493 2129 in
1538 2075 1670 2144 fide,
1706 2081 1763 2130 et
1790 2077 2025 2132 veritate

382 2155 653 2226 egregius
686 2159 1029 2228 praedicator
1059 2162 1345 2233 spiritalia
1386 2164 1528 2219 vitia
1575 2165 1730 2220 carni
1765 2165 2021 2233 ascribit,

381 2258 567 2313 quare
597 2244 739 2301 dicit
772 2265 785 2303 :
835 2248 1002 2305 Omne
1040 2252 1313 2322 reliquum
1340 2256 1620 2323 peccatum
1644 2261 1802 2308 extra
1832 2271 2023 2325 corpus

383 2340 507 2396 est;
552 2334 647 2404 qui
694 2339 882 2391 autem
928 2341 1259 2407 fornicatur,
1295 2341 1353 2395 in
1380 2357 1572 2413 corpus
1600 2358 1761 2397 suum
1797 2347 2025 2414 peccat?

381 2419 544 2483 Quod
594 2426 660 2476 ut
701 2428 1058 2482 contrarium
1092 2445 1207 2484 non
1240 2436 1537 2502 appareat,
1574 2432 1877 2486 sciendum
1910 2436 2019 2499 est,

379 2507 517 2581 quia
540 2508 666 2566 duas
698 2519 837 2569 sunt
862 2515 1297 2588 fornicationes,
1322 2519 1591 2590 specialis
1612 2520 1869 2591 quidem,
1895 2537 2021 2591 quae

378 2596 437 2653 in
469 2614 708 2675 corpore
738 2608 1023 2676 patratur,
1050 2611 1108 2662 et
1138 2611 1227 2662 est
1255 2608 1561 2678 generalis,
1595 2612 1651 2663 et
1680 2614 1873 2665 tamen
1908 2610 2023 2681 spi-

373 2689 661 2748 ritalis.Si
689 2708 823 2765 ergo
846 2695 1158 2765 specialem
1182 2697 1623 2753 fornicationem
1646 2697 1829 2753 voluit
1846 2696 2019 2753 intel-

378 2778 502 2851 ligi,
533 2782 603 2835 ad
635 2785 1103 2855 exaggerandum
1127 2785 1330 2856 utique
1353 2786 1530 2842 dixit:
1564 2789 1625 2842 in
1646 2802 1838 2859 corpus
1858 2802 2021 2842 suum

375 2873 562 2939 peccat
579 2886 600 2932 ;
631 2870 770 2941 quia
800 2872 909 2927 hoc
940 2873 1336 2931 fornicationis
1367 2876 1609 2946 malum,
1644 2875 1759 2931 tale
1789 2893 1853 2931 ac
1886 2879 2017 2930 tan-

378 2958 513 3011 tum
544 2962 651 3028 est,
678 2963 739 3013 ut
770 2975 927 3027 eum,
952 2962 1050 3032 qui
1081 2962 1189 3018 hoc
1220 2963 1373 3019 malo
1407 2964 1715 3032 detinetur,
1739 2965 2017 3034 vinctum,

382 3042 751 3117 ligatumque
800 3051 1015 3120 teneat,
1047 3055 1221 3123 atque
1268 3068 1499 3108 servum
1544 3052 1770 3125 corpori
1828 3052 2017 3120 faciat,

375 3132 520 3188 adeo
552 3137 616 3188 ut
644 3134 770 3206 ipso
792 3139 1054 3209 tempore
1074 3140 1435 3212 expletionis,
1460 3157 1574 3197 non
1602 3142 1759 3197 aliud
1782 3142 1831 3197 ei
1865 3142 2017 3213 cogi-

373 3223 498 3275 tare
530 3220 715 3283 liceat.
752 3242 868 3280 non
901 3226 1035 3282 alibi
1084 3228 1404 3297 intendere,
1440 3246 1543 3285 nec
1592 3230 1729 3285 alibi
1777 3246 2017 3285 sensum

2055 1936 2103 2007 Β

2147 649 2504 714 inhaerendo,
2530 651 2629 705 sed
2652 651 2788 717 Deo,
2814 650 3135 721 mundique
3158 648 3331 704 etiam
3356 648 3798 714 delectationes,

2145 755 2209 793 ac
2231 740 2732 811 concupiscentias
2750 740 3193 808 contemnendo,
3210 744 3381 808 atque
3406 737 3793 800 devincendo,

2144 834 2246 882 aut
2276 828 2622 899 ignorantia,
2656 834 2757 883 aut
2804 828 3114 898 oblivione,
3148 832 3250 881 aut
3296 826 3663 896 abreptione,
3700 829 3801 878 aut

2143 916 2243 971 tali
2278 917 2535 987 quolibet
2575 919 2746 973 modo
2796 916 3121 987 delinquat,
3152 915 3318 987 quasi
3367 921 3529 969 extra
3577 930 3797 984 corpus

2144 1011 2377 1076 peccat;
2412 1006 2521 1061 hoc
2550 1012 2659 1072 est,
2694 1006 2835 1078 quia
2864 1022 2976 1060 non
3019 1022 3121 1076 pro
3154 1004 3243 1059 sui
3275 1003 3537 1073 corporis
3569 1019 3797 1067 amore,

2142 1094 2361 1150 recedit
2389 1114 2421 1150 a
2457 1097 2585 1151 Deo.
2619 1098 2731 1150 Aut
2763 1095 2982 1167 aliquid
3015 1096 3226 1149 horum
3256 1093 3442 1148 voluit
3468 1090 3794 1162 Apostolus

2140 1182 2409 1255 intelligi,
2442 1191 2541 1239 aut
2572 1186 2717 1240 forte
2750 1190 3104 1256 utrumque;
3136 1183 3275 1254 quia
3306 1182 3673 1238 consuetudo
3706 1186 3799 1235 est

2141 1276 2478 1328 sanctarum
2520 1274 2975 1345 Scripturarum,
3011 1278 3076 1328 ut
3128 1274 3239 1327 sub
3288 1288 3403 1326 uno
3454 1271 3637 1325 verbo
3693 1275 3796 1324 aut

2139 1363 2448 1429 sententia,
2482 1362 2667 1417 multa
2698 1363 2944 1435 intelligi
2976 1363 3222 1434 possint.

2209 1452 2530 1521 Sequitur:
2584 1456 2666 1507 An
2713 1455 2932 1508 nescitis
2979 1454 3240 1523 quoniam
3297 1452 3548 1506 membra
3609 1454 3792 1504 vestra

2137 1541 2403 1611 templum
2433 1548 2510 1595 est
2536 1541 2684 1611 (576)
2727 1542 2967 1611 Spiritus
2996 1542 3218 1596 sancti?
3245 1545 3308 1593 In
3340 1555 3407 1594 eo
3439 1538 3599 1593 enim
3634 1537 3791 1607 quod

2135 1645 2375 1700 corpora
2406 1635 2604 1684 nostra
2634 1630 2899 1685 membra
2928 1629 3162 1700 Christi,
3196 1633 3254 1683 et
3283 1628 3554 1683 membra
3585 1630 3792 1680 nostra

2134 1717 2421 1789 templum
2465 1735 2593 1774 esse
2622 1719 2871 1790 Spiritus
2903 1719 3089 1774 sancti
3122 1718 3421 1786 dicuntur,
3454 1715 3793 1772 ostenditur

2135 1808 2259 1878 ipse
2288 1824 2416 1863 esse
2437 1808 2690 1873 Creator,
2717 1813 2774 1862 et
2805 1824 2917 1862 non
2945 1812 3229 1877 creatura,
3253 1823 3356 1862 nec
3382 1806 3579 1877 impar
3608 1804 3791 1859 etiam

2132 1896 2288 1951 Patri
2320 1901 2376 1951 et
2405 1896 2565 1951 Filio.
2592 1897 2762 1965 Quem
2791 1896 3005 1952 habetis
3034 1914 3067 1951 a
3088 1899 3195 1952 Deo
3225 1896 3390 1963 dicit,
3413 1900 3479 1949 ut
3507 1892 3791 1949 ostendat

2134 1985 2273 2057 quia
2319 2003 2353 2041 a
2401 2002 2462 2042 se
2494 2003 2610 2042 non
2642 1990 3006 2058 acceperant.
3040 1985 3317 2057 Sequitur
3349 2002 3363 2039 :
3414 1986 3482 2039 Et
3512 2000 3628 2039 non
3660 1984 3792 2038 estis

2133 2078 2338 2136 vestri;
2372 2092 2437 2130 ac
2468 2075 2517 2130 si
2550 2076 2764 2130 diceret
2793 2092 2805 2128 :
2861 2074 3006 2141 Quia
3052 2074 3110 2128 in
3161 2074 3512 2145 baptismate
3547 2071 3655 2125 filii
3693 2072 3791 2126 Dei

2133 2163 2318 2218 eﬂ‘ecti
2341 2163 2501 2233 estis,
2526 2179 2641 2218 non
2668 2164 2993 2218 secundum
3016 2165 3290 2233 vestram,
3314 2162 3428 2217 sed
3450 2161 3787 2216 secundum

2132 2250 2290 2306 illius
2347 2250 2519 2306 vivite
2573 2251 2958 2307 voluntatem.
3013 2251 3199 2315 Quare
3247 2267 3363 2306 non
3412 2254 3620 2305 essent
3678 2248 3800 2314 sui,

2133 2339 2387 2394 ostendit
2415 2356 2427 2392 :
2458 2341 2641 2411 Empti
2660 2343 2809 2395 enim
2833 2341 2959 2394 estis
2976 2341 3157 2410 pretio
3175 2355 3374 2409 magno
3392 2355 3413 2399 ;
3444 2338 3621 2409 quasi
3647 2338 3797 2392 dice-

2133 2433 2222 2483 ret
2252 2443 2264 2481 :
2293 2428 2349 2481 Si
2382 2428 2559 2483 homo
2578 2444 2756 2500 parvo
2785 2428 2966 2500 pretio
2988 2443 3189 2482 emens
3220 2443 3479 2491 servum,
3504 2426 3693 2497 exigit
3721 2426 3786 2480 ab

2130 2533 2197 2573 eo
2238 2518 2379 2589 juge
2430 2533 2496 2572 ac
2556 2521 2903 2589 perpetuum
2951 2516 3292 2583 servitium;
3342 2519 3570 2587 quanto
3602 2515 3789 2585 magis

2134 2610 2303 2673 Deus,
2340 2606 2438 2675 qui
2468 2621 2569 2660 vos
2600 2608 2719 2660 tam
2753 2620 2965 2677 magno
2995 2605 3180 2676 pretio
3209 2604 3477 2674 redemit,
3511 2604 3632 2657 hoc
3672 2608 3779 2665 est,

2129 2710 2239 2751 non
2260 2695 2608 2766 corruptibili
2627 2710 2781 2763 auro,
2804 2695 2889 2748 vel
2921 2702 3178 2767 argento,
3200 2693 3352 2747 sicut
3380 2693 3591 2747 Petrus
3621 2692 3771 2756 dicit,

2128 2784 2219 2840 sed
2235 2784 2631 2855 pretiosissimo
2650 2784 2919 2854 sanguine
2940 2783 3081 2853 Agni
3110 2782 3460 2837 immaculati
3481 2783 3533 2851 (Ι
3560 2783 3709 2836 Petr.
3739 2798 3778 2845 1,

2131 2873 2241 2943 18),
2265 2872 2322 2927 id
2345 2876 2453 2939 est,
2474 2871 2703 2927 Domini
2727 2870 2910 2927 nostri
2933 2872 3073 2926 Jesu
3094 2870 3332 2941 Christi,
3351 2870 3780 2940 sempiternum

2128 2977 2195 3016 ac
2217 2962 2360 3033 juge
2392 2978 2426 3015 a
2454 2960 2623 3016 nobis
2653 2959 2778 3015 vult
2806 2959 3032 3031 exigere
3064 2959 3384 3015 servitium.
3418 2961 3486 3013 Et
3514 2958 3639 3015 ideo
3670 2960 3781 3027 glo-

2128 3051 2361 3121 riﬁcate,
2390 3054 2447 3105 et
2464 3053 2678 3121 portate
2701 3051 2871 3104 Deum
2893 3049 2954 3103 in
2970 3064 3193 3120 corpore
3216 3057 3419 3103 vestro.
3442 3045 3783 3103 Gloriﬁcare

2129 3140 2313 3195 Deum
2348 3143 2437 3195 est
2470 3140 2792 3194 secundum
2815 3139 2942 3208 ejus
2972 3137 3161 3192 vivere
3191 3140 3572 3209 praeceptum.
3603 3141 3775 3191 Deum

2130 3227 2187 3281 in
2222 3243 2461 3299 corpore
2492 3231 2816 3297 portamus,
2848 3242 2980 3281 cum
3022 3227 3151 3297 ejus
3180 3224 3500 3297 imaginem
3532 3224 3777 3280 illaesum

374 3310 591 3366 mentis
632 3312 918 3386 dirigere;
972 3321 1028 3371 et
1075 3317 1291 3373 idcirco
1341 3319 1420 3373 ait
1453 3335 1463 3373 :
1515 3321 1575 3374 In
1621 3335 1811 3389 corpus
1855 3336 2021 3373 suum
2050 3305 2094 3371 C
2130 3332 2453 3372 servamus.
2485 3316 2715 3371 Dictum
2748 3319 2836 3370 est
2863 3315 2934 3370 de
2967 3315 3155 3386 primo
3189 3339 3203 3372 :
3243 3316 3389 3369 Fecit
3422 3318 3572 3369 Deus
3608 3314 3779 3370 homi-

366 3403 599 3470 peccat;
630 3403 785 3471 quod
832 3404 903 3457 de
950 3403 1081 3459 aliis
1114 3409 1287 3476 atque
1318 3406 1448 3462 aliis
1479 3407 1731 3477 peccatis
1762 3407 1869 3462 dici
1904 3424 2019 3463 non

370 3489 575 3559 potuit
600 3514 613 3556 ;
646 3490 803 3561 quia,
826 3493 933 3547 etsi
965 3493 1078 3548 alia
1109 3495 1380 3565 quaelibet
1406 3500 1638 3567 peccata
1668 3496 1843 3552 homo
1865 3513 2021 3551 com-

382 3575 598 3642 mittat,
631 3582 820 3648 potest
850 3584 905 3634 et
940 3581 1094 3636 aliud
1130 3583 1403 3655 cogitare,
1435 3589 1608 3655 atque
1639 3584 1797 3640 aliud
1829 3600 2018 3655 agere,

382 3680 488 3721 nec
516 3663 597 3720 ibi
629 3680 858 3738 semper
885 3671 1141 3737 versari;
1172 3677 1228 3726 et
1264 3670 1392 3727 ideo
1425 3674 1495 3727 ad
1528 3674 2021 3744 comparationem

364 3752 539 3810 ’illius
572 3759 733 3811 extra
761 3773 972 3828 corpus
1003 3759 1127 3813 fieri
1173 3760 1471 3815 dicuntur.
1506 3765 1706 3816 Potest
1749 3766 1808 3816 et
1858 3760 2026 3817 aliter

376 3840 648 3916 intelligi.
682 3845 780 3900 ESt
809 3846 966 3901 enim
999 3848 1290 3918 generalis
1324 3849 1651 3917 fornicatio,
1685 3866 1809 3920 quae
1840 3854 1928 3905 est
1969 3855 2026 3905 et

360 3930 681 4003 spiritalis,
716 3934 786 3989 de
816 3952 932 4007 qua
963 3936 1273 3991 Psalmista
1305 3955 1318 3993 :
1366 3938 1671 3993 Perdidisti
1696 3953 1881 3993 omnes
1909 3941 2023 4009 for-

380 4020 630 4076 nicantes
675 4024 771 4077 abs
819 4031 875 4078 te
925 4025 1096 4092 (Psal.
1133 4042 1304 4096 Lxxu,
1337 4027 1450 4097 26).
1485 4027 1573 4093 Et,
1606 4030 1670 4081 ut
1700 4027 2029 4082 ostenderet

385 4125 512 4181 quae
556 4114 709 4166 esset
755 4111 884 4181 ipsa
936 4112 1259 4185 fornicatio,
1295 4130 1428 4169 mox
1482 4114 1831 4184 subjunxit:
1882 4114 2030 4171 Mihi

385 4203 569 4254 autem
596 4198 884 4257 adhaerere
908 4201 1013 4256 Deo
1039 4201 1240 4256 bonum
1269 4210 1385 4268 est,-
1416 4202 1485 4256 de
1515 4218 1633 4271 qua
1660 4206 1716 4256 et
1735 4202 1987 4256 Jacobus
2012 4217 2025 4255 :

384 4287 632 4342 Adulteri
661 4288 828 4359 (375),
861 4290 1112 4354 nescitis,
1146 4289 1359 4359 inquit,
1393 4291 1526 4359 quia
1562 4289 1811 4344 amicitia
1840 4290 2033 4344 saeculi

387 4373 550 4443 hujus
580 4376 810 4429 inimica
839 4380 920 4430 est
949 4376 1051 4430 Deo
1072 4379 1097 4429 .9
1127 4376 1350 4441 Quibus
1380 4377 1571 4431 verbis
1601 4377 1855 4432 ostendit
1882 4376 2028 4431 ami-

389 4477 522 4515 cum
554 4478 682 4516 esse
711 4462 931 4527 seculi,
954 4464 1226 4519 fornicari
1257 4479 1387 4519 esse
1416 4464 1552 4520 Deo.
1578 4464 1725 4519 Hinc
1756 4471 1812 4520 et
1842 4464 2031 4520 Domi-

391 4564 505 4603 nus
539 4566 551 4603 :
603 4550 790 4617 Nemo,
827 4551 1038 4621 inquit,
1070 4558 1235 4623 potest
1287 4552 1496 4608 duobus
1543 4553 1783 4609 dominis
1820 4554 2033 4609 servire

2122 3421 2255 3461 nem
2283 3407 2353 3461 ad
2384 3407 2693 3475 imaginem
2715 3413 2765 3460 et
2790 3404 3211 3459 similitudinem
3230 3419 3385 3458 suam
3410 3402 3567 3470 (Gen.
3605 3421 3643 3471 ι,
3673 3402 3780 3472 27).

2130 3495 2248 3551 Nos
2264 3496 2569 3568 ergo,dum
2589 3511 2691 3565 per
2707 3491 3148 3548 immunditiam
3169 3491 3507 3560 polluimur,
3527 3492 3630 3546 Dei
3649 3492 3786 3545 ima-

2131 3585 2324 3657 ginem
2358 3583 2667 3647 violamus,
2700 3582 2801 3636 sed
2833 3582 3098 3636 eamdem
3134 3596 3235 3652 per
3265 3580 3703 3651 paenitudinem
3732 3584 3785 3634 et

2131 3673 2358 3727 fructus
2376 3671 2581 3743 dignos
2600 3669 3033 3743 pcenitentimﬁn
3051 3669 3220 3724 nobis
3238 3668 3559 3724 reformare
3580 3685 3784 3739 possu-

2132 3777 2287 3816 mus.
2321 3761 2468 3831 (577)
2500 3760 2658 3832 (CAP.
2690 3757 2835 3829 VII.)
2870 3758 3187 3829 Sequitur:
3237 3758 3311 3811 De
3350 3759 3552 3828 quibus
3601 3764 3789 3811 autem

2120 3850 2428 3920 scripsistis
2475 3848 2639 3914 mihi,
2692 3852 2803 3902 etc.
2845 3845 3040 3902 Altera
3087 3850 3175 3901 est
3219 3844 3476 3917 Apostoli
3512 3845 3785 3901 intentio.

2118 3936 2418 4009 Superius
2449 3936 2678 3993 locutus
2710 3936 2899 3990 fuerat
2929 3936 2999 3990 de
3028 3933 3288 4002 illicitis;
3324 3950 3483 3989 nunc
3512 3950 3652 3989 vero
3702 3934 3785 3989 lo-

2137 4028 2338 4097 quitur
2369 4025 2439 4080 de
2469 4024 2666 4080 licitis.
2699 4024 2967 4095 Congruo
2997 4023 3215 4094 quippe
3245 4022 3449 4077 ordine
3479 4023 3655 4094 prius
3683 4021 3790 4076 illi-

2137 4114 2272 4180 cita,
2308 4113 2365 4167 id
2416 4118 2524 4182 est,
2558 4112 2777 4167 malum
2824 4110 3224 4167 fornicationis
3274 4110 3600 4184 prohibuit,
3636 4127 3787 4165 nunc

2136 4218 2269 4257 vero
2297 4200 2473 4271 licita,
2498 4201 2555 4255 id
2588 4205 2698 4266 est,
2722 4199 2977 4271 conjugii
3002 4200 3221 4255 bonum
3245 4199 3662 4254 commendat:
3689 4199 3789 4270 qui

2139 4288 2314 4344 etiam
2348 4287 2408 4342 in
2440 4287 2643 4342 multis
2664 4286 2795 4342 aliis
2817 4292 3153 4342 sanctarum
3175 4286 3613 4359 Scripturarum
3649 4286 3792 4341 locis

2141 4380 2407 4432 servatus
2439 4380 2822 4430 monstratur.

2211 4464 2375 4529 Quod
2408 4478 2540 4518 vero
2572 4463 2651 4518 ait
2680 4479 2691 4517 :
2726 4465 2802 4518 De
2829 4464 3025 4535 quibus
3054 4464 3377 4534 scripsistis,
3401 4466 3540 4529 etc.,
3561 4461 3794 4517 duobus

2142 4552 2333 4608 modis
2356 4551 2601 4623 intelligi
2632 4555 2823 4622 petest
2848 4576 2861 4619 ;
2894 4551 3036 4622 quia
3065 4556 3123 4605 et
3143 4552 3270 4607 dum
3299 4554 3528 4621 queunt
3548 4556 3681 4607 esse
3711 4550 3793 4604 in-

395 4636 546 4730 (buc.
570 4654 683 4703 xw,
719 4639 807 4730 13)
831 4656 844 4730 :
879 4644 935 4693 et
964 4640 1063 4730 qui
1096 4645 1292 4696 essent
1320 4642 1437 4697 duo
1469 4641 1713 4710 domini,
1739 4642 2029 4697 ostendit:
2064 4665 2111 4730 Β
2141 4641 2467 4705 tentiones;
2499 4657 2630 4695 nam
2654 4641 2977 4696 secundum
3002 4640 3314 4727 quosdam,
3336 4639 3657 4710 Apostolus
3680 4654 3794 4693 mo-

394 4727 510 4782 Non
558 4728 797 4798 potestis,
829 4727 1041 4799 inquit,
1074 4732 1177 4785 Deo
1223 4732 1452 4798 servire,
1486 4736 1538 4786 et
1582 4746 1945 4792 mammonae;
1974 4731 2031 4785 id

395 4818 504 4884 est,
529 4815 672 4869 mihi
695 4821 751 4871 et
771 4816 981 4873 saeculo
1004 4819 1302 4890 conjungi.
1331 4818 1476 4874 Hinc
1502 4817 1677 4875 etiam
1709 4824 1766 4873 et
1783 4821 2034 4874 Joannes

396 4903 478 4959 ait
509 4920 522 4960 :
566 4906 734 4961 Omne
762 4907 902 4977 quod
931 4909 991 4962 in
1020 4908 1179 4964 modo
1207 4915 1309 4975 est,
1340 4910 1775 4980 concupiscentia
1806 4917 1883 4963 est
1907 4924 2033 4963 car-

394 4992 484 5047 nis
531 5002 581 5049 et
626 4995 912 5050 oculorum
940 4998 987 5067 (Ι
1012 4999 1168 5052 Joan.
1203 5014 1266 5062 ιι,
1301 4998 1409 5067 16),
1443 5001 1576 5066 etc.,
1614 5013 1800 5067 usque
1831 4998 1901 5050 ad
1951 4996 2033 5060 id,

394 5082 547 5150 quod
580 5083 661 5137 ait
690 5101 702 5137 :
741 5085 847 5152 Qui
876 5093 1055 5141 autem
1083 5087 1221 5155 facit
1250 5086 1583 5140 voluntatem
1612 5085 1727 5150 Dei,
1758 5089 1945 5139 manet
1975 5085 2036 5137 in

391 5173 662 5225 aeternum
683 5173 867 5243 (Ibid.,
897 5175 1005 5244 17).
1030 5175 1393 5243 QuaprOpter
1416 5173 1754 5243 quicunque
1784 5189 1886 5243 pro
1918 5189 2034 5227 suae

2143 4733 2306 4785 ratus
2341 4730 2492 4799 apud
2524 4743 2621 4784 eos
2671 4744 2772 4800 per
2815 4724 3034 4784 annum
3074 4732 3132 4783 et
3171 4743 3406 4784 menses
3435 4743 3559 4797 sex,
3594 4725 3793 4782 docuit

2143 4819 2363 4872 bonum
2396 4816 2766 4872 continentiaa
2798 4818 3170 4872 servandum.
3197 4817 3330 4886 Sed,
3353 4816 3492 4887 quia
3522 4813 3790 4871 nonnulli

2143 4920 2344 4962 eorum
2360 4922 2461 4977 per
2478 4904 2687 4960 illicita
2698 4904 3131 4967 errabant.illos
3146 4904 3354 4960 litteris
3367 4904 3788 4976 signiﬁcantes,

2144 4994 2481 5050 direxerant
2500 4993 2808 5065 epistolam
2831 5010 2937 5050 suo
2954 4994 3175 5049 doctori
3198 4998 3255 5050 et
3278 4993 3581 5066 magistro,
3596 4992 3789 5048 studio

2144 5082 2485 5139 consulendi
2505 5083 2643 5155 quid
2664 5089 2820 5139 esset
2840 5083 3381 5155 agendum.‘Etideo
3397 5082 3665 5137 dicitzDe
3677 5083 3790 5152 qui-

2146 5172 2242 5227 bus
2262 5173 2579 5241 scripsistis,
2602 5177 2710 5226 etc.
2730 5189 2742 5239 ;
2772 5172 2939 5244 quasi
2963 5172 3210 5227 diceret:
3236 5171 3462 5227 Bonum
3482 5178 3627 5236 erat,
3642 5170 3788 5226 sicut
