3990 5306
355 396 471 455 355

1368 392 1704 451 ATTONIS
1754 388 2343 451 VEitCELLENSIS
2393 386 2739 448 EPISCOPI

3643 391 3762 449 356

355 524 653 588 Quomodo
685 522 804 579 fore
836 539 983 595 queo
1014 540 1218 579 servus
1276 524 1527 589 Domini,
1562 540 1697 579 cum
1745 523 1856 577 sim
1890 523 1998 576 ho-
2028 526 2082 589 Α
2113 520 2284 586 tium,
2316 520 2373 574 id
2400 525 2507 588 est,
2545 536 2779 575 uxorem
2807 537 2818 574 :
2853 519 2913 574 in
2948 519 3225 591 praeputio
3248 518 3459 592 aliquis
3488 524 3761 575 vocatus:

355 612 532 668 minis
562 613 588 666 ‘?
619 612 750 667 Ideo
781 613 956 667 verba
1016 612 1429 668 consolationis
1480 628 1545 667 ac
1585 610 2001 667 sublevationis

355 700 1018 771 adhibuit,subjungens
1046 716 1057 752 :
1085 700 1189 767 Qui
1202 701 1349 755 enim
1370 702 1429 754 in
1453 701 1911 755 Dominovoeatus
1925 706 2003 753 est

354 806 559 854 servus,
592 794 699 843 etc.
738 788 995 844 Servitus
1052 790 1267 844 etenim
1328 794 1718 859 peccatorum,
1753 786 2003 843 deterior

353 878 628 934 servitute
662 877 927 931 humanae
959 878 1492 932 conditionis.Nam
1519 883 1755 947 peccata
1782 876 2002 931 faciunt

355 966 1116 1037 servum,quemadmodum
1138 966 1316 1020 Cbam
1347 965 1657 1036 iniquitate
1689 966 1875 1019 factus
1914 968 2003 1019 est

355 1072 557 1111 servus
583 1074 596 1111 :
618 1060 971 1126 quapropter
992 1054 1253 1109 dimissis
1272 1055 1811 1125 peccatis,redditur
1827 1054 2000 1107 homo

350 1144 517 1200 liber.
541 1143 756 1198 Aliter:
784 1145 893 1218 iste
916 1143 1090 1199 etiam
1115 1143 1213 1214 qui
1237 1144 1471 1198 domino
1494 1143 1710 1198 carnali
1730 1142 1999 1209 deservit,

350 1233 490 1304 quia
510 1250 633 1288 rem
666 1233 1013 1303 prudentem
1046 1232 1185 1304 agit,
1222 1232 1331 1287 hoc
1363 1232 1543 1299 est,in
1559 1231 1852 1286 Christum
1877 1244 1998 1284 ere-

351 1322 612 1389 dit,1iber
634 1320 914 1376 redditur.
944 1320 1105 1376 Unde
1137 1322 1411 1391 antiquos
1445 1337 1557 1374 non
1591 1318 1777 1391 piguit
1798 1334 2001 1373 omnes

350 1411 643 1481 sapientes
698 1409 818 1465 fore
848 1409 1062 1465 liberos
1093 1410 1354 1465 deﬁnire.
1388 1409 1536 1463 Hinc
1585 1414 1641 1461 et
1686 1406 1998 1462 Salomon:

353 1497 520 1553 Servo
547 1500 789 1570 sapienti
816 1499 982 1553 liberi
1007 1500 1253 1554 serviant
1284 1499 1468 1567 (Prov.
1501 1514 1641 1561 xvu,
1664 1497 1739 1562 ‘3).
1765 1496 1833 1549 Et
1863 1495 2001 1565 quia

352 1586 423 1641 de
464 1586 693 1641 duabus
723 1587 987 1658 personis
1016 1586 1383 1657 loquebatur,
1418 1590 1655 1640 secutus
1697 1584 1996 1653 adjunxit;

354 1675 631 1730 Similiter
659 1681 710 1729 et
739 1677 835 1746 qui
859 1676 997 1730 liber
1024 1679 1240 1729 vocatus
1292 1678 1388 1740 est,
1448 1679 1557 1729 etc.
1606 1673 1785 1728 Noxia
1827 1677 1917 1727 est
1943 1676 2002 1727 et

351 1780 553 1818 amara
581 1762 1359 1833 quidemlibertas,alienum
1392 1779 1519 1818 esse
1544 1780 1577 1816 a
1597 1764 1784 1833 gratia
1808 1787 1822 1820 :
1846 1761 2000 1816 unde

350 1851 489 1906 alibi
516 1869 527 1905 :
557 1852 746 1906 Liberi
771 1852 958 1921 fuistis
1005 1852 1240 1922 justitiae
1294 1853 1471 1920 (Rom.
1533 1869 1609 1919 v1,
1669 1852 1780 1921 20).
1812 1854 1998 1904 Homo

350 1940 672 2011 enim,quia
692 1940 840 1995 hanc
859 1939 1183 1996 libertatem
1208 1942 1437 1996 noxiam
1467 1945 1521 1995 et
1543 1957 1803 1995 amaram
1825 1938 1994 1993 intel-

351 2027 508 2098 lexit,
534 2030 604 2084 ad
628 2028 983 2084 laudabilem
1007 2030 1220 2084 Christi
1247 2029 1585 2085 servitutem
1614 2028 1994 2094 transivit,di-

346 2118 530 2173 centis
551 2137 563 2174 :
586 2117 794 2174 Tollite
814 2120 1014 2189 jugum
1035 2136 1220 2174 meum
1243 2136 1407 2190 super
1429 2120 1674 2189 vos,quia
1705 2133 1869 2171 suave
1897 2125 1995 2180 est,

347 2212 400 2261 et
425 2224 565 2263 onus
591 2225 772 2262 meum
803 2210 915 2264 leve
947 2207 1155 2278 (Matth.
1178 2226 1254 2273 x1,
1281 2210 1393 2277 29).
1419 2207 1855 2262 Alteudendum
1887 2209 1996 2271 est,

262 2350 267 2355 ,
351 2301 544 2351 autem
578 2297 717 2367 quid
748 2298 923 2351 verba
952 2296 1271 2367 apostolica
1303 2297 1537 2363 faciant,
1571 2311 1768 2367 quaeve
1801 2295 1879 2349 sit
1908 2294 1993 2347 in-

348 2385 530 2439 tentio
561 2386 725 2453 ejus:
761 2385 1047 2439 unitatem
1078 2385 1347 2439 videlicet
1376 2385 1559 2439 facere
1592 2390 1767 2454 atque
1800 2400 1995 2437 mons-

346 2472 903 2543 trare;quasidicat
926 2490 937 2526 :
960 2472 1002 2527 Ο
1035 2472 1399 2538 domini,non
1430 2490 1529 2528 vos
1563 2489 1740 2543 super
1786 2489 1887 2527 vos
1909 2490 1998 2526 ex-

347 2560 700 2626 tollatis,nec
731 2565 971 2629 vosmet,
1006 2578 1037 2615 o
1058 2562 1228 2625 servi,
1263 2561 1570 2631 dejiciatis,
1595 2562 1724 2631 quia
1754 2564 1853 2630 qui
1882 2577 1995 2615 ser-

342 2667 440 2704 vus
470 2659 546 2704 est
580 2652 641 2704 in
671 2650 898 2705 Domino
958 2658 1193 2716 vocatus,
1256 2650 1488 2705 libertus
1543 2654 1620 2704 est
1662 2652 1921 2713 Domini;
1949 2657 1998 2703 et

347 2740 446 2809 qui
474 2740 631 2807 liber,
663 2755 847 2794 servus
875 2744 955 2793 est
982 2740 1213 2796 Christi.
1242 2738 1407 2793 Unde
1445 2744 1501 2793 et
1530 2755 1663 2793 mox
1694 2738 1993 2808 adjunxit:

344 2829 529 2883 Pretio
558 2830 731 2899 empti
761 2830 930 2894 estis;
962 2827 1131 2899 quasi
1184 2826 1427 2882 diceret:
1472 2827 1595 2881 Non
1626 2826 1865 2896 dispari,
1896 2826 1994 2879 sed

350 2932 504 2983 uno;
535 2922 593 2971 et
623 2916 751 2971 ideo
805 2933 919 2971 non
966 2916 1347 2983 extollamini,
1381 2933 1568 2986 neque
1616 2914 1992 2984 dejiciamini,

352 3004 490 3075 quia
519 3004 728 3059 fratres
759 3005 922 3060 estis.
1868 3048 1871 3049 ν

418 3093 727 3165 Sequitur:
761 3095 944 3151 Nolite
971 3095 1097 3164 ﬁeri
1122 3096 1269 3149 servi
1299 3094 1601 3149 hominum.
1652 3094 1798 3147 Sane
1841 3109 1995 3162 quae-

344 3183 589 3237 rendum
614 3199 953 3254 quare,cum
978 3183 1252 3255 superius
1276 3182 1543 3237 hortatus
1566 3182 1643 3237 sit
1662 3198 1857 3236 servos
1878 3198 1998 3234 car-

2027 1895 2075 1957 B

2113 610 2168 663 id
2202 617 2308 674 est,
2343 626 2479 663 cum
2515 626 2711 675 uxore,
2738 625 2851 664 non
2884 610 3136 663 adducat
3166 609 3764 673 circumcisionem,id

2111 704 2220 764 est,
2257 715 2369 752 non
2407 698 2665 752 dimittat
2693 715 2929 753 uxorem
2953 716 2965 755 :
2993 699 3145 753 unde
3168 715 3379 769 supra:
3403 699 3462 753 Si
3491 701 3617 769 quis
3644 701 3765 770 fra-

2112 790 2218 852 ter,
2250 792 2384 853 etc.,
2408 786 2517 840 hoc
2547 786 2720 841 etiam
2754 787 3000 842 voluerit
3052 786 3294 859 intelligi
3354 788 3462 842 sub
3526 788 3766 842 nomine

2111 874 2259 929 servi
2292 891 2356 928 ac
2388 873 2572 928 liberi.
2608 874 2703 928 Ait
2733 875 2885 929 enim
2917 892 2928 929 :
2965 876 3162 930 Servus
3192 880 3411 930 vocatus
3435 892 3490 931 es
3511 895 3532 939 ;
3555 876 3612 930 id
3652 880 3768 942 est,

2111 979 2245 1017 cum
2269 980 2482 1017 uxore:
2519 980 2626 1018 non
2654 966 2722 1018 sit
2750 966 2854 1019 tibi
2883 981 3060 1031 cura’;
3098 966 3155 1019 id
3190 970 3297 1029 est,
3336 982 3447 1020 non
3490 965 3766 1019 dimittas

2112 1066 2239 1105 eam
2272 1070 2284 1117 ;
2320 1052 2458 1121 quia
2488 1069 2604 1106 non
2636 1058 2690 1106 te
2723 1053 2985 1123 impedit.
3020 1054 3121 1107 Sed
3151 1056 3201 1107 si
3249 1063 3399 1125 potes
3442 1056 3569 1123 ﬁeri
3602 1055 3766 1114 liber.

2110 1142 2285 1209 magis
2316 1151 2483 1195 utere.
2518 1142 2620 1195 His
2652 1157 2881 1212 quoque
2912 1143 3099 1197 verbis
3131 1143 3383 1197 ostendit
3428 1143 3620 1215 magis
3656 1142 3767 1197 sibi

2112 1227 2339 1299 placere
2367 1230 2749 1297 continentes,
2786 1248 2960 1302 quam
2990 1232 3332 1303 conjugatos
3360 1249 3371 1286 :
3416 1233 3596 1286 etiam
3650 1249 3766 1303 quo

2111 1333 2219 1371 sua
2241 1318 2443 1372 tendat
2472 1318 2735 1385 intentio,
2769 1336 3008 1374 causam
3044 1336 3272 1391 nempe,
3306 1322 3374 1375 de
3434 1338 3553 1392 qua
3602 1320 3761 1375 locu-

2110 1411 2278 1461 turus
2308 1411 2432 1461 erat
2460 1408 2705 1475 diutius,
2736 1408 2903 1463 solito
2939 1426 3095 1465 more
3138 1410 3513 1481 praelibando,
3548 1410 3764 1481 tetigit.

2180 1496 2493 1567 Sequitur:
2526 1498 2626 1563 Qui
2652 1498 2805 1552 enim
2837 1499 2893 1551 in
2928 1499 3158 1553 Domino
3186 1514 3373 1553 servus
3412 1503 3634 1554 vocatus
3664 1508 3765 1567 est,

2112 1584 2339 1639 libertus
2369 1590 2445 1639 est
2477 1586 2715 1641 Domini.
2752 1586 3016 1641 Libertus
3049 1587 3280 1654 dicitur,
3315 1582 3413 1657 qui
3448 1588 3667 1660 partim
3698 1588 3765 1641 li-

2110 1674 2233 1739 ber,
2260 1674 2592 1745 partimlest
2614 1691 2833 1730 servus.
2862 1677 3007 1747 Ergo
3030 1676 3173 1731 bene
3212 1677 3563 1747 conjugalus
3586 1676 3761 1731 liber-

2108 1769 2203 1817 tus
2231 1762 2610 1833 dicitur,quia
2641 1780 2841 1819 servus
2870 1771 3051 1830 est,eo
3082 1766 3236 1835 quod
3277 1782 3391 1820 non
3424 1766 3640 1820 habeat
3662 1783 3763 1836 po-

2108 1854 2376 1906 testatem
2409 1853 2499 1906 sui
2532 1852 2819 1923 corporis;
2858 1852 3004 1907 liber
3053 1858 3266 1924 autem,
3300 1858 3537 1925 propter
3582 1869 3763 1925 opera

2107 1941 2361 2010 pietatis,
2383 1944 2439 1994 et
2469 1946 2806 1996 caaterarum
2838 1942 3159 1997 virtutum:
3185 1959 3406 2010 servus,
3442 1942 3583 2013 quia
3602 1942 3766 1996 debi-

2107 2034 2229 2083 tum
2266 2029 2452 2083 reddit
2487 2031 2647 2084 uxori
2678 2056 2691 2095 ς
2727 2030 2872 2084 liber
2928 2031 3221 2101 equidem,
3273 2031 3411 2102 quia
3453 2036 3511 2085 et
3541 2031 3762 2085 collum

2110 2118 2320 2173 mentis
2342 2119 2531 2189 ajugo
2556 2118 2825 2174 vitiorum
2849 2120 3126 2188 excussit,
3161 2126 3218 2173 et
3244 2120 3298 2172 in
3320 2120 3607 2174 virtutum
3632 2136 3763 2191 gra-

2106 2207 2263 2260 di7ur
2292 2206 2576 2261 libertate.
2604 2208 2915 2278 Sequitur:
2957 2209 3059 2275 Qui
3091 2208 3230 2263 liber
3258 2214 3481 2263 vocatus
3520 2214 3622 2274 est,
3659 2209 3766 2263 hoc

2106 2302 2212 2363 est,
2248 2296 2373 2350 sine
2406 2312 2620 2362 uxore;
2657 2298 2793 2367 quia
2824 2296 3048 2352 Christo
3080 2297 3379 2363 subditur,
3431 2314 3640 2352 servus
3674 2304 3765 2352 est

2104 2384 2252 2453 ejus.
2279 2384 2407 2439 Haec
2432 2402 2683 2455 namque
2714 2385 2959 2440 servitus
2993 2385 3241 2441 nobilior
3263 2392 3351 2441 est
3371 2387 3533 2441 omni
3582 2386 3759 2441 liber-

2103 2473 2479 2543 tate.Repetit
2499 2479 2555 2528 et
2584 2474 2751 2528 tertio
2785 2475 2936 2545 quod
2961 2492 3139 2546 supra
3163 2475 3424 2529 dixerat:
3460 2477 3758 2547 Unusquis-

2105 2578 2206 2631 que
2234 2564 2291 2616 in
2323 2578 2424 2631 quo
2457 2567 2676 2618 vocatus
2731 2568 2831 2627 est,
2890 2566 3111 2633 fratres,
3168 2566 3227 2617 in
3284 2564 3382 2619 hoc
3434 2574 3759 2635 permaneat

2104 2651 2254 2722 apud
2296 2657 2489 2706 Deum.

2176 2740 2322 2811 (590)
2356 2741 2671 2811 Sequitur:
2707 2743 2783 2796 De
2815 2742 3127 2811 virginibus
3153 2752 3493 2812 praeceptum
3531 2745 3753 2798 Domini

2103 2845 2214 2883 non
2246 2828 2943 2893 habeo,etc.Prohibuerat
2964 2831 3236 2900 superius
3258 2829 3480 2885 malum
3506 2831 3759 2886 fornica~

2104 2916 2528 2972 tionis.Deinde
2551 2918 2781 2973 locutus
2806 2919 2876 2972 de
2906 2919 3438 2990 conjugatis,atque
3464 2920 3766 2975 continen-

2104 3006 2282 3074 tibus,
2318 3011 2449 3077 post
2479 3005 2598 3061 haec
2628 3006 2891 3073 inseruit,
2924 3007 2994 3060 de
3043 3007 3389 3063 circumciso
3437 3014 3498 3064 et
3531 3027 3760 3081 praepu-

2105 3095 2265 3150 tiato.
2301 3095 2380 3149 De
2410 3112 2594 3162 servo,
2631 3112 2695 3150 ac
2728 3095 2932 3166 libero,
2966 3097 3289 3151 secundum
3325 3099 3649 3169 quosdam,
3686 3098 3762 3153 alo

2105 3188 2227 3237 tera
2260 3184 2506 3238 intentio
2537 3184 2857 3253 ejus.Nunc
2888 3200 3018 3239 vero
3039 3183 3299 3254 loquitur
3321 3186 3391 3241 de
3413 3186 3758 3259 virginibus,

342 3270 574 3326 nalibus
625 3272 881 3326 dominis
939 3273 1176 3339 servire,
1238 3289 1392 3326 nunc
1425 3272 1613 3326 dicat:
1646 3271 1821 3325 Nolite
1868 3269 1996 3337 ﬁeri
2024 3258 2067 3324 C
2106 3272 2176 3325 de
2209 3272 2423 3343 quibus
2446 3271 2620 3327 etiam
2656 3274 2843 3327 fuerat
2882 3272 3294 3345 interrogatus.
3350 3274 3514 3330 Unde
3564 3293 3759 3347 supra,

340 3360 501 3414 servi.
541 3360 666 3415 Non
697 3365 804 3429 est,
838 3361 1103 3431 inquam,
1125 3360 1503 3425 contrarium,
1529 3359 1665 3430 quia
1687 3357 1847 3412 illam
1867 3364 1993 3411 tan-

344 3449 425 3519 git
457 3449 807 3504 sententiam
840 3466 957 3517 qua
988 3448 1159 3519 longe
1192 3448 1461 3517 superius
1492 3447 1865 3518 reprehendit
1898 3464 1995 3501 eos

349 3553 529 3607 quare
561 3536 785 3607 decepti
812 3535 908 3589 alii
936 3535 1313 3603 Petriani,alii
1343 3535 1599 3590 Pauliani
1625 3535 1991 3590 dicebantur:

350 3626 440 3680 Sic
468 3626 618 3679 enim
674 3626 805 3679 dicit
860 3626 1050 3679 alius:
1106 3640 1199 3695 ego
1255 3625 1472 3693 quidem
1529 3626 1715 3689 Pauli,
1750 3628 1856 3678 etc.
1896 3628 1997 3691 ;et

350 3713 522 3783 paulo
554 3717 721 3784 post:
757 3712 1023 3783 Nunquid
1078 3715 1315 3768 Paulum
1365 3730 1464 3784 pro
1520 3714 1668 3767 vobis
1696 3712 1995 3783 crucifirus

346 3806 466 3857 est?
496 3806 552 3856 et
582 3800 710 3856 ideo
742 3801 915 3855 dicit:
938 3799 1125 3856 Nolite
1148 3802 1280 3870 ﬁeri
1304 3804 1448 3856 servi
1477 3801 1802 3856 hominum:
1847 3800 1995 3855 servi

345 3906 600 3961 namque
630 3889 936 3945 hominum
968 3889 1265 3959 dicuntur,
1287 3889 1385 3961 qui
1416 3890 1689 3945 humanis
1712 3889 1994 3960 supersti-

342 3977 600 4033 tionibus
634 3977 958 4049 subjacent,
989 3994 1091 4033 ceu
1124 3978 1403 4033 Corinthii
1433 3996 1444 4034 :
1469 3980 1633 4034 nolite
1660 3980 1783 4048 ﬁeri
1810 3979 1997 4042 servi;

343 4066 512 4137 quasi
544 4066 797 4126 diceret:
859 4068 982 4122 Non
1044 4084 1146 4123 vos
1204 4068 1442 4137 Paulus,
1487 4085 1598 4122 non
1635 4068 1858 4137 Petrus,
1892 4068 1992 4122 sed

350 4155 638 4222 Christus,
673 4156 772 4228 qui
798 4157 955 4211 dives
1000 4158 1644 4227 estomnium(Rom.x,
1677 4159 1738 4210 1‘2
1766 4157 1991 4227 ;Ephes.

348 4247 505 4315 11,11),
528 4246 811 4301 redemit:
846 4251 902 4299 et
935 4245 1063 4300 ideo
1107 4263 1222 4299 non
1254 4245 1518 4313 diversis,
1534 4246 1636 4299 Sed
1664 4263 1779 4299 uno
1812 4244 1995 4315 pretio

348 4334 841 4407 redempti,nolite
864 4350 1013 4400 esse,
1030 4333 1143 4389 nisi
1181 4334 1384 4388 unius:
1410 4333 1534 4404 ipse
1556 4350 1763 4404 nempe
1786 4349 1996 4405 magno

347 4423 533 4493 pretio
563 4440 664 4477 vos
694 4422 962 4491 redemit,
1018 4428 1074 4477 et
1105 4421 1217 4476 tale
1273 4438 1377 4493 pro
1424 4421 1587 4477 vobis
1617 4422 1793 4491 dedit,
1828 4422 1998 4493 quale

348 4510 496 4565 alter
525 4511 662 4565 dare
692 4528 807 4565 non
840 4511 1023 4582 potuit
1051 4529 1063 4577 ;
1098 4511 1255 4581 quia,
1289 4510 1396 4565 etsi
1446 4510 1593 4565 alter
1648 4511 1994 4583 sanguinem

345 4598 590 4690 tundere
621 4600 827 4690 potuit,
852 4617 963 4690 non
998 4604 1191 4654 tamen
1224 4600 1444 4670 absque
1476 4604 1711 4671 peccato
1769 4602 1911 4666 fuit;
1939 4607 1993 4657 et
2028 4626 2071 4690 Ι)

348 4687 477 4743 ideo
491 4693 726 4759 peccata
747 4688 975 4744 abolere
998 4706 1109 4743 non
1131 4689 1336 4760 potuit.
1360 4690 1504 4761 Ergo
1536 4690 1582 4744 si
1607 4690 1778 4745 homo
1797 4692 1867 4745 ab
1887 4690 1988 4745 ali-

349 4793 463 4849 quo
495 4777 852 4848 redemptus,
885 4778 1068 4833 eidem
1104 4778 1315 4833 servire
1347 4780 1559 4847 studet,
1580 4786 1643 4833 ut
1675 4780 1990 4851 quamdam

348 4866 952 4937 recompensationem
1012 4868 1251 4934 reddat;
1313 4871 1531 4939 quanto
1591 4868 1777 4940 magis
1830 4886 1995 4923 vosa

348 4955 463 5011 Deo
496 4956 802 5027 redempti,
837 4955 1023 5011 eidem
1060 4961 1407 5027 perpetuum
1440 4961 1667 5026 oportet
1725 4956 1995 5011 exhibere

346 5045 983 5100 servitium.Sciendum
1007 5045 1141 5115 quia
1158 5044 1421 5099 nonnulli
1445 5044 1593 5098 hanc
1613 5045 1992 5116 apostolicam

347 5133 696 5172 cantantium
752 5149 862 5172 nnn
897 5134 969 5172 ait
990 5151 1000 5163 -
1048 5135 1413 5172 (Firmius/vicus
1446 5136 1659 5172 Immin:
1688 5150 1793 5172 nnn
1826 5133 1994 5172 ιιᾹΑη-

2105 3360 2170 3413 de
2198 3362 2391 3431 quibus
2422 3362 2632 3431 inquit,
2664 3362 2980 3429 scripsistis,
3014 3367 3121 3416 etc.
3150 3361 3311 3417 Unde
3334 3373 3390 3418 el
3417 3363 3475 3417 in
3506 3364 3621 3419 hoc
3642 3364 3758 3418 loco

2108 3449 2583 3504 subaudiendum
2617 3455 2705 3504 est
2730 3468 2741 3504 :
2768 3451 2839 3504 De
2862 3451 3188 3520 virginibus,
3212 3452 3283 3505 de
3304 3452 3526 3523 quibus
3549 3453 3763 3523 scripto

2108 3539 2534 3609 interrogastis,
2564 3549 2897 3608 praeceptum
2955 3540 3176 3594 Domini
3229 3557 3343 3594 non
3395 3540 3610 3606 habeo;
3639 3558 3763 3596 can-

2103 3628 2293 3682 silium
2323 3636 2504 3682 autem
2533 3628 2617 3682 do.
2640 3626 2885 3682 Pulchre
2917 3628 3206 3698 siquidem
3230 3628 3368 3682 dicit
3398 3636 3759 3702 praeceptum

2048 3735 2059 3747 ο
2103 3715 2333 3770 Domini
2358 3733 2471 3770 non
2497 3715 2903 3788 habere;quia
2948 3717 3074 3788 ipse
3108 3718 3619 3775 Dominusauctor
3640 3725 3761 3775 erat

2104 3805 2379 3877 conjugii,
2404 3810 2459 3860 et
2488 3806 2615 3860 ideo
2649 3822 2761 3860 non
2797 3810 2919 3860 erat
2950 3822 3331 3876 consequens,
3354 3815 3420 3861 ut
3458 3810 3759 3863 contraria

2094 3894 2349 3964 juberet.
2370 3893 2469 3948 Ubi
2498 3894 2916 3949 attendendum
2940 3901 3028 3949 est
3051 3895 3187 3965 quid
3224 3895 3397 3949 distet
3429 3896 3586 3951 inter
3618 3914 3757 3967 prae-

2105 3988 2333 4053 ceptum
2368 3987 2423 4037 et
2452 3981 2784 4036 consilium.
2823 3983 2985 4045 Quod
3056 3981 3210 4036 enim
3246 3990 3607 4054 przeceptum
3648 3991 3758 4049 est,

2105 4072 2325 4142 absque
2358 4070 2817 4142 transgressione
2851 4071 3146 4141 corrumpi
3188 4088 3301 4125 non
3334 4076 3567 4142 potest;
3600 4074 3755 4144 quod

2104 4176 2236 4214 vero
2270 4158 2579 4213 consilium
2612 4164 2721 4223 est,
2757 4159 2803 4213 si
2860 4158 3129 4225 violetur,
3161 4165 3264 4215 aut
3320 4167 3757 4232 corrumpatur,

2106 4247 2268 4303 nulla
2298 4253 2386 4302 est
2416 4247 2823 4318 transgressio.
2858 4246 3013 4302 Dixit
3043 4264 3103 4302 se
3128 4264 3362 4319 quoque
3392 4249 3531 4304 dare
3564 4250 3756 4305 consi-

2102 4336 2270 4390 lium.
2306 4337 2373 4390 Et
2403 4335 2651 4407 qualiter
2681 4336 2969 4391 ostendit:
3004 4338 3275 4408 Tanquam
3306 4338 3755 4393 misericordiam

2105 4430 2435 4489 consecutus,
2472 4430 2579 4479 etc.
2642 4424 2753 4480 Iste
2812 4424 3033 4480 scilicet
3080 4426 3350 4497 egregius
3386 4427 3754 4496 praedicator,

2107 4514 2295 4569 fidelis
2325 4514 2384 4568 in
2414 4514 2607 4580 verbo,
2658 4520 2714 4569 et
2772 4515 3034 4579 scientia,
3098 4516 3201 4569 dat
3249 4514 3609 4583 consilium;
3654 4517 3754 4571 sed

2108 4602 2602 4676 quemadmodum
2628 4603 3086 4658 misericordiam
3104 4608 3454 4659 consecutus
3476 4610 3569 4658 est
3588 4621 3622 4659 a
3645 4603 3756 4659 Do-

2107 4693 2286 4759 mino,
2313 4693 2447 4762 quia
2506 4692 2762 4746 ﬁdelium
2822 4709 3120 4747 servorum
3165 4694 3313 4763 (591)
3347 4709 3462 4747 non
3496 4693 3756 4748 invidere

2103 4783 2420 4851 beneﬁciis,
2454 4782 2551 4837 sed
2587 4783 2781 4852 potius
2812 4781 2879 4834 ad
2916 4780 3155 4835 meliora
3204 4799 3548 4852 provocare;
3584 4783 3754 4852 quasi

2105 4871 2353 4925 diceret:
2389 4871 2467 4924 De
2499 4869 2830 4938 consilium,
2865 4870 3185 4924 secundum
3234 4871 3387 4940 quod
3423 4871 3753 4926 misericor-

2104 4957 2259 5012 diam
2293 4962 2644 5012 consecutus
2678 4974 2831 5023 sum,
2868 4963 2930 5011 ut
2961 4959 3072 5012 sim
3106 4958 3390 5013 ﬁdelis.Et
3422 4965 3578 5025 nota,
3612 4959 3754 5029 quia

2104 5048 2259 5116 quod
2287 5052 2430 5112 erat,
2461 5063 2575 5100 non
2608 5047 2739 5109 sibi,
2772 5047 2869 5101 sed
2927 5048 3040 5101 Deo
3092 5048 3382 5118 ascripsit.
3438 5047 3750 5118 Sequitur:

2108 5137 2369 5172 Frieh'rnn
2406 5135 2500 5172 Ιιηι·
2532 5135 2726 5172 [mnum
2757 5151 2870 5172 neco
2923 5135 3081 5172 nunr‘
3143 5140 3259 5172 {nm
3296 5135 3561 5172 annonine
3609 5152 3755 5172 nam-
