3990 5306
145 210 250 269 357

695 199 1110 267 EXPOSITIO
1156 206 1232 263 IN
1281 206 1708 265 EPISTOLAS
1760 204 2008 267 PAULI.
2046 239 2118 248 —-
2154 208 2228 265 IN
2274 206 2523 271 EPlS'l‘.
2574 212 2593 270 Ι
2643 214 2746 273 ΑΙ)
2794 210 2967 276 COR.

3413 220 3548 281 358'

144 341 353 395 bonurn
378 333 770 409 vultintelligi
793 334 932 400 fore,
958 339 1193 407 propter
1215 337 1493 406 majorem
1516 347 1861 411 remune-A
1891 336 2133 391 detineri
2183 344 2537 397 contemnat.
2590 344 2753 397 Tunc
2801 344 2955 399 enim
3010 346 3143 417 quis
3194 354 3361 404 utens
3412 369 3527 407 non

147 428 420 482 rationem
472 425 634 497 regni
683 424 956 489 caelestis,
988 426 1087 479 sed
1140 426 1359 479 bonum
1408 424 1582 479 etiam
1636 426 1778 479 dicit

144 520 357 588 prapter
386 517 685 569 instantem
724 516 1126 569 necessitatem.
1161 514 1293 577 Qua
1326 515 1601 569 instantis
1633 519 1779 569 tem-

148 605 296 677 poris
324 604 644 659 necessitas
672 602 975 674 multiplex
1006 619 1135 658 esse
1187 620 1299 658 non
1331 604 1649 657 dubitatur.
1688 608 1783 659 Est

148 694 292 750 enim
322 693 489 748 dolor
506 692 756 759 ventris;
780 697 867 747 est
888 691 1051 747 labor
1074 692 1781 764 parturiendi,nutriendi,

146 780 423 850 videlicet,
455 797 521 836 ac
564 780 867 847 vestiendi,
897 781 1203 835 orbitatem
1239 780 1489 834 filiorum
1524 780 1781 851 patiendi

150 870 463 927 adificandi
493 870 718 940 domos,
752 868 969 924 dotalia
998 870 1173 924 etiam
1205 870 1591 941 praeparandi,
1619 874 1676 923 et
1704 868 1782 923 si-

151 959 320 1015 milia.
357 960 577 1014 Bonum
624 963 713 1013 est
759 974 891 1028 ergo
922 960 1007 1012 sic
1056 974 1224 1024 esse;
1257 957 1313 1012 id
1347 964 1453 1025 est,
1489 958 1613 1012 sine
1640 974 1782 1011 uxo-

148 1066 237 1115 re;
268 1048 408 1118 quia
439 1065 552 1102 non
599 1047 790 1102 solum
823 1048 1103 1117 majorem
1150 1046 1393 1117 accipiet
1441 1063 1784 1101 remunera-

149 1138 378 1203 tionem,
412 1138 512 1192 sed
545 1140 604 1191 et
633 1136 705 1191 ab
736 1136 830 1191 his
873 1136 1173 1207 praesentis
1207 1136 1484 1207 temporis
1517 1151 1781 1190 necessa-

150 1227 294 1281 tibus
326 1226 594 1280 redditur
622 1225 869 1280 alienus.

211 1314 532 1386 Sequitur:
568 1313 843 1385 Alligatus
893 1330 948 1368 es
1000 1315 1183 1383 uxori,
1217 1318 1324 1367 etc.
1381 1314 1789 1368 Provocaverat

148 1403 454 1476 Apostolus
478 1420 618 1459 suos
636 1405 704 1458 ad
727 1404 951 1457 bonum
977 1402 1365 1457 continentia.
1383 1402 1471 1471 Et,
1496 1419 1565 1456 ne
1588 1401 1785 1473 ipsum

150 1494 361 1547 bonum
392 1492 707 1563 disjunctio
740 1491 1083 1563 nuptiarum
1115 1496 1291 1556 esset,
1325 1490 1474 1555 ideo,
1508 1496 1675 1545 caute
1700 1490 1785 1545 lo-

152 1598 351 1652 quens,
384 1581 527 1636 dixit
556 1598 570 1636 :
599 1581 869 1649 Alligatus
899 1597 954 1635 es
984 1582 1168 1643 uxori,
1201 1586 1309 1635 etc.
1345 1579 1473 1633 Hac
1504 1584 1594 1633 est
1629 1580 1785 1633 enim

150 1670 463 1741 apostolica
487 1674 543 1726 et
570 1669 871 1725 Dominica
894 1670 1175 1735 doctrina,
1200 1685 1326 1739 qua
1359 1668 1439 1722 ita
1469 1668 1540 1721 ad
1566 1668 1790 1737 majora

150 1758 288 1813 bona
323 1763 615 1829 provocat,
645 1763 711 1813 ut
749 1758 978 1813 minora
1025 1774 1139 1812 non
1171 1761 1547 1823 contemnat;
1586 1756 1642 1809 id
1676 1761 1786 1821 est,

148 1848 223 1903 ita
248 1848 320 1902 ad
358 1848 575 1903 bonum
607 1847 972 1903 continentia
996 1846 1192 1915 trahit,
1218 1851 1284 1901 ut
1312 1845 1648 1917 conjugium
1673 1860 1786 1899 non

151 1941 494 1991 contemnat.
518 1936 702 2006 Major
722 1942 811 1991 est
840 1936 996 1991 enim
1014 1936 1228 1990 veritas
1247 1935 1346 1990 Dei
1380 1936 1437 1988 in
1468 1934 1787 2006 Scripturis

154 2026 376 2095 divinis,
410 2041 589 2096 quam
622 2024 698 2079 sit
726 2025 981 2079 castitas.
1005 2023 1067 2078 Si
1095 2025 1357 2095 accepisti
1378 2039 1628 2089 uxorem,
1653 2027 1788 2089 etc.,

160 2117 205 2168 et
228 2117 267 2168 si
292 2115 551 2185 nupserit
585 2114 761 2181 Virgo,
795 2117 906 2168 etc.
940 2112 1191 2184 Uterque
1221 2129 1336 2167 non
1368 2111 1628 2177 offendit,
1652 2111 1789 2182 quia

162 2220 265 2257 rem
292 2202 516 2257 licitam
548 2206 757 2273 patrat.

216 2291 639 2345 Tribulationem
688 2295 871 2345 tamen
920 2292 1125 2357 carnis,
1175 2297 1281 2346 etc.
1318 2291 1427 2346 Sed
1480 2307 1603 2358 qua
1652 2291 1791 2345 sunt

147 2378 247 2434 illa
279 2378 693 2435 tribulationes
713 2378 740 2431 ?
770 2379 1200 2435 Tribulationes
1223 2384 1397 2435 sunt:
1434 2394 1667 2433 uxorem
1703 2393 1791 2431 ce-

144 2468 295 2536 lare;
332 2484 572 2523 uxorem
605 2467 723 2522 viro
756 2484 818 2523 se
849 2469 1135 2536 subdere;
1171 2469 1373 2523 timere
1407 2484 1476 2521 ne
1508 2466 1656 2521 alter
1690 2466 1789 2519 ad-

142 2558 436 2622 mittatur,
467 2561 522 2611 et
563 2560 788 2626 catera,
822 2574 949 2627 qua
998 2557 1110 2611 dici
1160 2562 1426 2628 possunt.
1461 2556 1741 2626 Sequitur
1773 2571 1786 2607 :

141 2646 250 2716 Ego
280 2655 471 2701 autem
498 2646 649 2700 vobis
676 2662 855 2713 parco.
889 2645 1127 2699 Duobus
1166 2645 1390 2711 modis;
1416 2644 1472 2698 id
1497 2649 1585 2698 est
1611 2661 1623 2699 :
1657 2660 1791 2697 cum

140 2751 242 2790 vos
273 2735 351 2790 ad
400 2734 623 2788 bonum
670 2733 1040 2787 continentia
1094 2748 1357 2801 provoco,
1393 2736 1458 2784 ut
1504 2731 1795 2802 pradictis

139 2822 631 2878 tribulationibus
659 2821 765 2874 viri
798 2826 857 2875 et
889 2821 1082 2875 uxoris
1106 2836 1221 2874 non
1253 2819 1794 2889 subdamini,parco

137 2911 315 2967 vobis
340 2927 355 2976 ;
388 2910 506 2963 sive
540 2924 733 2979 parco,
759 2912 841 2975 ut,
866 2908 915 2961 si
946 2924 1046 2961 vos
1080 2908 1329 2962 subdere
1359 2905 1556 2974 vultis,
1576 2907 1797 2961 subda-

136 3002 243 3055 tis.
285 2999 353 3051 Et
406 3013 585 3068 quare
615 2997 724 3051 hoc
768 2996 995 3067 dixerit,
1029 2997 1229 3051 subdit
1260 3013 1271 3050 :
1307 2998 1413 3050 Hoc
1442 2998 1624 3067 itaque
1653 2996 1795 3062 dico,

1893 426 2093 495 utitur,
2128 444 2259 481 cum
2293 444 2380 497 ea,
2414 446 2539 500 qua
2572 432 2641 485 ad
2667 449 2836 487 suam
2871 435 3276 491 necessitatem
3310 456 3529 511 prapo-

1894 521 2137 577 raverat,
2170 520 2345 580 tenet,
2370 523 2427 571 et
2459 536 2571 573 non
2598 526 2846 576 tenetur.
2874 523 2941 576 Et
2970 540 3149 594 quare
3171 524 3279 579 hoc
3299 527 3529 595 dixerit,

1892 603 2089 657 subdit
2140 620 2151 656 :
2205 608 2463 661 Praeterit
2506 612 2655 663 enim
2702 612 2893 681 ﬁgura
2941 613 3105 682 hujus
3154 615 3364 672 mundi.
3407 617 3531 672 Non

1895 692 2285 755 mundus,sed
2312 694 2425 763 ligu
2438 713 2497 748 ra
2518 697 2891 769 transit,quia
2913 702 3197 771 scriptum
3220 708 3345 759 est:
3372 706 3532 760 Terra

1896 795 2016 834 vero
2045 782 2101 833 in
2156 786 2418 837 a’lernum
2464 788 2570 838 stat
2603 787 2792 855 (Eccle.
2831 806 2866 855 1,
2902 790 2973 857 4).
3009 791 3157 861 Ergo
3207 798 3401 847 manet
3432 811 3534 864 per

1893 869 2207 923 essentiam
2235 915 2246 936 ,
2283 873 2493 926 transit
2523 890 2625 944 per
2655 875 3108 933 innovationem.
3143 881 3228 948 Et,
3262 881 3310 935 si
3345 882 3532 953 figura

1894 957 2099 1010 mundi
2129 959 2358 1029 transit,
2389 960 2572 1015 multo
2624 965 2812 1034 magis
2840 980 2909 1019 ea
2958 982 3084 1035 qua
3117 970 3321 1023 mundi
3353 976 3524 1037 sunt;

1894 1046 2058 1115 quasi
2095 1046 2312 1102 diceret
2344 1065 2355 1101 :
2391 1048 2577 1111 Quare
2626 1052 2846 1107 mundo
2894 1053 3211 1123 inharetis,
3246 1063 3302 1112 et
3346 1058 3402 1112 in
3434 1058 3528 1114 his

1893 1134 2390 1206 transituris,qua
2411 1140 2613 1192 mundi
2647 1146 2822 1207 sunt;
2857 1144 3021 1213 quasi
3054 1144 3153 1199 diu
3187 1147 3530 1216 consistant,

1894 1227 1951 1277 et
1978 1238 2080 1277 vos
2127 1240 2261 1277 cum
2291 1225 2454 1281 illis?
2484 1232 2549 1281 Et
2586 1228 2645 1282 in
2698 1229 2807 1283 hoc
2852 1234 3199 1299 ostenditur,
3234 1236 3386 1306 quod
3433 1252 3535 1293 vos

1895 1314 2229 1378 transeatis,
2254 1315 2391 1384 quia
2424 1321 2666 1372 mortem
2699 1319 2948 1374 aliorum
2977 1321 3266 1392 inspicitis
3296 1342 3308 1391 ;
3343 1330 3398 1379 et
3427 1325 3537 1381 hoc

1898 1400 2542 1471 inspiciendo,vestrum
2562 1422 2857 1462 recessum
2877 1412 3315 1477 cognoscitis.Et
3329 1430 3537 1485 quam-

1895 1490 1982 1543 vis
2013 1488 2181 1561 longe
2203 1490 2373 1546 distet
2408 1492 2541 1547 linis
2567 1496 3001 1563 mundi,tamen
3026 1498 3227 1555 debuit
3246 1501 3324 1555 ita
3346 1502 3536 1559 dicere

1896 1580 2227 1648 Apostolus,
2260 1587 2492 1653 prepter
2518 1581 2647 1637 illos
2677 1584 2776 1655 qui
2798 1602 2934 1657 erga
2965 1587 3139 1642 ﬁnem
3160 1590 3360 1644 mundi
3386 1592 3536 1646 hanc

1898 1665 2104 1721 lecturi
2154 1674 2291 1722 sunt
2336 1670 2681 1739 epistolam;
2729 1674 2893 1743 quasi
2940 1674 3155 1729 diceret
3208 1694 3220 1730 :
3271 1680 3535 1735 Audistis

1896 1760 2167 1809 venturas
2198 1756 2845 1829 tribulationes,quales
2866 1778 2979 1815 non
3009 1762 3247 1818 fuerunt
3277 1766 3348 1819 ab
3370 1766 3537 1821 initio

1898 1843 2081 1914 (Marc.
2106 1861 2227 1910 xm,
2256 1847 2333 1915 8),
2367 1850 2421 1900 et
2453 1847 2686 1901 easdem
2720 1849 2962 1903 minime
3008 1850 3201 1906 videre
3229 1855 3405 1907 vultis
3434 1873 3447 1910 :
3480 1861 3537 1910 et

1898 1948 2029 1986 cum
2056 1932 2218 1987 vobis
2251 1934 2401 1988 desit
2430 1934 2719 2001 voluntas,
2752 1953 2932 2007 quare
2964 1955 3078 1993 non
3112 1942 3347 2011 parcitis
3374 1942 3533 2010 ﬁliis,

1900 2037 2012 2075 non
2045 2022 2380 2092 accipiendo
2410 2040 2638 2089 uxores,
2672 2036 2736 2079 ut
2762 2026 2911 2081 filios
2944 2044 3055 2082 non
3088 2031 3398 2101 generetis,
3433 2034 3534 2103 qui

1898 2110 2147 2178 videant,
2184 2111 2433 2166 maxime
2459 2129 2590 2166 cum
2619 2130 2731 2167 non
2756 2114 2833 2168 sit
2861 2120 3093 2188 tempus
3124 2119 3239 2174 Deo
3262 2120 3410 2175 ﬁlios
3432 2136 3537 2191 per

1899 2199 2113 2252 coitum
2146 2201 2400 2266 creandi,
2434 2202 2532 2255 sed
2567 2218 2669 2273 per
2716 2204 3072 2273 baptismum
3104 2211 3482 2278 regenerandi
3504 2211 3533 2265 ?

1900 2287 2085 2350 Quare
2114 2288 2221 2342 hoc
2250 2288 2480 2356 dixerit,
2513 2291 2713 2345 subdit
2738 2308 2749 2344 :
2777 2294 2908 2347 Volo
2931 2298 3113 2348 autem
3143 2311 3233 2349 vos
3262 2298 3398 2367 sine,
3424 2302 3535 2354 etc.

1900 2378 2039 2441 Quis
2068 2377 2222 2430 enim
2256 2377 2377 2432 vult
2398 2380 2551 2449 quod
2573 2380 2885 2451 Apostolus
2920 2382 3084 2437 vult?
3104 2384 3408 2454 Sequitur:
3437 2388 3543 2454 Qui

1899 2466 2018 2519 sine
2066 2482 2239 2519 uxore
2280 2471 2377 2531 est,
2410 2474 2516 2521 etc.
2570 2469 2720 2523 Bene
2752 2470 2892 2523 dicit
2926 2487 2939 2525 :
2975 2470 3255 2527 Sollicitus
3300 2478 3377 2528 est
3406 2492 3546 2546 quo-

1900 2554 2053 2608 modo
2076 2554 2291 2624 placeat
2320 2558 2484 2610 uxori
2502 2573 2521 2617 ,·
2553 2558 2690 2628 quia
2712 2560 3059 2630 conjugatus
3082 2560 3260 2617 libere
3287 2563 3402 2618 Deo
3425 2581 3546 2620 ser-

1900 2642 2020 2697 vire
2050 2659 2162 2697 non
2197 2644 2365 2699 valet.
2401 2649 2467 2699 Et
2496 2645 2622 2700 ideo
2653 2648 2853 2702 subdit
2884 2664 2897 2702 :
2934 2650 2997 2702 Et
3027 2649 3238 2705 divisus
3266 2661 3364 2706 est.
3398 2652 3550 2708 Divi-

1903 2747 2025 2795 sus,
2051 2749 2168 2787 non
2198 2749 2455 2803 corpore,
2480 2735 2577 2789 sed
2603 2741 2814 2790 mente.
2844 2738 2906 2790 Et
2926 2739 3145 2805 mulier,
3170 2740 3545 2811 subauditur,

1905 2818 2109 2873 divisa.
2146 2821 2369 2889 thuia
2400 2821 2610 2876 mulier
2657 2828 2776 2878 tam
2814 2826 2993 2897 virgo,
3027 2844 3205 2898 quam
3232 2830 3544 2901 conjugata

1906 2906 2182 2977 appellari
2217 2913 2424 2978 potest,
2452 2914 2514 2963 ut
2539 2914 2868 2967 ostenderet
2888 2915 2958 2969 de
2988 2932 3102 2986 qua
3132 2918 3377 2985 dixerat,
3404 2920 3547 2973 sub-

1907 2995 2019 3048 dit:
2050 2999 2310 3066 lnnupta,
2340 3003 2389 3050 et
2417 2999 2589 3065 virgo,
2612 3004 2972 3071 etc.,corpore
2990 3012 3219 3066 sancta;
3251 3007 3389 3077 quia
3420 3008 3551 3063 sine

135 3092 355 3159 fratres
380 3105 400 3140 :
433 3086 654 3157 Tempus
684 3088 844 3141 breve
870 3091 952 3140 est
974 3103 994 3147 ,-
1028 3086 1195 3157 quasi
1220 3086 1437 3140 diceret
1469 3103 1481 3139 :
1520 3085 1640 3141 Non
1675 3092 1799 3139 tan-
1827 3083 1869 3148 C
1907 3084 2049 3148 viro,
2077 3086 2275 3153 spiritu
2293 3102 2312 3142 :
2346 3086 2485 3153 quia
2531 3085 2924 3142 sollicitudine
2966 3092 3169 3145 mundi
3202 3098 3376 3148 caret.
3413 3096 3549 3162 Quae

141 3183 277 3231 tum
311 3175 688 3229 vivuntnunc
710 3174 996 3244 homines,
1021 3179 1307 3244 quantum
1335 3174 1590 3245 primum
1620 3190 1632 3227 :
1660 3190 1794 3227 nam

141 3265 236 3319 vix
267 3263 405 3334 quis
436 3263 840 3334 quadraginta,
865 3262 951 3317 vel
985 3262 1223 3333 triginta
1252 3263 1421 3317 annis
1454 3279 1585 3317 cum
1622 3279 1796 3317 uxore

140 3352 471 3425 copulatur,
506 3354 603 3407 sed
636 3368 769 3407 cum
821 3352 1019 3407 dolore
1051 3352 1271 3406 amittit
1322 3368 1581 3418 uxorem,
1616 3368 1793 3422 quam

140 3442 431 3496 habuerat
459 3457 591 3495 cum
646 3456 860 3495 amore.
898 3441 963 3494 Et
990 3441 1151 3512 quia
1184 3441 1351 3496 breve
1400 3448 1490 3495 est
1539 3446 1790 3511 tempus,

144 3532 426 3602 reliquum
454 3539 537 3585 est
558 3547 575 3589 ,'
609 3530 665 3584 id
714 3534 821 3599 est,
855 3534 1055 3596 restat,
1104 3534 1161 3583 ut
1210 3532 1305 3600 qui
1348 3531 1546 3584 habent
1577 3545 1790 3597 uxores,

142 3624 411 3690 tanquam
438 3636 549 3674 non
578 3620 830 3674 habentes
860 3621 971 3673 sint
1003 3638 1020 3673 :
1052 3619 1109 3672 id
1138 3624 1245 3685 est,
1278 3618 1611 3673 carnalibus
1643 3619 1794 3672 desi-

144 3708 326 3763 deriis
344 3708 898 3763 etdelectationibus
917 3725 1031 3761 non
1060 3712 1428 3778 superentur.
1454 3708 1617 3760 Tunc
1638 3706 1793 3760 enim

146 3798 278 3871 quis
346 3798 568 3853 habens
614 3814 871 3866 uxorem,
917 3813 1031 3851 non
1080 3796 1274 3860 habet,
1323 3796 1422 3866 qui
1482 3795 1561 3849 ita
1609 3795 1798 3865 placet

146 3888 339 3953 uxori,
372 3892 436 3942 ut
467 3904 582 3942 non
616 3885 924 3957 displiceat
950 3885 1263 3940 Conditori.

210 3980 277 4032 Et
309 3978 412 4047 qui
446 3978 600 4045 ﬂent,
630 3978 895 4047 tanquam
943 3991 1049 4030 non
1081 3976 1273 4044 ﬂentes
1294 3991 1313 4034 ;
1346 3974 1401 4027 id
1435 3978 1544 4042 est,
1579 3975 1661 4029 ita
1690 3974 1796 4028 tri-

148 4065 557 4121 bulationibus
581 4063 1003 4135 temporalibus
1028 4063 1383 4133 afﬂigantur,
1398 4068 1462 4117 ut
1492 4079 1596 4134 spe
1618 4064 1796 4118 futuri

150 4155 377 4226 pramii
430 4154 829 4209 subleventur.
863 4154 1027 4207 Tunc
1076 4153 1231 4207 enim
1283 4152 1417 4223 quis
1460 4153 1650 4207 ﬂendo
1681 4170 1794 4207 non

149 4245 343 4312 deﬂet,
377 4260 507 4298 cum
542 4243 714 4298 istius
737 4243 1014 4313 temporis
1038 4241 1515 4296 tribulationibus
1538 4242 1614 4297 ita
1644 4242 1798 4296 afﬂi-

150 4333 329 4404 gitur,
362 4338 428 4387 ut
458 4350 560 4403 spe
586 4336 809 4387 aterna
842 4330 1328 4385 remunerationis
1360 4330 1710 4385 sublevetur.
1738 4332 1802 4385 Et

152 4426 242 4492 qui
270 4422 532 4491 gaudent,
558 4430 822 4492 tanquam
848 4435 959 4474 non
984 4419 1281 4489 gaudentes
1312 4420 1454 4479 sint;
1486 4419 1541 4473 id
1577 4423 1683 4487 est,
1718 4419 1799 4473 ita

159 4529 254 4581 pro
304 4512 615 4567 commodo
668 4521 891 4564 terreno
941 4509 1209 4580 gaudeat,
1246 4512 1311 4561 ut
1362 4525 1583 4563 memor
1623 4507 1800 4562 divini

150 4600 354 4668 judicii
376 4600 775 4656 existat.Tunc
806 4598 960 4653 enim
990 4598 1121 4669 quis
1144 4598 1405 4669 gaudens
1428 4614 1539 4652 non
1565 4599 1796 4669 gaudet,

160 4705 287 4743 cum
320 4691 400 4744 ita
430 4706 533 4761 pro
565 4689 871 4744 commodo
903 4694 1127 4742 terreno
1159 4687 1406 4753 laetatur,
1442 4694 1503 4741 ut
1534 4688 1798 4741 divinum

156 4777 434 4845 judicium
470 4777 865 4849 pertimescat.
900 4780 973 4830 Et
1005 4778 1103 4847 qui
1151 4785 1359 4845 emunt,
1394 4786 1659 4847 tanquam
1689 4792 1801 4830 non

158 4868 483 4935 possidentes
510 4886 527 4933 ;
559 4868 615 4922 id
645 4872 750 4935 est,
785 4870 979 4936 empta
1008 4883 1122 4921 non
1146 4882 1206 4921 se
1237 4866 1335 4919 diu
1370 4866 1666 4937 possidere
1694 4883 1799 4937 pu-

162 4958 302 5011 tent.
334 4957 495 5011 Tunc
520 4957 730 5011 etenim
781 4954 914 5024 quis
946 4960 1173 5026 emptor
1204 4972 1317 5010 non
1351 4956 1657 5027 possidens
1687 4959 1800 5024 est,

163 5057 291 5097 cum
321 5061 405 5113 ea,
438 5062 562 5117 qua
591 5043 751 5111 emit,
786 5058 902 5096 non
935 5060 997 5097 se
1027 5044 1125 5098 diu
1160 5042 1451 5116 possidere
1481 5045 1691 5117 putet?

226 5132 292 5186 Et
316 5136 406 5203 qui
434 5138 659 5190 utuntur
688 5133 788 5187 hoc
837 5132 1060 5199 mundo,
1092 5140 1354 5204 tanquam
1380 5152 1490 5191 non
1519 5138 1760 5192 utantur
1780 5147 1801 5192 ,-

160 5217 216 5273 id
246 5226 351 5291 est,
368 5239 594 5294 ea,qua
615 5224 687 5281 ad
724 5218 1135 5276 necessitatem
1155 5222 1245 5278 sui
1277 5232 1581 5300 praparat,
1608 5226 1681 5282 ab
1706 5221 1802 5277 his

1905 3180 2089 3226 autem
2118 3178 2286 3243 nupta
2316 3177 2413 3238 est,
2447 3179 2555 3229 etc.
2591 3175 2743 3230 Dicit
2768 3178 3080 3247 Apostolus
3111 3187 3354 3252 nuptam
3386 3186 3539 3256 cogi-

1908 3264 2027 3314 tare
2051 3277 2176 3330 qua
2234 3263 2434 3315 mundi
2469 3268 2625 3326 sunt,
2659 3270 2716 3318 et
2763 3264 3068 3339 virginem,
3101 3285 3228 3339 qua
3278 3270 3399 3326 Dei.
3433 3273 3545 3327 Sed

1906 3366 2011 3403 nos
2042 3351 2364 3406 econtrario
2396 3353 2690 3408 cernimus
2734 3338 3103 3427 conjugatam
3124 3338 3387 3428 cogitare
3417 3378 3548 3434 qua

1904 3437 2025 3503 Dei,
2060 3443 2115 3492 et
2144 3439 2599 3521 virginemuqua
2632 3443 2833 3497 mundi
2870 3451 3027 3500 sunt.
3061 3447 3374 3504 Sciendum
3406 3450 3545 3521 quia

1898 3526 2003 3581 tali
2034 3529 2352 3597 conjugata
2381 3515 2493 3584 ιιοῗι
2515 3530 2749 3585 obsistit
2769 3533 3248 3605 conjugium,sed
3282 3515 3549 3595 dum-illa

1904 3617 2211 3687 cogitando
2261 3634 2385 3688 qua
2420 3620 2514 3672 Dei
2548 3625 2706 3687 sunt,
2742 3638 2911 3676 suam
2963 3629 3234 3680 naturam
3284 3632 3547 3699 superat,

1905 3710 1962 3758 et
1992 3710 2206 3759 aterna
2235 3707 2592 3761 beatitudine
2625 3711 3113 3767 remunerabitur.
3138 3715 3208 3769 Et
3231 3715 3357 3785 ipsa
3387 3716 3550 3788 virgo

1907 3793 1977 3845 de
2009 3792 2159 3845 bono
2190 3792 2540 3863 virginitatis
2572 3812 2684 3849 non
2720 3796 2909 3851 solum
2928 3816 3042 3853 non
3064 3805 3550 3872 remunerabitur,

1907 3880 2006 3934 sed
2039 3880 2213 3934 etiam
2245 3881 2556 3951 dupliciter
2607 3883 3022 3953 damnabitur;
3058 3888 3186 3943 ideo
3236 3891 3377 3961 quia
3406 3909 3554 3964 opus

1906 3968 2256 4040 virginitatis
2314 3969 2462 4024 male
2522 3972 2810 4026 tractavit.
2865 3973 3129 4045 Scriptus
3176 3983 3263 4031 est
3322 3979 3477 4034 enim
3537 3996 3551 4034 :

1907 4059 2218 4113 Maledictus
2266 4061 2361 4129 qui
2406 4076 2538 4130 opus
2587 4061 2807 4115 Domini
2854 4064 2985 4130 (Jer.
3037 4082 3231 4131 vauI,
3282 4066 3392 4137 lO),
3438 4072 3552 4124 etc.

1906 4149 1976 4202 Et
2004 4147 2219 4203 Paulus
2255 4166 2267 4203 :
2303 4147 2445 4219 Opus
2473 4149 2692 4220 quidem
2741 4153 2963 4221 pietatis
2994 4154 3350 4222 ostendentes,
3382 4158 3557 4212 virtu-

1908 4246 2013 4291 tem
2062 4246 2241 4292 autem
2286 4244 2549 4308 negantes
2579 4239 2658 4308 (11
2703 4240 2836 4293 Tim.
2883 4258 2967 4310 ιιι,
2999 4242 3075 4310 ὃ).
3134 4244 3248 4298 Ista
3296 4260 3552 4317 namque

1909 4326 2115 4380 habuit
2138 4343 2269 4397 opus
2290 4344 2309 4387 ;
2342 4329 2479 4398 quia
2508 4328 2922 4400 virginitatem,
2959 4331 3057 4385 sed
3090 4330 3251 4387 illius
3288 4336 3555 4390 virtutem

1832 4444 1876 4507 D
1908 4416 2055 4485 (592)
2087 4417 2315 4487 negavit
2348 4438 2361 4484 ς
2397 4417 2535 4488 quia
2578 4418 2797 4473 bonum
2847 4419 3197 4491 virginitatis
3246 4421 3552 4493 ignoravit.

1912 4504 1978 4558 Et
2007 4506 2160 4575 quod
2193 4507 2505 4577 conjugata
2536 4508 2807 4577 pradicta
2838 4513 3260 4576 remuneretur,
3279 4513 3446 4567 testis
3467 4517 3558 4567 est

1912 4594 2060 4647 actio
2109 4594 2414 4649 Gedeonis.
2452 4596 2684 4666 Legitur
2713 4596 2865 4649 enim
2916 4598 3110 4666 (Judir.
3164 4615 3241 4665 v1,
3276 4599 3362 4665 11)
3393 4600 3554 4668 quia,

1912 4700 2045 4737 cum
2090 4688 2419 4755 separasset
2469 4684 2827 4740 frumentum
2883 4701 2915 4738 a
2949 4686 3153 4755 paleis,
3203 4686 3476 4756 apparuit
3504 4687 3557 4740 ei

1911 4773 2175 4846 angelus,
2200 4778 2307 4827 etc.
2326 4774 2709 4831 Frumentum
2733 4789 2985 4844 namque
3008 4792 3041 4829 a
3063 4774 3243 4846 paleis
3265 4790 3560 4844 separare,

1911 4867 2000 4915 est
2030 4863 2272 4916 virtutes
2304 4880 2335 4916 a
2364 4862 2541 4929 vitiis,
2579 4862 2821 4921 meliora
2847 4879 2880 4915 a
2909 4862 3100 4931 bonis,
3133 4860 3354 4931 cptima
3380 4877 3414 4915 a
3434 4877 3559 4916 me-

1913 4948 2157 5005 lioribus
2188 4949 2479 5006 dirimere.
2524 4952 2599 5010 Et.
2629 4954 2771 5007 dum
2803 4949 2909 5003 hoc
2940 4951 3079 5020 agit,
3108 4952 3348 5017 apparet
3377 4949 3428 5001 ei
3460 4964 3563 5003 an-

1911 5040 2098 5109 gelus,
2133 5038 2233 5109 qui
2260 5040 2425 5108 jubet
2456 5042 2571 5098 sibi
2606 5040 2840 5098 hadum
2873 5038 3162 5103 oﬂ‘erri,et
3182 5035 3283 5103 jus
3314 5036 3566 5107 desuper

1914 5128 2078 5182 fundi
2102 5127 2289 5196 (Ibid.,
2320 5130 2427 5197 19).
2453 5130 2561 5187 Per
2594 5129 2830 5187 hadum
2855 5121 3411 5191 enim,lascivientes
3444 5141 3567 5181 mo-

1912 5221 2008 5272 tus
2034 5217 2247 5281 carnis,
2272 5222 2330 5272 et
2358 5234 2461 5289 per
2482 5220 2589 5289 jus
2623 5220 2793 5275 ﬂuxa
2833 5212 3214 5283 cogitationes
3235 5211 3565 5285 signantur,
