3990 5306
396 367 513 426 359

1410 358 1745 420 ATTONIS
1792 355 2375 417 VERCELLENSIS
2425 356 2771 416 EPlSCOPl

3681 358 3803 419 360

394 496 631 552 Haedum
664 511 798 565 ergo
851 491 1152 547 immolare
1182 497 1290 559 est,
1323 498 1377 547 et
1417 493 1518 561 jus
1548 492 1799 561 desuper
1851 487 2035 551 fundi,
2067 499 2123 559 Α
2153 487 2327 551 venit,
2353 492 2417 541 ut
2439 487 2827 559 virginitatem
2853 492 3179 553 servet,non
3200 490 3425 560 pudens
3448 488 3531 543 illi
3556 489 3801 546 alterius

396 602 511 640 non
543 583 733 639 solum
771 582 1025 637 carnalia
1055 597 1249 653 opera,
1273 582 1372 636 sed
1405 580 1577 636 etiam
1612 579 1796 633 ﬂuxas
1828 576 2039 646 cogita-

394 673 606 741 tiones,
642 673 710 726 ad
744 670 1073 742 exemplum
1123 670 1337 724 Christi
1384 685 1746 725 consumere.
1780 672 1845 720 Et
1895 666 2035 719 dum

394 762 503 817 hoc
534 760 744 834 agitur,
778 760 966 832 tangit
995 760 1107 815 ista
1136 758 1379 830 angelus
1410 759 1567 827 virga
1598 757 1716 821 Dei,
1750 754 2036 824 adjutorio

394 850 592 905 divino
632 849 985 917 sublevatur,
1019 848 1175 918 ignis
1206 849 1275 902 de
1326 852 1489 918 petra
1519 846 1834 917 egreditur,
1867 849 1922 899 et
1952 848 2036 898 to-

393 943 519 994 tum
580 939 876 994 consumit
908 938 1105 1009 (Judie.
1140 955 1216 1003 v1,
1248 938 1379 1007 21);
1414 934 1690 1006 quoniam
1748 933 1919 987 ardor
1951 930 2036 984 di-

390 1027 509 1082 vini
544 1026 817 1096 adjutorii
849 1026 906 1079 in
938 1025 1036 1080 illo
1068 1043 1180 1080 non
1216 1024 1404 1079 solum
1432 1024 1686 1078 carnalia
1717 1037 1912 1091 opera,
1936 1020 2035 1074 sed

393 1116 577 1171 etiam
612 1116 796 1169 ﬂuxas
827 1114 1201 1183 cogitationes
1233 1112 1510 1168 interimit
1546 1128 1556 1166 :
1595 1111 1746 1182 quod
1779 1111 1834 1164 in
1870 1109 2037 1164 bonis

394 1204 765 1261 solummodo
798 1203 1144 1274 virginibus,
1180 1207 1236 1257 et
1265 1203 1320 1256 in
1352 1202 1554 1273 paucis
1602 1199 2037 1254 continentibus

394 1294 703 1366 praecipuis
735 1292 1030 1362 impletur.

465 1381 743 1453 Sequitur
786 1398 798 1435 :
830 1382 1056 1451 Propter
1103 1380 1335 1435 salutem
1384 1386 1639 1444 vestram,
1672 1382 1778 1431 etc.
1813 1375 2035 1446 Cogno-

391 1475 551 1526 verat
571 1470 727 1524 enim
752 1468 1065 1541 Apostolus
1088 1485 1184 1523 eos
1212 1485 1359 1540 aegre
1384 1467 1588 1522 tulisse
1612 1466 1763 1536 quod
1790 1465 2035 1531 dixerat;

391 1565 449 1615 et
474 1560 600 1614 ideo
633 1558 774 1613 dicit
796 1562 1029 1629 propter
1058 1558 1305 1612 salutem
1337 1561 1612 1621 vestram,
1638 1554 1805 1625 quasi
1835 1553 1989 1607 dicat
2019 1570 2031 1607 :

389 1647 639 1719 Cognovi
672 1664 772 1702 vos
815 1663 965 1718 aegre
994 1646 1199 1701 tulisse
1249 1645 1403 1715 quod
1435 1643 1550 1698 dixi
1579 1662 1590 1711 ;
1626 1643 1725 1699 sed
1760 1659 1874 1697 non
1907 1641 2034 1696 ideo

389 1736 528 1805 dixi,
561 1740 622 1790 ut
672 1736 929 1806 laqueum
974 1735 1123 1791 vobis
1153 1734 1421 1804 injiciam,
1454 1732 1544 1787 sed
1591 1740 1651 1786 ut
1691 1732 1763 1786 ad
1811 1731 1866 1785 id
1896 1728 2035 1800 quod

389 1826 673 1881 honestum
734 1829 809 1879 est
848 1839 1155 1895 provocem.
1206 1827 1523 1877 Honestum
1573 1821 1730 1876 enim
1779 1818 2031 1891 appellat
2062 1863 2109 1927 B

388 1915 608 1969 bonum
641 1913 1045 1979 continentiae;
1078 1912 1216 1983 quia
1258 1912 1476 1966 bonum
1510 1916 1565 1965 et
1617 1913 1884 1965 sanctum
1917 1912 2024 1963 est.

387 2004 451 2057 Et
487 2004 557 2057 ad
606 2002 683 2068 ut,
716 2002 856 2073 quod
902 2001 1228 2073 facultatem
1278 2001 1425 2055 vobis
1474 2000 1679 2054 tribuat
1733 1999 2028 2053 Dominum

388 2092 711 2148 obsecrandi
728 2094 846 2146 sine
875 2090 1280 2161 impedimento.
1304 2090 1453 2143 Bene
1474 2091 1591 2143 sine
1614 2087 2028 2158 impedimento;

389 2183 528 2253 quia
556 2180 908 2251 conjugatus
939 2179 1119 2233 libere
1153 2184 1261 2232 Deo
1294 2176 1591 2232 servitium
1631 2178 1753 2230 sine
1783 2173 2029 2245 impedi-

390 2274 586 2325 mento
618 2285 991 2339 nequaquam
1026 2283 1194 2339 agere
1224 2266 1394 2321 valet.

460 2358 606 2428 (593)
638 2357 955 2426 Sequitur:
992 2356 1051 2409 Si
1104 2358 1225 2426 quis
1272 2364 1454 2409 autem
1499 2358 1715 2425 turpem
1756 2370 1808 2407 se
1856 2352 2031 2407 videri

388 2448 688 2514 existimat,
722 2449 830 2499 etc.
862 2444 1082 2499 Sensus
1114 2444 1224 2499 iste
1255 2460 1322 2497 ex
1362 2442 1762 2514 superioribus
1795 2442 2026 2513 pendet.

389 2535 642 2591 Locutus
675 2532 862 2587 fuerat
894 2532 1162 2601 superius
1190 2532 1261 2585 de
1291 2531 1636 2603 virginibus,
1662 2535 1717 2585 et
1748 2531 1888 2584 adeo
1911 2528 2032 2584 lau-

388 2624 625 2679 daverat
654 2623 871 2677 bonum
904 2620 1294 2687 continentia),
1328 2624 1391 2674 ut
1423 2619 1702 2675 exsecrari
1735 2618 2029 2674 videretur

390 2711 626 2783 nuptias
662 2729 673 2765 :
703 2716 776 2772 et.
810 2726 881 2764 ne
934 2709 1018 2764 sic
1065 2710 1379 2773 videretur,
1432 2708 1738 2779 subjungit
1772 2726 1783 2763 :
1820 2709 1878 2762 Si
1906 2708 2027 2779 quis

387 2806 574 2856 autem
590 2803 895 2870 turpemJn
920 2815 1035 2869 quo
1060 2797 1182 2852 loco
1206 2798 1332 2851 duae
1357 2804 1741 2869 possuntesse
1764 2796 2031 2851 intentio-

388 2906 511 2945 nes.
528 2889 749 2943 Prima:
776 2888 962 2959 potuit
987 2886 1105 2941 fieri
1132 2891 1196 2941 ut
1215 2886 1527 2957 Apostolus
1552 2892 1810 2940 moneret
1824 2902 2027 2956 paren-

384 2983 471 3033 tes
484 2981 725 3041 caste,et
738 2976 955 3030 munde
968 2992 1104 3030 suas
1119 2974 1335 3030 nutrire
1352 2975 1500 3029 tilias
1514 2992 1698 3045 usque
1712 2975 1781 3028 ad
1798 2980 2027 3046 tempus

389 3066 712 3138 pubertatis
730 3083 742 3120 :
758 3081 891 3119 cum
914 3081 1045 3119 vero
1069 3063 1292 3118 adillud
1308 3068 1420 3119 tem
1432 3064 2027 3133 pusvenissent,quod

385 3159 586 3226 aptum
613 3159 703 3209 est
724 3154 932 3219 usui,si
954 3153 1231 3210 eligerent
1250 3158 1515 3219 parentes
1544 3153 1751 3207 melius
1775 3168 1902 3206 esse
1921 3169 2026 3222 pu-

2149 576 2658 646 reprehensionis;
2695 578 2743 631 si
2796 576 2921 631 vult
2969 576 3065 631 ille
3094 578 3493 649 virginitatem
3546 595 3799 645 servare,

2147 669 2351 719 servet.
2386 666 2496 720 Sed
2545 666 2851 736 sequentia
2896 666 3071 721 verba
3099 667 3170 721 ad
3204 671 3520 739 utrumque
3552 685 3801 740 respou-

2147 752 2316 819 dent;
2352 753 2406 806 id
2466 758 2574 816 est,
2631 754 2700 807 ad
2748 753 2927 808 ﬁliam
2970 759 3026 809 et
3058 755 3128 808 ad
3171 771 3445 827 carnem;
3497 756 3609 811 hoc
3664 761 3799 811 est:

2147 842 2305 905 Quod
2325 842 2605 913 judicavit
2655 845 2713 896 in
2762 843 2921 897 corde
2948 860 3045 899 suo
3092 860 3315 899 servare
3360 847 3654 916 virginem,
3691 850 3800 901 etc.

2145 929 2275 985 Haec
2308 935 2395 985 est
2426 930 2524 985 illa
2555 931 2856 986 Dominica
2884 937 2942 987 et
2972 932 3291 1003 apostolica
3318 934 3607 1005 doctrina,
3636 940 3703 989 ut
3726 935 3803 990 ita

2147 1020 2217 1073 ad
2239 1022 2461 1091 majora
2485 1027 2774 1093 provocet,
2801 1026 2863 1075 ut
2896 1022 3121 1077 minora
3154 1039 3266 1077 non
3300 1028 3663 1078 contemnat.
3688 1025 3800 1078 Sed

2146 1108 2203 1162 in
2238 1109 2345 1163 hac
2379 1128 2438 1164 re
2470 1118 2587 1165 tres
2618 1111 2835 1181 gradus
2870 1112 3245 1165 inveniuntur
3277 1130 3288 1167 :
3324 1114 3533 1182 bonus,
3566 1112 3799 1179 melior,

2146 1199 2407 1269 Optimus
2442 1216 2452 1252 :
2490 1201 2677 1255 bonus
2700 1201 2755 1253 in
2788 1201 3155 1272 conjugatis;
3192 1200 3468 1255 meliorin
3501 1202 3799 1265 viduis,id

2145 1292 2252 1351 est,
2278 1288 2331 1341 in
2368 1290 2802 1344 continentibus
2830 1308 2842 1355 ;
2876 1289 3135 1361 Optimus
3158 1291 3216 1344 in
3240 1290 3801 1361 virginibuslllulier

2144 1378 2375 1446 alligata
2432 1387 2511 1432 est
2564 1379 2692 1447 legi.
2758 1379 2867 1432 Iste
2933 1378 3089 1433 enim
3153 1395 3364 1434 sensus
3423 1380 3801 1451 evangelicus

2144 1469 2250 1520 est.
2286 1466 2430 1520 Nam
2461 1465 2773 1537 Apostolus
2805 1466 2894 1521 sui
2930 1467 3192 1537 magistri
3227 1484 3490 1534 sensum,
3515 1474 3573 1524 et
3604 1470 3798 1523 Evan-

2144 1552 2304 1623 gelii,
2338 1555 2490 1624 quod
2523 1555 2894 1625 praedicabat,
2929 1556 3286 1627 exsequitur.
3323 1557 3608 1612 Dominus
3641 1558 3797 1612 enim

2145 1643 2418 1713 praecepit
2451 1660 2563 1697 non
2590 1643 3033 1715 relinquendam
3065 1661 3324 1712 uxorem,
3348 1650 3586 1716 excepta
3619 1662 3800 1701 causa

2145 1729 2638 1797 fornicationis,et
2668 1748 2855 1802 neque
2887 1732 3372 1805 mmchus,neque
3394 1733 3627 1788 mmcha
3660 1733 3799 1790 alte-

2144 1834 2271 1873 rum
2307 1820 2500 1874 ducat.
2536 1820 2821 1876 Similiter
2849 1822 3163 1892 Apostolus
3185 1822 3478 1893 praecepit,
3513 1826 3577 1876 ut
3606 1839 3796 1894 neque

2143 1908 2382 1977 mcecha,
2420 1909 2539 1964 sive
2571 1915 2819 1979 castum,
2854 1910 2973 1964 sive
3012 1909 3344 1965 adulterum
3378 1910 3679 1982 relinquat
3709 1913 3796 1965 vi-

2140 2013 2292 2063 rum,
2331 1998 2578 2067 accipiat
2608 1997 2880 2067 alterum,
2913 2014 3101 2069 neque
3127 1998 3215 2052 vir
3246 1999 3529 2054 mcechus.
3556 2001 3796 2064 Quare?

2140 2086 2286 2147 Quia
2320 2102 2432 2140 non
2466 2086 2643 2140 habet
2674 2092 3020 2157 potestatem
3055 2088 3144 2142 sui
3195 2087 3471 2159 corporis.
3505 2089 3797 2143 Similiter

2139 2180 2191 2225 (:l
2227 2173 2454 2228 mulier.
2488 2175 2556 2228 Et
2589 2175 2716 2228 ideo
2748 2192 2821 2230 no
2852 2176 2992 2229 dum
3022 2175 3159 2229 velit
3208 2176 3330 2247 ipse
3362 2176 3611 2232 alteram
3648 2179 3795 2233 acci-

2141 2278 2295 2331 pere,
2332 2263 2540 2317 incidit
2573 2264 2696 2335 ipse
2727 2265 2881 2335 quod
2906 2265 2962 2317 in
2994 2281 3165 2319 uxore
3198 2265 3793 2337 reprehendit.Quan-

2142 2366 2317 2420 quam
2344 2368 2445 2422 per
2477 2353 2879 2422 pcenitentiam
2916 2354 3141 2424 possint
3172 2354 3557 2409 reconciliari.

2216 2440 2367 2508 Quod
2397 2443 2448 2495 si
2476 2440 2766 2495 dormierit
2815 2443 2899 2496 vir
2928 2442 3095 2513 (594),
3125 2442 3307 2498 soluta
3336 2448 3434 2509 est,
3471 2448 3583 2498 etc.
3618 2444 3792 2499 Intel-

2140 2530 2253 2601 lige
2284 2546 2399 2583 non
2433 2529 2717 2585 adulterio
2741 2531 3198 2597 eorruentis,sed
3232 2537 3415 2587 morte
3442 2533 3789 2588 decidentis.

2144 2621 2226 2673 Ita
2272 2624 2490 2689 tamen,
2533 2623 2595 2672 ut
2644 2619 2973 2674 castitatem
3027 2626 3232 2688 servet,
3269 2637 3581 2692 quousque
3632 2622 3786 2677 alteri

2141 2708 2441 2778 copuletur
2496 2708 2770 2778 legitime.
2807 2708 2916 2763 Sed
2950 2708 3178 2763 videtur
3229 2708 3419 2764 littera
3471 2710 3629 2783 legis
3662 2710 3783 2765 huic

2140 2797 2262 2852 loco
2293 2797 2604 2861 contraria,
2640 2798 2739 2851 sed
2772 2797 2946 2851 etiam
2979 2797 3290 2852 Dominicaa
3314 2800 3650 2854 sententiae.
3684 2800 3788 2855 Do-

2141 2886 2337 2941 minus
2366 2888 2521 2940 enim
2556 2886 2827 2957 pramepit
2862 2904 2975 2940 non
3011 2886 3453 2957 relinquendam
3487 2905 3624 2943 esse
3654 2907 3787 2944 uxo-

2141 2980 2541 3046 ram,excepta
2558 2992 2736 3029 causa
2758 2976 3155 3031 fornicationis
3183 2993 3195 3031 :
3224 2982 3280 3030 et
3302 2978 3622 3047 Apostolus
3645 2980 3789 3050 idip-

2140 3081 2268 3118 sum
2305 3064 2530 3135 repetit,
2564 3063 2829 3130 dicendo,
2863 3065 3016 3134 quod
3038 3064 3083 3118 si
3113 3064 3468 3131 discesserit,
3491 3067 3790 3124 addidisse

2141 3152 2475 3215 consilium,
2530 3157 2592 3205 ut
2641 3158 2873 3206 maneat
2924 3152 3188 3223 innupta,
3225 3158 3324 3207 aut
3382 3156 3793 3211 reconcilietur

384 3243 533 3298 blice
564 3244 801 3307 nubere,
835 3260 1010 3313 quam
1057 3241 1172 3297 tale
1222 3242 1279 3295 in
1311 3244 1535 3297 occulto
1567 3241 1785 3312 aliquid
1837 3257 2026 3310 agere,
2061 3228 2102 3293 C
2143 3241 2263 3294 viro
2295 3258 2305 3293 :
2342 3245 2398 3293 et
2432 3239 2524 3292 hic
2570 3240 2712 3293 dicit
2745 3257 2755 3293 :
2792 3241 2986 3295 Mulier
3032 3242 3271 3312 alligata
3300 3246 3397 3310 est,
3430 3249 3546 3299 etc.
3576 3264 3589 3311 ;
3624 3252 3683 3300 et
3712 3245 3794 3300 lex

388 3332 542 3387 unde
571 3332 759 3403 turpis
791 3332 1101 3394 videretur,
1133 3330 1221 3385 vel
1253 3330 1516 3385 confusio
1549 3332 1814 3394 oriretur,
1837 3329 1884 3383 si
1907 3330 2023 3383 vcl-

387 3424 466 3475 let
496 3419 688 3491 puella
735 3421 974 3484 nubere,
1010 3419 1231 3482 nubat;
1264 3418 1537 3487 quoniam
1586 3434 1693 3472 non
1742 3427 1945 3489 peccat,
1977 3421 2025 3472 si

384 3509 574 3562 nubat.
610 3507 739 3561 Sive
767 3500 976 3576 turpem
1006 3522 1061 3560 se
1085 3506 1263 3560 videri
1288 3508 1568 3560 existimat
1597 3524 1614 3558 :
1648 3506 1695 3559 si
1728 3506 1822 3561 ille
1868 3512 2024 3559 caste

390 3593 660 3650 nutrierit
690 3610 874 3665 usque
921 3594 991 3647 ad
1026 3598 1257 3664 tempus
1311 3594 1653 3664 pubertatis,
1687 3599 1743 3647 et
1789 3610 1919 3647 cum
1952 3595 2021 3647 ad

385 3682 529 3737 illud
562 3682 903 3754 pervenerit,
936 3699 1049 3737 non
1083 3682 1398 3737 decreverit
1427 3676 1565 3753 qiiid
1591 3684 1796 3738 horum
1821 3682 2024 3753 elegis-

385 3778 492 3841 set,
516 3776 710 3826 utrum
733 3771 1123 3841 virginitatem
1151 3788 1397 3839 servare,
1424 3776 1523 3827 aut
1554 3772 1823 3843 conjugio
1847 3788 2021 3841 copu-

383 3859 511 3915 lari.
544 3864 688 3917 Nam
733 3862 829 3931 qui
873 3861 1064 3914 statuit
1094 3862 1153 3914 in
1199 3860 1361 3916 corde
1412 3876 1507 3915 suo
1558 3861 1773 3930 ﬁrmus,
1824 3866 1929 3915 etc.
1964 3861 2022 3915 Si

382 3964 515 4003 vero
548 3949 679 4021 quis
699 3953 856 4004 caste
879 3949 1147 4003 nutrierit
1176 3949 1354 4004 filiam
1377 3966 1547 4004 suam
1571 3966 1755 4020 usque
1779 3950 1848 4003 ad
1873 3955 2022 4004 tem-

382 4053 494 4108 pus
524 4038 931 4109 pubertatis,et
961 4054 1093 4092 cum
1114 4038 1241 4108 ipsa
1270 4038 1339 4093 ad
1366 4038 1556 4109 ipsum
1579 4044 1809 4109 tempus
1835 4038 2020 4093 venis-

382 4131 488 4196 set,
503 4130 560 4181 et
582 4126 705 4197 ipse
726 4126 927 4180 firmus
951 4125 1205 4181 stetisset
1230 4127 1285 4179 in
1309 4127 1480 4180 corde
1507 4132 1569 4181 ut
1588 4144 1715 4181 eam
1738 4128 2020 4197 virginem

382 4220 660 4285 servaret,
696 4231 821 4286 qua:
872 4215 1104 4269 ﬁrmata
1132 4220 1290 4281 sunt,
1324 4218 1374 4269 si
1403 4220 1453 4270 et
1482 4218 1600 4286 ipsa
1629 4215 1822 4286 puella
1854 4232 2021 4269 suam

380 4303 736 4359 voluntatem
770 4303 917 4373 patri
942 4304 1257 4372 junxisset,
1277 4319 1387 4358 non
1415 4304 1616 4359 habens
1648 4307 2023 4358 necessitatem

383 4392 639 4447 nubendi
668 4410 679 4458 ;
716 4392 772 4444 id
804 4396 911 4455 est,
934 4390 1106 4462 elegit
1138 4392 1193 4445 in
1226 4392 1558 4462 virginitate
1590 4409 1842 4459 manere,
1870 4397 2019 4463 pote-

381 4488 576 4535 statem
608 4480 815 4535 habens
860 4496 970 4533 sum
1018 4481 1339 4545 voluntatis,
1373 4480 1429 4534 id
1484 4486 1593 4546 est,
1626 4482 2019 4553 virginitatem

384 4574 591 4634 servat,
626 4584 739 4622 non
793 4574 1010 4638 peccat.
1046 4568 1149 4623 Ubi
1200 4569 1523 4624 ostenditur
1567 4572 1719 4642 quod
1754 4577 2021 4641 parentes
2052 4598 2096 4661 D

384 4674 499 4713 non
531 4657 780 4713 debeant
823 4657 972 4711 tilias
1021 4657 1147 4712 sine
1188 4658 1480 4713 voluntate
1530 4660 1739 4729 nuptui
1771 4662 2017 4725 tradere,

381 4746 658 4817 quoniam
691 4746 843 4801 bona
868 4746 1017 4801 facta
1040 4763 1152 4801 non
1179 4752 1316 4801 sunt
1344 4748 1673 4817 invidenda,
1702 4750 1797 4805 sed
1826 4750 2022 4820 potius

378 4834 753 4891 exhortanda.
780 4839 878 4889 Est
906 4836 1078 4890 etiam
1113 4834 1290 4890 altera
1323 4837 1583 4905 intentio,
1610 4838 1668 4892 Si
1696 4840 1817 4908 quis
1838 4842 2021 4893 autem

380 4934 597 4996 turpem
626 4940 681 4979 se
711 4923 909 4991 videri,
945 4929 1085 4991 etc.;
1120 4924 1175 4978 id
1211 4930 1316 4991 est,
1342 4926 1389 4979 si
1423 4925 1555 4996 quis
1586 4942 1819 4980 carnem
1852 4943 2021 4981 suam

377 5018 537 5067 caste
567 5012 835 5067 nutrierit
858 5029 1043 5083 usque
1061 5014 1129 5066 ad
1151 5018 1381 5084 tempus
1412 5015 1761 5085 pubertatis,
1784 5020 1838 5068 et
1866 5020 2022 5085 post-

379 5116 557 5171 quam
590 5101 661 5155 ad
695 5100 837 5156 illud
862 5102 1101 5167 venerit,
1128 5107 1190 5154 ut
1222 5104 1437 5157 nubere
1470 5103 1676 5172 possit,
1710 5108 1765 5156 et
1795 5109 2022 5173 turpem

380 5203 441 5241 se
474 5188 652 5241 videri
701 5189 1016 5255 existimat,
1067 5208 1137 5245 ne
1188 5190 1331 5244 forte
1383 5207 1415 5244 a
1465 5190 1609 5257 suis,
1640 5190 1726 5245 vel
1775 5192 1846 5246 ab
1896 5191 2026 5247 aliis

1651 5279 1695 5306 ηε
1732 5281 1910 5306 ...ηιπηι
1967 5280 2021 5306 οε

725 5278 1182 5306 annnnLAnAnlnr

2138 3328 2279 3382 dicit
2316 3346 2327 3383 ε
2362 3329 2423 3381 Si
2453 3330 2571 3397 quis
2602 3332 2870 3399 acceperit
2922 3347 3168 3399 uxorem,
3201 3335 3252 3385 et
3280 3331 3536 3387 habuerit
3567 3351 3712 3397 eam,
3744 3343 3793 3389 et

2133 3426 2353 3487 propter
2383 3415 2643 3485 aliquam
2689 3418 2993 3487 ﬁeditatem
3039 3435 3257 3473 exosae:
3306 3420 3557 3487 duxerit,
3592 3422 3793 3475 scribat

2134 3506 2379 3559 libellum
2412 3506 2649 3576 repudii,
2673 3510 2719 3560 et
2741 3507 2906 3561 donet
2935 3509 2989 3561 in
3012 3525 3181 3562 manu
3202 3510 3336 3575 eius,
3352 3518 3402 3563 et
3424 3526 3548 3564 eam
3569 3529 3613 3565 α
3637 3513 3789 3567 domo

2134 3595 2398 3665 repellat;
2435 3597 2484 3648 si
2514 3611 2635 3649 vero
2663 3596 2802 3649 alter
2832 3612 2948 3649 eam
2997 3600 3310 3668 susceperit,
3344 3605 3397 3652 et
3427 3609 3656 3670 pmpter
3680 3600 3787 3654 ati-

2133 3699 2295 3752 quam
2338 3682 2643 3751 tarditatem
2685 3698 2905 3736 exesam
2954 3684 3097 3753 (595)
3127 3685 3369 3751 duxerit,
3401 3694 3451 3739 et
3481 3686 3782 3753 dimiserit,

2132 3773 2216 3825 vel
2245 3774 2486 3825 mortuus
2516 3773 2703 3841 fuerit,
2733 3774 2891 3841 prior
2920 3774 3006 3827 vir
3034 3789 3141 3827 non
3172 3790 3296 3828 eam
3346 3777 3626 3845 recipiat;
3657 3780 3783 3847 quia

2128 3861 2341 3930 polluta
2386 3866 2487 3915 est.
2522 3861 2656 3915 Dum
2705 3861 2858 3915 enim
2892 3862 3331 3917 contrarietate-.5
3378 3863 3781 3919 inveniuntur.

2133 3948 2417 4003 Dominus
2438 3949 2703 4003 dicitnon
2728 3949 3168 4020 relinquendam
3190 3958 3587 4023 esse,excepta
3610 3971 3784 4009 causa

2134 4037 2551 4092 fornicationis.
2586 4038 2697 4091 Lex
2721 4038 2898 4092 dicit:
2937 4039 3120 4093 Possit
3151 4039 3366 4094 dimitti
3407 4045 3649 4112 propter
3680 4043 3782 4097 ali-

2133 4142 2305 4195 quam
2342 4126 2679 4180 fmditatem.
2715 4127 2781 4180 Et
2814 4127 2936 4197 ipse
2968 4128 3109 4181 dicit
3138 4128 3387 4183 alterum
3411 4146 3527 4183 non
3560 4132 3784 4201 accipe-

2132 4230 2210 4267 re.
2245 4213 2523 4268 Similiter
2578 4216 2909 4285 Apostolus,
2942 4222 2999 4271 et
3032 4216 3121 4271 lex
3171 4217 3310 4272 dicit
3343 4235 3355 4271 :
3392 4218 3452 4272 Si
3479 4218 3635 4274 alter
3662 4237 3785 4275 eam

2130 4305 2415 4373 acceperit,
2452 4308 2696 4358 etc.lla:c
2723 4305 3102 4359 contrarietas
3142 4305 3371 4361 videtur
3394 4324 3525 4362 esse
3554 4326 3566 4375 ;
3604 4309 3705 4363 sed
3736 4307 3783 4363 si

2132 4392 2508 4463 intelligatur,
2533 4398 2697 4447 vacat
2729 4393 3012 4449 littera.Et
3037 4395 3107 4449 ob
3131 4394 3233 4450 hoc
3264 4412 3378 4450 non
3393 4398 3783 4465 contrarium,

2128 4480 2302 4536 veluti
2336 4480 2393 4536 in
2429 4480 2631 4536 multis
2678 4481 2841 4536 locis.
2887 4483 3198 4537 Auferatur
3227 4501 3361 4556 ergo
3411 4490 3647 4557 tegmen
3682 4485 3781 4539 lit-

2132 4574 2286 4635 tera),
2321 4577 2611 4640 quatenus
2636 4570 2916 4641 spiritalis
2947 4571 3226 4627 clarescat
3248 4572 3788 4645 intelligentia.Mu-

2134 4657 2327 4712 Iierem
2364 4676 2616 4729 namque
2648 4660 2855 4729 accipit
2888 4661 3041 4730 quis,
3086 4666 3141 4716 et
3171 4662 3363 4728 habet,
3409 4680 3543 4717 eum
3576 4680 3781 4718 curam

2130 4748 2468 4817 temporalis
2504 4748 2582 4803 rei
2614 4749 2879 4820 suscipit,
2914 4755 2971 4803 et
3002 4754 3236 4821 propter
3266 4751 3525 4823 aliquam
3562 4752 3786 4807 inedita.

2133 4842 2247 4889 tem
2281 4836 2619 4903 dimittit,et
2649 4855 2681 4891 a
2711 4839 2882 4892 domo
2914 4838 3325 4909 expellit,dum
3360 4858 3561 4895 curam
3586 4842 3781 4912 ipsam

2134 4929 2367 4995 prepter
2397 4924 2658 4995 agnitum
2696 4932 2992 4996 peccatum
3023 4944 3056 4981 a
3082 4928 3254 4982 domo
3280 4929 3491 4983 mentis
3525 4928 3783 4999 projicit,

2133 5018 2191 5067 et
2221 5013 2366 5067 alter
2397 5030 2523 5067 eam
2570 5016 2781 5081 accipit
2811 5034 2823 5081 ;
2857 5017 2997 5086 quia
3048 5016 3194 5071 solet
3242 5017 3489 5079 evenire,
3525 5023 3588 5071 ut
3635 5018 3783 5072 dum

2134 5118 2273 5155 cura
2304 5103 2430 5173 ipsa
2464 5103 2519 5156 in
2546 5110 2736 5157 mente
2759 5103 2995 5159 alterius
3017 5106 3425 5177 exstinguitur,
3452 5105 3695 5161 alterius
3725 5108 3783 5161 in

2136 5196 2330 5245 mente
2358 5198 2679 5260 generetur,
2714 5193 2813 5247 sed
2862 5199 3097 5265 propter
3142 5194 3398 5265 aliquam
3452 5195 3781 5250 foeditatem

2139 5278 2375 5306 Ain-tutis
2433 5286 2529 5306 -..L
2566 5282 2809 5306 m-..:s.._
