3990 5306
150 388 254 447 361

709 386 1116 448 EXPOSITIO
1162 387 1238 447 IN
1289 385 1713 447 EPIS'I‘OLAS
1762 387 1804 445 Ρ

1929 386 2019 446 LI.
2055 420 2132 430 —
2180 388 2251 446 IN
2302 388 2547 449 EPIST.
2600 390 2617 447 ι
2664 391 2765 447 Αι)
2810 391 2985 451 con.

3428 393 3543 452 362

150 520 230 574 vel
264 518 672 592 exstinguatur
714 520 786 574 ab
820 518 937 574 illa.
973 520 1030 575 Si
1082 519 1163 575 ita
1216 518 1600 590 intelligatur,
1636 517 1796 572 nulla
1822 518 1877 583 Α
1908 516 2044 573 loris
2068 524 2339 591 caperent
2362 520 2923 577 consolationem.ln
2950 535 3222 593 processu
3251 538 3382 578 vero
3406 528 3551 579 tem-

149 608 526 664 contrarietas
556 609 865 664 invenitur.
898 609 999 663 Cui
1033 608 1280 663 voluerit
1312 609 1550 674 nubere,
1586 607 1788 673 nubat,

146 698 199 751 id
232 702 341 763 est,
376 696 459 751 illi
490 698 693 761 nubat,
726 713 900 767 quem
934 697 1147 769 diligit.
1181 696 1327 760 Quia
1360 696 1509 751 solet
1541 696 1789 763 evenire,

149 790 208 841 ut
248 784 436 840 invitae
469 786 686 856 nuptiae
716 785 937 839 malum
969 785 1224 840 habeant
1255 785 1501 839 exitum.
1536 785 1791 839 Tantum

148 875 200 929 in
229 874 476 929 Domino
503 874 693 939 nubit,
721 874 820 944 qui
854 891 970 929 suae
994 873 1258 945 religioni
1284 878 1437 928 recte
1464 873 1791 944 ecpulatur,

150 964 261 1019 sive
284 963 383 1034 qui
408 964 738 1019 castitatem
768 968 978 1029 servat,
1009 980 1315 1035 quousque
1337 962 1502 1017 alteri
1534 962 1795 1033 legitime

152 1053 468 1123 copuletur,
507 1052 625 1107 sive
655 1052 702 1105 si
731 1052 877 1121 (596)
911 1053 983 1106 ob
1015 1068 1272 1106 amorezn
1309 1052 1583 1121 filiorum,
1617 1054 1794 1120 atque

155 1140 520 1212 fragilitatem
551 1139 929 1211 copulaverit.
964 1145 1098 1195 Puto
1129 1141 1270 1211 quod
1299 1149 1349 1195 et
1392 1156 1485 1210 ego
1516 1142 1792 1209 spiritum.

156 1230 227 1286 Ne
251 1229 335 1283 illi
360 1230 516 1300 parvi
544 1230 884 1299 penderent,
908 1233 1009 1283 aut
1029 1228 1204 1283 veluti
1231 1230 1359 1301 puri
1389 1228 1641 1284 hominis
1666 1245 1797 1283 con-

154 1319 346 1374 silium
383 1322 694 1390 putarent;
727 1318 857 1373 ideo
889 1318 1053 1383 dicit,
1081 1323 1232 1389 puto,
1258 1323 1367 1373 etc.
1396 1344 1410 1385 ;
1444 1318 1612 1390 quasi
1645 1318 1795 1372 dice-

154 1413 228 1463 ret
257 1425 268 1463 :
304 1407 430 1462 Non
462 1406 544 1461 ita
566 1422 765 1461 meum
789 1406 1125 1473 consilium,
1148 1406 1324 1461 veluti
1356 1407 1486 1477 puri
1514 1406 1793 1473 hominis,

153 1497 496 1565 existimate,
525 1496 626 1551 sed
654 1496 823 1566 quasi
849 1496 1101 1551 diceret:
1126 1496 1273 1561 Quia
1298 1496 1343 1550 si
1364 1496 1644 1566 Spiritum
1669 1511 1799 1549 san-

153 1591 304 1641 ctum
339 1585 549 1649 habeo,
580 1583 890 1639 consilium
927 1600 1121 1637 meum
1155 1584 1408 1655 Spiritus
1440 1583 1625 1639 sancti
1666 1587 1753 1638 est
1782 1600 1795 1647 ;

153 1679 220 1740 et,
255 1674 305 1729 si
359 1674 613 1744 Spiritus
642 1673 858 1737 sancti,
892 1673 989 1727 Dei
1018 1690 1029 1737 ;
1065 1674 1204 1743 quia
1235 1673 1357 1744 ipse
1388 1672 1641 1743 Spiritus
1680 1670 1795 1726 Dei.

153 1761 421 1817 Nonnulli
458 1762 658 1816 dicunt
687 1760 1041 1832 increpando
1072 1763 1317 1826 dictum,
1353 1766 1417 1815 ut
1449 1761 1525 1815 sit
1543 1777 1752 1815 sensus
1785 1776 1797 1813 :

156 1851 427 1922 Nunquid
452 1868 566 1905 non
596 1850 877 1922 Spiritum
901 1850 999 1905 Dei
1029 1850 1213 1904 habeo
1234 1850 1262 1904 ?
1294 1849 1797 1914 Quemadmodum

157 1942 199 1995 si
220 1940 359 2012 quis
381 1940 536 1994 dicat
556 1954 720 1994 servo
750 1957 761 1993 :
791 1940 937 1994 Bene
964 1938 1137 2004 facis;
1166 1943 1327 2010 puto,
1354 1938 1637 1993 Dominus
1664 1941 1801 1991 tuus

162 2046 307 2085 sum.

226 2137 374 2207 (597)
395 2136 551 2207 (ΟΑΡ.
572 2134 739 2205 VIII.)
755 2135 1063 2203 Sequitur:
1084 2136 1160 2189 De
1180 2134 1268 2189 his
1292 2150 1414 2207 qua:
1435 2135 1594 2189 idolis
1616 2138 1804 2189 immo-

170 2228 347 2281 lantur
394 2225 540 2295 (598)
590 2224 962 2293 subauditur,
1006 2224 1451 2295 interrogastis).
1488 2224 1800 2279 Sciendum

173 2316 295 2386 quia
315 2315 386 2368 de
416 2312 534 2367 illis
562 2311 748 2367 fuerat
769 2312 1079 2385 Apostolus
1102 2312 1513 2383 interrogatus,
1540 2317 1603 2367 ut
1635 2311 1802 2377 illud,

168 2406 227 2459 de
249 2404 448 2475 quibus
468 2404 770 2473 sm‘ipsistis
790 2422 808 2456 :
840 2407 897 2456 et
921 2388 1059 2473 q/uia
1090 2403 1160 2455 de
1182 2402 1534 2472 quibusdam
1565 2416 1802 2471 respon-

163 2494 254 2559 dit,
282 2493 440 2547 unde
471 2495 595 2546 est:
638 2495 845 2545 Bonum
878 2499 958 2545 est
988 2491 1199 2543 homini
1226 2491 1517 2544 mulierem
1548 2506 1657 2544 non
1689 2498 1805 2543 tan-

156 2598 273 2652 gere
298 2608 313 2649 ;
349 2586 399 2637 et
429 2581 495 2637 de
520 2581 824 2651 virginibus
852 2597 862 2633 :
899 2579 993 2633 hic
1014 2596 1147 2633 vero
1174 2578 1562 2651 interrogatus
1588 2580 1659 2633 de
1690 2578 1803 2646 his,

158 2689 280 2742 quae
306 2670 483 2726 idolis
505 2669 909 2733 immolantur,
930 2669 1269 2739 respondet:
1302 2667 1524 2721 Idolum
1549 2682 1803 2738 quoque,

155 2761 482 2816 secundum
506 2758 1045 2829 interpretationem
1071 2758 1159 2811 sui
1192 2756 1676 2827 nominis,imago
1698 2760 1806 2820 est,

154 2848 273 2904 sive
327 2849 555 2913 forma;
589 2847 728 2917 quia
776 2846 893 2899 idos
946 2844 1139 2898 Grece
1170 2844 1338 2913 (599),
1395 2845 1589 2898 Latine
1626 2847 1809 2914 forma

156 2938 382 2991 dicitur
409 2954 420 2991 :
456 2940 512 2989 et
543 2934 615 2989 ab
648 2935 775 2987 idos
808 2931 1053 2997 idolum,
1078 2932 1231 2986 sicut
1260 2948 1293 2984 a
1326 2932 1509 2986 forma
1540 2932 1809 2985 formula.

153 3025 303 3080 Inde
337 3023 690 3090 idololatria,
724 3020 815 3074 cui
866 3021 1157 3075 contraria
1208 3024 1297 3073 est
1346 3019 1533 3073 latria.
1568 3019 1626 3074 Si
1677 3036 1812 3090 ergo

148 3115 385 3183 imago,
420 3110 608 3165 forma
637 3108 872 3173 dicitur,
905 3108 1285 3178 quaerendum
1330 3111 1418 3163 est
1449 3124 1628 3178 quare
1659 3108 1815 3162 dicat

145 3198 486 3274 Apostolus
507 3197 727 3253 idolum
756 3195 901 3251 nihil
926 3212 1093 3251 esse:
1125 3195 1413 3267 quidquid
1444 3195 1598 3250 enim
1627 3195 1815 3250 subsi-

147 3290 276 3356 stit,
316 3292 429 3343 est.
481 3286 633 3341 Nihil
684 3291 809 3353 est;
854 3285 991 3356 quia
1041 3284 1210 3354 illud,
1243 3285 1397 3356 quod
1432 3284 1664 3354 dicitur,
1698 3301 1812 3339 non

148 3377 353 3437 oculis
377 3376 629 3441 videtur,
655 3375 755 3430 sed
781 3373 976 3429 animo
998 3374 1392 3445 excogitatur;
1424 3373 1577 3428 verbi
1607 3373 1813 3445 gratia,

156 3472 204 3531 si
260 3465 621 3537 depingatur
668 3463 929 3518 humano
979 3463 1207 3533 corpori
1257 3466 1433 3533 caput
1483 3462 1665 3529 canis,
1718 3465 1818 3516 aut

159 3554 414 3629 pecoris,
448 3556 550 3608 aut
579 3551 830 3622 alicujus
863 3550 1160 3619 animalis,
1196 3554 1297 3605 aut
1327 3551 1454 3605 dua:
1488 3550 1684 3621 facies,
1719 3554 1820 3604 aut

161 3647 427 3702 humano
458 3640 675 3712 pectori
697 3648 953 3695 extrema
976 3656 1133 3710 pars,
1154 3643 1255 3694 aut
1277 3639 1591 3711 piscis,aut
1614 3638 1816 3704 leonis,

166 3739 269 3790 aut
290 3732 575 3797 volucris,
602 3734 702 3785 aut
722 3728 973 3798 alicujus
996 3727 1273 3783 alterius:
1304 3727 1439 3783 talis
1463 3728 1653 3797 imago
1678 3744 1822 3780 nun-

169 3838 351 3895 quam
392 3821 522 3875 visa
566 3823 692 3885 est;
726 3818 870 3882 sive,
903 3816 951 3869 si
1002 3816 1260 3886 fingatur
1288 3816 1480 3886 imago
1510 3815 1689 3879 Jovis,
1723 3818 1824 3868 aut

170 3907 469 3974 Mercurii,
490 3911 593 3962 aut
612 3906 863 3976 alicujus
886 3902 1151 3968 alterius,
1175 3907 1460 3973 quantum
1487 3902 1558 3957 ad
1581 3901 1827 3956 elemen-

171 4002 295 4053 tum
322 3996 553 4065 attinet,
573 3992 927 4064 estaliquid,
949 3991 1089 4062 quia
1111 3990 1417 4055 subsistit;
1447 3993 1731 4060 quantum
1756 3989 1827 4043 ad

166 4087 294 4155 hoc,
328 4085 491 4157 quod
523 4083 766 4149 dicitur,
800 4080 1028 4143 attinet,
1068 4078 1213 4133 nihil
1249 4083 1373 4145 est;
1408 4077 1544 4149 quia
1585 4094 1698 4132 non
1740 4080 1832 4132 est

173 4174 473 4247 hoc,quod
498 4172 710 4227 dicitur
733 4185 894 4241 :ergo
919 4168 1289 4223 mendacium
1314 4171 1429 4233 est;
1461 4165 1830 4221 mendacium

174 4282 326 4333 vero,
363 4266 673 4335 peccatum
703 4278 716 4326 ;
751 4262 1056 4330 peccatum
1090 4272 1244 4320 vero,
1292 4254 1477 4323 nihil;
1528 4254 1667 4325 quia
1716 4272 1831 4309 non

175 4350 468 4409 subsistit.
493 4347 769 4404 Nonnulli
791 4346 1015 4402 idolum
1041 4362 1073 4400 a
1095 4344 1227 4399 dolo
1250 4344 1472 4407 dicunt,
1497 4342 1833 4412 ignorantes

176 4442 352 4497 Graeci
387 4438 679 4495 sermonis
718 4434 1153 4509 proprietatem.
1188 4431 1311 4486 Alio
1344 4431 1580 4486 nomine
1610 4431 1829 4487 idolum

182 4531 395 4586 dicitur
429 4526 835 4582 simulacrum.
869 4522 1291 4585 Simulacrum,
1324 4524 1385 4574 ut
1426 4519 1654 4575 Isiodus
1685 4520 1833 4591 (600)

1904 606 2061 677 poris
2086 607 2229 662 adeo
2256 608 2489 661 inolevit
2518 608 2612 663 hic
2633 626 2813 679 error,
2837 613 2903 663 ut
2936 607 3204 664 diabolus
3235 624 3297 663 se
3327 609 3548 665 immit-

1905 700 2068 761 teret,
2104 700 2159 749 et
2212 713 2245 751 a
2294 697 2531 767 perfidis
2582 714 2646 753 ac
2692 697 2948 770 deceptis
2980 696 3038 751 in
3070 696 3162 752 his
3191 696 3548 769 loqueretur.

1905 783 2129 839 Dicitur
2149 784 2322 840 etiam
2351 785 2735 841 simulacrum
2761 804 2793 841 a
2815 785 3226 852 simulatione;
3256 786 3410 857 quod
3433 791 3551 841 tra-

1906 873 2052 926 dunt
2073 873 2258 927 Judaei
2292 874 2547 945 primum
2581 875 2652 929 ab
2679 875 2922 930 lsmaele
2945 875 3269 931 inventum.
3296 874 3554 931 Gentiles

1906 966 2101 1016 autem
2125 963 2327 1017 dicunt
2348 963 2527 1033 hujus
2552 963 2909 1019 inventorem
2933 968 2989 1018 et
3010 964 3348 1019 traditorem
3372 964 3556 1019 fuisse

1907 1049 2341 1106 Prometheum.
2384 1053 2550 1123 Apud
2600 1054 2826 1107 Graecos
2874 1053 3109 1124 Cicrops
3140 1052 3289 1122 (601)
3341 1050 3558 1107 dicitur

1907 1138 2221 1211 imaginem
2276 1141 2529 1211 primum
2574 1141 2799 1208 fecisse,
2834 1158 2963 1196 aras
3013 1140 3348 1210 mdificasse,
3381 1138 3554 1195 victi-

1908 1244 2183 1299 mamque
2232 1229 2534 1298 obtulisse,
2590 1236 2764 1302 atque
2822 1230 3009 1285 multa
3064 1228 3180 1284 alia
3237 1228 3551 1301 peregisse,

1909 1332 2035 1386 quae
2078 1332 2382 1387 nunquam
2430 1317 2575 1385 visa,
2608 1334 2911 1390 nunquam
2961 1318 3161 1373 audita
3212 1317 3446 1372 fuerant
3496 1316 3555 1372 in

1908 1404 2145 1459 Graecia.

1982 1502 2296 1573 Sequitur:
2332 1503 2541 1557 Scimus
2568 1505 2833 1575 quoniam
2863 1518 3045 1558 omnes
3074 1504 3363 1558 scientiam
3394 1500 3557 1557 habe-

1908 1608 2033 1645 mus
2054 1591 2523 1663 (intelligendum
2548 1596 2656 1662 est,
2683 1592 3002 1647 humanam
3034 1590 3121 1646 vel
3147 1593 3555 1658 mundanam).

1910 1678 2137 1734 Aliter:
2192 1681 2355 1750 quasi
2410 1680 2609 1735 dicat:
2664 1680 2939 1751 Nunquid
2986 1680 3093 1735 hoc
3142 1680 3385 1747 scimus,
3420 1680 3561 1751 quia

1910 1783 2114 1821 omnes
2143 1768 2449 1822 scientiam
2474 1768 2759 1823 habemus
2779 1769 2805 1822 ‘?
2825 1768 2970 1822 Non.
2996 1768 3161 1836 Quia,
3187 1768 3293 1823 etsi
3319 1768 3561 1824 munda-

1914 1870 2049 1908 nam
2074 1871 2277 1911 omnes
2300 1855 2607 1924 habemus,
2633 1874 2744 1911 non
2770 1862 2965 1911 tamen
2997 1856 3274 1922 divinam,
3301 1859 3365 1911 ut
3390 1855 3561 1911 intel-

1914 1943 2165 2015 ligamus
2191 1944 2409 1999 idolum
2434 1946 2579 1999 nihil
2604 1962 2750 2001 esse.
2774 1946 3081 2017 Sequitur:
3112 1946 3352 2002 Scientia
3378 1946 3558 2014 inﬂat.

1910 2032 2243 2088 Notandum
2273 2050 2433 2100 sane,
2456 2034 2595 2104 quia
2626 2033 2831 2088 leniter
2863 2034 3007 2089 solet
3027 2035 3264 2107 aggredi
3295 2049 3558 2100 causam,

1913 2138 2089 2191 quam
2122 2128 2329 2193 postea
2358 2126 2668 2195 exaggerat
2701 2140 2714 2177 :
2770 2123 2923 2177 unde
2972 2122 3065 2177 hic
3096 2122 3303 2178 leniter
3328 2121 3561 2194 incipit,

1913 2211 2012 2264 sed
2036 2210 2091 2264 in
2118 2228 2216 2281 seq
2230 2211 2503 2265 uentibus
2522 2209 2773 2265 multum
2792 2215 3121 2282 exaggerat,
3137 2213 3193 2264 et
3217 2209 3561 2281 insipientes

1915 2299 2329 2364 denotando,et
2349 2299 2640 2370 sapientes
2663 2299 3137 2370 reprehendendo
3164 2316 3175 2352 ε
3212 2314 3345 2353 nam
3379 2297 3559 2351 dicit:

1915 2390 2153 2442 Scientia
2186 2390 2371 2456 inﬂat.
2404 2391 2507 2443 etc.
2545 2388 2667 2441 Non
2714 2388 2965 2442 ostendit
3018 2386 3235 2459 quibus
3266 2386 3561 2457 loquatur,

1916 2478 2012 2530 sed
2051 2480 2278 2530 tantum
2312 2477 2482 2546 quasi
2509 2476 2773 2547 despicit.
2802 2477 2951 2529 Sane
2977 2474 3282 2530 sciendum
3315 2474 3455 2545 quia
3476 2478 3566 2528 est

1916 2581 2100 2638 genus
2124 2564 2401 2633 scientize,
2427 2581 2543 2635 quo
2566 2563 2832 2619 homines
2856 2566 3227 2619 tumescunt:
3251 2578 3399 2633 quas,
3427 2560 3568 2633 quia

1916 2654 2197 2709 charitate
2226 2670 2339 2707 non
2371 2657 2459 2707 est
2489 2652 2743 2721 condita,
2766 2652 2895 2706 ideo
2929 2652 3114 2706 inflat.
3142 2652 3277 2714 Quae
3308 2666 3564 2721 namque

1918 2744 2043 2797 sine
2074 2741 2355 2797 charttate
2385 2746 2496 2807 est,
2518 2740 2782 2807 scientia,
2806 2758 2921 2795 non
2955 2741 3227 2812 prodest;
3262 2739 3563 2811 quoniam,

1920 2830 2072 2886 sicut
2099 2831 2298 2885 vinum
2323 2830 2544 2900 absque
2565 2830 2916 2885 admistione
2939 2829 3154 2885 alienat
3178 2833 3456 2895 mentem,
3480 2827 3565 2883 sic

1923 2924 1978 2973 et
2009 2918 2252 2973 scientia
2284 2919 2506 2989 absque
2537 2918 2836 2973 charitate.
2863 2918 3139 2973 Nonnulli
3162 2918 3388 2985 dicunt,
3411 2916 3567 2987 quod

1930 3006 2089 3060 nulla
2112 3023 2203 3061 res
2229 3006 2499 3077 simplex,
2516 3008 2736 3076 absque
2758 3007 2998 3062 alterius
3020 3005 3571 3072 admistione,habi-

1924 3093 1996 3149 lis
2029 3099 2137 3159 est,
2169 3094 2326 3149 velut
2356 3093 2541 3149 cibus.
2578 3099 2708 3164 Ipse
2739 3111 2869 3149 vero
2902 3096 3093 3166 panis,
3127 3112 3238 3149 non
3272 3097 3399 3149 sine
3428 3094 3568 3149 alte-

1928 3180 2050 3236 rius
2073 3179 2421 3235 admistione
2442 3180 2905 3235 desiderabiliter
2929 3181 3202 3236 sumitur.
3228 3181 3361 3252 Ipsa
3389 3181 3569 3236 etiam

1845 3252 1888 3319 C
1928 3268 2201 3335 charitas,
2233 3270 2359 3324 sine
2389 3268 2520 3323 aliis
2550 3268 2863 3324 Virtutibus
2900 3286 3031 3325 esse
3061 3286 3175 3325 non
3209 3274 3417 3342 potest.
3452 3272 3569 3323 Iste

1927 3374 2158 3429 quoque
2186 3356 2346 3412 locus
2374 3357 2513 3412 facit
2540 3357 2819 3412 adversus
2848 3374 2968 3426 eos,
2992 3358 3115 3429 qui,
3142 3357 3289 3413 falsa
3318 3356 3567 3413 scientia

1929 3446 2134 3512 inflati,
2167 3447 2309 3500 dum
2350 3446 2651 3501 crederent
2681 3447 2880 3502 omnia
2909 3446 3090 3518 licita,
3122 3446 3445 3519 idolothyta
3474 3461 3569 3500 co-

1931 3536 2260 3603 medebant,
2286 3552 2399 3590 non
2432 3536 2705 3591 timentes
2734 3535 3002 3592 infirmos
3033 3536 3427 3592 scandalizare
3458 3534 3574 3590 fra-

1932 3629 2069 3679 tres.

2007 3711 2285 3783 Sequitur
2310 3729 2323 3767 :
2359 3714 2463 3780 Qui
2482 3715 2635 3769 enim
2656 3715 2937 3768 existimat
2963 3730 3019 3769 se
3047 3713 3262 3785 aliquid
3280 3715 3441 3779 scire,
3465 3717 3578 3767 etc.

1940 3802 2009 3855 Et
2051 3806 2139 3855 est
2184 3816 2395 3855 sensus
2431 3819 2443 3855 :
2498 3800 2615 3870 llle,
2648 3801 2748 3872 qui
2783 3806 2950 3873 putat
2981 3818 3043 3857 se
3074 3802 3246 3873 scire,
3278 3805 3586 3874 propterea

1943 3889 2080 3959 quia
2109 3886 2385 3958 intelligit
2414 3888 2609 3941 omnia
2638 3887 2815 3958 licita,
2848 3893 2906 3943 et
2924 3906 3038 3943 non
3069 3890 3396 3960 inquinare,
3430 3889 3586 3960 quod

1944 3976 2003 4029 in
2035 3992 2099 4029 os
2129 3974 2309 4028 intrat
2338 3976 2545 4040 (Matth.
2578 3992 2693 4039 xvr,
2728 3977 2815 4041 11,
2846 3976 2936 4046 20)
2971 3994 2983 4030 :
3036 3977 3177 4031 dum
3225 3978 3295 4031 ad
3337 3978 3589 4033 scanda-

1943 4064 2067 4118 lum
2091 4062 2288 4118 fratris
2316 4061 2475 4116 licita
2505 4062 2710 4131 sumit,
2735 4064 2993 4117 nondum
3020 4065 3287 4134 cognovit
3306 4064 3587 4134 quemad-

1945 4151 2185 4207 modum
2236 4154 2501 4221 oporteat
2531 4166 2665 4205 eum
2700 4150 2867 4220 scire,
2899 4150 3009 4205 hoc
3038 4154 3146 4217 est,
3181 4149 3340 4221 quia,
3372 4150 3480 4206 etsi
3514 4149 3588 4205 li-

1944 4242 2057 4296 cita
2087 4244 2245 4307 sunt,
2278 4243 2472 4293 tamen
2505 4238 2582 4293 sit
2611 4239 2758 4310 (602)
2796 4255 2912 4294 non
2943 4239 3231 4311 expedire.
3263 4240 3538 4311 Sequitur
3568 4255 3582 4294 :

1948 4331 2050 4398 Qui
2100 4330 2286 4397 diligit
2334 4329 2521 4395 Deum,
2551 4333 2659 4383 etc.
2695 4329 2764 4383 Et
2800 4332 2889 4383 est
2937 4345 3190 4384 sensus:
3245 4328 3346 4385 Ille
3389 4344 3584 4385 veram

1948 4419 2120 4473 habet
2149 4417 2472 4483 scientiam,
2507 4416 2607 4487 qui
2656 4417 2840 4472 Deum
2891 4416 3120 4489 diligit;
3173 4422 3229 4473 et
3266 4419 3366 4490 qui
3397 4418 3591 4490 diligit

1951 4507 2157 4577 Deum,
2194 4506 2412 4571 fratris,
2436 4511 2499 4559 ut
2534 4522 2724 4571 suam,
2748 4506 2941 4577 diligit
2971 4506 3349 4562 salvationem
3377 4524 3389 4562 :
3421 4512 3473 4563 et
3504 4509 3594 4563 hic

189 4620 284 4689 ait,
310 4616 532 4673 dicitur
561 4633 593 4670 a
623 4612 1030 4670 similitudine.
1060 4611 1255 4665 Refert
1279 4608 1435 4665 enim
1463 4609 1601 4680 quia
1630 4609 1686 4663 in
1721 4608 1806 4680 pri

1951 4598 2197 4666 cognitus
2223 4596 2302 4648 est
2323 4595 2393 4649 ab
2424 4610 2486 4648 eo
2501 4610 2524 4657 ;
2555 4594 2835 4665 quoniam
2863 4594 3019 4650 illius
3049 4612 3083 4650 a
3103 4595 3218 4651 Deo
3240 4596 3596 4667 approbatur

192 4706 417 4762 mordio
448 4704 717 4760 homines
749 4704 988 4758 fuerunt
1018 4698 1349 4765 bellatores,
1384 4702 1559 4770 atque
1604 4698 1839 4752 urbium

195 4799 674 4851 constructores:
730 4795 862 4863 post
920 4804 1170 4860 quorum
1231 4791 1501 4855 mortem,
1554 4790 1846 4841 amatores

196 4899 421 4949 eorum,
446 4880 734 4951 imagines
764 4879 1029 4949 ipsorum
1062 4877 1121 4931 in
1156 4876 1396 4948 pariete,
1420 4880 1520 4929 aut
1548 4876 1605 4929 in
1637 4873 1847 4946 lapidi-

200 4971 329 5038 bus,
366 4974 470 5025 aut
498 4969 560 5022 in
592 4960 1165 5037 terra‘depinxerunt
1200 4982 1211 5019 :
1267 4981 1383 5020 non
1416 4969 1633 5033 tamen,
1669 4968 1732 5018 ut
1771 4961 1849 5016 dii

204 5060 593 5125 crederentur,
619 5057 717 5113 sed
752 5060 816 5111 ut
848 5055 907 5109 in
940 5070 1142 5109 eorum
1176 5053 1595 5122 recordatione,
1624 5053 1715 5109 sui
1750 5051 1850 5106 do-

1954 4685 2217 4741 scientia.

2030 4782 2304 4854 Sequitur
2337 4797 2349 4835 :
2402 4782 2474 4834 De
2521 4782 2673 4850 escis,
2708 4794 2833 4851 quae
2860 4780 3021 4836 idolis
3050 4781 3406 4835 immolantur
3436 4780 3597 4849 (sub-

1959 4872 2217 4939 auditur,
2270 4868 2721 4940 interrogastis).
2774 4867 3066 4924 Hactenus
3116 4868 3284 4939 quasi
3331 4866 3601 4938 quaedam

1961 4960 2298 5034 prolocutus
2330 4957 2441 5011 fuit
2470 4957 2601 5014 aliis
2630 4974 2642 5012 :
2697 4956 2832 5011 hinc
2865 4959 3205 5031 aggreditur
3237 4948 3609 5013 manifestare

1963 5066 2223 5107 causam.
2287 5046 2566 5117 Sequitur
2617 5065 2629 5103 :
2694 5045 2910 5103 Scimus
2966 5048 3099 5116 quia
3152 5041 3297 5097 nihil
3352 5050 3432 5097 est
3487 5044 3613 5101 ido-
