  <div class='ocr_page' id='page_1' title='image "/cluster/home/n/w/nwhite01/storage/ocr_20150623/134/hvd.32044015471741/179.png"; bbox 0 0 3990 5306; ppageno 0'>
   <div class='ocr_carea' id='block_1_1' title="bbox 406 421 521 479">
    <p class='ocr_par' dir='ltr' id='par_1_1' title="bbox 406 421 521 479">
     <span class='ocr_line' id='line_1_1' title="bbox 406 421 521 479; baseline 0 0"><span class='ocrx_word' id='word_1_1' title='bbox 406 421 521 479; x_wconf 87' lang='lat'>363</span> 
     </span>
    </p>
   </div>
   <div class='ocr_carea' id='block_1_2' title="bbox 1420 415 2843 487">
    <p class='ocr_par' dir='ltr' id='par_1_2' title="bbox 1420 415 2843 487">
     <span class='ocr_line' id='line_1_2' title="bbox 1420 415 2843 487; baseline -0.001 -11"><span class='ocrx_word' id='word_1_2' title='bbox 1420 416 1761 477; x_wconf 86' lang='lat' dir='ltr'>ATTONIS</span> <span class='ocrx_word' id='word_1_3' title='bbox 1807 415 2393 477; x_wconf 81' lang='lat' dir='ltr'>VERCELLENSIS</span> <span class='ocrx_word' id='word_1_4' title='bbox 2441 415 2791 479; x_wconf 84' lang='lat' dir='ltr'>EPISCOPI</span> <span class='ocrx_word' id='word_1_5' title='bbox 2824 472 2843 487; x_wconf 66' lang='grc'><strong>,</strong></span> 
     </span>
    </p>
   </div>
   <div class='ocr_carea' id='block_1_3' title="bbox 3690 418 3806 478">
    <p class='ocr_par' dir='ltr' id='par_1_3' title="bbox 3690 418 3806 478">
     <span class='ocr_line' id='line_1_3' title="bbox 3690 418 3806 478; baseline -0.017 0"><span class='ocrx_word' id='word_1_6' title='bbox 3690 418 3806 478; x_wconf 77' lang='grc'>364</span> 
     </span>
    </p>
   </div>
   <div class='ocr_carea' id='block_1_4' title="bbox 408 546 3806 621">
    <p class='ocr_par' dir='ltr' id='par_1_4' title="bbox 408 546 3806 621">
     <span class='ocr_line' id='line_1_4' title="bbox 408 546 3806 621; baseline -0.001 -16"><span class='ocrx_word' id='word_1_7' title='bbox 408 554 524 605; x_wconf 85' lang='lat' dir='ltr'>lum</span> <span class='ocrx_word' id='word_1_8' title='bbox 556 549 725 617; x_wconf 88' lang='lat'>(603).</span> <span class='ocrx_word' id='word_1_9' title='bbox 750 551 934 613; x_wconf 82' lang='lat' dir='ltr'>Quare</span> <span class='ocrx_word' id='word_1_10' title='bbox 956 550 1099 604; x_wconf 80' lang='lat' dir='ltr'>nihil</span> <span class='ocrx_word' id='word_1_11' title='bbox 1122 548 1528 621; x_wconf 87' lang='lat' dir='ltr'>supradictum</span> <span class='ocrx_word' id='word_1_12' title='bbox 1554 554 1662 614; x_wconf 87' lang='lat' dir='ltr'>est,</span> <span class='ocrx_word' id='word_1_13' title='bbox 1690 548 1954 603; x_wconf 84' lang='lat' dir='ltr'>subdidit</span> <span class='ocrx_word' id='word_1_14' title='bbox 1980 548 2051 601; x_wconf 87' lang='lat' dir='ltr'>ad</span> <span class='ocrx_word' id='word_1_15' title='bbox 2081 551 2136 615; x_wconf 78' lang='grc' dir='ltr'><strong>Α</strong></span> <span class='ocrx_word' id='word_1_16' title='bbox 2169 552 2481 603; x_wconf 88' lang='lat' dir='ltr'>monentur</span> <span class='ocrx_word' id='word_1_17' title='bbox 2514 550 2584 603; x_wconf 89' lang='lat' dir='ltr'>ab</span> <span class='ocrx_word' id='word_1_18' title='bbox 2622 548 2912 620; x_wconf 84' lang='lat' dir='ltr'>Apostolo,</span> <span class='ocrx_word' id='word_1_19' title='bbox 2948 552 3011 602; x_wconf 92' lang='lat' dir='ltr'>ut</span> <span class='ocrx_word' id='word_1_20' title='bbox 3042 565 3153 603; x_wconf 90' lang='lat' dir='ltr'>non</span> <span class='ocrx_word' id='word_1_21' title='bbox 3188 546 3377 603; x_wconf 80' lang='lat' dir='ltr'>solum</span> <span class='ocrx_word' id='word_1_22' title='bbox 3412 565 3474 603; x_wconf 88' lang='lat' dir='ltr'>se</span> <span class='ocrx_word' id='word_1_23' title='bbox 3506 548 3577 602; x_wconf 85' lang='lat' dir='ltr'>ab</span> <span class='ocrx_word' id='word_1_24' title='bbox 3624 548 3806 603; x_wconf 86' lang='lat' dir='ltr'>idolo-</span> 
     </span>
    </p>
   </div>
   <div class='ocr_carea' id='block_1_5' title="bbox 408 637 2053 709">
    <p class='ocr_par' dir='ltr' id='par_1_5' title="bbox 408 637 2053 709">
     <span class='ocr_line' id='line_1_5' title="bbox 408 637 2053 709; baseline -0.003 -14"><span class='ocrx_word' id='word_1_25' title='bbox 408 637 912 694; x_wconf 85' lang='lat' dir='ltr'>conﬁrmationem</span> <span class='ocrx_word' id='word_1_26' title='bbox 934 656 945 693; x_wconf 92' lang='lat'>:</span> <span class='ocrx_word' id='word_1_27' title='bbox 970 639 1036 693; x_wconf 87' lang='lat' dir='ltr'>Et</span> <span class='ocrx_word' id='word_1_28' title='bbox 1056 638 1195 709; x_wconf 86' lang='lat' dir='ltr'>quod</span> <span class='ocrx_word' id='word_1_29' title='bbox 1214 639 1401 693; x_wconf 87' lang='lat' dir='ltr'>nullus</span> <span class='ocrx_word' id='word_1_30' title='bbox 1417 639 1576 703; x_wconf 88' lang='lat' dir='ltr'>Deus,</span> <span class='ocrx_word' id='word_1_31' title='bbox 1591 638 1705 692; x_wconf 90' lang='lat' dir='ltr'>nisi</span> <span class='ocrx_word' id='word_1_32' title='bbox 1726 654 1888 691; x_wconf 87' lang='lat' dir='ltr'>unus.</span> <span class='ocrx_word' id='word_1_33' title='bbox 1906 638 2053 707; x_wconf 85' lang='lat' dir='ltr'>Ergo</span> 
     </span>
    </p>
   </div>
   <div class='ocr_carea' id='block_1_6' title="bbox 410 725 2047 799">
    <p class='ocr_par' dir='ltr' id='par_1_6' title="bbox 410 725 2047 799">
     <span class='ocr_line' id='line_1_6' title="bbox 410 725 2047 799; baseline -0.003 -16"><span class='ocrx_word' id='word_1_34' title='bbox 410 728 607 799; x_wconf 84' lang='lat' dir='ltr'>Imago</span> <span class='ocrx_word' id='word_1_35' title='bbox 637 725 816 792; x_wconf 80' lang='lat' dir='ltr'>Jovis,</span> <span class='ocrx_word' id='word_1_36' title='bbox 851 731 951 782; x_wconf 90' lang='lat' dir='ltr'>aut</span> <span class='ocrx_word' id='word_1_37' title='bbox 979 733 1339 792; x_wconf 72' lang='lat' dir='ltr'>czeterorum,</span> <span class='ocrx_word' id='word_1_38' title='bbox 1372 744 1485 782; x_wconf 90' lang='lat' dir='ltr'>non</span> <span class='ocrx_word' id='word_1_39' title='bbox 1519 727 1693 782; x_wconf 92' lang='lat' dir='ltr'>Deus.</span> <span class='ocrx_word' id='word_1_40' title='bbox 1728 725 2003 797; x_wconf 74' lang='lat' dir='ltr'>Sequitur</span> <span class='ocrx_word' id='word_1_41' title='bbox 2037 741 2047 778; x_wconf 93' lang='lat'>:</span> 
     </span>
    </p>
   </div>
   <div class='ocr_carea' id='block_1_7' title="bbox 410 813 2056 887">
    <p class='ocr_par' dir='ltr' id='par_1_7' title="bbox 410 813 2056 887">
     <span class='ocr_line' id='line_1_7' title="bbox 410 813 2056 887; baseline -0.002 -17"><span class='ocrx_word' id='word_1_42' title='bbox 410 816 571 881; x_wconf 87' lang='lat' dir='ltr'>Nam,</span> <span class='ocrx_word' id='word_1_43' title='bbox 602 815 707 870; x_wconf 87' lang='lat' dir='ltr'>etsi</span> <span class='ocrx_word' id='word_1_44' title='bbox 742 822 873 870; x_wconf 70' lang='lat' dir='ltr'>sunt</span> <span class='ocrx_word' id='word_1_45' title='bbox 902 816 998 885; x_wconf 88' lang='lat' dir='ltr'>qui</span> <span class='ocrx_word' id='word_1_46' title='bbox 1025 815 1287 869; x_wconf 76' lang='lat' dir='ltr'>dicantur</span> <span class='ocrx_word' id='word_1_47' title='bbox 1313 815 1416 887; x_wconf 87' lang='lat' dir='ltr'>dii,</span> <span class='ocrx_word' id='word_1_48' title='bbox 1450 819 1556 871; x_wconf 88' lang='lat' dir='ltr'>etc.</span> <span class='ocrx_word' id='word_1_49' title='bbox 1588 815 1716 869; x_wconf 72' lang='lat' dir='ltr'>Haec</span> <span class='ocrx_word' id='word_1_50' title='bbox 1767 813 2056 869; x_wconf 78' lang='lat' dir='ltr'>sententia</span> 
     </span>
    </p>
   </div>
   <div class='ocr_carea' id='block_1_8' title="bbox 414 903 2051 976">
    <p class='ocr_par' dir='ltr' id='par_1_8' title="bbox 414 903 2051 976">
     <span class='ocr_line' id='line_1_8' title="bbox 414 903 2051 976; baseline -0.002 -17"><span class='ocrx_word' id='word_1_51' title='bbox 414 904 644 960; x_wconf 88' lang='lat' dir='ltr'>duobus</span> <span class='ocrx_word' id='word_1_52' title='bbox 674 904 863 958; x_wconf 91' lang='lat' dir='ltr'>modis</span> <span class='ocrx_word' id='word_1_53' title='bbox 893 908 1081 975; x_wconf 83' lang='lat' dir='ltr'>potest</span> <span class='ocrx_word' id='word_1_54' title='bbox 1114 904 1359 976; x_wconf 84' lang='lat' dir='ltr'>intelligi</span> <span class='ocrx_word' id='word_1_55' title='bbox 1387 921 1399 958; x_wconf 91' lang='lat'>:</span> <span class='ocrx_word' id='word_1_56' title='bbox 1436 921 1551 959; x_wconf 91' lang='lat' dir='ltr'>uno</span> <span class='ocrx_word' id='word_1_57' title='bbox 1578 903 1867 970; x_wconf 86' lang='lat' dir='ltr'>videlicet,</span> <span class='ocrx_word' id='word_1_58' title='bbox 1894 903 2051 973; x_wconf 85' lang='lat' dir='ltr'>quia,</span> 
     </span>
    </p>
   </div>
   <div class='ocr_carea' id='block_1_9' title="bbox 414 992 2053 1065">
    <p class='ocr_par' dir='ltr' id='par_1_9' title="bbox 414 992 2053 1065">
     <span class='ocr_line' id='line_1_9' title="bbox 414 992 2053 1065; baseline -0.002 -17"><span class='ocrx_word' id='word_1_59' title='bbox 414 993 738 1048; x_wconf 90' lang='lat' dir='ltr'>secundum</span> <span class='ocrx_word' id='word_1_60' title='bbox 761 992 1210 1048; x_wconf 66' lang='lat' dir='ltr'>aestimationem</span> <span class='ocrx_word' id='word_1_61' title='bbox 1234 992 1559 1065; x_wconf 86' lang='lat' dir='ltr'>gentilium,</span> <span class='ocrx_word' id='word_1_62' title='bbox 1585 993 1863 1047; x_wconf 90' lang='lat' dir='ltr'>dicuntur</span> <span class='ocrx_word' id='word_1_63' title='bbox 1883 992 1961 1046; x_wconf 91' lang='lat' dir='ltr'>dii</span> <span class='ocrx_word' id='word_1_64' title='bbox 1994 992 2053 1044; x_wconf 90' lang='lat' dir='ltr'>in</span> 
     </span>
    </p>
   </div>
   <div class='ocr_carea' id='block_1_10' title="bbox 415 1080 2055 1151">
    <p class='ocr_par' dir='ltr' id='par_1_10' title="bbox 415 1080 2055 1151">
     <span class='ocr_line' id='line_1_10' title="bbox 415 1080 2055 1151; baseline -0.001 -15"><span class='ocrx_word' id='word_1_65' title='bbox 415 1080 579 1147; x_wconf 73' lang='lat' dir='ltr'>ccelo,</span> <span class='ocrx_word' id='word_1_66' title='bbox 608 1085 670 1135; x_wconf 89' lang='lat' dir='ltr'>ut</span> <span class='ocrx_word' id='word_1_67' title='bbox 699 1080 806 1151; x_wconf 87' lang='lat' dir='ltr'>sol,</span> <span class='ocrx_word' id='word_1_68' title='bbox 830 1080 991 1149; x_wconf 89' lang='lat' dir='ltr'>luna,</span> <span class='ocrx_word' id='word_1_69' title='bbox 1021 1098 1086 1136; x_wconf 90' lang='lat' dir='ltr'>ac</span> <span class='ocrx_word' id='word_1_70' title='bbox 1114 1082 1273 1136; x_wconf 87' lang='lat' dir='ltr'>varia</span> <span class='ocrx_word' id='word_1_71' title='bbox 1306 1081 1534 1136; x_wconf 89' lang='lat' dir='ltr'>sidera:</span> <span class='ocrx_word' id='word_1_72' title='bbox 1570 1081 1627 1134; x_wconf 90' lang='lat' dir='ltr'>in</span> <span class='ocrx_word' id='word_1_73' title='bbox 1659 1086 1832 1145; x_wconf 87' lang='lat' dir='ltr'>terra,</span> <span class='ocrx_word' id='word_1_74' title='bbox 1864 1081 2055 1151; x_wconf 86' lang='lat' dir='ltr'>imago</span> 
     </span>
    </p>
   </div>
   <div class='ocr_carea' id='block_1_11' title="bbox 414 1169 2055 1242">
    <p class='ocr_par' dir='ltr' id='par_1_11' title="bbox 414 1169 2055 1242">
     <span class='ocr_line' id='line_1_11' title="bbox 414 1169 2055 1242; baseline -0.001 -17"><span class='ocrx_word' id='word_1_75' title='bbox 414 1169 593 1236; x_wconf 88' lang='lat' dir='ltr'>Jovis,</span> <span class='ocrx_word' id='word_1_76' title='bbox 629 1169 897 1225; x_wconf 80' lang='lat' dir='ltr'>Mercurii</span> <span class='ocrx_word' id='word_1_77' title='bbox 945 1174 1119 1242; x_wconf 89' lang='lat' dir='ltr'>atque</span> <span class='ocrx_word' id='word_1_78' title='bbox 1170 1170 1452 1225; x_wconf 78' lang='lat' dir='ltr'>Herculis.</span> <span class='ocrx_word' id='word_1_79' title='bbox 1488 1169 1636 1236; x_wconf 89' lang='lat' dir='ltr'>Sive,</span> <span class='ocrx_word' id='word_1_80' title='bbox 1670 1170 1821 1240; x_wconf 92' lang='lat' dir='ltr'>quod</span> <span class='ocrx_word' id='word_1_81' title='bbox 1855 1186 2055 1223; x_wconf 88' lang='lat' dir='ltr'>verum</span> 
     </span>
    </p>
   </div>
   <div class='ocr_carea' id='block_1_12' title="bbox 415 1258 2057 1331">
    <p class='ocr_par' dir='ltr' id='par_1_12' title="bbox 415 1258 2057 1331">
     <span class='ocr_line' id='line_1_12' title="bbox 415 1258 2057 1331; baseline -0.002 -16"><span class='ocrx_word' id='word_1_82' title='bbox 415 1264 523 1327; x_wconf 90' lang='lat' dir='ltr'>est,</span> <span class='ocrx_word' id='word_1_83' title='bbox 558 1258 638 1314; x_wconf 91' lang='lat' dir='ltr'>dii</span> <span class='ocrx_word' id='word_1_84' title='bbox 668 1258 729 1314; x_wconf 88' lang='lat' dir='ltr'>in</span> <span class='ocrx_word' id='word_1_85' title='bbox 760 1258 920 1324; x_wconf 74' lang='lat' dir='ltr'>cmlo,</span> <span class='ocrx_word' id='word_1_86' title='bbox 953 1258 1144 1331; x_wconf 84' lang='lat' dir='ltr'>angeli</span> <span class='ocrx_word' id='word_1_87' title='bbox 1180 1276 1191 1315; x_wconf 92' lang='lat'>:</span> <span class='ocrx_word' id='word_1_88' title='bbox 1248 1260 1307 1313; x_wconf 91' lang='lat' dir='ltr'>in</span> <span class='ocrx_word' id='word_1_89' title='bbox 1340 1262 1491 1314; x_wconf 89' lang='lat' dir='ltr'>terra</span> <span class='ocrx_word' id='word_1_90' title='bbox 1520 1275 1673 1326; x_wconf 90' lang='lat' dir='ltr'>vero,</span> <span class='ocrx_word' id='word_1_91' title='bbox 1708 1258 1871 1313; x_wconf 80' lang='lat' dir='ltr'>electi</span> <span class='ocrx_word' id='word_1_92' title='bbox 1904 1276 1916 1325; x_wconf 88' lang='lat'><strong>;</strong></span> <span class='ocrx_word' id='word_1_93' title='bbox 1963 1273 2057 1327; x_wconf 86' lang='lat' dir='ltr'>ego</span> 
     </span>
    </p>
   </div>
   <div class='ocr_carea' id='block_1_13' title="bbox 416 1346 2054 1420">
    <p class='ocr_par' dir='ltr' id='par_1_13' title="bbox 416 1346 2054 1420">
     <span class='ocr_line' id='line_1_13' title="bbox 416 1346 2054 1420; baseline -0.002 -16"><span class='ocrx_word' id='word_1_94' title='bbox 416 1348 558 1417; x_wconf 75' lang='lat' dir='ltr'>dixi,</span> <span class='ocrx_word' id='word_1_95' title='bbox 591 1347 804 1420; x_wconf 84' lang='lat' dir='ltr'>inquit,</span> <span class='ocrx_word' id='word_1_96' title='bbox 834 1346 916 1402; x_wconf 88' lang='lat' dir='ltr'>dii</span> <span class='ocrx_word' id='word_1_97' title='bbox 943 1349 1069 1403; x_wconf 88' lang='lat' dir='ltr'>estis</span> <span class='ocrx_word' id='word_1_98' title='bbox 1100 1350 1272 1416; x_wconf 88' lang='lat' dir='ltr'>(Psal.</span> <span class='ocrx_word' id='word_1_99' title='bbox 1310 1366 1494 1413; x_wconf 75' lang='lat' dir='ltr'>LXXXI,</span> <span class='ocrx_word' id='word_1_100' title='bbox 1526 1350 1597 1415; x_wconf 85' lang='lat'>6;</span> <span class='ocrx_word' id='word_1_101' title='bbox 1650 1350 1807 1403; x_wconf 89' lang='lat' dir='ltr'>Joan.</span> <span class='ocrx_word' id='word_1_102' title='bbox 1855 1365 1909 1411; x_wconf 86' lang='lat' dir='ltr'>x,</span> <span class='ocrx_word' id='word_1_103' title='bbox 1944 1348 2054 1415; x_wconf 79' lang='grc'>34).</span> 
     </span>
    </p>
   </div>
   <div class='ocr_carea' id='block_1_14' title="bbox 417 1435 2057 1507">
    <p class='ocr_par' dir='ltr' id='par_1_14' title="bbox 417 1435 2057 1507">
     <span class='ocr_line' id='line_1_14' title="bbox 417 1435 2057 1507; baseline -0.002 -15"><span class='ocrx_word' id='word_1_104' title='bbox 417 1436 476 1492; x_wconf 87' lang='lat' dir='ltr'>Si</span> <span class='ocrx_word' id='word_1_105' title='bbox 508 1437 665 1492; x_wconf 90' lang='lat' dir='ltr'>enim</span> <span class='ocrx_word' id='word_1_106' title='bbox 686 1436 954 1492; x_wconf 86' lang='lat' dir='ltr'>homines</span> <span class='ocrx_word' id='word_1_107' title='bbox 986 1436 1062 1491; x_wconf 92' lang='lat' dir='ltr'>dii</span> <span class='ocrx_word' id='word_1_108' title='bbox 1095 1437 1391 1505; x_wconf 87' lang='lat' dir='ltr'>dicuntur,</span> <span class='ocrx_word' id='word_1_109' title='bbox 1417 1435 1601 1490; x_wconf 89' lang='lat' dir='ltr'>multo</span> <span class='ocrx_word' id='word_1_110' title='bbox 1633 1435 1819 1506; x_wconf 87' lang='lat' dir='ltr'>magis</span> <span class='ocrx_word' id='word_1_111' title='bbox 1845 1436 2057 1507; x_wconf 84' lang='lat' dir='ltr'>angeli,</span> 
     </span>
    </p>
   </div>
   <div class='ocr_carea' id='block_1_15' title="bbox 420 1523 2057 1598">
    <p class='ocr_par' dir='ltr' id='par_1_15' title="bbox 420 1523 2057 1598">
     <span class='ocr_line' id='line_1_15' title="bbox 420 1523 2057 1598; baseline -0.002 -18"><span class='ocrx_word' id='word_1_112' title='bbox 420 1526 520 1598; x_wconf 91' lang='lat' dir='ltr'>qui</span> <span class='ocrx_word' id='word_1_113' title='bbox 550 1525 780 1580; x_wconf 81' lang='lat' dir='ltr'>mortali</span> <span class='ocrx_word' id='word_1_114' title='bbox 815 1542 985 1581; x_wconf 88' lang='lat' dir='ltr'>carne</span> <span class='ocrx_word' id='word_1_115' title='bbox 1016 1530 1232 1580; x_wconf 79' lang='lat' dir='ltr'>carent.</span> <span class='ocrx_word' id='word_1_116' title='bbox 1268 1526 1377 1579; x_wconf 88' lang='lat' dir='ltr'>Sed</span> <span class='ocrx_word' id='word_1_117' title='bbox 1413 1524 1773 1597; x_wconf 89' lang='lat' dir='ltr'>prohibitum</span> <span class='ocrx_word' id='word_1_118' title='bbox 1809 1529 1895 1578; x_wconf 91' lang='lat' dir='ltr'>est</span> <span class='ocrx_word' id='word_1_119' title='bbox 1925 1523 2057 1587; x_wconf 89' lang='lat' dir='ltr'>dici,</span> 
     </span>
    </p>
   </div>
   <div class='ocr_carea' id='block_1_16' title="bbox 421 1608 2060 1686">
    <p class='ocr_par' dir='ltr' id='par_1_16' title="bbox 421 1608 2060 1686">
     <span class='ocr_line' id='line_1_16' title="bbox 421 1608 2060 1686; baseline -0.001 -16"><span class='ocrx_word' id='word_1_120' title='bbox 421 1619 476 1671; x_wconf 89' lang='lat' dir='ltr'>et</span> <span class='ocrx_word' id='word_1_121' title='bbox 506 1630 577 1669; x_wconf 90' lang='lat' dir='ltr'>ne</span> <span class='ocrx_word' id='word_1_122' title='bbox 598 1608 775 1669; x_wconf 84' lang='lat' dir='ltr'>latria</span> <span class='ocrx_word' id='word_1_123' title='bbox 803 1613 918 1669; x_wconf 91' lang='lat' dir='ltr'>illis</span> <span class='ocrx_word' id='word_1_124' title='bbox 952 1614 1343 1686; x_wconf 83' lang='lat' dir='ltr'>impendatur,</span> <span class='ocrx_word' id='word_1_125' title='bbox 1380 1613 1655 1686; x_wconf 89' lang='lat' dir='ltr'>quoniam</span> <span class='ocrx_word' id='word_1_126' title='bbox 1699 1630 1851 1667; x_wconf 91' lang='lat' dir='ltr'>unus</span> <span class='ocrx_word' id='word_1_127' title='bbox 1901 1612 2060 1668; x_wconf 87' lang='lat' dir='ltr'>solus</span> 
     </span>
    </p>
   </div>
   <div class='ocr_carea' id='block_1_17' title="bbox 419 1701 2059 1773">
    <p class='ocr_par' dir='ltr' id='par_1_17' title="bbox 419 1701 2059 1773">
     <span class='ocr_line' id='line_1_17' title="bbox 419 1701 2059 1773; baseline -0.002 -14"><span class='ocrx_word' id='word_1_128' title='bbox 419 1702 809 1759; x_wconf 89' lang='lat' dir='ltr'>essentialiter</span> <span class='ocrx_word' id='word_1_129' title='bbox 837 1704 1029 1771; x_wconf 87' lang='lat' dir='ltr'>Deus;</span> <span class='ocrx_word' id='word_1_130' title='bbox 1065 1701 1251 1773; x_wconf 86' lang='lat' dir='ltr'>angeli</span> <span class='ocrx_word' id='word_1_131' title='bbox 1284 1718 1438 1768; x_wconf 89' lang='lat' dir='ltr'>vero,</span> <span class='ocrx_word' id='word_1_132' title='bbox 1471 1706 1571 1756; x_wconf 90' lang='lat' dir='ltr'>aut</span> <span class='ocrx_word' id='word_1_133' title='bbox 1610 1701 1901 1771; x_wconf 89' lang='lat' dir='ltr'>homines,</span> <span class='ocrx_word' id='word_1_134' title='bbox 1937 1706 2059 1756; x_wconf 86' lang='lat' dir='ltr'>tan-</span> 
     </span>
    </p>
   </div>
   <div class='ocr_carea' id='block_1_18' title="bbox 419 1790 2065 1861">
    <p class='ocr_par' dir='ltr' id='par_1_18' title="bbox 419 1790 2065 1861">
     <span class='ocr_line' id='line_1_18' title="bbox 419 1790 2065 1861; baseline -0.001 -15"><span class='ocrx_word' id='word_1_135' title='bbox 419 1791 729 1847; x_wconf 88' lang='lat' dir='ltr'>tummodo</span> <span class='ocrx_word' id='word_1_136' title='bbox 761 1790 1187 1861; x_wconf 89' lang='lat' dir='ltr'>nuncupative;</span> <span class='ocrx_word' id='word_1_137' title='bbox 1242 1790 1396 1844; x_wconf 90' lang='lat' dir='ltr'>unde</span> <span class='ocrx_word' id='word_1_138' title='bbox 1444 1794 1578 1845; x_wconf 90' lang='lat' dir='ltr'>est:</span> <span class='ocrx_word' id='word_1_139' title='bbox 1637 1792 1763 1844; x_wconf 80' lang='lat' dir='ltr'>Ecce</span> <span class='ocrx_word' id='word_1_140' title='bbox 1807 1792 2065 1845; x_wconf 70' lang='lat' dir='ltr'>constitui</span> 
     </span>
    </p>
   </div>
   <div class='ocr_carea' id='block_1_19' title="bbox 418 1878 2061 1951">
    <p class='ocr_par' dir='ltr' id='par_1_19' title="bbox 418 1878 2061 1951">
     <span class='ocr_line' id='line_1_19' title="bbox 418 1878 2061 1951; baseline -0.002 -15"><span class='ocrx_word' id='word_1_141' title='bbox 418 1888 470 1936; x_wconf 80' lang='lat' dir='ltr'>te</span> <span class='ocrx_word' id='word_1_142' title='bbox 504 1884 677 1936; x_wconf 86' lang='lat' dir='ltr'>Deum</span> <span class='ocrx_word' id='word_1_143' title='bbox 704 1878 1010 1934; x_wconf 83' lang='lat' dir='ltr'>Pharaonis</span> <span class='ocrx_word' id='word_1_144' title='bbox 1038 1878 1226 1949; x_wconf 69' lang='lat' dir='ltr'>(Exod.</span> <span class='ocrx_word' id='word_1_145' title='bbox 1260 1896 1360 1944; x_wconf 80' lang='lat' dir='ltr'>v11,</span> <span class='ocrx_word' id='word_1_146' title='bbox 1396 1878 1444 1950; x_wconf 90' lang='grc'>1)</span> <span class='ocrx_word' id='word_1_147' title='bbox 1485 1895 1495 1933; x_wconf 89' lang='lat'>:</span> <span class='ocrx_word' id='word_1_148' title='bbox 1548 1883 1603 1934; x_wconf 91' lang='lat' dir='ltr'>et</span> <span class='ocrx_word' id='word_1_149' title='bbox 1647 1879 1959 1951; x_wconf 87' lang='lat' dir='ltr'>applicavit</span> <span class='ocrx_word' id='word_1_150' title='bbox 1990 1880 2061 1933; x_wconf 89' lang='lat' dir='ltr'>ad</span> 
     </span>
    </p>
   </div>
   <div class='ocr_carea' id='block_1_20' title="bbox 419 1966 2063 2039">
    <p class='ocr_par' dir='ltr' id='par_1_20' title="bbox 419 1966 2063 2039">
     <span class='ocr_line' id='line_1_20' title="bbox 419 1966 2063 2039; baseline -0.001 -16"><span class='ocrx_word' id='word_1_151' title='bbox 419 1969 558 2023; x_wconf 89' lang='lat' dir='ltr'>deos</span> <span class='ocrx_word' id='word_1_152' title='bbox 589 1968 764 2039; x_wconf 80' lang='grc'>(604).</span> <span class='ocrx_word' id='word_1_153' title='bbox 798 1969 1159 2038; x_wconf 83' lang='lat' dir='ltr'>Quapropter</span> <span class='ocrx_word' id='word_1_154' title='bbox 1189 1966 1451 2022; x_wconf 83' lang='lat' dir='ltr'>subdidit</span> <span class='ocrx_word' id='word_1_155' title='bbox 1479 1986 1491 2023; x_wconf 91' lang='lat'>:</span> <span class='ocrx_word' id='word_1_156' title='bbox 1527 1967 1628 2022; x_wconf 91' lang='lat' dir='ltr'>Sed</span> <span class='ocrx_word' id='word_1_157' title='bbox 1658 1968 1813 2022; x_wconf 80' lang='lat' dir='ltr'>nobis</span> <span class='ocrx_word' id='word_1_158' title='bbox 1847 1973 2063 2023; x_wconf 85' lang='lat' dir='ltr'>tantum</span> 
     </span>
    </p>
   </div>
   <div class='ocr_carea' id='block_1_21' title="bbox 420 2057 2061 2128">
    <p class='ocr_par' dir='ltr' id='par_1_21' title="bbox 420 2057 2061 2128">
     <span class='ocr_line' id='line_1_21' title="bbox 420 2057 2061 2128; baseline -0.001 -16"><span class='ocrx_word' id='word_1_159' title='bbox 420 2074 564 2112; x_wconf 85' lang='lat' dir='ltr'>unus</span> <span class='ocrx_word' id='word_1_160' title='bbox 610 2058 748 2111; x_wconf 90' lang='lat' dir='ltr'>Deus</span> <span class='ocrx_word' id='word_1_161' title='bbox 796 2060 979 2127; x_wconf 83' lang='lat' dir='ltr'>Pater,</span> <span class='ocrx_word' id='word_1_162' title='bbox 1032 2071 1099 2110; x_wconf 79' lang='lat' dir='ltr'>ex</span> <span class='ocrx_word' id='word_1_163' title='bbox 1150 2072 1253 2128; x_wconf 88' lang='lat' dir='ltr'>quo</span> <span class='ocrx_word' id='word_1_164' title='bbox 1306 2058 1515 2111; x_wconf 84' lang='lat' dir='ltr'>omnia.</span> <span class='ocrx_word' id='word_1_165' title='bbox 1568 2057 1780 2111; x_wconf 89' lang='lat' dir='ltr'>Verum</span> <span class='ocrx_word' id='word_1_166' title='bbox 1830 2063 1939 2126; x_wconf 87' lang='lat' dir='ltr'>est,</span> <span class='ocrx_word' id='word_1_167' title='bbox 1976 2058 2061 2110; x_wconf 89' lang='lat' dir='ltr'>in-</span> 
     </span>
    </p>
   </div>
   <div class='ocr_carea' id='block_1_22' title="bbox 422 2145 2065 2219">
    <p class='ocr_par' dir='ltr' id='par_1_22' title="bbox 422 2145 2065 2219">
     <span class='ocr_line' id='line_1_22' title="bbox 422 2145 2065 2219; baseline -0.001 -18"><span class='ocrx_word' id='word_1_168' title='bbox 422 2163 599 2219; x_wconf 88' lang='lat' dir='ltr'>quam</span> <span class='ocrx_word' id='word_1_169' title='bbox 623 2164 635 2215; x_wconf 87' lang='lat'>;</span> <span class='ocrx_word' id='word_1_170' title='bbox 661 2146 800 2217; x_wconf 87' lang='lat' dir='ltr'>quia</span> <span class='ocrx_word' id='word_1_171' title='bbox 820 2161 1181 2216; x_wconf 66' lang='lat' dir='ltr'>quaecunque</span> <span class='ocrx_word' id='word_1_172' title='bbox 1206 2150 1362 2213; x_wconf 90' lang='lat' dir='ltr'>sunt,</span> <span class='ocrx_word' id='word_1_173' title='bbox 1384 2150 1439 2200; x_wconf 91' lang='lat' dir='ltr'>et</span> <span class='ocrx_word' id='word_1_174' title='bbox 1462 2145 1801 2216; x_wconf 88' lang='lat' dir='ltr'>ubicunque</span> <span class='ocrx_word' id='word_1_175' title='bbox 1823 2149 1982 2213; x_wconf 90' lang='lat' dir='ltr'>sunt,</span> <span class='ocrx_word' id='word_1_176' title='bbox 1999 2162 2065 2199; x_wconf 83' lang='lat' dir='ltr'>ex</span> 
     </span>
    </p>
   </div>
   <div class='ocr_carea' id='block_1_23' title="bbox 422 2233 2063 2307">
    <p class='ocr_par' dir='ltr' id='par_1_23' title="bbox 422 2233 2063 2307">
     <span class='ocr_line' id='line_1_23' title="bbox 422 2233 2063 2307; baseline -0.001 -17"><span class='ocrx_word' id='word_1_177' title='bbox 422 2236 549 2307; x_wconf 92' lang='lat' dir='ltr'>ipso</span> <span class='ocrx_word' id='word_1_178' title='bbox 581 2240 741 2289; x_wconf 89' lang='lat' dir='ltr'>sunt.</span> <span class='ocrx_word' id='word_1_179' title='bbox 774 2238 860 2303; x_wconf 86' lang='lat' dir='ltr'>Et,</span> <span class='ocrx_word' id='word_1_180' title='bbox 894 2238 957 2288; x_wconf 89' lang='lat' dir='ltr'>ut</span> <span class='ocrx_word' id='word_1_181' title='bbox 990 2250 1096 2288; x_wconf 91' lang='lat' dir='ltr'>nos</span> <span class='ocrx_word' id='word_1_182' title='bbox 1130 2238 1425 2305; x_wconf 87' lang='lat' dir='ltr'>separaret</span> <span class='ocrx_word' id='word_1_183' title='bbox 1456 2234 1525 2287; x_wconf 88' lang='lat' dir='ltr'>ab</span> <span class='ocrx_word' id='word_1_184' title='bbox 1562 2233 1698 2298; x_wconf 89' lang='lat' dir='ltr'>illis,</span> <span class='ocrx_word' id='word_1_185' title='bbox 1732 2233 1830 2304; x_wconf 92' lang='lat' dir='ltr'>qui</span> <span class='ocrx_word' id='word_1_186' title='bbox 1863 2233 1934 2288; x_wconf 87' lang='lat' dir='ltr'>ab</span> <span class='ocrx_word' id='word_1_187' title='bbox 1965 2233 2063 2288; x_wconf 92' lang='lat' dir='ltr'>illo</span> 
     </span>
    </p>
   </div>
   <div class='ocr_carea' id='block_1_24' title="bbox 427 2321 2062 2393">
    <p class='ocr_par' dir='ltr' id='par_1_24' title="bbox 427 2321 2062 2393">
     <span class='ocr_line' id='line_1_24' title="bbox 427 2321 2062 2393; baseline -0.002 -13"><span class='ocrx_word' id='word_1_188' title='bbox 427 2329 586 2391; x_wconf 88' lang='lat' dir='ltr'>sunt,</span> <span class='ocrx_word' id='word_1_189' title='bbox 622 2324 721 2379; x_wconf 88' lang='lat' dir='ltr'>sed</span> <span class='ocrx_word' id='word_1_190' title='bbox 752 2328 951 2378; x_wconf 84' lang='lat' dir='ltr'>tamen</span> <span class='ocrx_word' id='word_1_191' title='bbox 998 2322 1057 2376; x_wconf 90' lang='lat' dir='ltr'>in</span> <span class='ocrx_word' id='word_1_192' title='bbox 1111 2321 1207 2377; x_wconf 92' lang='lat' dir='ltr'>illo</span> <span class='ocrx_word' id='word_1_193' title='bbox 1249 2339 1349 2393; x_wconf 92' lang='lat' dir='ltr'>per</span> <span class='ocrx_word' id='word_1_194' title='bbox 1381 2322 1555 2376; x_wconf 79' lang='lat' dir='ltr'>fidem</span> <span class='ocrx_word' id='word_1_195' title='bbox 1588 2339 1699 2376; x_wconf 90' lang='lat' dir='ltr'>non</span> <span class='ocrx_word' id='word_1_196' title='bbox 1733 2326 1891 2387; x_wconf 90' lang='lat' dir='ltr'>sunt,</span> <span class='ocrx_word' id='word_1_197' title='bbox 1925 2323 2062 2377; x_wconf 87' lang='lat' dir='ltr'>sub-</span> 
     </span>
    </p>
   </div>
   <div class='ocr_carea' id='block_1_25' title="bbox 416 2411 1386 2484">
    <p class='ocr_par' dir='ltr' id='par_1_25' title="bbox 416 2411 1386 2484">
     <span class='ocr_line' id='line_1_25' title="bbox 416 2411 1386 2484; baseline -0.002 -17"><span class='ocrx_word' id='word_1_198' title='bbox 416 2412 633 2484; x_wconf 85' lang='lat' dir='ltr'>junxit,</span> <span class='ocrx_word' id='word_1_199' title='bbox 667 2411 865 2466; x_wconf 88' lang='lat' dir='ltr'>dicens</span> <span class='ocrx_word' id='word_1_200' title='bbox 899 2427 911 2465; x_wconf 87' lang='lat'>:</span> <span class='ocrx_word' id='word_1_201' title='bbox 956 2414 1021 2466; x_wconf 86' lang='lat' dir='ltr'>Et</span> <span class='ocrx_word' id='word_1_202' title='bbox 1048 2426 1145 2465; x_wconf 85' lang='lat' dir='ltr'>nos</span> <span class='ocrx_word' id='word_1_203' title='bbox 1177 2413 1233 2464; x_wconf 88' lang='lat' dir='ltr'>in</span> <span class='ocrx_word' id='word_1_204' title='bbox 1268 2412 1386 2466; x_wconf 85' lang='lat' dir='ltr'>illo.</span> 
     </span>
    </p>
   </div>
   <div class='ocr_carea' id='block_1_26' title="bbox 493 2500 2066 2572">
    <p class='ocr_par' dir='ltr' id='par_1_26' title="bbox 493 2500 2066 2572">
     <span class='ocr_line' id='line_1_26' title="bbox 493 2500 2066 2572; baseline -0.001 -16"><span class='ocrx_word' id='word_1_205' title='bbox 493 2500 771 2572; x_wconf 88' lang='lat' dir='ltr'>Sequitur</span> <span class='ocrx_word' id='word_1_206' title='bbox 804 2517 815 2553; x_wconf 91' lang='lat'>:</span> <span class='ocrx_word' id='word_1_207' title='bbox 866 2501 929 2554; x_wconf 87' lang='lat' dir='ltr'>Et</span> <span class='ocrx_word' id='word_1_208' title='bbox 982 2515 1124 2553; x_wconf 87' lang='lat' dir='ltr'>unus</span> <span class='ocrx_word' id='word_1_209' title='bbox 1171 2500 1434 2555; x_wconf 83' lang='lat' dir='ltr'>Dominus</span> <span class='ocrx_word' id='word_1_210' title='bbox 1475 2502 1627 2554; x_wconf 84' lang='lat' dir='ltr'>Jcsus</span> <span class='ocrx_word' id='word_1_211' title='bbox 1660 2500 1924 2555; x_wconf 75' lang='lat' dir='ltr'>Christus.</span> <span class='ocrx_word' id='word_1_212' title='bbox 1964 2502 2066 2555; x_wconf 86' lang='lat' dir='ltr'>Per</span> 
     </span>
    </p>
   </div>
   <div class='ocr_carea' id='block_1_27' title="bbox 421 2586 2064 2659">
    <p class='ocr_par' dir='ltr' id='par_1_27' title="bbox 421 2586 2064 2659">
     <span class='ocr_line' id='line_1_27' title="bbox 421 2586 2064 2659; baseline -0.001 -14"><span class='ocrx_word' id='word_1_213' title='bbox 421 2589 719 2645; x_wconf 85' lang='lat' dir='ltr'>Christum</span> <span class='ocrx_word' id='word_1_214' title='bbox 774 2588 873 2643; x_wconf 91' lang='lat' dir='ltr'>Dei</span> <span class='ocrx_word' id='word_1_215' title='bbox 922 2586 1132 2642; x_wconf 86' lang='lat' dir='ltr'>Filium</span> <span class='ocrx_word' id='word_1_216' title='bbox 1184 2588 1399 2653; x_wconf 89' lang='lat' dir='ltr'>omnia,</span> <span class='ocrx_word' id='word_1_217' title='bbox 1452 2604 1579 2659; x_wconf 66' lang='lat' dir='ltr'>qua:</span> <span class='ocrx_word' id='word_1_218' title='bbox 1630 2593 1789 2655; x_wconf 92' lang='lat' dir='ltr'>sunt,</span> <span class='ocrx_word' id='word_1_219' title='bbox 1842 2607 1909 2644; x_wconf 80' lang='lat' dir='ltr'>ex</span> <span class='ocrx_word' id='word_1_220' title='bbox 1957 2590 2064 2644; x_wconf 85' lang='lat' dir='ltr'>Pa-</span> 
     </span>
    </p>
   </div>
   <div class='ocr_carea' id='block_1_28' title="bbox 416 2676 2061 2749">
    <p class='ocr_par' dir='ltr' id='par_1_28' title="bbox 416 2676 2061 2749">
     <span class='ocr_line' id='line_1_28' title="bbox 416 2676 2061 2749; baseline 0 -16"><span class='ocrx_word' id='word_1_221' title='bbox 416 2683 503 2733; x_wconf 91' lang='lat' dir='ltr'>tre</span> <span class='ocrx_word' id='word_1_222' title='bbox 531 2680 678 2749; x_wconf 86' lang='lat'>(605)</span> <span class='ocrx_word' id='word_1_223' title='bbox 711 2682 901 2733; x_wconf 89' lang='lat' dir='ltr'>creata</span> <span class='ocrx_word' id='word_1_224' title='bbox 932 2680 1070 2732; x_wconf 88' lang='lat' dir='ltr'>sunt</span> <span class='ocrx_word' id='word_1_225' title='bbox 1104 2694 1116 2733; x_wconf 93' lang='lat'>:</span> <span class='ocrx_word' id='word_1_226' title='bbox 1159 2682 1215 2731; x_wconf 91' lang='lat' dir='ltr'>et</span> <span class='ocrx_word' id='word_1_227' title='bbox 1244 2676 1372 2732; x_wconf 90' lang='lat' dir='ltr'>ideo</span> <span class='ocrx_word' id='word_1_228' title='bbox 1404 2677 1545 2731; x_wconf 91' lang='lat' dir='ltr'>dicit</span> <span class='ocrx_word' id='word_1_229' title='bbox 1578 2696 1589 2733; x_wconf 93' lang='lat'>:</span> <span class='ocrx_word' id='word_1_230' title='bbox 1629 2684 1731 2733; x_wconf 82' lang='lat' dir='ltr'>Per</span> <span class='ocrx_word' id='word_1_231' title='bbox 1762 2695 1921 2748; x_wconf 82' lang='lat' dir='ltr'>quem</span> <span class='ocrx_word' id='word_1_232' title='bbox 1950 2695 2061 2733; x_wconf 92' lang='lat' dir='ltr'>om-</span> 
     </span>
    </p>
   </div>
   <div class='ocr_carea' id='block_1_29' title="bbox 412 2765 2063 2837">
    <p class='ocr_par' dir='ltr' id='par_1_29' title="bbox 412 2765 2063 2837">
     <span class='ocr_line' id='line_1_29' title="bbox 412 2765 2063 2837; baseline -0.002 -14"><span class='ocrx_word' id='word_1_233' title='bbox 412 2770 532 2835; x_wconf 85' lang='lat' dir='ltr'>nia,</span> <span class='ocrx_word' id='word_1_234' title='bbox 568 2772 633 2823; x_wconf 92' lang='lat' dir='ltr'>ut</span> <span class='ocrx_word' id='word_1_235' title='bbox 677 2765 818 2821; x_wconf 90' lang='lat' dir='ltr'>illud</span> <span class='ocrx_word' id='word_1_236' title='bbox 855 2784 867 2821; x_wconf 86' lang='lat'>:</span> <span class='ocrx_word' id='word_1_237' title='bbox 922 2766 1116 2821; x_wconf 88' lang='lat' dir='ltr'>Omnia</span> <span class='ocrx_word' id='word_1_238' title='bbox 1143 2782 1242 2837; x_wconf 89' lang='lat' dir='ltr'>per</span> <span class='ocrx_word' id='word_1_239' title='bbox 1272 2766 1447 2836; x_wconf 86' lang='lat' dir='ltr'>ipsum</span> <span class='ocrx_word' id='word_1_240' title='bbox 1475 2769 1628 2836; x_wconf 78' lang='lat' dir='ltr'>facta</span> <span class='ocrx_word' id='word_1_241' title='bbox 1655 2774 1783 2821; x_wconf 86' lang='lat' dir='ltr'>sunt</span> <span class='ocrx_word' id='word_1_242' title='bbox 1813 2768 1987 2837; x_wconf 86' lang='lat' dir='ltr'>(Joan.</span> <span class='ocrx_word' id='word_1_243' title='bbox 2024 2785 2063 2833; x_wconf 84' lang='lat'>1,</span> 
     </span>
    </p>
   </div>
   <div class='ocr_carea' id='block_1_30' title="bbox 408 2853 2063 2929">
    <p class='ocr_par' dir='ltr' id='par_1_30' title="bbox 408 2853 2063 2929">
     <span class='ocr_line' id='line_1_30' title="bbox 408 2853 2063 2929; baseline -0.002 -17"><span class='ocrx_word' id='word_1_244' title='bbox 408 2858 520 2929; x_wconf 87' lang='lat'>23).</span> <span class='ocrx_word' id='word_1_245' title='bbox 553 2854 800 2911; x_wconf 88' lang='lat' dir='ltr'>Pulchre</span> <span class='ocrx_word' id='word_1_246' title='bbox 830 2855 1091 2927; x_wconf 90' lang='lat' dir='ltr'>quidem,</span> <span class='ocrx_word' id='word_1_247' title='bbox 1123 2871 1253 2909; x_wconf 93' lang='lat' dir='ltr'>cum</span> <span class='ocrx_word' id='word_1_248' title='bbox 1292 2853 1552 2921; x_wconf 80' lang='lat' dir='ltr'>dixisset,</span> <span class='ocrx_word' id='word_1_249' title='bbox 1582 2872 1682 2925; x_wconf 86' lang='lat' dir='ltr'>per</span> <span class='ocrx_word' id='word_1_250' title='bbox 1712 2872 1886 2925; x_wconf 84' lang='lat' dir='ltr'>quem,</span> <span class='ocrx_word' id='word_1_251' title='bbox 1922 2856 2063 2909; x_wconf 87' lang='lat' dir='ltr'>sub-</span> 
     </span>
    </p>
   </div>
   <div class='ocr_carea' id='block_1_31' title="bbox 407 2944 2063 3019">
    <p class='ocr_par' dir='ltr' id='par_1_31' title="bbox 407 2944 2063 3019">
     <span class='ocr_line' id='line_1_31' title="bbox 407 2944 2063 3019; baseline -0.001 -18"><span class='ocrx_word' id='word_1_252' title='bbox 407 2947 605 3019; x_wconf 85' lang='lat' dir='ltr'>junxit</span> <span class='ocrx_word' id='word_1_253' title='bbox 630 2963 642 3001; x_wconf 88' lang='lat'>:</span> <span class='ocrx_word' id='word_1_254' title='bbox 676 2946 742 2999; x_wconf 89' lang='lat' dir='ltr'>Et</span> <span class='ocrx_word' id='word_1_255' title='bbox 770 2961 870 2999; x_wconf 87' lang='lat' dir='ltr'>nos</span> <span class='ocrx_word' id='word_1_256' title='bbox 898 2960 996 3016; x_wconf 82' lang='lat' dir='ltr'>per</span> <span class='ocrx_word' id='word_1_257' title='bbox 1017 2945 1241 3014; x_wconf 84' lang='lat' dir='ltr'>ipsum;</span> <span class='ocrx_word' id='word_1_258' title='bbox 1272 2944 1410 3014; x_wconf 86' lang='lat' dir='ltr'>quia</span> <span class='ocrx_word' id='word_1_259' title='bbox 1438 2961 1539 3015; x_wconf 91' lang='lat' dir='ltr'>per</span> <span class='ocrx_word' id='word_1_260' title='bbox 1560 2960 1732 3014; x_wconf 89' lang='lat' dir='ltr'>quem</span> <span class='ocrx_word' id='word_1_261' title='bbox 1758 2944 1931 2998; x_wconf 89' lang='lat' dir='ltr'>creati</span> <span class='ocrx_word' id='word_1_262' title='bbox 1966 2962 2063 2999; x_wconf 91' lang='lat' dir='ltr'>su-</span> 
     </span>
    </p>
   </div>
   <div class='ocr_carea' id='block_1_32' title="bbox 418 3032 2061 3104">
    <p class='ocr_par' dir='ltr' id='par_1_32' title="bbox 418 3032 2061 3104">
     <span class='ocr_line' id='line_1_32' title="bbox 418 3032 2061 3104; baseline -0.001 -14"><span class='ocrx_word' id='word_1_263' title='bbox 418 3052 572 3103; x_wconf 90' lang='lat' dir='ltr'>mus,</span> <span class='ocrx_word' id='word_1_264' title='bbox 606 3040 672 3089; x_wconf 91' lang='lat' dir='ltr'>ut</span> <span class='ocrx_word' id='word_1_265' title='bbox 703 3049 968 3089; x_wconf 89' lang='lat' dir='ltr'>essemus</span> <span class='ocrx_word' id='word_1_266' title='bbox 995 3057 1009 3099; x_wconf 86' lang='lat'><strong>;</strong></span> <span class='ocrx_word' id='word_1_267' title='bbox 1040 3048 1141 3103; x_wconf 90' lang='lat' dir='ltr'>per</span> <span class='ocrx_word' id='word_1_268' title='bbox 1171 3032 1365 3104; x_wconf 91' lang='lat' dir='ltr'>ipsum</span> <span class='ocrx_word' id='word_1_269' title='bbox 1398 3033 1638 3088; x_wconf 78' lang='lat' dir='ltr'>recreati</span> <span class='ocrx_word' id='word_1_270' title='bbox 1672 3050 1735 3087; x_wconf 90' lang='lat' dir='ltr'>ac</span> <span class='ocrx_word' id='word_1_271' title='bbox 1766 3034 2061 3088; x_wconf 79' lang='lat' dir='ltr'>reformati</span> 
     </span>
    </p>
   </div>
   <div class='ocr_carea' id='block_1_33' title="bbox 419 3119 2061 3191">
    <p class='ocr_par' dir='ltr' id='par_1_33' title="bbox 419 3119 2061 3191">
     <span class='ocr_line' id='line_1_33' title="bbox 419 3119 2061 3191; baseline -0.001 -12"><span class='ocrx_word' id='word_1_272' title='bbox 419 3140 650 3190; x_wconf 87' lang='lat' dir='ltr'>sumus,</span> <span class='ocrx_word' id='word_1_273' title='bbox 685 3128 745 3177; x_wconf 89' lang='lat' dir='ltr'>ut</span> <span class='ocrx_word' id='word_1_274' title='bbox 776 3138 959 3177; x_wconf 88' lang='lat' dir='ltr'>unum</span> <span class='ocrx_word' id='word_1_275' title='bbox 995 3127 1171 3176; x_wconf 89' lang='lat' dir='ltr'>Deum</span> <span class='ocrx_word' id='word_1_276' title='bbox 1203 3119 1684 3191; x_wconf 90' lang='lat' dir='ltr'>intelligeremus,</span> <span class='ocrx_word' id='word_1_277' title='bbox 1715 3127 1771 3176; x_wconf 91' lang='lat' dir='ltr'>et</span> <span class='ocrx_word' id='word_1_278' title='bbox 1801 3123 2061 3177; x_wconf 90' lang='lat' dir='ltr'>credere-</span> 
     </span>
    </p>
   </div>
   <div class='ocr_carea' id='block_1_34' title="bbox 421 3208 1987 3283">
    <p class='ocr_par' dir='ltr' id='par_1_34' title="bbox 421 3208 1987 3283">
     <span class='ocr_line' id='line_1_34' title="bbox 421 3208 1987 3283; baseline -0.002 -15"><span class='ocrx_word' id='word_1_279' title='bbox 421 3230 576 3283; x_wconf 90' lang='lat' dir='ltr'>mus,</span> <span class='ocrx_word' id='word_1_280' title='bbox 611 3216 784 3283; x_wconf 88' lang='lat' dir='ltr'>atque</span> <span class='ocrx_word' id='word_1_281' title='bbox 812 3210 1033 3265; x_wconf 91' lang='lat' dir='ltr'>idolum</span> <span class='ocrx_word' id='word_1_282' title='bbox 1068 3208 1214 3263; x_wconf 90' lang='lat' dir='ltr'>nihil</span> <span class='ocrx_word' id='word_1_283' title='bbox 1258 3227 1387 3264; x_wconf 90' lang='lat' dir='ltr'>esse</span> <span class='ocrx_word' id='word_1_284' title='bbox 1416 3226 1987 3282; x_wconf 88' lang='lat' dir='ltr'>recognosceremus.</span> 
     </span>
    </p>
   </div>
   <div class='ocr_carea' id='block_1_35' title="bbox 2164 637 3805 709">
    <p class='ocr_par' dir='ltr' id='par_1_35' title="bbox 2164 637 3805 709">
     <span class='ocr_line' id='line_1_35' title="bbox 2164 637 3805 709; baseline 0.001 -18"><span class='ocrx_word' id='word_1_285' title='bbox 2164 637 2344 709; x_wconf 74' lang='lat' dir='ltr'>thytis</span> <span class='ocrx_word' id='word_1_286' title='bbox 2374 638 2754 705; x_wconf 86' lang='lat' dir='ltr'>abstinerent,</span> <span class='ocrx_word' id='word_1_287' title='bbox 2788 638 2888 693; x_wconf 87' lang='lat' dir='ltr'>sed</span> <span class='ocrx_word' id='word_1_288' title='bbox 2920 642 2975 692; x_wconf 92' lang='lat' dir='ltr'>et</span> <span class='ocrx_word' id='word_1_289' title='bbox 3006 637 3300 709; x_wconf 81' lang='lat' dir='ltr'>ﬁgmentis</span> <span class='ocrx_word' id='word_1_290' title='bbox 3329 641 3633 709; x_wconf 88' lang='lat' dir='ltr'>poetarum</span> <span class='ocrx_word' id='word_1_291' title='bbox 3669 654 3805 709; x_wconf 85' lang='lat' dir='ltr'>ope—</span> 
     </span>
    </p>
   </div>
   <div class='ocr_carea' id='block_1_36' title="bbox 2164 726 3811 793">
    <p class='ocr_par' dir='ltr' id='par_1_36' title="bbox 2164 726 3811 793">
     <span class='ocr_line' id='line_1_36' title="bbox 2164 726 3811 793; baseline 0.001 -14"><span class='ocrx_word' id='word_1_292' title='bbox 2164 743 2285 780; x_wconf 86' lang='lat' dir='ltr'>ram</span> <span class='ocrx_word' id='word_1_293' title='bbox 2323 743 2435 781; x_wconf 90' lang='lat' dir='ltr'>non</span> <span class='ocrx_word' id='word_1_294' title='bbox 2470 727 2691 793; x_wconf 86' lang='lat' dir='ltr'>darent,</span> <span class='ocrx_word' id='word_1_295' title='bbox 2730 731 2793 781; x_wconf 90' lang='lat' dir='ltr'>ut</span> <span class='ocrx_word' id='word_1_296' title='bbox 2847 726 3114 782; x_wconf 78' lang='lat' dir='ltr'>infirmos</span> <span class='ocrx_word' id='word_1_297' title='bbox 3164 743 3279 783; x_wconf 90' lang='lat' dir='ltr'>non</span> <span class='ocrx_word' id='word_1_298' title='bbox 3324 726 3811 783; x_wconf 87' lang='lat' dir='ltr'>scandalizarent.</span> 
     </span>
    </p>
   </div>
   <div class='ocr_carea' id='block_1_37' title="bbox 2165 814 3815 886">
    <p class='ocr_par' dir='ltr' id='par_1_37' title="bbox 2165 814 3815 886">
     <span class='ocr_line' id='line_1_37' title="bbox 2165 814 3815 886; baseline 0 -17"><span class='ocrx_word' id='word_1_299' title='bbox 2165 814 2368 869; x_wconf 90' lang='lat' dir='ltr'>Omnis</span> <span class='ocrx_word' id='word_1_300' title='bbox 2398 815 2555 870; x_wconf 89' lang='lat' dir='ltr'>enim</span> <span class='ocrx_word' id='word_1_301' title='bbox 2603 833 2794 871; x_wconf 88' lang='lat' dir='ltr'>sermo</span> <span class='ocrx_word' id='word_1_302' title='bbox 2828 820 2927 871; x_wconf 88' lang='lat' dir='ltr'>aut</span> <span class='ocrx_word' id='word_1_303' title='bbox 2959 816 3191 872; x_wconf 85' lang='lat' dir='ltr'>diabolo</span> <span class='ocrx_word' id='word_1_304' title='bbox 3221 821 3505 886; x_wconf 87' lang='lat' dir='ltr'>sacratur,</span> <span class='ocrx_word' id='word_1_305' title='bbox 3540 822 3647 872; x_wconf 89' lang='lat' dir='ltr'>aut</span> <span class='ocrx_word' id='word_1_306' title='bbox 3676 816 3815 871; x_wconf 90' lang='lat' dir='ltr'>Deo.</span> 
     </span>
    </p>
   </div>
   <div class='ocr_carea' id='block_1_38' title="bbox 2167 902 3819 976">
    <p class='ocr_par' dir='ltr' id='par_1_38' title="bbox 2167 902 3819 976">
     <span class='ocr_line' id='line_1_38' title="bbox 2167 902 3819 976; baseline 0.002 -19"><span class='ocrx_word' id='word_1_307' title='bbox 2167 902 2266 957; x_wconf 92' lang='lat' dir='ltr'>Ille</span> <span class='ocrx_word' id='word_1_308' title='bbox 2298 920 2448 974; x_wconf 88' lang='lat' dir='ltr'>vero,</span> <span class='ocrx_word' id='word_1_309' title='bbox 2482 904 2579 975; x_wconf 92' lang='lat' dir='ltr'>qui</span> <span class='ocrx_word' id='word_1_310' title='bbox 2616 922 2721 960; x_wconf 90' lang='lat' dir='ltr'>nos</span> <span class='ocrx_word' id='word_1_311' title='bbox 2753 906 2823 959; x_wconf 88' lang='lat' dir='ltr'>ad</span> <span class='ocrx_word' id='word_1_312' title='bbox 2857 905 3617 976; x_wconf 77' lang='lat' dir='ltr'>munditiam,,castitatem,</span> <span class='ocrx_word' id='word_1_313' title='bbox 3642 909 3819 976; x_wconf 86' lang='lat' dir='ltr'>atque</span> 
     </span>
    </p>
   </div>
   <div class='ocr_carea' id='block_1_39' title="bbox 2166 992 3820 1066">
    <p class='ocr_par' dir='ltr' id='par_1_39' title="bbox 2166 992 3820 1066">
     <span class='ocr_line' id='line_1_39' title="bbox 2166 992 3820 1066; baseline 0.001 -19"><span class='ocrx_word' id='word_1_314' title='bbox 2166 992 2561 1059; x_wconf 84' lang='lat' dir='ltr'>sobrietatem,</span> <span class='ocrx_word' id='word_1_315' title='bbox 2585 1001 2641 1048; x_wconf 89' lang='lat' dir='ltr'>et</span> <span class='ocrx_word' id='word_1_316' title='bbox 2672 994 2890 1050; x_wconf 87' lang='lat' dir='ltr'>similia</span> <span class='ocrx_word' id='word_1_317' title='bbox 2923 1000 3215 1065; x_wconf 88' lang='lat' dir='ltr'>provocat,</span> <span class='ocrx_word' id='word_1_318' title='bbox 3238 995 3353 1050; x_wconf 91' lang='lat' dir='ltr'>Deo</span> <span class='ocrx_word' id='word_1_319' title='bbox 3384 996 3589 1066; x_wconf 88' lang='lat' dir='ltr'>utique</span> <span class='ocrx_word' id='word_1_320' title='bbox 3612 1012 3820 1049; x_wconf 83' lang='lat' dir='ltr'>conse—</span> 
     </span>
    </p>
   </div>
   <div class='ocr_carea' id='block_1_40' title="bbox 2166 1083 3820 1154">
    <p class='ocr_par' dir='ltr' id='par_1_40' title="bbox 2166 1083 3820 1154">
     <span class='ocr_line' id='line_1_40' title="bbox 2166 1083 3820 1154; baseline 0.001 -17"><span class='ocrx_word' id='word_1_321' title='bbox 2166 1086 2399 1150; x_wconf 86' lang='lat' dir='ltr'>cratur;</span> <span class='ocrx_word' id='word_1_322' title='bbox 2434 1083 2531 1154; x_wconf 90' lang='lat' dir='ltr'>qui</span> <span class='ocrx_word' id='word_1_323' title='bbox 2584 1088 2775 1138; x_wconf 77' lang='lat' dir='ltr'>autem</span> <span class='ocrx_word' id='word_1_324' title='bbox 2832 1085 2902 1138; x_wconf 88' lang='lat' dir='ltr'>ad</span> <span class='ocrx_word' id='word_1_325' title='bbox 2953 1084 3265 1151; x_wconf 82' lang='lat' dir='ltr'>contraria,</span> <span class='ocrx_word' id='word_1_326' title='bbox 3299 1085 3670 1140; x_wconf 66' lang='lat' dir='ltr'>daemonibus</span> <span class='ocrx_word' id='word_1_327' title='bbox 3704 1101 3820 1139; x_wconf 89' lang='lat' dir='ltr'>non</span> 
     </span>
    </p>
   </div>
   <div class='ocr_carea' id='block_1_41' title="bbox 2167 1171 2859 1227">
    <p class='ocr_par' dir='ltr' id='par_1_41' title="bbox 2167 1171 2859 1227">
     <span class='ocr_line' id='line_1_41' title="bbox 2167 1171 2859 1227; baseline 0.001 -2"><span class='ocrx_word' id='word_1_328' title='bbox 2167 1171 2469 1226; x_wconf 89' lang='lat' dir='ltr'>dubitatur</span> <span class='ocrx_word' id='word_1_329' title='bbox 2497 1172 2859 1227; x_wconf 88' lang='lat' dir='ltr'>immolatus.</span> 
     </span>
    </p>
   </div>
   <div class='ocr_carea' id='block_1_42' title="bbox 2240 1261 3816 1331">
    <p class='ocr_par' dir='ltr' id='par_1_42' title="bbox 2240 1261 3816 1331">
     <span class='ocr_line' id='line_1_42' title="bbox 2240 1261 3816 1331; baseline 0.002 -16"><span class='ocrx_word' id='word_1_330' title='bbox 2240 1261 2561 1331; x_wconf 80' lang='lat' dir='ltr'>Sequitur:</span> <span class='ocrx_word' id='word_1_331' title='bbox 2618 1264 2751 1317; x_wconf 84' lang='lat' dir='ltr'>Esca</span> <span class='ocrx_word' id='word_1_332' title='bbox 2795 1265 2977 1318; x_wconf 87' lang='lat' dir='ltr'>autem</span> <span class='ocrx_word' id='word_1_333' title='bbox 3024 1280 3119 1319; x_wconf 89' lang='lat' dir='ltr'>nos</span> <span class='ocrx_word' id='word_1_334' title='bbox 3167 1280 3277 1319; x_wconf 90' lang='lat' dir='ltr'>non</span> <span class='ocrx_word' id='word_1_335' title='bbox 3304 1265 3649 1320; x_wconf 83' lang='lat' dir='ltr'>commendat</span> <span class='ocrx_word' id='word_1_336' title='bbox 3685 1269 3816 1320; x_wconf 82' lang='lat' dir='ltr'>Deo.</span> 
     </span>
    </p>
   </div>
   <div class='ocr_carea' id='block_1_43' title="bbox 2173 1351 3819 1425">
    <p class='ocr_par' dir='ltr' id='par_1_43' title="bbox 2173 1351 3819 1425">
     <span class='ocr_line' id='line_1_43' title="bbox 2173 1351 3819 1425; baseline 0.005 -24"><span class='ocrx_word' id='word_1_337' title='bbox 2173 1352 2237 1402; x_wconf 63' lang='lat' dir='ltr'>lit</span> <span class='ocrx_word' id='word_1_338' title='bbox 2285 1355 2372 1403; x_wconf 87' lang='lat' dir='ltr'>est</span> <span class='ocrx_word' id='word_1_339' title='bbox 2424 1367 2632 1405; x_wconf 84' lang='lat' dir='ltr'>sensus</span> <span class='ocrx_word' id='word_1_340' title='bbox 2667 1368 2680 1405; x_wconf 89' lang='lat'>:</span> <span class='ocrx_word' id='word_1_341' title='bbox 2733 1351 2792 1405; x_wconf 92' lang='lat' dir='ltr'>Si</span> <span class='ocrx_word' id='word_1_342' title='bbox 2842 1367 2975 1407; x_wconf 89' lang='lat' dir='ltr'>esca</span> <span class='ocrx_word' id='word_1_343' title='bbox 3018 1368 3131 1406; x_wconf 92' lang='lat' dir='ltr'>non</span> <span class='ocrx_word' id='word_1_344' title='bbox 3173 1353 3362 1407; x_wconf 88' lang='lat' dir='ltr'>reddit</span> <span class='ocrx_word' id='word_1_345' title='bbox 3395 1370 3501 1408; x_wconf 88' lang='lat' dir='ltr'>nos</span> <span class='ocrx_word' id='word_1_346' title='bbox 3531 1353 3819 1425; x_wconf 82' lang='lat' dir='ltr'>gratiores</span> 
     </span>
    </p>
   </div>
   <div class='ocr_carea' id='block_1_44' title="bbox 2171 1438 3817 1513">
    <p class='ocr_par' dir='ltr' id='par_1_44' title="bbox 2171 1438 3817 1513">
     <span class='ocr_line' id='line_1_44' title="bbox 2171 1438 3817 1513; baseline 0.004 -22"><span class='ocrx_word' id='word_1_347' title='bbox 2171 1438 2306 1502; x_wconf 90' lang='lat' dir='ltr'>Deo,</span> <span class='ocrx_word' id='word_1_348' title='bbox 2332 1454 2519 1508; x_wconf 87' lang='lat' dir='ltr'>neque</span> <span class='ocrx_word' id='word_1_349' title='bbox 2552 1439 2744 1510; x_wconf 89' lang='lat' dir='ltr'>ipsum</span> <span class='ocrx_word' id='word_1_350' title='bbox 2770 1440 2957 1511; x_wconf 87' lang='lat' dir='ltr'>magis</span> <span class='ocrx_word' id='word_1_351' title='bbox 2987 1441 3125 1495; x_wconf 90' lang='lat' dir='ltr'>facit</span> <span class='ocrx_word' id='word_1_352' title='bbox 3144 1442 3313 1497; x_wconf 89' lang='lat' dir='ltr'>nobis</span> <span class='ocrx_word' id='word_1_353' title='bbox 3344 1442 3691 1513; x_wconf 84' lang='lat' dir='ltr'>propitium,</span> <span class='ocrx_word' id='word_1_354' title='bbox 3720 1459 3817 1497; x_wconf 90' lang='lat' dir='ltr'>ne-</span> 
     </span>
    </p>
   </div>
   <div class='ocr_carea' id='block_1_45' title="bbox 2171 1526 3821 1603">
    <p class='ocr_par' dir='ltr' id='par_1_45' title="bbox 2171 1526 3821 1603">
     <span class='ocr_line' id='line_1_45' title="bbox 2171 1526 3821 1603; baseline 0.004 -24"><span class='ocrx_word' id='word_1_355' title='bbox 2171 1543 2282 1596; x_wconf 89' lang='lat' dir='ltr'>que</span> <span class='ocrx_word' id='word_1_356' title='bbox 2313 1526 2361 1580; x_wconf 92' lang='lat' dir='ltr'>si</span> <span class='ocrx_word' id='word_1_357' title='bbox 2396 1543 2510 1581; x_wconf 87' lang='lat' dir='ltr'>non</span> <span class='ocrx_word' id='word_1_358' title='bbox 2542 1528 2991 1595; x_wconf 86' lang='lat' dir='ltr'>manducamus,</span> <span class='ocrx_word' id='word_1_359' title='bbox 3026 1529 3401 1595; x_wconf 72' lang='lat' dir='ltr'>offendimus,</span> <span class='ocrx_word' id='word_1_360' title='bbox 3422 1547 3528 1585; x_wconf 92' lang='lat' dir='ltr'>cur</span> <span class='ocrx_word' id='word_1_361' title='bbox 3557 1548 3661 1585; x_wconf 86' lang='lat' dir='ltr'>vos</span> <span class='ocrx_word' id='word_1_362' title='bbox 3694 1548 3821 1603; x_wconf 87' lang='lat' dir='ltr'>pro-</span> 
     </span>
    </p>
   </div>
   <div class='ocr_carea' id='block_1_46' title="bbox 2173 1616 3821 1691">
    <p class='ocr_par' dir='ltr' id='par_1_46' title="bbox 2173 1616 3821 1691">
     <span class='ocr_line' id='line_1_46' title="bbox 2173 1616 3821 1691; baseline 0.004 -23"><span class='ocrx_word' id='word_1_363' title='bbox 2173 1618 2301 1685; x_wconf 88' lang='lat' dir='ltr'>pter</span> <span class='ocrx_word' id='word_1_364' title='bbox 2328 1631 2491 1669; x_wconf 88' lang='lat' dir='ltr'>escas</span> <span class='ocrx_word' id='word_1_365' title='bbox 2516 1616 2721 1671; x_wconf 82' lang='lat' dir='ltr'>fratres</span> <span class='ocrx_word' id='word_1_366' title='bbox 2746 1616 3141 1673; x_wconf 86' lang='lat' dir='ltr'>scandalizare</span> <span class='ocrx_word' id='word_1_367' title='bbox 3172 1635 3287 1673; x_wconf 91' lang='lat' dir='ltr'>non</span> <span class='ocrx_word' id='word_1_368' title='bbox 3318 1619 3541 1675; x_wconf 88' lang='lat' dir='ltr'>timetis</span> <span class='ocrx_word' id='word_1_369' title='bbox 3562 1620 3590 1673; x_wconf 84' lang='lat'><strong><em>?</em></strong></span> <span class='ocrx_word' id='word_1_370' title='bbox 3618 1620 3821 1691; x_wconf 87' lang='lat' dir='ltr'>Sequi-</span> 
     </span>
    </p>
   </div>
   <div class='ocr_carea' id='block_1_47' title="bbox 2171 1702 3821 1775">
    <p class='ocr_par' dir='ltr' id='par_1_47' title="bbox 2171 1702 3821 1775">
     <span class='ocr_line' id='line_1_47' title="bbox 2171 1702 3821 1775; baseline 0.006 -22"><span class='ocrx_word' id='word_1_371' title='bbox 2171 1705 2268 1755; x_wconf 89' lang='lat' dir='ltr'>tur</span> <span class='ocrx_word' id='word_1_372' title='bbox 2303 1718 2313 1755; x_wconf 91' lang='lat'>:</span> <span class='ocrx_word' id='word_1_373' title='bbox 2370 1702 2551 1771; x_wconf 77' lang='lat' dir='ltr'>Neque</span> <span class='ocrx_word' id='word_1_374' title='bbox 2580 1704 2629 1756; x_wconf 90' lang='lat' dir='ltr'>si</span> <span class='ocrx_word' id='word_1_375' title='bbox 2656 1702 3168 1759; x_wconf 85' lang='lat' dir='ltr'>manducaverimus</span> <span class='ocrx_word' id='word_1_376' title='bbox 3199 1706 3592 1775; x_wconf 85' lang='lat' dir='ltr'>(subauditur,</span> <span class='ocrx_word' id='word_1_377' title='bbox 3633 1706 3821 1763; x_wconf 83' lang='lat' dir='ltr'>idolo-</span> 
     </span>
    </p>
   </div>
   <div class='ocr_carea' id='block_1_48' title="bbox 2172 1789 3825 1863">
    <p class='ocr_par' dir='ltr' id='par_1_48' title="bbox 2172 1789 3825 1863">
     <span class='ocr_line' id='line_1_48' title="bbox 2172 1789 3825 1863; baseline 0.005 -21"><span class='ocrx_word' id='word_1_378' title='bbox 2172 1789 2356 1861; x_wconf 84' lang='lat' dir='ltr'>thyta)</span> <span class='ocrx_word' id='word_1_379' title='bbox 2407 1789 2829 1858; x_wconf 78' lang='lat' dir='ltr'>abundabimus,</span> <span class='ocrx_word' id='word_1_380' title='bbox 2865 1789 2974 1847; x_wconf 91' lang='lat' dir='ltr'>hoc</span> <span class='ocrx_word' id='word_1_381' title='bbox 3023 1797 3134 1858; x_wconf 86' lang='lat' dir='ltr'>est,</span> <span class='ocrx_word' id='word_1_382' title='bbox 3183 1793 3423 1849; x_wconf 90' lang='lat' dir='ltr'>ditiores</span> <span class='ocrx_word' id='word_1_383' title='bbox 3478 1795 3726 1863; x_wconf 88' lang='lat' dir='ltr'>erimus,</span> <span class='ocrx_word' id='word_1_384' title='bbox 3760 1802 3825 1851; x_wconf 87' lang='lat' dir='ltr'>ut</span> 
     </span>
    </p>
   </div>
   <div class='ocr_carea' id='block_1_49' title="bbox 2173 1877 3823 1954">
    <p class='ocr_par' dir='ltr' id='par_1_49' title="bbox 2173 1877 3823 1954">
     <span class='ocr_line' id='line_1_49' title="bbox 2173 1877 3823 1954; baseline 0.005 -22"><span class='ocrx_word' id='word_1_385' title='bbox 2173 1877 2302 1933; x_wconf 88' lang='lat' dir='ltr'>aliis</span> <span class='ocrx_word' id='word_1_386' title='bbox 2330 1877 2473 1933; x_wconf 74' lang='lat' dir='ltr'>ciliis</span> <span class='ocrx_word' id='word_1_387' title='bbox 2513 1896 2627 1933; x_wconf 91' lang='lat' dir='ltr'>non</span> <span class='ocrx_word' id='word_1_388' title='bbox 2676 1879 3089 1950; x_wconf 85' lang='lat' dir='ltr'>indigeamus:</span> <span class='ocrx_word' id='word_1_389' title='bbox 3138 1899 3312 1954; x_wconf 85' lang='lat' dir='ltr'>neque</span> <span class='ocrx_word' id='word_1_390' title='bbox 3356 1885 3407 1938; x_wconf 89' lang='lat' dir='ltr'>si</span> <span class='ocrx_word' id='word_1_391' title='bbox 3454 1884 3823 1940; x_wconf 70' lang='lat' dir='ltr'>manducare-</span> 
     </span>
    </p>
   </div>
   <div class='ocr_carea' id='block_1_50' title="bbox 2174 1968 3822 2044">
    <p class='ocr_par' dir='ltr' id='par_1_50' title="bbox 2174 1968 3822 2044">
     <span class='ocr_line' id='line_1_50' title="bbox 2174 1968 3822 2044; baseline 0.006 -24"><span class='ocrx_word' id='word_1_392' title='bbox 2174 1969 2373 2033; x_wconf 86' lang='lat' dir='ltr'>rimus,</span> <span class='ocrx_word' id='word_1_393' title='bbox 2406 1968 2719 2036; x_wconf 83' lang='lat' dir='ltr'>deﬁczemus</span> <span class='ocrx_word' id='word_1_394' title='bbox 2741 1985 2761 2030; x_wconf 87' lang='lat'><strong><em>;</em></strong></span> <span class='ocrx_word' id='word_1_395' title='bbox 2809 1970 2947 2040; x_wconf 90' lang='lat' dir='ltr'>quia</span> <span class='ocrx_word' id='word_1_396' title='bbox 2976 1976 3147 2026; x_wconf 89' lang='lat' dir='ltr'>erunt</span> <span class='ocrx_word' id='word_1_397' title='bbox 3176 1971 3271 2027; x_wconf 88' lang='lat' dir='ltr'>alii</span> <span class='ocrx_word' id='word_1_398' title='bbox 3306 1971 3439 2038; x_wconf 88' lang='lat' dir='ltr'>cibi,</span> <span class='ocrx_word' id='word_1_399' title='bbox 3472 1973 3691 2044; x_wconf 85' lang='lat' dir='ltr'>quibus</span> <span class='ocrx_word' id='word_1_400' title='bbox 3723 1992 3822 2029; x_wconf 87' lang='lat' dir='ltr'>su-</span> 
     </span>
    </p>
   </div>
   <div class='ocr_carea' id='block_1_51' title="bbox 2175 2056 3821 2131">
    <p class='ocr_par' dir='ltr' id='par_1_51' title="bbox 2175 2056 3821 2131">
     <span class='ocr_line' id='line_1_51' title="bbox 2175 2056 3821 2131; baseline 0.006 -23"><span class='ocrx_word' id='word_1_401' title='bbox 2175 2060 2514 2110; x_wconf 84' lang='lat' dir='ltr'>stentemur.</span> <span class='ocrx_word' id='word_1_402' title='bbox 2540 2057 2607 2109; x_wconf 84' lang='lat' dir='ltr'>Et</span> <span class='ocrx_word' id='word_1_403' title='bbox 2640 2056 2747 2111; x_wconf 89' lang='lat' dir='ltr'>hoc</span> <span class='ocrx_word' id='word_1_404' title='bbox 2780 2058 3083 2113; x_wconf 88' lang='lat' dir='ltr'>sciendum</span> <span class='ocrx_word' id='word_1_405' title='bbox 3118 2060 3255 2131; x_wconf 89' lang='lat' dir='ltr'>quia</span> <span class='ocrx_word' id='word_1_406' title='bbox 3286 2060 3455 2115; x_wconf 88' lang='lat' dir='ltr'>multi</span> <span class='ocrx_word' id='word_1_407' title='bbox 3489 2062 3821 2117; x_wconf 84' lang='lat' dir='ltr'>Corinthiu-</span> 
     </span>
    </p>
   </div>
   <div class='ocr_carea' id='block_1_52' title="bbox 2175 2144 3825 2218">
    <p class='ocr_par' dir='ltr' id='par_1_52' title="bbox 2175 2144 3825 2218">
     <span class='ocr_line' id='line_1_52' title="bbox 2175 2144 3825 2218; baseline 0.005 -21"><span class='ocrx_word' id='word_1_408' title='bbox 2175 2160 2303 2198; x_wconf 90' lang='lat' dir='ltr'>rum</span> <span class='ocrx_word' id='word_1_409' title='bbox 2339 2144 2480 2198; x_wconf 86' lang='lat' dir='ltr'>adeo</span> <span class='ocrx_word' id='word_1_410' title='bbox 2513 2149 2675 2199; x_wconf 89' lang='lat' dir='ltr'>erant</span> <span class='ocrx_word' id='word_1_411' title='bbox 2706 2147 3060 2202; x_wconf 82' lang='lat' dir='ltr'>corroborati</span> <span class='ocrx_word' id='word_1_412' title='bbox 3091 2147 3148 2203; x_wconf 91' lang='lat' dir='ltr'>in</span> <span class='ocrx_word' id='word_1_413' title='bbox 3183 2149 3314 2218; x_wconf 81' lang='lat' dir='ltr'>fide,</span> <span class='ocrx_word' id='word_1_414' title='bbox 3350 2154 3413 2204; x_wconf 93' lang='lat' dir='ltr'>ut</span> <span class='ocrx_word' id='word_1_415' title='bbox 3462 2152 3664 2207; x_wconf 87' lang='lat' dir='ltr'>omnia</span> <span class='ocrx_word' id='word_1_416' title='bbox 3712 2153 3825 2207; x_wconf 90' lang='lat' dir='ltr'>sibi</span> 
     </span>
    </p>
   </div>
   <div class='ocr_carea' id='block_1_53' title="bbox 2174 2232 3822 2309">
    <p class='ocr_par' dir='ltr' id='par_1_53' title="bbox 2174 2232 3822 2309">
     <span class='ocr_line' id='line_1_53' title="bbox 2174 2232 3822 2309; baseline 0.007 -24"><span class='ocrx_word' id='word_1_417' title='bbox 2174 2234 2471 2287; x_wconf 84' lang='lat' dir='ltr'>crederent</span> <span class='ocrx_word' id='word_1_418' title='bbox 2505 2232 2682 2299; x_wconf 86' lang='lat' dir='ltr'>licita,</span> <span class='ocrx_word' id='word_1_419' title='bbox 2714 2240 2769 2289; x_wconf 91' lang='lat' dir='ltr'>et</span> <span class='ocrx_word' id='word_1_420' title='bbox 2799 2235 2941 2289; x_wconf 78' lang='lat' dir='ltr'>nihil</span> <span class='ocrx_word' id='word_1_421' title='bbox 2975 2253 3197 2303; x_wconf 84' lang='lat' dir='ltr'>eorum,</span> <span class='ocrx_word' id='word_1_422' title='bbox 3227 2253 3354 2309; x_wconf 65' lang='lat' dir='ltr'>quae</span> <span class='ocrx_word' id='word_1_423' title='bbox 3387 2236 3443 2293; x_wconf 90' lang='lat' dir='ltr'>in</span> <span class='ocrx_word' id='word_1_424' title='bbox 3476 2255 3541 2293; x_wconf 87' lang='lat' dir='ltr'>os</span> <span class='ocrx_word' id='word_1_425' title='bbox 3572 2240 3822 2309; x_wconf 87' lang='lat' dir='ltr'>intrant,</span> 
     </span>
    </p>
   </div>
   <div class='ocr_carea' id='block_1_54' title="bbox 2175 2322 3822 2397">
    <p class='ocr_par' dir='ltr' id='par_1_54' title="bbox 2175 2322 3822 2397">
     <span class='ocr_line' id='line_1_54' title="bbox 2175 2322 3822 2397; baseline 0.005 -22"><span class='ocrx_word' id='word_1_426' title='bbox 2175 2322 2328 2375; x_wconf 88' lang='lat' dir='ltr'>sicut</span> <span class='ocrx_word' id='word_1_427' title='bbox 2379 2322 2656 2377; x_wconf 89' lang='lat' dir='ltr'>Dominus</span> <span class='ocrx_word' id='word_1_428' title='bbox 2707 2322 2864 2390; x_wconf 92' lang='lat' dir='ltr'>dicit,</span> <span class='ocrx_word' id='word_1_429' title='bbox 2916 2326 3293 2397; x_wconf 88' lang='lat' dir='ltr'>coinquinare</span> <span class='ocrx_word' id='word_1_430' title='bbox 3322 2327 3542 2395; x_wconf 83' lang='lat' dir='ltr'>(Matth.</span> <span class='ocrx_word' id='word_1_431' title='bbox 3593 2346 3690 2395; x_wconf 82' lang='lat' dir='ltr'>xv,</span> <span class='ocrx_word' id='word_1_432' title='bbox 3736 2332 3822 2395; x_wconf 85' lang='grc'>11,</span> 
     </span>
    </p>
   </div>
   <div class='ocr_carea' id='block_1_55' title="bbox 2173 2410 3821 2488">
    <p class='ocr_par' dir='ltr' id='par_1_55' title="bbox 2173 2410 3821 2488">
     <span class='ocr_line' id='line_1_55' title="bbox 2173 2410 3821 2488; baseline 0.007 -26"><span class='ocrx_word' id='word_1_433' title='bbox 2173 2410 2285 2480; x_wconf 81' lang='lat'>20),</span> <span class='ocrx_word' id='word_1_434' title='bbox 2319 2415 2373 2464; x_wconf 89' lang='lat' dir='ltr'>et</span> <span class='ocrx_word' id='word_1_435' title='bbox 2418 2411 2544 2465; x_wconf 86' lang='lat' dir='ltr'>ideo</span> <span class='ocrx_word' id='word_1_436' title='bbox 2591 2428 2703 2467; x_wconf 91' lang='lat' dir='ltr'>non</span> <span class='ocrx_word' id='word_1_437' title='bbox 2737 2412 3086 2468; x_wconf 76' lang='lat' dir='ltr'>haesitabant</span> <span class='ocrx_word' id='word_1_438' title='bbox 3116 2415 3438 2488; x_wconf 75' lang='lat' dir='ltr'>idolothyta</span> <span class='ocrx_word' id='word_1_439' title='bbox 3471 2419 3779 2474; x_wconf 89' lang='lat' dir='ltr'>comedere</span> <span class='ocrx_word' id='word_1_440' title='bbox 3808 2437 3821 2483; x_wconf 88' lang='lat'>;</span> 
     </span>
    </p>
   </div>
   <div class='ocr_carea' id='block_1_56' title="bbox 2174 2498 3825 2564">
    <p class='ocr_par' dir='ltr' id='par_1_56' title="bbox 2174 2498 3825 2564">
     <span class='ocr_line' id='line_1_56' title="bbox 2174 2498 3825 2564; baseline 0.007 -13"><span class='ocrx_word' id='word_1_441' title='bbox 2174 2498 2391 2552; x_wconf 77' lang='lat' dir='ltr'>infirmi</span> <span class='ocrx_word' id='word_1_442' title='bbox 2420 2516 2552 2554; x_wconf 88' lang='lat' dir='ltr'>vero</span> <span class='ocrx_word' id='word_1_443' title='bbox 2592 2501 2852 2557; x_wconf 79' lang='lat' dir='ltr'>videntes</span> <span class='ocrx_word' id='word_1_444' title='bbox 2885 2503 3453 2560; x_wconf 81' lang='lat' dir='ltr'>scandalizabantur.</span> <span class='ocrx_word' id='word_1_445' title='bbox 3490 2506 3555 2560; x_wconf 84' lang='lat' dir='ltr'>Et</span> <span class='ocrx_word' id='word_1_446' title='bbox 3607 2507 3825 2564; x_wconf 86' lang='lat' dir='ltr'>idcirco</span> 
     </span>
    </p>
   </div>
   <div class='ocr_carea' id='block_1_57' title="bbox 2174 2587 3828 2661">
    <p class='ocr_par' dir='ltr' id='par_1_57' title="bbox 2174 2587 3828 2661">
     <span class='ocr_line' id='line_1_57' title="bbox 2174 2587 3828 2661; baseline 0.007 -20"><span class='ocrx_word' id='word_1_447' title='bbox 2174 2604 2288 2642; x_wconf 90' lang='lat' dir='ltr'>non</span> <span class='ocrx_word' id='word_1_448' title='bbox 2322 2587 2513 2642; x_wconf 89' lang='lat' dir='ltr'>solum</span> <span class='ocrx_word' id='word_1_449' title='bbox 2545 2589 2618 2643; x_wconf 91' lang='lat' dir='ltr'>ab</span> <span class='ocrx_word' id='word_1_450' title='bbox 2668 2589 2806 2653; x_wconf 91' lang='lat' dir='ltr'>illis,</span> <span class='ocrx_word' id='word_1_451' title='bbox 2840 2591 2941 2645; x_wconf 88' lang='lat' dir='ltr'>sed</span> <span class='ocrx_word' id='word_1_452' title='bbox 2993 2593 3224 2661; x_wconf 89' lang='lat' dir='ltr'>penitus</span> <span class='ocrx_word' id='word_1_453' title='bbox 3271 2610 3331 2647; x_wconf 90' lang='lat' dir='ltr'>se</span> <span class='ocrx_word' id='word_1_454' title='bbox 3380 2610 3415 2647; x_wconf 87' lang='lat' dir='ltr'>a</span> <span class='ocrx_word' id='word_1_455' title='bbox 3460 2611 3661 2661; x_wconf 87' lang='lat' dir='ltr'>carne,</span> <span class='ocrx_word' id='word_1_456' title='bbox 3696 2601 3755 2651; x_wconf 90' lang='lat' dir='ltr'>et</span> <span class='ocrx_word' id='word_1_457' title='bbox 3796 2614 3828 2651; x_wconf 86' lang='lat' dir='ltr'>a</span> 
     </span>
    </p>
   </div>
   <div class='ocr_carea' id='block_1_58' title="bbox 2173 2677 3825 2752">
    <p class='ocr_par' dir='ltr' id='par_1_58' title="bbox 2173 2677 3825 2752">
     <span class='ocr_line' id='line_1_58' title="bbox 2173 2677 3825 2752; baseline 0.005 -23"><span class='ocrx_word' id='word_1_458' title='bbox 2173 2677 2306 2730; x_wconf 90' lang='lat' dir='ltr'>vino</span> <span class='ocrx_word' id='word_1_459' title='bbox 2332 2677 2741 2744; x_wconf 86' lang='lat' dir='ltr'>abstinebant;</span> <span class='ocrx_word' id='word_1_460' title='bbox 2775 2679 2914 2749; x_wconf 88' lang='lat' dir='ltr'>quia</span> <span class='ocrx_word' id='word_1_461' title='bbox 2946 2696 3170 2749; x_wconf 90' lang='lat' dir='ltr'>carnes,</span> <span class='ocrx_word' id='word_1_462' title='bbox 3197 2698 3321 2752; x_wconf 71' lang='lat' dir='ltr'>qua:</span> <span class='ocrx_word' id='word_1_463' title='bbox 3353 2681 3528 2739; x_wconf 89' lang='lat' dir='ltr'>idolis</span> <span class='ocrx_word' id='word_1_464' title='bbox 3550 2684 3825 2740; x_wconf 86' lang='lat' dir='ltr'>immola-</span> 
     </span>
    </p>
   </div>
   <div class='ocr_carea' id='block_1_59' title="bbox 2175 2765 3821 2844">
    <p class='ocr_par' dir='ltr' id='par_1_59' title="bbox 2175 2765 3821 2844">
     <span class='ocr_line' id='line_1_59' title="bbox 2175 2765 3821 2844; baseline 0.007 -26"><span class='ocrx_word' id='word_1_465' title='bbox 2175 2765 2408 2835; x_wconf 83' lang='lat' dir='ltr'>bantur,</span> <span class='ocrx_word' id='word_1_466' title='bbox 2434 2766 2490 2820; x_wconf 92' lang='lat' dir='ltr'>in</span> <span class='ocrx_word' id='word_1_467' title='bbox 2520 2766 2760 2822; x_wconf 88' lang='lat' dir='ltr'>macello</span> <span class='ocrx_word' id='word_1_468' title='bbox 2785 2768 3203 2825; x_wconf 89' lang='lat' dir='ltr'>vendebantur.</span> <span class='ocrx_word' id='word_1_469' title='bbox 3233 2770 3299 2825; x_wconf 85' lang='lat' dir='ltr'>Hi</span> <span class='ocrx_word' id='word_1_470' title='bbox 3321 2771 3495 2828; x_wconf 87' lang='lat' dir='ltr'>etiam</span> <span class='ocrx_word' id='word_1_471' title='bbox 3526 2773 3821 2844; x_wconf 87' lang='lat' dir='ltr'>primitias</span> 
     </span>
    </p>
   </div>
   <div class='ocr_carea' id='block_1_60' title="bbox 2172 2854 3829 2927">
    <p class='ocr_par' dir='ltr' id='par_1_60' title="bbox 2172 2854 3829 2927">
     <span class='ocr_line' id='line_1_60' title="bbox 2172 2854 3829 2927; baseline 0.007 -20"><span class='ocrx_word' id='word_1_472' title='bbox 2172 2854 2291 2908; x_wconf 89' lang='lat' dir='ltr'>vini</span> <span class='ocrx_word' id='word_1_473' title='bbox 2340 2854 2509 2910; x_wconf 90' lang='lat' dir='ltr'>idolis</span> <span class='ocrx_word' id='word_1_474' title='bbox 2561 2855 2964 2927; x_wconf 87' lang='lat' dir='ltr'>immolabant,</span> <span class='ocrx_word' id='word_1_475' title='bbox 2998 2864 3055 2913; x_wconf 90' lang='lat' dir='ltr'>et</span> <span class='ocrx_word' id='word_1_476' title='bbox 3104 2859 3389 2916; x_wconf 89' lang='lat' dir='ltr'>nonnulla</span> <span class='ocrx_word' id='word_1_477' title='bbox 3434 2863 3727 2918; x_wconf 78' lang='lat' dir='ltr'>sacrificia</span> <span class='ocrx_word' id='word_1_478' title='bbox 3768 2865 3829 2919; x_wconf 88' lang='lat' dir='ltr'>in</span> 
     </span>
    </p>
   </div>
   <div class='ocr_carea' id='block_1_61' title="bbox 2175 2942 3824 3020">
    <p class='ocr_par' dir='ltr' id='par_1_61' title="bbox 2175 2942 3824 3020">
     <span class='ocr_line' id='line_1_61' title="bbox 2175 2942 3824 3020; baseline 0.007 -25"><span class='ocrx_word' id='word_1_479' title='bbox 2175 2942 2319 3013; x_wconf 85' lang='lat' dir='ltr'>ipsis</span> <span class='ocrx_word' id='word_1_480' title='bbox 2350 2943 2743 3000; x_wconf 87' lang='lat' dir='ltr'>torcularibus</span> <span class='ocrx_word' id='word_1_481' title='bbox 2792 2947 3154 3001; x_wconf 86' lang='lat' dir='ltr'>exercebant.</span> <span class='ocrx_word' id='word_1_482' title='bbox 3188 2950 3257 3003; x_wconf 90' lang='lat' dir='ltr'>Et</span> <span class='ocrx_word' id='word_1_483' title='bbox 3286 2950 3425 3020; x_wconf 88' lang='lat' dir='ltr'>quia</span> <span class='ocrx_word' id='word_1_484' title='bbox 3456 2951 3824 3007; x_wconf 83' lang='lat' dir='ltr'>scandaliza-</span> 
     </span>
    </p>
   </div>
   <div class='ocr_carea' id='block_1_62' title="bbox 2174 3032 3820 3105">
    <p class='ocr_par' dir='ltr' id='par_1_62' title="bbox 2174 3032 3820 3105">
     <span class='ocr_line' id='line_1_62' title="bbox 2174 3032 3820 3105; baseline 0.006 -19"><span class='ocrx_word' id='word_1_485' title='bbox 2174 3032 2406 3097; x_wconf 79' lang='lat' dir='ltr'>bantur,</span> <span class='ocrx_word' id='word_1_486' title='bbox 2441 3033 2580 3087; x_wconf 85' lang='lat' dir='ltr'>dicit</span> <span class='ocrx_word' id='word_1_487' title='bbox 2608 3034 2919 3105; x_wconf 82' lang='lat' dir='ltr'>Apostolus</span> <span class='ocrx_word' id='word_1_488' title='bbox 2956 3052 2968 3089; x_wconf 95' lang='lat'>:</span> <span class='ocrx_word' id='word_1_489' title='bbox 3019 3036 3196 3091; x_wconf 83' lang='lat' dir='ltr'>Videte</span> <span class='ocrx_word' id='word_1_490' title='bbox 3225 3053 3293 3092; x_wconf 90' lang='lat' dir='ltr'>ne</span> <span class='ocrx_word' id='word_1_491' title='bbox 3321 3039 3439 3095; x_wconf 70' lang='lat' dir='ltr'>haec</span> <span class='ocrx_word' id='word_1_492' title='bbox 3468 3041 3700 3095; x_wconf 82' lang='lat' dir='ltr'>licentia</span> <span class='ocrx_word' id='word_1_493' title='bbox 3730 3058 3820 3096; x_wconf 81' lang='lat' dir='ltr'>ve-</span> 
     </span>
    </p>
   </div>
   <div class='ocr_carea' id='block_1_63' title="bbox 2170 3122 3815 3198">
    <p class='ocr_par' dir='ltr' id='par_1_63' title="bbox 2170 3122 3815 3198">
     <span class='ocr_line' id='line_1_63' title="bbox 2170 3122 3815 3198; baseline 0.005 -23"><span class='ocrx_word' id='word_1_494' title='bbox 2170 3124 2287 3176; x_wconf 84' lang='lat' dir='ltr'>stra</span> <span class='ocrx_word' id='word_1_495' title='bbox 2315 3122 2703 3193; x_wconf 79' lang='lat' dir='ltr'>oﬂendiculum</span> <span class='ocrx_word' id='word_1_496' title='bbox 2737 3124 2833 3193; x_wconf 84' lang='lat' dir='ltr'>ﬁat</span> <span class='ocrx_word' id='word_1_497' title='bbox 2865 3126 3143 3195; x_wconf 82' lang='lat' dir='ltr'>inﬁrmis;</span> <span class='ocrx_word' id='word_1_498' title='bbox 3176 3127 3343 3198; x_wconf 90' lang='lat' dir='ltr'>quasi</span> <span class='ocrx_word' id='word_1_499' title='bbox 3376 3128 3597 3184; x_wconf 89' lang='lat' dir='ltr'>diceret</span> <span class='ocrx_word' id='word_1_500' title='bbox 3629 3147 3642 3183; x_wconf 92' lang='lat'>:</span> <span class='ocrx_word' id='word_1_501' title='bbox 3689 3130 3815 3185; x_wconf 87' lang='lat' dir='ltr'>Jam</span> 
     </span>
    </p>
   </div>
   <div class='ocr_carea' id='block_1_64' title="bbox 2173 3211 3823 3287">
    <p class='ocr_par' dir='ltr' id='par_1_64' title="bbox 2173 3211 3823 3287">
     <span class='ocr_line' id='line_1_64' title="bbox 2173 3211 3823 3287; baseline 0.006 -24"><span class='ocrx_word' id='word_1_502' title='bbox 2173 3211 2311 3280; x_wconf 88' lang='lat' dir='ltr'>quia</span> <span class='ocrx_word' id='word_1_503' title='bbox 2336 3212 2533 3266; x_wconf 88' lang='lat' dir='ltr'>omnia</span> <span class='ocrx_word' id='word_1_504' title='bbox 2554 3211 2713 3267; x_wconf 86' lang='lat' dir='ltr'>licita</span> <span class='ocrx_word' id='word_1_505' title='bbox 2734 3213 2918 3283; x_wconf 91' lang='lat' dir='ltr'>scitis,</span> <span class='ocrx_word' id='word_1_506' title='bbox 2939 3214 3126 3269; x_wconf 89' lang='lat' dir='ltr'>videte</span> <span class='ocrx_word' id='word_1_507' title='bbox 3158 3231 3227 3269; x_wconf 90' lang='lat' dir='ltr'>ne</span> <span class='ocrx_word' id='word_1_508' title='bbox 3252 3215 3380 3287; x_wconf 90' lang='lat' dir='ltr'>ipsa</span> <span class='ocrx_word' id='word_1_509' title='bbox 3406 3217 3657 3272; x_wconf 87' lang='lat' dir='ltr'>scientia</span> <span class='ocrx_word' id='word_1_510' title='bbox 3680 3218 3823 3273; x_wconf 83' lang='lat' dir='ltr'>alios</span> 
     </span>
    </p>
   </div>
   <div class='ocr_carea' id='block_1_65' title="bbox 494 3285 3821 3377">
    <p class='ocr_par' dir='ltr' id='par_1_65' title="bbox 494 3285 3821 3377">
     <span class='ocr_line' id='line_1_65' title="bbox 494 3285 3821 3377; baseline 0.001 -20"><span class='ocrx_word' id='word_1_511' title='bbox 494 3301 770 3373; x_wconf 89' lang='lat' dir='ltr'>Sequitur</span> <span class='ocrx_word' id='word_1_512' title='bbox 804 3317 816 3355; x_wconf 92' lang='lat'>:</span> <span class='ocrx_word' id='word_1_513' title='bbox 852 3299 951 3355; x_wconf 84' lang='lat' dir='ltr'>Sed</span> <span class='ocrx_word' id='word_1_514' title='bbox 978 3315 1086 3355; x_wconf 89' lang='lat' dir='ltr'>non</span> <span class='ocrx_word' id='word_1_515' title='bbox 1118 3301 1176 3353; x_wconf 86' lang='lat' dir='ltr'>in</span> <span class='ocrx_word' id='word_1_516' title='bbox 1207 3299 1456 3354; x_wconf 85' lang='lat' dir='ltr'>omnibus</span> <span class='ocrx_word' id='word_1_517' title='bbox 1487 3307 1561 3353; x_wconf 88' lang='lat' dir='ltr'>est</span> <span class='ocrx_word' id='word_1_518' title='bbox 1589 3300 1842 3354; x_wconf 82' lang='lat' dir='ltr'>scientia.</span> <span class='ocrx_word' id='word_1_519' title='bbox 1877 3300 1945 3353; x_wconf 86' lang='lat' dir='ltr'>Et</span> <span class='ocrx_word' id='word_1_520' title='bbox 1974 3308 2062 3355; x_wconf 88' lang='lat' dir='ltr'>est</span> <span class='ocrx_word' id='word_1_521' title='bbox 2093 3285 2135 3351; x_wconf 87' lang='lat' dir='ltr'>C</span> <span class='ocrx_word' id='word_1_522' title='bbox 2176 3300 2446 3354; x_wconf 72' lang='lat' dir='ltr'>offendat.</span> <span class='ocrx_word' id='word_1_523' title='bbox 2473 3300 2898 3356; x_wconf 76' lang='lat' dir='ltr'>Oti‘endiculum</span> <span class='ocrx_word' id='word_1_524' title='bbox 2923 3303 3151 3357; x_wconf 89' lang='lat' dir='ltr'>duobus</span> <span class='ocrx_word' id='word_1_525' title='bbox 3176 3285 3365 3359; x_wconf 83' lang='lat' dir='ltr'>modis</span> <span class='ocrx_word' id='word_1_526' title='bbox 3391 3321 3403 3358; x_wconf 93' lang='lat'>:</span> <span class='ocrx_word' id='word_1_527' title='bbox 3437 3305 3528 3361; x_wconf 88' lang='lat' dir='ltr'>vel</span> <span class='ocrx_word' id='word_1_528' title='bbox 3562 3306 3699 3377; x_wconf 89' lang='lat' dir='ltr'>quia</span> <span class='ocrx_word' id='word_1_529' title='bbox 3725 3323 3821 3361; x_wconf 88' lang='lat' dir='ltr'>re-</span> 
     </span>
    </p>
   </div>
   <div class='ocr_carea' id='block_1_66' title="bbox 424 3386 2064 3454">
    <p class='ocr_par' dir='ltr' id='par_1_66' title="bbox 424 3386 2064 3454">
     <span class='ocr_line' id='line_1_66' title="bbox 424 3386 2064 3454; baseline -0.003 -6"><span class='ocrx_word' id='word_1_530' title='bbox 424 3407 636 3448; x_wconf 88' lang='lat' dir='ltr'>sensus</span> <span class='ocrx_word' id='word_1_531' title='bbox 659 3405 671 3442; x_wconf 76' lang='grc' dir='ltr'>ε</span> <span class='ocrx_word' id='word_1_532' title='bbox 709 3389 865 3445; x_wconf 89' lang='lat' dir='ltr'>Licet</span> <span class='ocrx_word' id='word_1_533' title='bbox 885 3388 1059 3444; x_wconf 88' lang='lat' dir='ltr'>etiam</span> <span class='ocrx_word' id='word_1_534' title='bbox 1083 3388 1380 3442; x_wconf 86' lang='lat' dir='ltr'>credentes</span> <span class='ocrx_word' id='word_1_535' title='bbox 1413 3386 1548 3454; x_wconf 89' lang='lat' dir='ltr'>sint,</span> <span class='ocrx_word' id='word_1_536' title='bbox 1574 3404 1689 3441; x_wconf 87' lang='lat' dir='ltr'>non</span> <span class='ocrx_word' id='word_1_537' title='bbox 1712 3392 1909 3443; x_wconf 90' lang='lat' dir='ltr'>tamen</span> <span class='ocrx_word' id='word_1_538' title='bbox 1942 3404 2064 3443; x_wconf 90' lang='lat' dir='ltr'>om-</span> 
     </span>
    </p>
   </div>
   <div class='ocr_carea' id='block_1_67' title="bbox 427 3473 2066 3541">
    <p class='ocr_par' dir='ltr' id='par_1_67' title="bbox 427 3473 2066 3541">
     <span class='ocr_line' id='line_1_67' title="bbox 427 3473 2066 3541; baseline -0.002 -7"><span class='ocrx_word' id='word_1_539' title='bbox 427 3496 530 3534; x_wconf 92' lang='lat' dir='ltr'>nes</span> <span class='ocrx_word' id='word_1_540' title='bbox 552 3479 725 3533; x_wconf 88' lang='lat' dir='ltr'>istam</span> <span class='ocrx_word' id='word_1_541' title='bbox 748 3476 965 3532; x_wconf 86' lang='lat' dir='ltr'>habent</span> <span class='ocrx_word' id='word_1_542' title='bbox 986 3476 1311 3541; x_wconf 88' lang='lat' dir='ltr'>scientiam,</span> <span class='ocrx_word' id='word_1_543' title='bbox 1338 3479 1402 3529; x_wconf 89' lang='lat' dir='ltr'>ut</span> <span class='ocrx_word' id='word_1_544' title='bbox 1421 3473 1664 3541; x_wconf 89' lang='lat' dir='ltr'>idolum,</span> <span class='ocrx_word' id='word_1_545' title='bbox 1687 3475 1831 3531; x_wconf 87' lang='lat' dir='ltr'>nihil</span> <span class='ocrx_word' id='word_1_546' title='bbox 1858 3476 2066 3532; x_wconf 90' lang='lat' dir='ltr'>intelli-</span> 
     </span>
    </p>
   </div>
   <div class='ocr_carea' id='block_1_68' title="bbox 426 3564 2062 3641">
    <p class='ocr_par' dir='ltr' id='par_1_68' title="bbox 426 3564 2062 3641">
     <span class='ocr_line' id='line_1_68' title="bbox 426 3564 2062 3641; baseline -0.001 -19"><span class='ocrx_word' id='word_1_547' title='bbox 426 3572 587 3641; x_wconf 89' lang='lat' dir='ltr'>gant,</span> <span class='ocrx_word' id='word_1_548' title='bbox 618 3570 679 3622; x_wconf 86' lang='lat' dir='ltr'>et</span> <span class='ocrx_word' id='word_1_549' title='bbox 726 3582 909 3621; x_wconf 92' lang='lat' dir='ltr'>unum</span> <span class='ocrx_word' id='word_1_550' title='bbox 956 3566 1138 3619; x_wconf 89' lang='lat' dir='ltr'>Deum</span> <span class='ocrx_word' id='word_1_551' title='bbox 1190 3568 1530 3636; x_wconf 88' lang='lat' dir='ltr'>agnoscant.</span> <span class='ocrx_word' id='word_1_552' title='bbox 1567 3564 1715 3619; x_wconf 89' lang='lat' dir='ltr'>Sane</span> <span class='ocrx_word' id='word_1_553' title='bbox 1761 3565 2062 3621; x_wconf 89' lang='lat' dir='ltr'>sciendum</span> 
     </span>
    </p>
   </div>
   <div class='ocr_carea' id='block_1_69' title="bbox 426 3652 2066 3729">
    <p class='ocr_par' dir='ltr' id='par_1_69' title="bbox 426 3652 2066 3729">
     <span class='ocr_line' id='line_1_69' title="bbox 426 3652 2066 3729; baseline -0.001 -17"><span class='ocrx_word' id='word_1_554' title='bbox 426 3656 565 3729; x_wconf 85' lang='lat' dir='ltr'>quia</span> <span class='ocrx_word' id='word_1_555' title='bbox 612 3660 778 3711; x_wconf 89' lang='lat' dir='ltr'>erant</span> <span class='ocrx_word' id='word_1_556' title='bbox 826 3652 1091 3709; x_wconf 89' lang='lat' dir='ltr'>nonnulli</span> <span class='ocrx_word' id='word_1_557' title='bbox 1146 3669 1211 3707; x_wconf 86' lang='lat' dir='ltr'>ex</span> <span class='ocrx_word' id='word_1_558' title='bbox 1260 3652 1444 3723; x_wconf 91' lang='lat' dir='ltr'>plebe,</span> <span class='ocrx_word' id='word_1_559' title='bbox 1479 3653 1575 3723; x_wconf 91' lang='lat' dir='ltr'>qui</span> <span class='ocrx_word' id='word_1_560' title='bbox 1632 3653 1822 3708; x_wconf 89' lang='lat' dir='ltr'>adhuc</span> <span class='ocrx_word' id='word_1_561' title='bbox 1870 3671 2066 3711; x_wconf 89' lang='lat' dir='ltr'>amore</span> 
     </span>
    </p>
   </div>
   <div class='ocr_carea' id='block_1_70' title="bbox 421 3741 2066 3813">
    <p class='ocr_par' dir='ltr' id='par_1_70' title="bbox 421 3741 2066 3813">
     <span class='ocr_line' id='line_1_70' title="bbox 421 3741 2066 3813; baseline -0.001 -12"><span class='ocrx_word' id='word_1_562' title='bbox 421 3745 561 3801; x_wconf 92' lang='lat' dir='ltr'>idoli</span> <span class='ocrx_word' id='word_1_563' title='bbox 592 3743 829 3810; x_wconf 87' lang='lat' dir='ltr'>detenti,</span> <span class='ocrx_word' id='word_1_564' title='bbox 862 3742 1096 3812; x_wconf 91' lang='lat' dir='ltr'>aliquod</span> <span class='ocrx_word' id='word_1_565' title='bbox 1122 3741 1405 3808; x_wconf 89' lang='lat' dir='ltr'>numinis,</span> <span class='ocrx_word' id='word_1_566' title='bbox 1435 3758 1500 3795; x_wconf 89' lang='lat' dir='ltr'>ac</span> <span class='ocrx_word' id='word_1_567' title='bbox 1529 3741 1727 3813; x_wconf 78' lang='lat' dir='ltr'>gratiae</span> <span class='ocrx_word' id='word_1_568' title='bbox 1760 3743 1817 3796; x_wconf 92' lang='lat' dir='ltr'>in</span> <span class='ocrx_word' id='word_1_569' title='bbox 1850 3759 1916 3797; x_wconf 92' lang='lat' dir='ltr'>eo</span> <span class='ocrx_word' id='word_1_570' title='bbox 1939 3760 2066 3799; x_wconf 90' lang='lat' dir='ltr'>esse</span> 
     </span>
    </p>
   </div>
   <div class='ocr_carea' id='block_1_71' title="bbox 423 3829 2061 3901">
    <p class='ocr_par' dir='ltr' id='par_1_71' title="bbox 423 3829 2061 3901">
     <span class='ocr_line' id='line_1_71' title="bbox 423 3829 2061 3901; baseline -0.001 -12"><span class='ocrx_word' id='word_1_571' title='bbox 423 3834 755 3889; x_wconf 88' lang='lat' dir='ltr'>credebant.</span> <span class='ocrx_word' id='word_1_572' title='bbox 790 3832 855 3887; x_wconf 88' lang='lat' dir='ltr'>Et</span> <span class='ocrx_word' id='word_1_573' title='bbox 906 3831 1034 3886; x_wconf 92' lang='lat' dir='ltr'>ideo</span> <span class='ocrx_word' id='word_1_574' title='bbox 1088 3829 1272 3885; x_wconf 89' lang='lat' dir='ltr'>dicit:</span> <span class='ocrx_word' id='word_1_575' title='bbox 1330 3830 1562 3897; x_wconf 87' lang='lat' dir='ltr'>Quidam</span> <span class='ocrx_word' id='word_1_576' title='bbox 1615 3840 1815 3901; x_wconf 86' lang='lat' dir='ltr'>autem,</span> <span class='ocrx_word' id='word_1_577' title='bbox 1850 3832 1905 3886; x_wconf 95' lang='lat' dir='ltr'>id</span> <span class='ocrx_word' id='word_1_578' title='bbox 1957 3839 2061 3900; x_wconf 92' lang='lat' dir='ltr'>est,</span> 
     </span>
    </p>
   </div>
   <div class='ocr_carea' id='block_1_72' title="bbox 424 3920 2062 3994">
    <p class='ocr_par' dir='ltr' id='par_1_72' title="bbox 424 3920 2062 3994">
     <span class='ocr_line' id='line_1_72' title="bbox 424 3920 2062 3994; baseline -0.001 -17"><span class='ocrx_word' id='word_1_579' title='bbox 424 3921 741 3994; x_wconf 89' lang='lat' dir='ltr'>simplices,</span> <span class='ocrx_word' id='word_1_580' title='bbox 803 3921 1131 3976; x_wconf 85' lang='lat' dir='ltr'>conscientia</span> <span class='ocrx_word' id='word_1_581' title='bbox 1187 3934 1356 3989; x_wconf 87' lang='lat' dir='ltr'>usque</span> <span class='ocrx_word' id='word_1_582' title='bbox 1422 3935 1571 3973; x_wconf 88' lang='lat' dir='ltr'>nunc</span> <span class='ocrx_word' id='word_1_583' title='bbox 1625 3920 1779 3989; x_wconf 84' lang='lat' dir='ltr'>idoli,</span> <span class='ocrx_word' id='word_1_584' title='bbox 1841 3920 1894 3974; x_wconf 93' lang='lat' dir='ltr'>id</span> <span class='ocrx_word' id='word_1_585' title='bbox 1955 3927 2062 3987; x_wconf 87' lang='lat' dir='ltr'>est,</span> 
     </span>
    </p>
   </div>
   <div class='ocr_carea' id='block_1_73' title="bbox 425 4008 2062 4079">
    <p class='ocr_par' dir='ltr' id='par_1_73' title="bbox 425 4008 2062 4079">
     <span class='ocr_line' id='line_1_73' title="bbox 425 4008 2062 4079; baseline -0.001 -13"><span class='ocrx_word' id='word_1_586' title='bbox 425 4026 621 4066; x_wconf 89' lang='lat' dir='ltr'>amore</span> <span class='ocrx_word' id='word_1_587' title='bbox 652 4015 710 4066; x_wconf 92' lang='lat' dir='ltr'>et</span> <span class='ocrx_word' id='word_1_588' title='bbox 740 4008 1138 4079; x_wconf 89' lang='lat' dir='ltr'>delectatione,</span> <span class='ocrx_word' id='word_1_589' title='bbox 1172 4009 1312 4063; x_wconf 92' lang='lat' dir='ltr'>dum</span> <span class='ocrx_word' id='word_1_590' title='bbox 1345 4008 1578 4078; x_wconf 85' lang='lat' dir='ltr'>aliquod</span> <span class='ocrx_word' id='word_1_591' title='bbox 1627 4010 1908 4068; x_wconf 87' lang='lat' dir='ltr'>numinis.</span> <span class='ocrx_word' id='word_1_592' title='bbox 1942 4016 2062 4075; x_wconf 88' lang='lat' dir='ltr'>aut,</span> 
     </span>
    </p>
   </div>
   <div class='ocr_carea' id='block_1_74' title="bbox 425 4098 2063 4173">
    <p class='ocr_par' dir='ltr' id='par_1_74' title="bbox 425 4098 2063 4173">
     <span class='ocr_line' id='line_1_74' title="bbox 425 4098 2063 4173; baseline 0 -19"><span class='ocrx_word' id='word_1_593' title='bbox 425 4100 623 4173; x_wconf 74' lang='lat' dir='ltr'>gratiae</span> <span class='ocrx_word' id='word_1_594' title='bbox 663 4100 721 4154; x_wconf 89' lang='lat' dir='ltr'>in</span> <span class='ocrx_word' id='word_1_595' title='bbox 754 4098 908 4154; x_wconf 92' lang='lat' dir='ltr'>idolo</span> <span class='ocrx_word' id='word_1_596' title='bbox 942 4114 1069 4153; x_wconf 91' lang='lat' dir='ltr'>esse</span> <span class='ocrx_word' id='word_1_597' title='bbox 1100 4101 1311 4169; x_wconf 89' lang='lat' dir='ltr'>putant</span> <span class='ocrx_word' id='word_1_598' title='bbox 1343 4114 1354 4152; x_wconf 89' lang='lat'>:</span> <span class='ocrx_word' id='word_1_599' title='bbox 1409 4100 1575 4170; x_wconf 87' lang='lat' dir='ltr'>quasi</span> <span class='ocrx_word' id='word_1_600' title='bbox 1603 4099 1921 4169; x_wconf 86' lang='lat' dir='ltr'>idolothyla,</span> <span class='ocrx_word' id='word_1_601' title='bbox 1957 4099 2063 4154; x_wconf 90' lang='lat' dir='ltr'>hoc</span> 
     </span>
    </p>
   </div>
   <div class='ocr_carea' id='block_1_75' title="bbox 424 4186 2060 4261">
    <p class='ocr_par' dir='ltr' id='par_1_75' title="bbox 424 4186 2060 4261">
     <span class='ocr_line' id='line_1_75' title="bbox 424 4186 2060 4261; baseline -0.001 -17"><span class='ocrx_word' id='word_1_602' title='bbox 424 4193 531 4261; x_wconf 90' lang='lat' dir='ltr'>est,</span> <span class='ocrx_word' id='word_1_603' title='bbox 565 4188 735 4244; x_wconf 87' lang='lat' dir='ltr'>idolis</span> <span class='ocrx_word' id='word_1_604' title='bbox 764 4188 995 4255; x_wconf 84' lang='lat' dir='ltr'>tradita,</span> <span class='ocrx_word' id='word_1_605' title='bbox 1028 4186 1361 4241; x_wconf 86' lang='lat' dir='ltr'>manducant</span> <span class='ocrx_word' id='word_1_606' title='bbox 1389 4191 1445 4241; x_wconf 85' lang='lat' dir='ltr'>et</span> <span class='ocrx_word' id='word_1_607' title='bbox 1492 4189 1821 4242; x_wconf 84' lang='lat' dir='ltr'>conscientia</span> <span class='ocrx_word' id='word_1_608' title='bbox 1851 4204 2060 4255; x_wconf 87' lang='lat' dir='ltr'>eorum,</span> 
     </span>
    </p>
   </div>
   <div class='ocr_carea' id='block_1_76' title="bbox 421 4274 2060 4347">
    <p class='ocr_par' dir='ltr' id='par_1_76' title="bbox 421 4274 2060 4347">
     <span class='ocr_line' id='line_1_76' title="bbox 421 4274 2060 4347; baseline -0.001 -14"><span class='ocrx_word' id='word_1_609' title='bbox 421 4296 545 4333; x_wconf 90' lang='lat' dir='ltr'>cum</span> <span class='ocrx_word' id='word_1_610' title='bbox 572 4281 645 4333; x_wconf 87' lang='lat' dir='ltr'>sit</span> <span class='ocrx_word' id='word_1_611' title='bbox 682 4277 924 4347; x_wconf 81' lang='lat' dir='ltr'>inﬁrma,</span> <span class='ocrx_word' id='word_1_612' title='bbox 954 4276 1267 4347; x_wconf 82' lang='lat' dir='ltr'>polluitur;</span> <span class='ocrx_word' id='word_1_613' title='bbox 1300 4275 1438 4345; x_wconf 90' lang='lat' dir='ltr'>quia</span> <span class='ocrx_word' id='word_1_614' title='bbox 1469 4274 1689 4346; x_wconf 88' lang='lat' dir='ltr'>aliquid</span> <span class='ocrx_word' id='word_1_615' title='bbox 1722 4276 1910 4330; x_wconf 88' lang='lat' dir='ltr'>inesse</span> <span class='ocrx_word' id='word_1_616' title='bbox 1941 4293 2060 4332; x_wconf 88' lang='lat' dir='ltr'>cre-</span> 
     </span>
    </p>
   </div>
   <div class='ocr_carea' id='block_1_77' title="bbox 421 4363 2063 4437">
    <p class='ocr_par' dir='ltr' id='par_1_77' title="bbox 421 4363 2063 4437">
     <span class='ocr_line' id='line_1_77' title="bbox 421 4363 2063 4437; baseline -0.001 -16"><span class='ocrx_word' id='word_1_617' title='bbox 421 4367 601 4421; x_wconf 90' lang='lat' dir='ltr'>ditur.</span> <span class='ocrx_word' id='word_1_618' title='bbox 634 4366 909 4437; x_wconf 85' lang='lat' dir='ltr'>Origenes</span> <span class='ocrx_word' id='word_1_619' title='bbox 940 4380 1071 4419; x_wconf 91' lang='lat' dir='ltr'>vero</span> <span class='ocrx_word' id='word_1_620' title='bbox 1104 4363 1246 4417; x_wconf 89' lang='lat' dir='ltr'>dicit</span> <span class='ocrx_word' id='word_1_621' title='bbox 1278 4379 1288 4416; x_wconf 93' lang='lat'>:</span> <span class='ocrx_word' id='word_1_622' title='bbox 1347 4364 1777 4417; x_wconf 82' lang='lat' dir='ltr'>Attendendum</span> <span class='ocrx_word' id='word_1_623' title='bbox 1810 4369 1897 4419; x_wconf 90' lang='lat' dir='ltr'>est</span> <span class='ocrx_word' id='word_1_624' title='bbox 1925 4365 2063 4435; x_wconf 91' lang='lat' dir='ltr'>quia</span> 
     </span>
    </p>
   </div>
   <div class='ocr_carea' id='block_1_78' title="bbox 420 4449 2055 4509">
    <p class='ocr_par' dir='ltr' id='par_1_78' title="bbox 420 4449 2055 4509">
     <span class='ocr_line' id='line_1_78' title="bbox 420 4449 2055 4509; baseline -0.001 0"><span class='ocrx_word' id='word_1_625' title='bbox 420 4454 697 4509; x_wconf 87' lang='lat' dir='ltr'>Corinthii</span> <span class='ocrx_word' id='word_1_626' title='bbox 729 4470 845 4507; x_wconf 90' lang='lat' dir='ltr'>non</span> <span class='ocrx_word' id='word_1_627' title='bbox 893 4451 1085 4505; x_wconf 87' lang='lat' dir='ltr'>solum</span> <span class='ocrx_word' id='word_1_628' title='bbox 1134 4449 1307 4505; x_wconf 89' lang='lat' dir='ltr'>idolis</span> <span class='ocrx_word' id='word_1_629' title='bbox 1358 4457 1585 4505; x_wconf 87' lang='lat' dir='ltr'>sacrata</span> <span class='ocrx_word' id='word_1_630' title='bbox 1634 4453 2055 4508; x_wconf 90' lang='lat' dir='ltr'>comederunt:</span> 
     </span>
    </p>
   </div>
   <div class='ocr_carea' id='block_1_79' title="bbox 415 4537 2059 4613">
    <p class='ocr_par' dir='ltr' id='par_1_79' title="bbox 415 4537 2059 4613">
     <span class='ocr_line' id='line_1_79' title="bbox 415 4537 2059 4613; baseline 0.001 -17"><span class='ocrx_word' id='word_1_631' title='bbox 415 4542 530 4613; x_wconf 88' lang='lat' dir='ltr'>ipsi</span> <span class='ocrx_word' id='word_1_632' title='bbox 566 4556 820 4611; x_wconf 90' lang='lat' dir='ltr'>namque</span> <span class='ocrx_word' id='word_1_633' title='bbox 851 4544 1016 4594; x_wconf 89' lang='lat' dir='ltr'>erant</span> <span class='ocrx_word' id='word_1_634' title='bbox 1066 4537 1484 4610; x_wconf 61' lang='lat' dir='ltr'>philosophicas</span> <span class='ocrx_word' id='word_1_635' title='bbox 1513 4540 1812 4607; x_wconf 67' lang='lat' dir='ltr'>doctrinm,</span> <span class='ocrx_word' id='word_1_636' title='bbox 1846 4540 2059 4597; x_wconf 88' lang='lat' dir='ltr'>libera-</span> 
     </span>
    </p>
   </div>
   <div class='ocr_carea' id='block_1_80' title="bbox 414 4626 2133 4717">
    <p class='ocr_par' dir='ltr' id='par_1_80' title="bbox 414 4626 2133 4717">
     <span class='ocr_line' id='line_1_80' title="bbox 414 4626 2133 4717; baseline 0.001 -32"><span class='ocrx_word' id='word_1_637' title='bbox 414 4629 559 4685; x_wconf 91' lang='lat' dir='ltr'>lium</span> <span class='ocrx_word' id='word_1_638' title='bbox 593 4627 1153 4699; x_wconf 87' lang='lat' dir='ltr'>disciplinarumque</span> <span class='ocrx_word' id='word_1_639' title='bbox 1185 4626 1552 4682; x_wconf 71' lang='lat' dir='ltr'>smcularium</span> <span class='ocrx_word' id='word_1_640' title='bbox 1588 4633 1897 4700; x_wconf 78' lang='lat' dir='ltr'>amatores,</span> <span class='ocrx_word' id='word_1_641' title='bbox 1923 4631 2057 4701; x_wconf 89' lang='lat' dir='ltr'>qui-</span> <span class='ocrx_word' id='word_1_642' title='bbox 2086 4653 2133 4717; x_wconf 85' lang='lat' dir='ltr'><strong>D</strong></span> 
     </span>
    </p>
   </div>
   <div class='ocr_carea' id='block_1_81' title="bbox 415 4715 2053 4788">
    <p class='ocr_par' dir='ltr' id='par_1_81' title="bbox 415 4715 2053 4788">
     <span class='ocr_line' id='line_1_81' title="bbox 415 4715 2053 4788; baseline 0 -15"><span class='ocrx_word' id='word_1_643' title='bbox 415 4718 526 4773; x_wconf 90' lang='lat' dir='ltr'>bus</span> <span class='ocrx_word' id='word_1_644' title='bbox 557 4722 612 4772; x_wconf 88' lang='lat' dir='ltr'>et</span> <span class='ocrx_word' id='word_1_645' title='bbox 642 4733 875 4788; x_wconf 90' lang='lat' dir='ltr'>operam</span> <span class='ocrx_word' id='word_1_646' title='bbox 909 4716 1144 4783; x_wconf 85' lang='lat' dir='ltr'>dabant,</span> <span class='ocrx_word' id='word_1_647' title='bbox 1170 4717 1269 4771; x_wconf 87' lang='lat' dir='ltr'>sed</span> <span class='ocrx_word' id='word_1_648' title='bbox 1302 4715 1408 4780; x_wconf 91' lang='lat' dir='ltr'>illi,</span> <span class='ocrx_word' id='word_1_649' title='bbox 1438 4717 1536 4787; x_wconf 91' lang='lat' dir='ltr'>qui</span> <span class='ocrx_word' id='word_1_650' title='bbox 1572 4718 1628 4770; x_wconf 91' lang='lat' dir='ltr'>in</span> <span class='ocrx_word' id='word_1_651' title='bbox 1666 4718 1773 4773; x_wconf 81' lang='lat' dir='ltr'>fide</span> <span class='ocrx_word' id='word_1_652' title='bbox 1803 4720 2053 4775; x_wconf 91' lang='lat' dir='ltr'>roborati</span> 
     </span>
    </p>
   </div>
   <div class='ocr_carea' id='block_1_82' title="bbox 414 4804 2053 4877">
    <p class='ocr_par' dir='ltr' id='par_1_82' title="bbox 414 4804 2053 4877">
     <span class='ocr_line' id='line_1_82' title="bbox 414 4804 2053 4877; baseline 0 -15"><span class='ocrx_word' id='word_1_653' title='bbox 414 4812 597 4872; x_wconf 88' lang='lat' dir='ltr'>erant,</span> <span class='ocrx_word' id='word_1_654' title='bbox 631 4807 771 4859; x_wconf 92' lang='lat' dir='ltr'>dum</span> <span class='ocrx_word' id='word_1_655' title='bbox 804 4806 1083 4876; x_wconf 81' lang='lat' dir='ltr'>figmenta</span> <span class='ocrx_word' id='word_1_656' title='bbox 1128 4808 1431 4876; x_wconf 90' lang='lat' dir='ltr'>poetarum</span> <span class='ocrx_word' id='word_1_657' title='bbox 1483 4804 1772 4877; x_wconf 88' lang='lat' dir='ltr'>legebant,</span> <span class='ocrx_word' id='word_1_658' title='bbox 1808 4825 1920 4862; x_wconf 90' lang='lat' dir='ltr'>non</span> <span class='ocrx_word' id='word_1_659' title='bbox 1971 4809 2053 4862; x_wconf 89' lang='lat' dir='ltr'>eis</span> 
     </span>
    </p>
   </div>
   <div class='ocr_carea' id='block_1_83' title="bbox 412 4892 2050 4968">
    <p class='ocr_par' dir='ltr' id='par_1_83' title="bbox 412 4892 2050 4968">
     <span class='ocr_line' id='line_1_83' title="bbox 412 4892 2050 4968; baseline 0 -18"><span class='ocrx_word' id='word_1_660' title='bbox 412 4894 920 4968; x_wconf 86' lang='lat' dir='ltr'>pervertebantur;</span> <span class='ocrx_word' id='word_1_661' title='bbox 957 4894 1095 4965; x_wconf 89' lang='lat' dir='ltr'>quia</span> <span class='ocrx_word' id='word_1_662' title='bbox 1123 4892 1181 4946; x_wconf 89' lang='lat' dir='ltr'>in</span> <span class='ocrx_word' id='word_1_663' title='bbox 1214 4892 1305 4947; x_wconf 89' lang='lat' dir='ltr'>bis</span> <span class='ocrx_word' id='word_1_664' title='bbox 1340 4894 1485 4947; x_wconf 90' lang='lat' dir='ltr'>nihil</span> <span class='ocrx_word' id='word_1_665' title='bbox 1508 4895 1851 4965; x_wconf 88' lang='lat' dir='ltr'>gratiosum,</span> <span class='ocrx_word' id='word_1_666' title='bbox 1881 4896 2050 4950; x_wconf 89' lang='lat' dir='ltr'>nihil-</span> 
     </span>
    </p>
   </div>
   <div class='ocr_carea' id='block_1_84' title="bbox 412 4981 2054 5054">
    <p class='ocr_par' dir='ltr' id='par_1_84' title="bbox 412 4981 2054 5054">
     <span class='ocr_line' id='line_1_84' title="bbox 412 4981 2054 5054; baseline 0.001 -17"><span class='ocrx_word' id='word_1_667' title='bbox 412 4999 524 5054; x_wconf 91' lang='lat' dir='ltr'>que</span> <span class='ocrx_word' id='word_1_668' title='bbox 579 4981 717 5036; x_wconf 89' lang='lat' dir='ltr'>utile</span> <span class='ocrx_word' id='word_1_669' title='bbox 767 4997 895 5035; x_wconf 71' lang='lat' dir='ltr'>esse</span> <span class='ocrx_word' id='word_1_670' title='bbox 945 4982 1301 5036; x_wconf 83' lang='lat' dir='ltr'>credebant:</span> <span class='ocrx_word' id='word_1_671' title='bbox 1354 4987 1413 5035; x_wconf 87' lang='lat' dir='ltr'>at</span> <span class='ocrx_word' id='word_1_672' title='bbox 1461 4998 1693 5052; x_wconf 84' lang='lat' dir='ltr'>quoque</span> <span class='ocrx_word' id='word_1_673' title='bbox 1742 4983 1957 5037; x_wconf 85' lang='lat' dir='ltr'>infirmi</span> <span class='ocrx_word' id='word_1_674' title='bbox 1999 4990 2054 5039; x_wconf 91' lang='lat' dir='ltr'>et</span> 
     </span>
    </p>
   </div>
   <div class='ocr_carea' id='block_1_85' title="bbox 410 5070 2045 5120">
    <p class='ocr_par' dir='ltr' id='par_1_85' title="bbox 410 5070 2045 5120">
     <span class='ocr_line' id='line_1_85' title="bbox 410 5070 2045 5120; baseline 0 0"><span class='ocrx_word' id='word_1_675' title='bbox 410 5071 725 5120; x_wconf 77' lang='lat' dir='ltr'>simnlices-</span> <span class='ocrx_word' id='word_1_676' title='bbox 756 5071 894 5120; x_wconf 87' lang='lat' dir='ltr'>dum</span> <span class='ocrx_word' id='word_1_677' title='bbox 920 5071 989 5120; x_wconf 84' lang='lat' dir='ltr'>ad</span> <span class='ocrx_word' id='word_1_678' title='bbox 1023 5070 1407 5120; x_wconf 81' lang='lat' dir='ltr'>imitationem</span> <span class='ocrx_word' id='word_1_679' title='bbox 1435 5071 1668 5120; x_wconf 83' lang='lat' dir='ltr'>fortium</span> <span class='ocrx_word' id='word_1_680' title='bbox 1705 5071 1793 5120; x_wconf 80' lang='lat' dir='ltr'>his</span> <span class='ocrx_word' id='word_1_681' title='bbox 1816 5088 2045 5120; x_wconf 76' lang='lat' dir='ltr'>nneram</span> 
     </span>
    </p>
   </div>
   <div class='ocr_carea' id='block_1_86' title="bbox 2176 3387 3826 3466">
    <p class='ocr_par' dir='ltr' id='par_1_86' title="bbox 2176 3387 3826 3466">
     <span class='ocr_line' id='line_1_86' title="bbox 2176 3387 3826 3466; baseline 0.007 -25"><span class='ocrx_word' id='word_1_682' title='bbox 2176 3387 2632 3457; x_wconf 89' lang='lat' dir='ltr'>prehendebant,</span> <span class='ocrx_word' id='word_1_683' title='bbox 2655 3389 2991 3445; x_wconf 91' lang='lat' dir='ltr'>immundos</span> <span class='ocrx_word' id='word_1_684' title='bbox 3013 3393 3369 3462; x_wconf 88' lang='lat' dir='ltr'>judicantes,</span> <span class='ocrx_word' id='word_1_685' title='bbox 3392 3394 3478 3450; x_wconf 90' lang='lat' dir='ltr'>vel</span> <span class='ocrx_word' id='word_1_686' title='bbox 3511 3400 3669 3451; x_wconf 88' lang='lat' dir='ltr'>certe</span> <span class='ocrx_word' id='word_1_687' title='bbox 3689 3396 3826 3466; x_wconf 87' lang='lat' dir='ltr'>quia</span> 
     </span>
    </p>
   </div>
   <div class='ocr_carea' id='block_1_87' title="bbox 2176 3476 3826 3553">
    <p class='ocr_par' dir='ltr' id='par_1_87' title="bbox 2176 3476 3826 3553">
     <span class='ocr_line' id='line_1_87' title="bbox 2176 3476 3826 3553; baseline 0.007 -24"><span class='ocrx_word' id='word_1_688' title='bbox 2176 3476 2579 3533; x_wconf 87' lang='lat' dir='ltr'>imitabantur.</span> <span class='ocrx_word' id='word_1_689' title='bbox 2616 3478 2778 3532; x_wconf 88' lang='lat' dir='ltr'>Unde</span> <span class='ocrx_word' id='word_1_690' title='bbox 2810 3483 2865 3534; x_wconf 93' lang='lat' dir='ltr'>et</span> <span class='ocrx_word' id='word_1_691' title='bbox 2897 3496 3029 3535; x_wconf 81' lang='lat' dir='ltr'>mox</span> <span class='ocrx_word' id='word_1_692' title='bbox 3061 3482 3367 3553; x_wconf 80' lang='lat' dir='ltr'>subjunxit</span> <span class='ocrx_word' id='word_1_693' title='bbox 3400 3500 3411 3537; x_wconf 91' lang='lat'>:</span> <span class='ocrx_word' id='word_1_694' title='bbox 3464 3484 3525 3539; x_wconf 78' lang='lat' dir='ltr'>Si</span> <span class='ocrx_word' id='word_1_695' title='bbox 3575 3488 3729 3539; x_wconf 83' lang='lat' dir='ltr'>enim</span> <span class='ocrx_word' id='word_1_696' title='bbox 3776 3494 3826 3541; x_wconf 78' lang='lat' dir='ltr'>te</span> 
     </span>
    </p>
   </div>
   <div class='ocr_carea' id='block_1_88' title="bbox 2174 3567 3825 3643">
    <p class='ocr_par' dir='ltr' id='par_1_88' title="bbox 2174 3567 3825 3643">
     <span class='ocr_line' id='line_1_88' title="bbox 2174 3567 3825 3643; baseline 0.004 -23"><span class='ocrx_word' id='word_1_697' title='bbox 2174 3567 2375 3621; x_wconf 86' lang='lat' dir='ltr'>viderit</span> <span class='ocrx_word' id='word_1_698' title='bbox 2396 3569 2513 3638; x_wconf 88' lang='lat' dir='ltr'>quis</span> <span class='ocrx_word' id='word_1_699' title='bbox 2543 3567 2743 3622; x_wconf 83' lang='lat' dir='ltr'>habens</span> <span class='ocrx_word' id='word_1_700' title='bbox 2772 3570 3075 3640; x_wconf 83' lang='lat' dir='ltr'>scientiam,</span> <span class='ocrx_word' id='word_1_701' title='bbox 3100 3575 3155 3625; x_wconf 90' lang='lat' dir='ltr'>et</span> <span class='ocrx_word' id='word_1_702' title='bbox 3188 3588 3393 3643; x_wconf 88' lang='lat' dir='ltr'>usque,</span> <span class='ocrx_word' id='word_1_703' title='bbox 3417 3572 3825 3642; x_wconf 60' lang='lat' dir='ltr'>a’diﬁcabitur;</span> 
     </span>
    </p>
   </div>
   <div class='ocr_carea' id='block_1_89' title="bbox 2175 3655 3824 3734">
    <p class='ocr_par' dir='ltr' id='par_1_89' title="bbox 2175 3655 3824 3734">
     <span class='ocr_line' id='line_1_89' title="bbox 2175 3655 3824 3734; baseline 0.007 -27"><span class='ocrx_word' id='word_1_704' title='bbox 2175 3655 2230 3707; x_wconf 90' lang='lat' dir='ltr'>id</span> <span class='ocrx_word' id='word_1_705' title='bbox 2283 3660 2390 3721; x_wconf 90' lang='lat' dir='ltr'>est,</span> <span class='ocrx_word' id='word_1_706' title='bbox 2440 3657 2847 3726; x_wconf 78' lang='lat' dir='ltr'>provocabitur</span> <span class='ocrx_word' id='word_1_707' title='bbox 2900 3660 3254 3715; x_wconf 89' lang='lat' dir='ltr'>manducare</span> <span class='ocrx_word' id='word_1_708' title='bbox 3302 3660 3656 3734; x_wconf 80' lang='lat' dir='ltr'>idolothyta,</span> <span class='ocrx_word' id='word_1_709' title='bbox 3712 3680 3824 3719; x_wconf 88' lang='lat' dir='ltr'>non</span> 
     </span>
    </p>
   </div>
   <div class='ocr_carea' id='block_1_90' title="bbox 2175 3744 2905 3816">
    <p class='ocr_par' dir='ltr' id='par_1_90' title="bbox 2175 3744 2905 3816">
     <span class='ocr_line' id='line_1_90' title="bbox 2175 3744 2905 3816; baseline 0.005 -20"><span class='ocrx_word' id='word_1_710' title='bbox 2175 3749 2369 3797; x_wconf 90' lang='lat' dir='ltr'>tamen</span> <span class='ocrx_word' id='word_1_711' title='bbox 2400 3760 2467 3798; x_wconf 90' lang='lat' dir='ltr'>ea</span> <span class='ocrx_word' id='word_1_712' title='bbox 2498 3744 2631 3810; x_wconf 84' lang='lat' dir='ltr'>ﬁde,</span> <span class='ocrx_word' id='word_1_713' title='bbox 2668 3762 2787 3816; x_wconf 88' lang='lat' dir='ltr'>qua</span> <span class='ocrx_word' id='word_1_714' title='bbox 2821 3750 2905 3801; x_wconf 84' lang='lat' dir='ltr'>tu.</span> 
     </span>
    </p>
   </div>
   <div class='ocr_carea' id='block_1_91' title="bbox 2247 3833 3830 3912">
    <p class='ocr_par' dir='ltr' id='par_1_91' title="bbox 2247 3833 3830 3912">
     <span class='ocr_line' id='line_1_91' title="bbox 2247 3833 3830 3912; baseline 0.006 -26"><span class='ocrx_word' id='word_1_715' title='bbox 2247 3833 2557 3903; x_wconf 85' lang='lat' dir='ltr'>Sequitur:</span> <span class='ocrx_word' id='word_1_716' title='bbox 2594 3836 2666 3888; x_wconf 84' lang='lat' dir='ltr'>Et</span> <span class='ocrx_word' id='word_1_717' title='bbox 2693 3836 2895 3905; x_wconf 81' lang='lat' dir='ltr'>peribit</span> <span class='ocrx_word' id='word_1_718' title='bbox 2924 3837 3181 3905; x_wconf 88' lang='lat' dir='ltr'>inﬁrmus</span> <span class='ocrx_word' id='word_1_719' title='bbox 3213 3840 3269 3893; x_wconf 89' lang='lat' dir='ltr'>in</span> <span class='ocrx_word' id='word_1_720' title='bbox 3299 3844 3397 3894; x_wconf 86' lang='lat' dir='ltr'>tua</span> <span class='ocrx_word' id='word_1_721' title='bbox 3425 3841 3689 3910; x_wconf 82' lang='lat' dir='ltr'>scientia,</span> <span class='ocrx_word' id='word_1_722' title='bbox 3723 3844 3830 3912; x_wconf 81' lang='lat' dir='ltr'>fra-</span> 
     </span>
    </p>
   </div>
   <div class='ocr_carea' id='block_1_92' title="bbox 2173 3922 3827 3991">
    <p class='ocr_par' dir='ltr' id='par_1_92' title="bbox 2173 3922 3827 3991">
     <span class='ocr_line' id='line_1_92' title="bbox 2173 3922 3827 3991; baseline 0.006 -16"><span class='ocrx_word' id='word_1_723' title='bbox 2173 3929 2275 3991; x_wconf 85' lang='lat' dir='ltr'>ter,</span> <span class='ocrx_word' id='word_1_724' title='bbox 2330 3926 2437 3976; x_wconf 91' lang='lat' dir='ltr'>etc.</span> <span class='ocrx_word' id='word_1_725' title='bbox 2491 3922 2665 3986; x_wconf 90' lang='lat' dir='ltr'>Quasi</span> <span class='ocrx_word' id='word_1_726' title='bbox 2724 3923 2984 3979; x_wconf 89' lang='lat' dir='ltr'>diceret:</span> <span class='ocrx_word' id='word_1_727' title='bbox 3041 3928 3154 3979; x_wconf 89' lang='lat' dir='ltr'>Cur</span> <span class='ocrx_word' id='word_1_728' title='bbox 3201 3943 3313 3981; x_wconf 89' lang='lat' dir='ltr'>non</span> <span class='ocrx_word' id='word_1_729' title='bbox 3363 3929 3538 3982; x_wconf 88' lang='lat' dir='ltr'>times</span> <span class='ocrx_word' id='word_1_730' title='bbox 3590 3928 3827 3985; x_wconf 86' lang='lat' dir='ltr'>fratrem</span> 
     </span>
    </p>
   </div>
   <div class='ocr_carea' id='block_1_93' title="bbox 2173 4010 3828 4083">
    <p class='ocr_par' dir='ltr' id='par_1_93' title="bbox 2173 4010 3828 4083">
     <span class='ocr_line' id='line_1_93' title="bbox 2173 4010 3828 4083; baseline 0.006 -20"><span class='ocrx_word' id='word_1_731' title='bbox 2173 4014 2338 4064; x_wconf 90' lang='lat' dir='ltr'>tuum</span> <span class='ocrx_word' id='word_1_732' title='bbox 2374 4010 2656 4078; x_wconf 85' lang='lat' dir='ltr'>occidere,</span> <span class='ocrx_word' id='word_1_733' title='bbox 2692 4028 2865 4083; x_wconf 91' lang='lat' dir='ltr'>quem</span> <span class='ocrx_word' id='word_1_734' title='bbox 2898 4012 3168 4070; x_wconf 85' lang='lat' dir='ltr'>Christus</span> <span class='ocrx_word' id='word_1_735' title='bbox 3200 4016 3499 4071; x_wconf 90' lang='lat' dir='ltr'>moriendo</span> <span class='ocrx_word' id='word_1_736' title='bbox 3532 4018 3828 4075; x_wconf 76' lang='lat' dir='ltr'>redemit?</span> 
     </span>
    </p>
   </div>
   <div class='ocr_carea' id='block_1_94' title="bbox 2173 4099 3827 4170">
    <p class='ocr_par' dir='ltr' id='par_1_94' title="bbox 2173 4099 3827 4170">
     <span class='ocr_line' id='line_1_94' title="bbox 2173 4099 3827 4170; baseline 0.007 -18"><span class='ocrx_word' id='word_1_737' title='bbox 2173 4099 2295 4152; x_wconf 91' lang='lat' dir='ltr'>Tua</span> <span class='ocrx_word' id='word_1_738' title='bbox 2325 4115 2577 4170; x_wconf 89' lang='lat' dir='ltr'>namque</span> <span class='ocrx_word' id='word_1_739' title='bbox 2608 4100 2853 4155; x_wconf 88' lang='lat' dir='ltr'>scientia</span> <span class='ocrx_word' id='word_1_740' title='bbox 2883 4101 3048 4156; x_wconf 88' lang='lat' dir='ltr'>illum</span> <span class='ocrx_word' id='word_1_741' title='bbox 3096 4103 3326 4159; x_wconf 85' lang='lat' dir='ltr'>occidit.</span> <span class='ocrx_word' id='word_1_742' title='bbox 3358 4104 3585 4168; x_wconf 86' lang='lat' dir='ltr'>Quibus</span> <span class='ocrx_word' id='word_1_743' title='bbox 3638 4108 3827 4163; x_wconf 82' lang='lat' dir='ltr'>verbis</span> 
     </span>
    </p>
   </div>
   <div class='ocr_carea' id='block_1_95' title="bbox 2174 4187 3824 4263">
    <p class='ocr_par' dir='ltr' id='par_1_95' title="bbox 2174 4187 3824 4263">
     <span class='ocr_line' id='line_1_95' title="bbox 2174 4187 3824 4263; baseline 0.007 -23"><span class='ocrx_word' id='word_1_744' title='bbox 2174 4187 2428 4242; x_wconf 89' lang='lat' dir='ltr'>ostendit</span> <span class='ocrx_word' id='word_1_745' title='bbox 2448 4187 2759 4259; x_wconf 89' lang='lat' dir='ltr'>Apostolus</span> <span class='ocrx_word' id='word_1_746' title='bbox 2789 4206 2901 4244; x_wconf 92' lang='lat' dir='ltr'>non</span> <span class='ocrx_word' id='word_1_747' title='bbox 2926 4196 3045 4245; x_wconf 91' lang='lat' dir='ltr'>tam</span> <span class='ocrx_word' id='word_1_748' title='bbox 3070 4192 3256 4263; x_wconf 87' lang='lat' dir='ltr'>ipsam</span> <span class='ocrx_word' id='word_1_749' title='bbox 3281 4210 3400 4249; x_wconf 88' lang='lat' dir='ltr'>rem</span> <span class='ocrx_word' id='word_1_750' title='bbox 3424 4210 3553 4250; x_wconf 89' lang='lat' dir='ltr'>esse</span> <span class='ocrx_word' id='word_1_751' title='bbox 3584 4199 3824 4263; x_wconf 85' lang='lat' dir='ltr'>malam,</span> 
     </span>
    </p>
   </div>
   <div class='ocr_carea' id='block_1_96' title="bbox 2176 4276 3824 4355">
    <p class='ocr_par' dir='ltr' id='par_1_96' title="bbox 2176 4276 3824 4355">
     <span class='ocr_line' id='line_1_96' title="bbox 2176 4276 3824 4355; baseline 0.008 -28"><span class='ocrx_word' id='word_1_752' title='bbox 2176 4292 2349 4345; x_wconf 89' lang='lat' dir='ltr'>quam</span> <span class='ocrx_word' id='word_1_753' title='bbox 2392 4276 2586 4331; x_wconf 83' lang='lat' dir='ltr'>fratris</span> <span class='ocrx_word' id='word_1_754' title='bbox 2637 4277 2983 4348; x_wconf 84' lang='lat' dir='ltr'>periculum.</span> <span class='ocrx_word' id='word_1_755' title='bbox 3016 4279 3285 4336; x_wconf 87' lang='lat' dir='ltr'>Ostendit</span> <span class='ocrx_word' id='word_1_756' title='bbox 3331 4288 3389 4338; x_wconf 88' lang='lat' dir='ltr'>et</span> <span class='ocrx_word' id='word_1_757' title='bbox 3435 4283 3520 4337; x_wconf 89' lang='lat' dir='ltr'>illi</span> <span class='ocrx_word' id='word_1_758' title='bbox 3580 4287 3824 4355; x_wconf 85' lang='lat' dir='ltr'>majoris</span> 
     </span>
    </p>
   </div>
   <div class='ocr_carea' id='block_1_97' title="bbox 2171 4363 3819 4440">
    <p class='ocr_par' dir='ltr' id='par_1_97' title="bbox 2171 4363 3819 4440">
     <span class='ocr_line' id='line_1_97' title="bbox 2171 4363 3819 4440; baseline 0.006 -24"><span class='ocrx_word' id='word_1_759' title='bbox 2171 4379 2298 4417; x_wconf 87' lang='lat' dir='ltr'>esse</span> <span class='ocrx_word' id='word_1_760' title='bbox 2326 4363 2741 4430; x_wconf 90' lang='lat' dir='ltr'>damnationis,</span> <span class='ocrx_word' id='word_1_761' title='bbox 2768 4364 2866 4435; x_wconf 91' lang='lat' dir='ltr'>qui</span> <span class='ocrx_word' id='word_1_762' title='bbox 2890 4366 3253 4422; x_wconf 90' lang='lat' dir='ltr'>occasionem</span> <span class='ocrx_word' id='word_1_763' title='bbox 3282 4370 3559 4440; x_wconf 75' lang='lat' dir='ltr'>peccandi</span> <span class='ocrx_word' id='word_1_764' title='bbox 3591 4372 3819 4439; x_wconf 89' lang='lat' dir='ltr'>tribuit,</span> 
     </span>
    </p>
   </div>
   <div class='ocr_carea' id='block_1_98' title="bbox 2172 4452 3818 4531">
    <p class='ocr_par' dir='ltr' id='par_1_98' title="bbox 2172 4452 3818 4531">
     <span class='ocr_line' id='line_1_98' title="bbox 2172 4452 3818 4531; baseline 0.006 -26"><span class='ocrx_word' id='word_1_765' title='bbox 2172 4468 2345 4522; x_wconf 87' lang='lat' dir='ltr'>quam</span> <span class='ocrx_word' id='word_1_766' title='bbox 2384 4453 2483 4523; x_wconf 91' lang='lat' dir='ltr'>qui</span> <span class='ocrx_word' id='word_1_767' title='bbox 2516 4452 2571 4506; x_wconf 91' lang='lat' dir='ltr'>in</span> <span class='ocrx_word' id='word_1_768' title='bbox 2603 4470 2663 4508; x_wconf 93' lang='lat' dir='ltr'>se</span> <span class='ocrx_word' id='word_1_769' title='bbox 2684 4458 2901 4524; x_wconf 91' lang='lat' dir='ltr'>peccat.</span> <span class='ocrx_word' id='word_1_770' title='bbox 2930 4456 3089 4519; x_wconf 90' lang='lat' dir='ltr'>Quod</span> <span class='ocrx_word' id='word_1_771' title='bbox 3122 4462 3178 4511; x_wconf 90' lang='lat' dir='ltr'>et</span> <span class='ocrx_word' id='word_1_772' title='bbox 3204 4457 3282 4510; x_wconf 87' lang='lat' dir='ltr'>ibi</span> <span class='ocrx_word' id='word_1_773' title='bbox 3307 4464 3698 4531; x_wconf 87' lang='lat' dir='ltr'>monstratur,</span> <span class='ocrx_word' id='word_1_774' title='bbox 3722 4461 3818 4515; x_wconf 90' lang='lat' dir='ltr'>ubi</span> 
     </span>
    </p>
   </div>
   <div class='ocr_carea' id='block_1_99' title="bbox 2169 4540 3819 4617">
    <p class='ocr_par' dir='ltr' id='par_1_99' title="bbox 2169 4540 3819 4617">
     <span class='ocr_line' id='line_1_99' title="bbox 2169 4540 3819 4617; baseline 0.007 -24"><span class='ocrx_word' id='word_1_775' title='bbox 2169 4540 2339 4595; x_wconf 89' lang='lat' dir='ltr'>Balac</span> <span class='ocrx_word' id='word_1_776' title='bbox 2364 4540 2573 4613; x_wconf 89' lang='lat' dir='ltr'>legitur</span> <span class='ocrx_word' id='word_1_777' title='bbox 2597 4558 2831 4597; x_wconf 90' lang='lat' dir='ltr'>vocasse</span> <span class='ocrx_word' id='word_1_778' title='bbox 2854 4542 3088 4598; x_wconf 88' lang='lat' dir='ltr'>Balaam</span> <span class='ocrx_word' id='word_1_779' title='bbox 3120 4545 3390 4617; x_wconf 86' lang='lat' dir='ltr'>ariolum,</span> <span class='ocrx_word' id='word_1_780' title='bbox 3418 4552 3483 4601; x_wconf 92' lang='lat' dir='ltr'>ut</span> <span class='ocrx_word' id='word_1_781' title='bbox 3503 4548 3819 4604; x_wconf 83' lang='lat' dir='ltr'>maledice-</span> 
     </span>
    </p>
   </div>
   <div class='ocr_carea' id='block_1_100' title="bbox 2170 4629 3819 4704">
    <p class='ocr_par' dir='ltr' id='par_1_100' title="bbox 2170 4629 3819 4704">
     <span class='ocr_line' id='line_1_100' title="bbox 2170 4629 3819 4704; baseline 0.005 -21"><span class='ocrx_word' id='word_1_782' title='bbox 2170 4633 2255 4685; x_wconf 87' lang='lat' dir='ltr'>ret</span> <span class='ocrx_word' id='word_1_783' title='bbox 2288 4629 2422 4683; x_wconf 79' lang='lat' dir='ltr'>filiis</span> <span class='ocrx_word' id='word_1_784' title='bbox 2457 4630 2629 4684; x_wconf 89' lang='lat' dir='ltr'>Israel</span> <span class='ocrx_word' id='word_1_785' title='bbox 2662 4631 2844 4702; x_wconf 82' lang='lat' dir='ltr'>(Nam.</span> <span class='ocrx_word' id='word_1_786' title='bbox 2878 4649 3020 4697; x_wconf 81' lang='lat' dir='ltr'>xxn,</span> <span class='ocrx_word' id='word_1_787' title='bbox 3052 4634 3163 4704; x_wconf 76' lang='lat'>23).</span> <span class='ocrx_word' id='word_1_788' title='bbox 3197 4636 3302 4701; x_wconf 91' lang='lat' dir='ltr'>Qui</span> <span class='ocrx_word' id='word_1_789' title='bbox 3345 4635 3455 4691; x_wconf 87' lang='lat' dir='ltr'>etsi</span> <span class='ocrx_word' id='word_1_790' title='bbox 3490 4653 3604 4691; x_wconf 90' lang='lat' dir='ltr'>non</span> <span class='ocrx_word' id='word_1_791' title='bbox 3640 4637 3819 4692; x_wconf 85' lang='lat' dir='ltr'>male-</span> 
     </span>
    </p>
   </div>
   <div class='ocr_carea' id='block_1_101' title="bbox 2165 4718 3816 4795">
    <p class='ocr_par' dir='ltr' id='par_1_101' title="bbox 2165 4718 3816 4795">
     <span class='ocr_line' id='line_1_101' title="bbox 2165 4718 3816 4795; baseline 0.004 -23"><span class='ocrx_word' id='word_1_792' title='bbox 2165 4718 2328 4788; x_wconf 82' lang='lat' dir='ltr'>dixit,</span> <span class='ocrx_word' id='word_1_793' title='bbox 2362 4719 2670 4773; x_wconf 88' lang='lat' dir='ltr'>consilium</span> <span class='ocrx_word' id='word_1_794' title='bbox 2714 4725 2910 4774; x_wconf 88' lang='lat' dir='ltr'>tamen</span> <span class='ocrx_word' id='word_1_795' title='bbox 2963 4721 3184 4777; x_wconf 85' lang='lat' dir='ltr'>malum</span> <span class='ocrx_word' id='word_1_796' title='bbox 3236 4724 3397 4779; x_wconf 88' lang='lat' dir='ltr'>dedit</span> <span class='ocrx_word' id='word_1_797' title='bbox 3445 4726 3629 4795; x_wconf 75' lang='lat' dir='ltr'>(Num.</span> <span class='ocrx_word' id='word_1_798' title='bbox 3662 4743 3816 4791; x_wconf 75' lang='lat' dir='ltr'>xxxv,</span> 
     </span>
    </p>
   </div>
   <div class='ocr_carea' id='block_1_102' title="bbox 2165 4806 3817 4883">
    <p class='ocr_par' dir='ltr' id='par_1_102' title="bbox 2165 4806 3817 4883">
     <span class='ocr_line' id='line_1_102' title="bbox 2165 4806 3817 4883; baseline 0.006 -24"><span class='ocrx_word' id='word_1_799' title='bbox 2165 4808 2268 4873; x_wconf 17' lang='lat' dir='ltr'>lli;</span> <span class='ocrx_word' id='word_1_800' title='bbox 2320 4806 2478 4861; x_wconf 80' lang='lat' dir='ltr'>Mich.</span> <span class='ocrx_word' id='word_1_801' title='bbox 2534 4825 2608 4871; x_wconf 81' lang='lat' dir='ltr'>v1,</span> <span class='ocrx_word' id='word_1_802' title='bbox 2658 4808 2735 4873; x_wconf 86' lang='lat'>5;</span> <span class='ocrx_word' id='word_1_803' title='bbox 2784 4810 3004 4863; x_wconf 73' lang='lat' dir='ltr'>Ill’etr.</span> <span class='ocrx_word' id='word_1_804' title='bbox 3055 4828 3113 4875; x_wconf 74' lang='grc' dir='ltr'>ιι,</span> <span class='ocrx_word' id='word_1_805' title='bbox 3163 4812 3298 4879; x_wconf 81' lang='lat'>15):</span> <span class='ocrx_word' id='word_1_806' title='bbox 3356 4813 3529 4879; x_wconf 88' lang='lat' dir='ltr'>unde,</span> <span class='ocrx_word' id='word_1_807' title='bbox 3567 4814 3817 4883; x_wconf 82' lang='lat' dir='ltr'>jubente</span> 
     </span>
    </p>
   </div>
   <div class='ocr_carea' id='block_1_103' title="bbox 2167 4895 3812 4973">
    <p class='ocr_par' dir='ltr' id='par_1_103' title="bbox 2167 4895 3812 4973">
     <span class='ocr_line' id='line_1_103' title="bbox 2167 4895 3812 4973; baseline 0.005 -25"><span class='ocrx_word' id='word_1_808' title='bbox 2167 4895 2429 4961; x_wconf 86' lang='lat' dir='ltr'>Domino,</span> <span class='ocrx_word' id='word_1_809' title='bbox 2455 4900 2517 4948; x_wconf 90' lang='lat' dir='ltr'>ut</span> <span class='ocrx_word' id='word_1_810' title='bbox 2538 4901 2867 4966; x_wconf 83' lang='lat' dir='ltr'>expeterent</span> <span class='ocrx_word' id='word_1_811' title='bbox 2893 4898 3030 4953; x_wconf 82' lang='lat' dir='ltr'>{iliis</span> <span class='ocrx_word' id='word_1_812' title='bbox 3055 4899 3230 4954; x_wconf 92' lang='lat' dir='ltr'>lsrael</span> <span class='ocrx_word' id='word_1_813' title='bbox 3254 4900 3324 4955; x_wconf 86' lang='lat' dir='ltr'>de</span> <span class='ocrx_word' id='word_1_814' title='bbox 3352 4901 3812 4973; x_wconf 83' lang='lat' dir='ltr'>Moabitis(606),</span> 
     </span>
    </p>
   </div>
   <div class='ocr_carea' id='block_1_104' title="bbox 2162 4985 3811 5058">
    <p class='ocr_par' dir='ltr' id='par_1_104' title="bbox 2162 4985 3811 5058">
     <span class='ocr_line' id='line_1_104' title="bbox 2162 4985 3811 5058; baseline 0.005 -21"><span class='ocrx_word' id='word_1_815' title='bbox 2162 5001 2278 5054; x_wconf 88' lang='lat' dir='ltr'>qua</span> <span class='ocrx_word' id='word_1_816' title='bbox 2303 4986 2571 5055; x_wconf 79' lang='lat' dir='ltr'>expetita,</span> <span class='ocrx_word' id='word_1_817' title='bbox 2590 4985 2816 5056; x_wconf 84' lang='lat' dir='ltr'>Moyses</span> <span class='ocrx_word' id='word_1_818' title='bbox 2843 4987 2912 5040; x_wconf 86' lang='lat' dir='ltr'>ad</span> <span class='ocrx_word' id='word_1_819' title='bbox 2941 4988 3220 5058; x_wconf 91' lang='lat' dir='ltr'>populum</span> <span class='ocrx_word' id='word_1_820' title='bbox 3247 5006 3419 5044; x_wconf 89' lang='lat' dir='ltr'>suum</span> <span class='ocrx_word' id='word_1_821' title='bbox 3446 4988 3681 5046; x_wconf 90' lang='lat' dir='ltr'>locutus</span> <span class='ocrx_word' id='word_1_822' title='bbox 3703 4998 3811 5056; x_wconf 85' lang='lat' dir='ltr'>est,</span> 
     </span>
    </p>
   </div>
   <div class='ocr_carea' id='block_1_105' title="bbox 2162 5073 3812 5120">
    <p class='ocr_par' dir='ltr' id='par_1_105' title="bbox 2162 5073 3812 5120">
     <span class='ocr_line' id='line_1_105' title="bbox 2162 5073 3812 5120; baseline 0 0"><span class='ocrx_word' id='word_1_823' title='bbox 2162 5073 2285 5120; x_wconf 69' lang='lat' dir='ltr'>inse</span> <span class='ocrx_word' id='word_1_824' title='bbox 2317 5073 2515 5120; x_wconf 74' lang='lat' dir='ltr'>dicens</span> <span class='ocrx_word' id='word_1_825' title='bbox 2550 5090 2562 5120; x_wconf 69' lang='grc' dir='ltr'><strong>ξ</strong></span> <span class='ocrx_word' id='word_1_826' title='bbox 2616 5074 3022 5120; x_wconf 79' lang='lat' dir='ltr'>Anninn-imini-</span> <span class='ocrx_word' id='word_1_827' title='bbox 3061 5082 3116 5120; x_wconf 66' lang='lat' dir='ltr'>at.</span> <span class='ocrx_word' id='word_1_828' title='bbox 3161 5077 3496 5120; x_wconf 67' lang='lat' dir='ltr'>hnllionrntn</span> <span class='ocrx_word' id='word_1_829' title='bbox 3526 5081 3812 5120; x_wconf 71' lang='lat' dir='ltr'>ndvorcnn</span> 
     </span>
    </p>
   </div>
  </div>
