3990 5306
173 416 271 477 365
701 408 1119 470 EXPOSITIO
1164 410 1240 468 ΙΝ
1288 409 1711 469 EPISTOLAS
1760 409 2121 470 PAULL—
2172 412 2246 469 IN
2297 411 2541 471 EPIST.
2590 410 2609 468 Ι
2656 410 2757 469 Αι)
2803 410 2978 471 COli.
3423 409 3543 467 366

170 549 240 606 eis
267 544 436 616 (Num.
470 557 623 608 xxxx,
653 541 709 606 7,
741 542 817 607 8).
850 540 997 596 Nota
1026 541 1163 612 quia
1196 542 1398 596 mitius
1452 542 1552 595 .‘ilii
1603 540 1776 596 Israel
1809 546 1856 608 Α
1893 543 2260 611 praedicando
2292 544 2362 597 ad
2396 544 2568 597 fidem
2602 540 2816 596 Christi
2849 539 3540 612 perduxi.Namsignacu-

167 635 485 711 puniuntur,
528 629 626 701 qui
658 630 716 684 in
749 646 809 684 se
844 636 1248 700 peccaverunt,
1282 647 1460 700 quam
1494 630 1782 697 Moabitae,
1896 631 2029 698 lum,
2055 635 2187 693 etc.,
2222 632 2274 686 id
2312 638 2420 695 est,
2450 630 2757 700 judicium,
2790 635 2845 684 et
2876 627 3128 701 dignitas
3163 627 3275 682 mei
3307 636 3539 699 aposto-

165 725 249 798 qui
269 719 622 779 occasionem
646 718 924 788 peccandi
951 718 1259 773 dederunt.
1286 718 1448 772 Unde
1469 722 1525 772 et
1546 717 1651 785 illi,
1682 717 1783 788 qui
1895 717 2052 774 latus
2078 737 2177 774 vos
2208 720 2369 785 estis,
2403 735 2551 790 quos
2577 736 2610 773 a
2640 717 2963 790 gentilitate
2993 721 3050 772 et
3091 715 3432 771 infidelitate
3462 718 3534 771 ad

164 814 406 872 sexcenta
431 807 617 863 millia
638 807 801 878 prius
825 807 1107 869 vicerunt,
1132 824 1165 861 a
1186 806 1494 861 duodecim
1515 806 1785 861 millibus
1897 808 2067 863 fidem
2100 809 2271 864 traxi.

164 898 392 973 superati
418 900 575 952 sunt.
596 896 756 960 Quod
782 896 1227 966 utiquejustitia
1250 896 1571 965 fecit;quia
1598 912 1783 966 quan-
1965 898 2081 952 Mea
2112 898 2372 969 defensio,
2424 902 2532 953 etc.
2568 897 2736 951 Fides
2781 900 2971 949 vestra
3002 910 3131 950 mea
3159 898 3247 949 est
3279 894 3542 950 defensio

164 993 251 1047 diu
280 991 574 1061 peccatum
610 985 962 1050 habuerunt,
994 984 1154 1044 victi.
1186 985 1409 1053 abjecto
1437 990 1689 1055 peccato,
1726 984 1785 1037 in
1896 988 2047 1057 apud
2071 1004 2189 1052 eos,
2210 988 2308 1059 qui
2334 1004 2426 1042 me
2446 988 3040 1056 interrogant,utrum
3064 983 3175 1038 sim
3201 982 3539 1053 Apostolus,

155 1078 364 1153 justitia
396 1080 730 1138 manentes,
766 1073 866 1144 qui
901 1090 935 1127 a
968 1074 1204 1128 feminis
1235 1073 1367 1127 victi
1414 1078 1571 1143 sunt,
1622 1088 1786 1144 reges
1896 1092 2099 1131 necne.
2162 1076 2427 1145 Nunquid
2476 1091 2585 1129 non
2657 1073 2915 1129 habemus
2989 1074 3355 1144 potestatem?
3429 1075 3541 1127 etc.

163 1168 582 1239 superaverunt.
617 1164 983 1234 Quapropter
1012 1167 1071 1216 et
1100 1168 1185 1227 tu,
1221 1163 1267 1217 si
1304 1162 1387 1216 vis
1420 1178 1623 1216 omnes
1655 1167 1786 1215 tuos
1898 1164 2064 1219 Illam
2096 1165 2239 1219 dicit
2270 1169 2638 1235 potestatem,
2667 1179 2845 1235 quam
2878 1162 3163 1217 Dominus
3188 1178 3286 1216 eos
3309 1162 3379 1215 ad
3399 1178 3541 1233 pre-

161 1271 412 1329 superare
442 1251 733 1319 inimicos,
766 1250 1052 1305 calceatos
1084 1250 1279 1321 pedes,
1324 1267 1490 1305 sume
1547 1250 1786 1305 loricam
1898 1253 2211 1307 dicandum
2246 1254 2526 1325 dirigens,
2560 1254 2737 1308 dicit:
2772 1254 3103 1323 Quicunque
3122 1252 3421 1322 receperint
3454 1266 3545 1306 vos

154 1344 391 1419 justitiae,
420 1346 655 1397 scutum
690 1340 845 1407 fidei,
878 1344 934 1393 et
964 1338 1190 1410 galeam
1224 1339 1435 1394 salutis
1467 1340 1617 1408 (lsai.
1672 1354 1788 1402 le,
1898 1344 2047 1413 (Luc.
2103 1360 2177 1405 1x,
2226 1344 2334 1413 48),
2392 1348 2523 1408 etc.,
2588 1359 2797 1413 usque,
2856 1342 3064 1409 dignus
3121 1344 3198 1395 est
3254 1341 3547 1411 operarius

160 1438 249 1500 t7;
280 1433 463 1504 Ephes
491 1447 573 1497 vx,
599 1430 702 1495 14;
739 1429 757 1482 Ι
792 1428 964 1483 Thess.
998 1445 1051 1494 v,
1098 1428 1186 1495 8):
1252 1428 1466 1498 quibus
1520 1428 1567 1481 si
1611 1427 1789 1481 fueris
1899 1432 2051 1499 (Luc,
2082 1448 2135 1495 x,
2168 1431 2245 1499 7),
2278 1437 2382 1485 etc.
2420 1432 2488 1485 Et
2537 1447 2649 1485 non
2693 1430 2883 1485 solum
2944 1428 3158 1496 verbis,
3223 1429 3321 1483 sed
3368 1428 3545 1483 etiam

158 1522 454 1595 spoliatus,
488 1536 521 1574 a
548 1533 922 1590 quocumque
950 1516 1089 1571 vitio
1113 1518 1328 1588 poteris
1360 1517 1644 1587 superari.
1902 1518 2070 1574 factis
2103 1520 2359 1574 ostendit
2389 1520 2474 1574 eis
2506 1518 2833 1574 necessaria
2863 1517 3158 1589 percipere
3196 1516 3405 1572 debere
3435 1534 3448 1584 ;
3483 1518 3550 1571 ut

216 1610 524 1681 Sequitur:
583 1609 679 1663 Sic
728 1610 1015 1677 peccantes
1072 1608 1131 1659 in
1177 1607 1400 1675 fratres,
1454 1609 1559 1658 ctc.
1622 1604 1785 1670 Nota,
1901 1608 2086 1664 illud:
2115 1608 2491 1679 Sequebantur
2529 1617 2706 1663 autem
2734 1608 2895 1661 multi
2920 1606 3107 1676 (Marc.
3142 1622 3220 1672 v1,
3247 1606 3324 1675 8),
3363 1608 3469 1659 etc.

157 1700 279 1772 quia
308 1700 619 1770 peccantes
636 1696 693 1750 in
718 1694 947 1761 fratres,
967 1695 1243 1748 dicuntur
1264 1694 1321 1746 in
1344 1692 1572 1747 Christo
1596 1708 1791 1763 pecca-
1974 1700 2159 1762 Quare
2176 1696 2362 1752 voluit
2387 1714 2485 1752 eos
2504 1696 2763 1768 accipere
2786 1693 3154 1751 necessaria?
3176 1693 3260 1749 Ob
3276 1693 3385 1749 boc
3404 1709 3474 1749 ne
3490 1694 3549 1749 in

157 1806 224 1844 re.
254 1788 417 1843 Sicut.
450 1785 605 1840 enim
636 1784 693 1838 in
725 1782 1105 1854 legepeccant
1126 1781 1207 1847 bi,
1232 1781 1331 1853 qui
1346 1781 1592 1852 sublege
1620 1784 1785 1835 sunt:
1902 1782 2165 1837 minimis
2209 1784 2496 1855 occupati,
2556 1783 2609 1836 id
2659 1787 2767 1851 est,
2822 1779 3168 1836 necessariis
3197 1797 3210 1846 ;
3244 1796 3279 1834 a
3310 1779 3544 1849 majori,

156 1878 228 1932 sic
252 1880 306 1931 et
332 1872 562 1945 illi,qui
587 1872 643 1926 in
670 1872 875 1927 fratres
900 1876 1158 1941 peccant,
1183 1871 1239 1924 in
1262 1869 1491 1924 Christo
1518 1872 1786 1937 peccant:
1822 1905 1869 1969 B
1902 1873 1960 1927 id
2003 1876 2111 1938 est,
2146 1871 2551 1943 praedicatione
2602 1872 2951 1935 recederent,
2984 1873 3042 1924 et
3070 1869 3276 1924 tardus
3325 1868 3395 1922 ad
3449 1883 3549 1923 eos

156 1966 278 2036 quia
302 1964 359 2017 in
394 1962 496 2017 his
528 1965 746 2023 errant,
776 1976 903 2031 qua:
936 1959 1046 2013 sub
1070 1974 1135 2013 eo
1177 1975 1332 2013 sum.
1382 1958 1793 2012 Animadverte
1822 1956 1868 1969 ”
1904 1960 2236 2033 praedicatio
2265 1961 2539 2015 venisset.
2564 1961 2633 2015 Et
2652 1963 2813 2027 nota,
2837 1958 2979 2030 quia
2998 1974 3112 2012 non
3138 1956 3549 2029 praecipiendo,

154 2054 312 2108 etiam
343 2051 494 2122 quia
523 2066 636 2104 non
670 2048 834 2113 dixit,
868 2048 925 2102 in
958 2046 1255 2103 Christum
1290 2048 1458 2118 (607)-
1502 2046 1564 2100 1n
1596 2045 1793 2100 Cbria-
1905 2050 2004 2106 sed
2039 2050 2410 2104 concedendo
2445 2052 2787 2119 potestatem
2824 2046 3047 2101 tribuit.
3081 2046 3149 2099 Et
3178 2046 3306 2100 ideo
3333 2045 3552 2101 Paulus

154 2147 271 2196 tum
303 2154 569 2210 namque
600 2152 854 2207 peccare,
901 2152 1035 2189 eum
1090 2151 1301 2206 negare
1356 2139 1465 2189 est.
1504 2136 1798 2202 lnﬁrmam
1906 2139 2221 2209 accipiens,
2282 2138 2566 2192 immunis
2615 2154 2646 2190 a
2704 2136 2878 2207 culpa
2922 2135 3205 2203 redditur,
3268 2134 3548 2204 quoniam

156 2222 1797 2293 conseientz'amdicit,autimitando,autreprebendendo
1909 2227 2180 2299 praecepti
2238 2227 2628 2298 transgressio
2680 2242 2808 2279 esse
2887 2225 3108 2295 absque
3203 2240 3351 2277 noxa
3438 2238 3553 2277 non

160 2318 413 2390 Sequitur
444 2334 456 2372 :
488 2316 549 2370 Si
578 2323 759 2369 autem
787 2329 909 2369 esca
937 2312 1280 2367 seandalizat
1316 2314 1549 2381 fratrem
1592 2327 1797 2365 meum.
1908 2316 2078 2371 valet,

153 2408 563 2462 Animadverte
595 2407 826 2474 quanta:
858 2400 1161 2457 charitatis
1193 2405 1249 2456 et
1280 2399 1607 2455 dilectionis
1630 2398 1804 2454 fuerit
1984 2407 2052 2461 Et
2075 2412 2140 2462 ut,
2168 2406 2501 2462 ostenderet
2531 2421 2593 2459 se
2625 2406 2972 2474 potestatem
3006 2400 3321 2471 accepisse,
3376 2415 3556 2471 quam

156 2494 495 2565 Apostolus,
530 2493 655 2564 qui,
689 2497 753 2546 ut
782 2508 923 2547 suos
968 2491 1039 2545 ad
1092 2489 1439 2545 charitatem
1490 2502 1802 2561 provocare
1913 2495 2157 2560 dixerat,
2192 2494 2531 2565 subjunxit:
2565 2493 2715 2547 Sicut
2771 2491 2959 2547 exteri
3010 2491 3259 2561 apostoli.
3312 2489 3559 2544 Caeteros
3651 2486 3676 2503 ⁸

146 2588 360 2654 posset,
400 2581 793 2652 semetipsum
819 2579 1016 2651 posuit
1038 2577 1799 2650 exemplumzquasidicat:
1915 2584 2170 2656 appellat
2225 2599 2429 2639 omnes
2478 2579 2798 2652 apostolos.
2848 2579 2917 2633 Et
2965 2594 3037 2633 ne
3077 2575 3321 2632 minoris
3367 2575 3559 2632 meriti

147 2672 268 2727 Scio
305 2671 461 2726 mihi
496 2670 693 2725 omnia
716 2669 1369 2734 licita.omniamunda,
1410 2668 1509 2722 sed
1537 2683 1626 2721 me
1650 2664 1807 2735 peni-
1913 2674 2225 2737 videretur,
2260 2670 2519 2725 addidit:
2548 2672 2610 2724 Et
2633 2670 2834 2738 fratres
2868 2668 3106 2722 Domini.
3148 2665 3293 2720 Nam
3354 2666 3563 2720 fratres

143 2765 236 2816 tus
269 2761 345 2815 ab
381 2759 481 2814 his
513 2760 808 2813 abstineo:
863 2757 1004 2827 quia
1048 2773 1163 2811 non
1212 2756 1477 2826 expedire
1526 2754 1801 2823 intelligo-
1915 2760 2291 2830 Domini,qui
2313 2757 2720 2813 eximiimeriti
2743 2773 2871 2812 esse
2891 2754 3260 2821 videbantur,
3280 2751 3554 2824 appellat.

144 2848 309 2904 Unde
344 2865 535 2919 supra
560 2848 791 2916 :{0mnia
813 2847 954 2900 mihi
975 2847 1156 2908 licent,
1178 2845 1265 2898 sed
1298 2862 1407 2897 non
1431 2846 1621 2897 omnia
1643 2858 1806 2912 expe-
1915 2854 2001 2915 Et,
2034 2854 2099 2903 ut
2128 2850 2316 2919 magis
2364 2847 2738 2901 conﬁrmaret
2784 2845 2938 2916 quod
2989 2843 3234 2911 dixerat,
3281 2840 3461 2896 dixit:
3493 2841 3560 2895 Et

137 2938 304 2993 diunt
338 2939 393 3007 (Ι
431 2938 560 2993 Cor.
604 2953 682 3001 v1,
722 2936 825 3005 t2).
1918 2938 2141 3007 Cephas.
2174 2936 2397 3005 Cephas
2422 2933 2577 2989 enim
2606 2933 2945 3004 accipiebat,
2980 2932 3079 3003 qui
3134 2931 3406 3002 princeps
3435 2932 3561 2985 erat

202 3045 398 3115 (608).
438 3042 571 3096 CAP.
614 3040 729 3109 IX.)
762 3041 878 3094 Non
908 3055 1033 3094 sum
1088 3036 1269 3092 liber?
1318 3041 1426 3091 etc.
1482 3036 1628 3106 (609)
1681 3035 1809 3089 Hae
1918 3024 2408 3095 apostolorum,ut
2428 3024 2566 3075 dum
2590 3021 2755 3075 illum
2778 3022 2850 3076 ad
2874 3020 3277 3075 testimonium
3305 3022 3557 3084 revocat,

129 3110 299 3189 enim
336 3110 525 3184 verba
557 3128 687 3182 irati
719 3131 775 3181 et
804 3125 1083 3182 commoti
1112 3123 1295 3180 animi
1344 3128 1482 3178 sunt
1510 3140 1523 3177 :
1570 3128 1645 3188 et,
1694 3122 1807 3176 nisi
1918 3112 2131 3168 certior
2153 3110 2339 3182 ipsius
2370 3110 2660 3165 sententia
2690 3110 2988 3164 reddatur.

127 3222 391 3291 adjuvet
419 3216 843 3288 pronuntiatio,
862 3215 1156 3270 afﬁrmare
1172 3214 1399 3268 videtur
1419 3213 1572 3283 quod
1597 3227 1807 3283 negare
1839 3266 1879 3291 η
1992 3218 2249 3291 Nunquid
2276 3233 2383 3272 non
2439 3216 2702 3271 habemus
2757 3219 3079 3287 potestatem
3135 3229 3400 3277 sororem,
3449 3217 3557 3269 etc.

128 3306 484 3364 contendit.
521 3307 586 3360 Et
618 3306 746 3360 ideo
776 3304 858 3360 ita
906 3304 1215 3376 legendum
1260 3307 1370 3367 est,
1424 3307 1486 3356 ut
1536 3301 1801 3371 negando
1838 3301 1879 3331 υ
1918 3306 2194 3364 Nonnulli
2230 3306 2425 3360 minus
2485 3305 2894 3375 intelligentes,
2946 3308 3119 3375 atque
3176 3302 3559 3358 intentionem

125 3399 367 3453 dictum
397 3393 1111 3465 intelligatur.lmo:Non
1130 3392 1607 3456 sumliber?etc.,
1635 3390 1801 3461 quasi
1915 3394 2293 3468 apostolicam
2328 3410 2439 3448 non
2498 3392 2910 3465 intelligentes,
2968 3392 3119 3447 male
3159 3390 3315 3445 hunc
3368 3392 3560 3445 locum

128 3487 390 3542 diceret:
434 3483 601 3537 Sum.
630 3482 797 3537 Liber
817 3486 966 3537 erat:
1000 3482 1139 3551 quia
1158 3497 1271 3535 non
1304 3478 1660 3545 simulando,
1695 3479 1802 3544 vel,
1917 3483 2279 3556 interpretati
2314 3486 2470 3546 sunt,
2503 3482 2762 3537 dicentes
2793 3480 3087 3552 apostolos
3120 3480 3413 3551 accepisse
3461 3495 3565 3550 po-

128 3580 192 3630 ut
224 3572 477 3645 aliquid
511 3571 815 3643 acciperet,
860 3569 1234 3641 praedicabat.
1294 3567 1610 3640 Apostolus
1659 3584 1704 3621 ει

1987 3580 2185 3630 atatem
2220 3587 2428 3626 uxores
2459 3570 2730 3637 ducendi,
2783 3569 2989 3625 fallens
3046 3586 3145 3624 eos
3205 3567 3563 3640 ambiguitas

133 3665 275 3736 quia
311 3662 587 3727 missus;
623 3664 694 3714 ut
738 3657 920 3713 illud:
983 3658 1111 3713 Ecce
1166 3673 1259 3727 ego
1315 3658 1387 3713 ad
1431 3665 1610 3728 gentes
1649 3657 1805 3726 longe
1914 3660 2091 3717 Graeci
2118 3660 2407 3715 sermonis
2435 3676 2447 3725 ;
2477 3659 2753 3730 quoniam
2778 3675 2969 3713 sermo
2995 3658 3226 3713 Graecus
3248 3656 3423 3711 talem
3445 3655 3565 3711 vim

126 3754 344 3823 positas
411 3750 557 3820 (Act.
618 3765 755 3816 χχιι,
816 3746 930 3816 9|).
994 3745 1309 3801 Dominum
1369 3745 1610 3813 viderat,
1686 3745 1806 3800 sive
1915 3751 2090 3805 habet
2117 3750 2175 3803 in
2207 3749 2315 3803 hoc
2344 3747 2490 3813 loco,
2526 3754 2589 3802 ut
2619 3751 2674 3803 et
2706 3764 2809 3818 pro
2840 3763 3017 3801 uxore
3047 3751 3104 3801 et
3135 3746 3379 3801 muliere
3410 3744 3560 3800 acci-

130 3841 336 3898 eundo
368 3840 760 3903 Damascum,
795 3836 914 3891 sive
942 3835 1002 3889 in
1060 3834 1278 3905 templo
1323 3835 1563 3889 orando.
1614 3834 1807 3887 Nonne
1916 3839 2129 3910 piatur.
2165 3837 2275 3891 Sed
2301 3842 2494 3890 tamen
2528 3852 2644 3890 non
2667 3834 2869 3889 debuit
2898 3835 3007 3889 hoc
3032 3851 3130 3891 eos
3153 3835 3372 3891 fallere.
3398 3834 3566 3889 Huno

133 3947 271 4002 opus
302 3945 504 3985 meum
534 3942 622 3982 vos
650 3927 778 3981 estis
810 3928 868 3980 in
901 3922 1170 3979 Domino?
1226 3922 1287 3977 Id
1348 3930 1436 3977 est
1488 3939 1634 3993 opus
1694 3921 1803 3976 mei
1916 3941 2172 3982 errorem
2204 3929 2324 3978 tam
2357 3922 2761 3995 praecedentia,
2812 3940 2990 3993 quam
3042 3923 3345 3993 sequentia
3390 3923 3568 3978 verba

139 4019 555 4091 apostolatus.
589 4016 733 4070 Cum
765 4014 923 4070 enim
956 4030 1058 4085 per
1089 4029 1271 4067 unum
1314 4027 1555 4081 annum,
1604 4015 1662 4065 et
1711 4027 1811 4065 sex
1917 4012 2231 4086 expellunt.
2255 4016 2442 4082 Supra
2470 4026 2723 4080 namque
2745 4010 3339 4077 dicitsororem,cum
3364 4008 3567 4065 nullus

135 4125 380 4165 menses
413 4106 581 4177 apud
612 4121 714 4160 vos
746 4102 1136 4175 praedicando,
1170 4100 1599 4171 praedicassem,
1633 4104 1689 4154 et
1736 4100 1807 4153 ab
1918 4118 2176 4159 sororem
2212 4098 2490 4171 accipiat;
2539 4103 2595 4153 et
2625 4098 2683 4153 in
2708 4099 3094 4169 sequentibus
3110 4096 3251 4151 dicit
3276 4114 3287 4151 :
3316 4096 3570 4153 Circum-

132 4196 517 4253 inﬁdelitate
549 4193 620 4249 ad
654 4192 829 4247 fidem
860 4190 1230 4256 transissem,
1264 4187 1401 4259 quid
1444 4186 1601 4242 aliud
1655 4204 1808 4242 nunc
1917 4191 2194 4251 ducendi;
2228 4204 2361 4245 cum
2394 4186 2595 4243 nullus
2617 4203 2853 4242 uxorem
2878 4187 3098 4241 ducens
3122 4186 3295 4256 dicat,
3322 4186 3570 4240 circum-

137 4285 193 4339 in
222 4291 443 4341 vestra
513 4281 648 4349 ﬁde,
706 4295 884 4352 quam
942 4294 1088 4349 Opus
1147 4275 1509 4349 apostolatus
1552 4275 1809 4331 ostendi-
1917 4280 2075 4346 duxi,
2100 4280 2224 4343 sed,
2260 4277 2419 4333 duxi.
2453 4277 2522 4330 Et
2554 4276 2601 4331 si
2634 4276 2725 4329 cui
2758 4275 3117 4330 contrarium
3149 4274 3379 4329 videtur
3410 4274 3565 4345 quod

140 4380 235 4429 tur
256 4375 286 4428 ‘?
1919 4370 2149 4425 feminae
2182 4366 2461 4439 apostolis
2494 4364 2926 4429 ministrabant,
2960 4364 3114 4436 legat
3166 4360 3564 4434 Evangelium.

204 4465 270 4518 Et
300 4464 361 4517 .ςὶ
394 4460 545 4516 aliis
574 4472 682 4512 non
699 4472 821 4511 sum
851 4455 1131 4526 Apostolus
1187 4458 1292 4507 (itc-
1347 4452 1504 4508 AiiOS
1562 4452 1814 4524 appellat
1924 4459 2005 4514 Ibi
2036 4457 2245 4529 poterit
2280 4455 2541 4510 invenire
2572 4453 2931 4509 contrarium
2967 4469 3080 4507 non
3096 4467 3223 4507 esse
3247 4469 3261 4518 ;
3288 4451 3568 4522 quoniam

132 4551 381 4606 Judaeos
404 4543 852 4614 credentes,qui
880 4543 1069 4599 adhuc
1092 4543 1152 4596 in
1174 4540 1390 4596 carnali
1412 4540 1813 4596 observatione
1922 4546 2168 4603 Domino
2200 4542 2475 4599 mulieres
2508 4542 2942 4607 ministrabant,
2968 4546 3030 4597 ut
3053 4541 3196 4596 illud
3226 4540 3573 4611 :Sequeban.

135 4640 604 4711 permanentes.
636 4632 885 4688 Paulum
918 4647 1163 4704 praeesse
1177 4631 1565 4701 denegabant,
1589 4631 1661 4685 ob
1683 4630 1711 4685 h

1999 4638 2220 4691 'autem
2250 4634 2446 4701 (Marc.
2480 4649 2570 4698 xv,
2606 4632 2713 4702 41),
2747 4636 2855 4686 etc.
2890 4630 3115 4685 Devotie
3147 4645 3401 4700 namque
3435 4644 3575 4681 mu-

136 4728 275 4798 quia
303 4724 656 4800 praedicans
688 4722 959 4794 gentibus
990 4720 1333 4775 destruebat
1363 4719 1626 4785 sabbata,
1661 4724 1821 4774 οωῐϐ-
1929 4727 2100 4781 lieres
2151 4732 2205 4777 et
2255 4722 2564 4777 amatrices
2610 4719 2935 4774 cmlestium
2986 4717 3437 4790 disciplinarum
3504 4714 3576 4767 de

138 4832 363 4887 rasque
398 4812 561 4884 legis
594 4810 1051 4866 observationes.
1088 4808 1257 4874 Nam,
1292 4824 1426 4861 cum
1459 4807 1647 4862 caeteri
1679 4824 1817 4879 apo-
1930 4814 2054 4869 suis
2087 4810 2465 4867 facultatibus
2497 4808 2951 4879 praeceptoribus
2986 4805 3419 4861 ministrabant.
3454 4801 3575 4855 Ma-

136 4904 273 4958 stoli
309 4899 767 4958 dissimulando
801 4898 1186 4969 praedicarent
1216 4895 1274 4949 in
1309 4895 1527 4950 carnali
1548 4896 1819 4952 observa-
1930 4904 2085 4958 xime
2117 4902 2188 4955 ob
2220 4900 2329 4955 hoc
2377 4916 2489 4953 non
2522 4901 2647 4951 erat
2694 4894 3092 4952 contrarium:
3146 4894 3285 4965 quia
3334 4904 3578 4946 consue-

136 4992 301 5047 tione
341 5005 623 5058 manere,
658 4992 722 5042 ut
755 5004 854 5042 eos
869 5003 1104 5058 quoquo
1130 4985 1303 5039 modo
1326 4986 1394 5039 ad
1419 4986 1589 5039 fidem
1611 4985 1821 5041 Christi
1933 4992 2075 5047 tudo
2100 4987 2603 5051 eratJudasorum,
2626 4985 2892 5056 quamvis
2910 4982 3255 5038 scandalum
3279 4976 3579 5051 gentibus,

136 5081 388 5136 trahere
418 5085 691 5151 possent,
715 5081 771 5131 et
792 5075 1010 5131 Paulus
1029 5074 1193 5145 quasi
1219 5075 1511 5128 contraria
1530 5074 1825 5131 videretur
1935 5086 2131 5136 tamen
2163 5076 2477 5149 Apostolus
2512 5075 2592 5128 uti
2630 5074 2887 5131 nolebat.
2922 5072 3032 5126 Sed
3060 5082 3402 5142 quanquam
3451 5061 3589 5116 illos

140 5168 455 5243 apostolis
496 5166 722 5231 docere,
755 5165 813 5220 in
845 5164 1243 5219 destructione
1274 5164 1525 5218 carnalis
1553 5165 1826 5221 observa-
1938 5167 2261 5236 fefellisset,
2292 5172 2492 5221 tamen
2526 5164 2907 5220 intentionem
2932 5158 3191 5231 Apostoli
3214 5153 3594 5211 consideran-

440 5255 682 5278 --μέλω
725 5250 1056 5278 Α---ιΑ1-..ηη
1096 5267 1221 5280 an..-
1255 5253 1576 5280 κληηιςκκι.
1615 5260 1661 5280 ,ι
1694 5258 1821 5280 2.»..-
1944 5264 1996 5282 ι,

842 5250 1056 5278 ..ιηιηννη
1096 5267 1221 5280 an..-
1255 5253 1576 5280 κληηιςκκι.
1615 5260 1661 5280 ,ι
1694 5258 1821 5280 2.»..-
1944 5264 2030 5282 ι--
2068 5275 2177 5282 ,.-..
2216 5253 2414 5282 r..r..nu
