3990 5306
436 370 549 425 367

1450 373 1787 431 ATTONIS
1836 371 2419 433 VERCELLICNSIS
2470 371 2821 434 EPISCOPI

3726 376 3841 436 368

432 500 736 556 honestius
782 500 1139 574 loqueretur.
1174 504 1241 556 Et
1272 520 1341 557 ne
1374 504 1668 559 videretur
1692 505 2073 576 semetipsum
2105 506 2158 569 Α
2190 506 2399 571 (Matth.
2434 524 2569 573 xxu,
2594 508 2704 573 37),
2739 512 2845 561 etc.
2897 507 2993 561 Et:
3056 507 3359 576 Lavamini,
3416 506 3613 562 mundi
3670 515 3837 562 estote

434 591 843 644 commendare
875 590 1038 656 velle,
1071 596 1125 645 et
1159 590 1302 647 alios
1327 592 1767 662 reprehendere,
1792 594 1918 648 ideo
1942 595 2075 648 sub-

428 679 654 749 junxit:
689 680 823 746 Quis
850 680 1082 747 militat,
1130 685 1235 734 etc.
1296 681 1508 736 Milites
1556 682 1711 737 enim
1761 686 1925 738 erant
1957 682 2071 749 isti,

437 768 539 839 qui
597 767 814 823 caelesti
872 785 1046 841 regno
1099 769 1445 835 militabant,
1497 771 1775 826 adversus
1832 771 2076 827 insidias

436 856 651 912 diaboli
676 856 1052 926 dimicabant,
1069 858 1264 913 etideo
1288 858 1670 930 accipiebant,
1693 861 2075 930 quemadmo-

438 948 578 1001 dum
612 946 965 1017 stipendium
999 950 1225 1001 terreno
1260 963 1435 1017 regno
1468 947 1782 1003 militantes
1814 949 2074 1020 accipere

438 1036 644 1092 solent.
664 1037 794 1103 Quis
806 1036 1023 1106 plantat
1045 1036 1278 1100 vineam,
1301 1041 1410 1089 etc.
1436 1035 1798 1093 Plantatores
1822 1055 2073 1109 namque

434 1126 532 1181 isti
549 1125 727 1179 vineae
749 1129 914 1179 erant
937 1124 1494 1194 ;quiaecclesiastico
1517 1126 1854 1197 populoiter
1866 1126 2073 1182 salutis

434 1215 839 1272 ostendebant.
859 1213 1004 1267 Nam
1027 1214 1180 1284 quod
1204 1214 1437 1268 nomine
1454 1215 1629 1269 vineae
1648 1215 2073 1271 ecclesiasticus

432 1303 684 1377 populus
708 1302 1065 1373 designetur,
1100 1318 1215 1355 non
1238 1301 1428 1357 solum
1454 1303 1511 1357 in
1538 1303 1725 1358 Veteri
1744 1305 2074 1359 Testamen-

432 1398 511 1465 to,
545 1394 645 1448 sed
677 1393 853 1447 etiam
886 1390 945 1444 in
977 1391 1132 1446 Novo
1168 1391 1452 1463 signatur.
1479 1393 1541 1446 ln
1566 1392 1778 1461 Veteri,
1801 1398 1863 1446 ut
1888 1392 2028 1447 illud
2058 1412 2069 1460 ;

437 1484 657 1538 Vineam
683 1498 752 1536 ex
782 1483 1014 1551 /Egypto
1044 1481 1215 1550 (Psal.
1252 1498 1437 1544 Lxx1x,
1470 1482 1547 1547 9),
1605 1485 1711 1535 etc.
1750 1483 1851 1534 Et:
1911 1483 2073 1536 Vinea

432 1572 663 1627 Domini
693 1570 927 1625 Sabaoth
958 1569 1110 1640 (Isai.
1165 1586 1216 1632 ν,
1275 1570 1350 1637 7),
1395 1572 1503 1623 etc.
1562 1570 1617 1621 [n
1672 1570 1847 1640 Novo,
1899 1575 1963 1625 ut
2014 1572 2069 1625 in

433 1660 821 1716 similitudine
850 1658 1063 1712 dicitur
1087 1674 1098 1711 :
1135 1657 1328 1712 Simile
1352 1666 1429 1712 est
1447 1674 1676 1725 regnum
1696 1661 1955 1715 caelorum
1978 1661 2071 1715 ho-

432 1752 578 1806 mini
607 1751 701 1822 qui
746 1750 885 1804 exiit
925 1750 1105 1818 primo
1154 1763 1316 1801 mane
1360 1747 1565 1815 (Matth.
1618 1766 1709 1815 xv,
1746 1750 1818 1817 1),
1854 1754 1959 1804 etc.
2015 1752 2075 1804 Et

430 1843 649 1895 vineam
672 1838 979 1909 pastinavit
1009 1835 1191 1903 (Marc.
1227 1852 1324 1899 xu,
1365 1836 1435 1903 1),
1468 1841 1575 1891 etc.

506 1929 647 2000 ()uis
675 1928 849 1997 pascit
876 1940 1112 1995 gregem,
1146 1928 1251 1979 etc.
1286 1925 1391 1979 Per
1442 1941 1677 1997 gregem
1727 1927 2073 1982 ecclesiasti-

433 2033 537 2073 cus
568 2014 817 2088 populus
848 2013 1208 2085 designatur,
1243 2018 1362 2067 tam
1410 2014 1471 2069 in
1521 2014 1733 2084 Veteri,
1787 2032 1961 2086 quam
2014 2017 2071 2071 in

433 2106 610 2175 Novo,
636 2104 775 2175 quia
804 2102 927 2158 suis
960 2102 1071 2157 iter
1100 2102 1308 2157 salutis
1340 2104 1616 2158 ostendit.
1668 2104 1729 2157 In
1783 2105 1959 2173 Novo,
2013 2110 2074 2160 ut

431 2194 599 2250 illud.
634 2194 860 2248 Etatias
904 2207 1023 2246 oves
1080 2194 1247 2247 habeo
1306 2193 1481 2263 (Joan.
1533 2211 1587 2258 x,
1641 2194 1749 2257 16),
1800 2198 1912 2248 etc.
1962 2194 2073 2249 Iste

430 2287 587 2339 enim
621 2282 808 2347 miles,
860 2285 918 2335 et
961 2281 1079 2334 dux
1117 2279 1365 2334 caelestis
1416 2282 1722 2349 exercitus,
1777 2282 1962 2337 ﬁdelis
2012 2283 2069 2337 in

430 2374 543 2427 ﬁde
574 2376 630 2427 et
656 2371 914 2439 veritate,
948 2369 1039 2422 his
1070 2369 1345 2424 omnibus
1373 2370 1657 2441 exemplis
1686 2387 1748 2425 se
1808 2376 2070 2441 potesta-

428 2466 546 2516 tem
564 2458 883 2531 accipiendi
906 2458 1119 2513 habere
1142 2459 1419 2513 ostendit.
1445 2459 1513 2512 Et
1537 2475 1606 2512 ne
1630 2464 1795 2531 putet
1818 2461 1950 2531 quis
1974 2478 2072 2531 per

426 2552 747 2607 humanam
783 2547 1151 2618 sapientiam,
1184 2551 1358 2618 atque
1391 2547 1622 2618 ingenio
1654 2549 1906 2603 naturali
1937 2566 2070 2604 eum

426 2641 665 2705 dixisse,
700 2638 827 2693 ideo
860 2636 1200 2707 subjunxit:
1246 2635 1502 2706 Nunquid
1550 2637 1848 2691 secundum
1893 2638 2070 2693 homi-

425 2745 549 2785 nem
580 2730 698 2785 haec
724 2727 883 2781 dico?
910 2725 1085 2789 Quasi
1117 2724 1370 2779 diceret:
1404 2729 1484 2780 Ne
1515 2725 1730 2797 putetis
1754 2744 1845 2780 me
1869 2744 2072 2782 secun-

430 2820 569 2875 dum
601 2817 922 2871 humanam
947 2813 1293 2885 sapientiam
1318 2813 1596 2881 locutum,
1623 2816 1719 2870 sed
1747 2818 2071 2871 secundum

431 2908 707 2963 divinam.
741 2907 807 2959 Et
836 2904 1034 2959 volens
1066 2904 1172 2958 hoc
1194 2903 1389 2974 ipsum
1414 2904 1748 2960 testimonio
1774 2905 1920 2976 legis
1944 2922 2074 2960 con-

432 2998 687 3061 ﬁrmare,
724 2992 1062 3063 subjunxit:
1099 2994 1180 3046 An
1209 2998 1259 3047 et
1296 2992 1384 3046 tea:
1404 2993 1516 3046 haec
1542 3008 1651 3047 non
1697 2993 1875 3048 dicit?
1925 2994 2072 3049 Scri-

433 3088 595 3158 ptum
626 3088 742 3139 est:
775 3098 882 3137 non
914 3083 1173 3149 alligabis
1202 3082 1376 3148 (Deut.
1412 3098 1573 3145 xxvv,
1608 3083 1685 3148 4),
1738 3087 1843 3136 etc.
1894 3084 1955 3137 In
2007 3102 2072 3140 eo

435 3174 589 3244 quod
609 3171 827 3227 Paulus
850 3171 1095 3239 loquens
1116 3170 1186 3224 de
1207 3170 1359 3224 Novo
1374 3170 1769 3238 Testamento,
1792 3172 1861 3225 de
1883 3172 2071 3227 Veteri

2190 594 2408 664 (Isai.1,
2450 596 2555 662 16),
2614 600 2720 649 etc.
2784 596 3057 666 Nunquid
3116 595 3238 650 hac
3298 595 3605 667 allegorice
3639 596 3835 650 discu-

2184 682 2425 736 tienda?
2452 684 2521 737 Et
2550 700 2683 738 cum
2717 683 2959 754 legitur:
2998 684 3111 739 Non
3144 686 3335 740 arabis
3382 687 3441 739 in
3476 686 3605 739 bove
3636 685 3831 751 simul,

2184 779 2232 826 et
2260 773 2422 826 asino
2457 774 2637 840 (Deut.
2705 791 2841 841 xxii,
2903 774 3025 840 10);
3086 777 3178 828 et:
3238 774 3314 827 Ne
3372 773 3571 828 induas
3630 776 3835 828 vestem

2185 860 2359 929 (Deut.
2390 878 2527 927 xxn,
2563 862 2621 915 11
2646 879 2657 929 ;
2684 862 2839 915 Zach.
2878 879 2961 924 ΠΙ,
2992 863 3066 931 4),
3101 866 3243 927 etc.;
3296 867 3353 917 et
3374 882 3392 916 :
3424 864 3541 917 Non
3572 863 3839 931 alligabis

2183 964 2239 1001 os
2275 949 2393 1003 bovi
2422 950 2593 1019 (Deut.
2628 968 2752 1015 xxv,
2790 952 2851 1015 fi;
2889 952 3078 1019 (lCor.
3112 968 3168 1004 ιτ(
3198 952 3231 1004 9
3262 970 3275 1017 ;
3342 952 3388 1022 (I
3419 953 3553 1005 Tim.
3604 968 3663 1016 v,
3726 952 3834 1017 13},

2182 1042 2315 1107 etc.,
2350 1038 2614 1109 nunquid
2649 1040 2995 1109 simpliciter
3025 1044 3165 1094 sunt
3194 1039 3621 1111 intelligenda?
3681 1039 3835 1093 Non.

2184 1126 2291 1180 Sed
2326 1130 2557 1197 tegmen
2587 1128 2980 1196 abjiciendum
3012 1132 3121 1192 est,
3156 1132 3210 1181 et
3269 1129 3487 1183 candor
3539 1128 3835 1199 allegoria

2184 1215 2669 1270 manil‘estandus.
2697 1216 2843 1281 Quid
2868 1232 3167 1287 peraquas
3191 1216 3507 1287 canalium,
3528 1218 3643 1271 nisi
3669 1233 3837 1271 sacra

2183 1304 2482 1374 Scriptura
2501 1304 2686 1366 ?Quid
2721 1321 2821 1375 per
2842 1304 3071 1369 arietes,
3101 1306 3214 1361 nisi
3239 1304 3481 1361 scientia
3504 1305 3531 1359 ?
3555 1307 3706 1371 Quid
3735 1323 3836 1377 per

2182 1410 2336 1461 oves,
2371 1392 2482 1448 nisi
2514 1394 2662 1448 actio
2696 1399 2867 1465 atque
2896 1394 3139 1449 intentio
3198 1395 3588 1466 designatur?
3640 1397 3830 1467 Virga

2184 1482 2241 1535 in
2273 1482 2574 1537 canalibus
2608 1490 2936 1553 ponuntur;
2970 1483 3107 1554 quia
3150 1484 3415 1555 exempla
3473 1484 3716 1540 Patrum
3774 1485 3830 1539 in

2182 1587 2345 1625 sacra
2374 1571 2671 1642 Scriptura
2714 1572 3071 1627 inseruntur.
3104 1574 3268 1628 Aries
3313 1590 3443 1627 vero
3494 1575 3836 1645 praeminet

2183 1660 2309 1725 ovi;
2346 1659 2483 1731 quia
2517 1660 2823 1716 rationalis
2854 1662 3102 1716 scientia
3142 1666 3351 1716 nostra:
3402 1664 3617 1717 actioni
3657 1667 3831 1734 atque

2183 1749 2493 1803 intentioni
2530 1750 2852 1820 praefertur.
2887 1751 2971 1804 Ad
2995 1756 3296 1822 aspectum
3321 1753 3619 1824 virgarum
3644 1753 3835 1807 varios

2183 1838 2519 1909 concipiunt
2551 1838 2699 1893 fetus
2729 1857 2741 1905 ;
2767 1840 2905 1909 quia
2923 1856 3028 1895 nos
3043 1840 3306 1912 exempla
3327 1846 3663 1896 sanctorum
3692 1857 3831 1895 con-

2183 1927 2527 1993 siderantes,
2553 1927 2743 1981 varias
2774 1929 3031 1983 actiones
3063 1929 3197 1984 boni
3229 1930 3419 2001 operis
3450 1946 3829 2001 generamus.

2182 2015 2340 2076 Quod
2374 2032 2481 2070 sua
2514 2016 2667 2070 dicta
2697 2016 2946 2071 aliorum
2978 2018 3259 2089 exemplis
3308 2019 3560 2073 debeant
3614 2020 3827 2074 conﬁr-

2184 2120 2360 2173 mare,
2396 2104 2803 2159 maniiestatur
2834 2105 2937 2172 ibi,
2971 2106 3070 2160 ubi
3101 2106 3313 2178 legitur
3345 2108 3689 2179 praecepisse
3720 2108 3831 2163 Do-

2182 2192 2429 2246 minum.
2473 2193 2653 2265 Moysi
2688 2194 2870 2248 facere
2931 2193 3233 2249 columnas
3280 2201 3586 2267 argenteas
3635 2197 3829 2267 (Exod.

2179 2298 2329 2345 xxw,
2371 2284 2483 2351 ‘37),
2535 2287 2590 2337 et
2630 2283 2686 2336 in
2738 2282 2983 2337 circuitu
3028 2284 3265 2338 fundere
3314 2283 3558 2355 paxillos
3629 2303 3831 2353 cereos,

2181 2371 2393 2440 quibus
2417 2375 2845 2426 sustentaretur
2862 2373 3327 2440 tabernaculum,
3357 2391 3426 2429 ne
3447 2374 3501 2428 vi
3522 2380 3829 2430 ventorum

2179 2464 2522 2514 versaretur.
2559 2460 2663 2514 Per
2696 2461 2999 2516 columnas
3014 2468 3318 2533 argenteas
3341 2463 3661 2534 scriptores
3692 2464 3829 2518 Novi

2180 2548 2528 2602 Testsmenti
2564 2550 3044 2620 signantur.Quid
3069 2568 3171 2621 per
3192 2550 3456 2621 paxillos,
3478 2552 3591 2606 nisi
3611 2552 3833 2608 Veteris

2182 2637 2539 2691 Testsmenti
2573 2637 2886 2708 scriptores
2917 2656 3019 2710 per
3049 2640 3493 2695 tabernaculum
3526 2640 3834 2696 Ecclesia?

2181 2725 2481 2781 Columnis
2513 2742 2647 2797 ergo
2680 2727 2737 2781 in
2767 2727 3009 2782 circuitu
3036 2728 3230 2800 paxilli
3257 2729 3671 2800 residentquia
3692 2731 3833 2785 Novi

2181 2815 2537 2869 Testsmenti
2571 2816 2881 2887 scriptores
2913 2834 3019 2871 sua
3050 2817 3204 2872 dicta
3236 2817 3517 2889 exemplis
3564 2824 3829 2875 veterum

2182 2904 2527 2959 conﬁrmare
2559 2906 2817 2959 student.
2853 2905 3003 2961 Bene
3036 2908 3186 2961 enim
3211 2907 3496 2962 columnae
3517 2914 3829 2980 argenteas,

2184 2996 2240 3047 et
2272 2993 2465 3065 paxilli
2498 2994 2639 3049 aenei
2668 2995 2849 3049 fuisse
2882 3001 3319 3063 memorantur;
3355 2996 3491 3068 quia
3521 3005 3833 3069 argentum

2184 3088 2353 3137 sonat
2373 3088 2430 3138 et
2452 3082 2740 3154 splendet.
2757 3084 3080 3155 Scriptores
3104 3085 3243 3139 Novi
3265 3086 3651 3152 Testamenti,
3676 3090 3829 3159 quod

2186 3176 2530 3237 sonuerunt,
2560 3172 3119 3241 manifestaverunt;
3173 3192 3248 3228 es
3293 3190 3425 3229 vero
3476 3181 3669 3241 sonat,
3730 3178 3826 3231 sed

431 3237 801 3319 'l‘estamento
862 3237 1101 3315 sumens
1157 3258 1509 3329 exemplum,
1588 3260 1913 3315 conﬁrmat.
1986 3262 2070 3315 id-
2104 3237 2146 3302 Ο
2187 3277 2299 3315 non
2333 3261 2620 3332 splendet,
2657 3263 2794 3333 quia
2824 3237 3138 3333 scriptores
3172 3263 3397 3319 Veteris
3443 3237 3828 3333 Testamenti,

433 3353 629 3423 ipsum
686 3350 941 3405 ostendit
997 3347 1366 3403 concordiam
1428 3346 1572 3417 legis
1625 3353 1681 3401 et
1754 3350 2067 3419 Evangelii.

432 3440 697 3497 Ostendit
742 3439 916 3493 etiam
977 3436 1470 3507 allegorizandum
1515 3452 1659 3491 esse.
1742 3438 2073 3493 hilanil'estat

430 3528 818 3586 nihilominus
841 3527 1105 3579 doctores
1133 3540 1239 3577 sua
1252 3525 1406 3578 dicta
1429 3524 1711 3595 exemplis
1734 3531 2068 3582 sanctorum

431 3618 776 3675 conﬁrmare
806 3615 1035 3669 debere.
1070 3614 1215 3667 Nam
1275 3614 1426 3683 quod
1477 3631 1592 3667 una
1641 3615 1715 3669 sit
1764 3617 2070 3670 concordia

432 3710 578 3781 legis
601 3712 658 3763 et
685 3703 1002 3775 Evangelii,
1033 3703 1150 3767 hic,
1181 3707 1236 3756 et
1268 3703 1325 3756 in
1359 3701 1566 3757 litteris
1612 3703 1832 3758 Veteris
1876 3706 2071 3760 Testa-

431 3797 615 3854 menti
648 3794 1074 3850 manifestatur.
1102 3791 1336 3862 Legitur
1357 3792 1510 3846 enim
1534 3792 1838 3847 Dominum
1867 3811 2073 3864 pl‘lBCB-

432 3887 590 3960 pisse
611 3886 795 3939 facere
818 3882 997 3954 Moysi
1021 3882 1166 3936 duos
1189 3880 1490 3934 cherubim
1510 3897 1577 3935 ex
1601 3898 1740 3936 auro
1755 3882 2070 3953 purissimo

434 3975 623 4048 (Emori.
656 3991 787 4040 xxv,
824 3972 933 4042 18),
965 3971 1062 4042 qui
1088 3970 1269 4025 versis
1291 3969 1550 4023 vultibus
1592 3987 1653 4025 se
1698 3972 2068 4041 respicerent,

432 4068 694 4137 tegentes
727 4060 1188 4133 prepitiatorium
1225 4058 1403 4130 (Ibid.,
1431 4059 1541 4130 29).
1576 4060 1722 4126 Quid
1777 4078 1877 4132 per
1924 4064 2072 4119 duos

432 4153 735 4210 cherubim
766 4152 936 4223 (610),
972 4150 1071 4221 qui
1096 4149 1555 4219 interpretantur
1574 4149 1871 4220 plenitudo
1896 4151 2073 4206 scien-

432 4244 550 4312 tia},
577 4241 812 4297 nisiduo
825 4241 1201 4295 Testamenta
1215 4238 1526 4308 signantur
1546 4238 1573 4290 ‘l
1596 4237 1790 4292 Versis
1814 4239 2072 4293 vultibus

432 4349 495 4387 se
517 4330 841 4402 respiciunt
861 4346 873 4395 ;
891 4327 1028 4396 quia
1050 4325 1213 4380 nulla
1237 4326 1291 4378 in
1316 4325 1432 4379 illis
1453 4324 1740 4379 discordia
1756 4325 2069 4382 invenitur.

430 4419 667 4490 thuod
693 4422 925 4487 tegmen
951 4414 1027 4469 sit
1043 4413 1458 4483 abjicieudum,
1476 4414 1767 4468 utcandor
1784 4414 2071 4487 allegoriae

431 4510 727 4578 appareat,
748 4505 827 4559 ibi
843 4502 1189 4572 ostenditur,
1207 4502 1303 4555 ubi
1319 4501 1549 4572 legitur,
1581 4503 1717 4573 quia
1742 4504 1875 4558 tulit
1894 4505 2071 4560 Jacob

2186 3350 2341 3420 quod
2375 3356 2719 3418 sonuerunt,
2756 3368 2869 3406 non
2904 3354 3302 3408 ostenderunt.

2250 3441 2765 3511 Nescitis,quoniam
2786 3443 2882 3512 qui
2904 3443 2962 3495 in
2983 3444 3223 3497 sacrario
3246 3446 3564 3514 operantur,
3590 3449 3703 3499 etc.
3751 3446 3841 3498 Di-

2181 3528 2359 3582 versis
2375 3545 2626 3599 namque
2649 3529 3139 3585 similitudinibus
3154 3533 3407 3587 ostendit
3422 3532 3701 3604 superius
3724 3534 3833 3587 sibi

2180 3617 2420 3686 suisque
2434 3616 2724 3673 similibus
2738 3617 2961 3673 licitum
2979 3618 3095 3674 fore
3108 3620 3367 3692 accipere
3380 3622 3452 3676 ab
3465 3621 3838 3677 auditoribus

2181 3722 2424 3776 quaeque
2455 3707 2801 3761 necessaria.
2836 3707 2942 3771 Qui
2970 3709 3027 3761 in
3062 3714 3251 3780 ncepta
3274 3709 3599 3765 intentione
3635 3728 3833 3782 perse~

2179 3811 2385 3848 verans
2416 3794 2590 3850 dicit:
2624 3797 2851 3851 Nescitis
2881 3800 3141 3867 quoniam
3170 3800 3263 3870 qui
3310 3800 3369 3853 in
3416 3800 3667 3854 sacrario
3719 3816 3831 3871 ope-

2181 3886 2394 3947 rantur,
2428 3888 2534 3938 etc.
2572 3885 2675 3939 Ubi
2707 3886 3029 3940 notandum
3063 3888 3201 3958 quia
3248 3889 3361 3942 duo
3411 3888 3584 3942 dicit:
3634 3890 3833 3944 Sacra-

2182 3972 2334 4027 rium
2366 3973 2631 4029 videlicet
2662 3979 2895 4045 propter
2920 3975 3187 4047 gentiles,
3214 3977 3312 4048 qui
3339 3976 3394 4031 in
3421 3978 3703 4033 sacrariis
3723 3979 3830 4033 diis

2182 4062 2305 4117 suis
2337 4063 2761 4131 sacriﬁcabant,
2795 4068 2851 4118 et
2885 4064 3015 4119 inde
3045 4066 3330 4132 edebant;
3380 4065 3561 4122 altare
3613 4068 3831 4140 quippe

2182 4157 2417 4221 propter
2446 4151 2698 4219 Judaaos,
2733 4168 2980 4221 quorum
3032 4156 3362 4210 sacerdotes
3415 4172 3593 4227 super
3651 4156 3833 4211 altare

2188 4239 2412 4293 Domini
2446 4239 2665 4294 hostias
2688 4240 3029 4310 offerebant,
3059 4248 3115 4298 et
3163 4260 3295 4298 cum
3343 4244 3547 4299 eodem
3590 4244 3832 4316 partici-

2184 4330 2418 4400 pabant.
2454 4329 2599 4392 Quia
2650 4335 2998 4400 praeceptum
3048 4337 3171 4387 erat
3212 4334 3405 4403 (Leuit.
3456 4350 3559 4398 vn,
3612 4334 3830 4401 32-33).

2184 4434 2415 4472 armum
2448 4418 2707 4489 accipere
2739 4419 3005 4475 dextrum
3039 4422 3282 4492 mystice
3314 4426 3552 4494 propter
3609 4423 3830 4478 bonam

2184 4507 2660 4577 operationem,et
2676 4508 3077 4578 pcctusculum
3104 4511 3699 4582 scparationis(1bid.,
3716 4514 3826 4579 34).

426 4596 622 4666 virgas
650 4592 1078 4665 amygdalinas,
1143 4590 1417 4662 populeas
1474 4591 1625 4660 (Gen.
1678 4611 1806 4661 xxx,
1860 4595 2072 4666 37-41),
2106 4607 2150 4669 D
2190 4594 2705 4667 videlicetproptcr
2726 4596 3826 4670 scientiam:quaelongeabauditorum

428 4689 484 4740 et
518 4682 891 4739 decorticavit
913 4698 1030 4745 eas,
1052 4686 1108 4735 et
1128 4680 1185 4734 in
1211 4681 1513 4735 canalibus
1537 4682 1759 4753 posuit:
1786 4700 1921 4755 grex
1942 4702 2072 4739 vero

427 4773 666 4831 veniens
690 4772 761 4827 ad
799 4771 1135 4837 bibendum,
1159 4769 1517 4841 prospiciens
1536 4771 1731 4843 virgas
1752 4773 1807 4825 in
1835 4773 1958 4842 ipso
1984 4791 2075 4828 ca-

427 4864 549 4918 lore
572 4862 780 4927 coitus,
815 4860 1168 4915 variosfetus
1200 4859 1745 4931 concipiebat.Quid
1783 4863 1937 4916 enim
1973 4879 2075 4933 per

424 4952 639 5022 virgas,
676 4949 787 5004 nisi
820 4953 1155 5003 sanctorum
1189 4947 1453 5019 exempla
1486 4953 1742 5018 Patrum,
1769 4950 2073 5020 signatur?

430 5041 535 5096 Per
565 5040 694 5107 hoc,
718 5038 871 5109 quod
900 5037 1272 5092 decorticavit
1292 5053 1410 5105 eas,
1438 5042 1493 5090 et
1516 5037 1669 5090 unde
1692 5044 1883 5091 cortex
1908 5038 2069 5092 abla-

433 5135 524 5170 tna
556 5133 639 5170 aut
699 5128 915 5170 nnnrlnr
945 5128 1230 5170 nnnnrnit.
1268 5129 1325 5170 nt.
1359 5125 1451 5170 1ιῖδί
1476 5125 1773 5170 remansit,
1804 5126 2070 5170 virirlitnq

2184 4688 2449 4753 separata
2476 4685 2593 4738 fore
2616 4685 2785 4739 debet
2804 4685 3076 4755 scientia;
3103 4686 3241 4757 quia
3262 4689 3592 4744 ostenditse
3610 4688 3828 4744 habere

2185 4776 2555 4843 potestatem:
2589 4772 2733 4827 dixit
2762 4778 2954 4829 tamen
2987 4792 3048 4829 se
3078 4776 3278 4830 eadem
3330 4794 3443 4831 non
3496 4795 3699 4843 usum,
3754 4795 3823 4832 ne

2184 4860 2328 4914 forte
2359 4860 2651 4915 videretur
2680 4862 2771 4917 his
2804 4880 2915 4917 non
2950 4863 3230 4936 indigere,
3290 4866 3390 4920 sed
3420 4867 3616 4938 potius
3640 4868 3828 4922 abun-

2183 4950 2336 5003 dare.
2359 4950 2605 5020 Ideoque
2629 4952 2966 5021 subjunxit:
2995 4955 3111 5006 Non
3135 4956 3333 5024 scripsi
3355 4962 3539 5009 autem
3554 4956 3822 5023 hsrc,etc.

2182 5037 2356 5102 Quasi
2389 5039 2632 5093 diceret:
2672 5039 2744 5093 Ut
2772 5041 2925 5110 quod
2959 5040 3239 5096 hactenus
3275 5043 3491 5097 factum
3548 5061 3667 5098 non
3715 5051 3823 5113 est,

2180 5128 2452 5170 dpim‘nnq
2488 5129 2601 5170 fiat,
2635 5129 2996 5170 nlmnrnninr
3026 5136 3076 5170 nt
3134 5131 3425 5170 nonnitnno
3488 5138 3698 5170 Danum
3752 5138 3827 5170 ad
