3990 5306
105 380 214 443 369

658 376 1072 442 EXPOSITIO
1114 377 1193 439 IN
1242 377 1671 439 EPISTOLAS
1719 376 1974 439 PAULI.
2010 408 2086 419 —
2134 378 2212 437 IN
2258 377 2564 440 EPIST.I
2610 377 2713 439 AD
2760 374 2937 439 COR.

3383 373 3500 437 370

96 513 302 588 gelium
332 510 533 568 venale
553 512 883 569 ostendere.
918 512 1169 568 Gloriam
1190 528 1358 567 suam
1387 512 1547 566 illam
1571 512 1732 577 dicit,
1767 518 1817 584 Α
1860 518 1917 568 et
1949 514 2240 570 nutriebat
2271 531 2409 570 suos
2443 515 2879 580 auditores,non
2903 509 3093 567 solum
3118 506 3341 582 eos,qui
3374 524 3501 582 per-

98 620 263 677 quam
296 603 551 657 habebat
566 602 719 673 apud
744 602 926 656 Deum
958 619 1058 673 per
1076 602 1280 656 Jesum
1304 600 1743 670 christum,qua
1850 605 2000 658 versi
2031 610 2215 672 erant,
2246 605 2345 658 sed
2379 605 2552 658 etiam
2588 604 2717 659 illos
2751 603 2847 674 qui
2884 601 3028 674 pigri
3076 601 3147 655 ad
3180 600 3331 655 bona
3362 616 3494 671 ope-

99 693 362 749 omnibus
378 709 479 763 per
498 691 891 746 humilitatem
909 692 1051 746 cond
1062 692 1383 746 escendens
1400 707 1459 745 se
1486 689 1740 744 similem

100 785 174 839 eis
206 782 506 837 reddebat.

162 871 472 943 Sequitur:
506 870 566 925 Si
598 871 1043 940 evangetimvero
1079 869 1480 940 (subauditur,
1517 869 1644 923 ideo
1679 874 1743 921 ut

102 962 204 1016 hoe
230 960 310 1014 ita
341 959 442 1013 ﬁat
472 958 530 1014 in
562 960 675 1030 me)
726 976 835 1013 non
870 968 947 1014 est
978 960 1121 1014 mihi
1149 960 1347 1028 gloria.
1384 961 1571 1022 Quare
1592 958 1618 1011 ‘P
1653 959 1745 1011 Ne-

98 1052 305 1105 cessitas
335 1050 485 1103 enim
513 1048 653 1102 mihi
680 1050 939 1103 iscumbz't
967 1049 1074 1103 hoc
1097 1053 1325 1111 est,nun
1369 1047 1555 1101 habeo
1590 1048 1746 1101 unde

99 1143 402 1195 sustenter.
439 1138 599 1192 Unde
655 1142 712 1192 et
743 1138 1086 1208 subjungit:
1147 1139 1228 1192 Va:
1261 1138 1406 1191 mihi
1435 1148 1531 1199 est,
1564 1137 1748 1190 sinon

98 1228 563 1298 euangelizavero:
590 1226 698 1280 hoc
720 1225 989 1295 est,malo
1014 1242 1140 1280 meo
1164 1242 1276 1280 non
1306 1224 1745 1296 evangelizabo;

96 1318 219 1390 quia
252 1317 406 1372 fame
439 1316 764 1370 cruciabor.
802 1332 916 1390 non
950 1315 1170 1369 habens
1205 1315 1358 1369 unde
1391 1314 1603 1368 vivam.
1638 1315 1743 1368 Se-

98 1388 326 1478 quitur:
352 1405 416 1460 Si
450 1408 599 1461 enim
628 1388 1524 1474 volensevangelisevero,etc.His
1556 1402 1745 1456 verbis

96 1494 344 1551 ostendit
373 1494 627 1565 qualiter
653 1493 1170 1565 evangelizandum
1203 1494 1296 1557 sit,
1337 1492 1443 1546 hoc
1469 1492 1744 1561 est,quod

100 1584 274 1639 omnis
310 1584 445 1639 ﬁnis
470 1582 775 1653 Evangelio
800 1583 874 1637 sit
904 1583 1369 1637 constituendus.
1411 1581 1571 1646 Quod
1607 1596 1741 1634 cum

102 1676 173 1740 lit,
204 1673 536 1729 voluntaria
588 1678 677 1727 est
709 1671 1061 1743 praedicatio,
1095 1688 1271 1742 quam
1304 1676 1582 1740 sequetur
1620 1687 1746 1740 per-

105 1768 265 1834 petua
297 1760 715 1817 remuneratio.

1854 694 2100 748 randum
2130 712 2141 759 ;
2176 709 2479 764 quousque
2517 694 2585 746 ad
2637 694 2742 747 iter
2775 694 3114 763 provocaret
3163 688 3392 751 salutis,
3426 705 3498 743 ne

1856 784 1999 837 forte
2022 782 2229 837 acriter
2241 799 2301 836 se
2324 782 2649 851 increpatos
2663 777 3329 847 dolentes,scandalizati
3350 794 3501 833 rece-

1858 874 2077 927 derent.
2101 873 2167 925 Et
2188 871 2297 925 hoc
2319 871 2644 938 sciendum,
2670 870 2806 941 quia
2829 887 2942 925 non
2976 868 3142 940 quasi
3166 868 3500 923 simulando

1855 979 1936 1024 se,
1970 962 2221 1015 omnibus
2246 962 2432 1015 omnia
2463 960 2679 1014 factum
2705 960 2864 1025 dicit,
2896 960 3049 1029 quod
3073 963 3161 1013 est
3193 957 3502 1012 simulato-

1855 1068 1985 1105 rum
2013 1068 2024 1111 ;
2062 1067 2175 1104 non
2210 1050 2383 1103 etiam
2414 1049 2749 1104 mentientis
2781 1054 2931 1113 astu,
2968 1049 3067 1102 sed
3092 1047 3503 1117 compatientis

1857 1140 2064 1194 affectu
2096 1157 2107 1205 ;
2144 1156 2256 1192 non
2290 1138 2536 1193 aliorum
2588 1137 2741 1192 mala
2780 1138 3088 1199 imitando,
3121 1138 3220 1191 sed
3257 1135 3505 1190 aliorum

1859 1228 2121 1282 omnium
2140 1227 2308 1281 malis
2323 1228 2599 1282 omnibus
2613 1227 3101 1298 compatiendo,et
3115 1223 3506 1280 misericordis

1862 1316 2160 1371 medicinae
2194 1316 2479 1372 medelam
2514 1317 2898 1388 procurando.

1930 1405 2245 1475 Sequitur:
2306 1408 2495 1459 Factus
2552 1422 2678 1459 sum
2731 1406 2938 1461 Iudaeis
2970 1414 3230 1475 tanquam
3259 1404 3505 1472 Judwus,

1858 1498 1966 1549 etc.
2003 1495 2114 1549 Iste
2146 1494 2301 1548 enim
2335 1511 2451 1549 non
2499 1494 2813 1549 simulandi
2877 1494 3091 1559 studio,
3137 1494 3237 1548 sed
3270 1509 3506 1564 compa-

1860 1583 2039 1637 tiendi
2073 1582 2577 1651 alfectu,servabat
2598 1582 2763 1637 illam
2794 1582 3097 1654 antiquam
3129 1581 3504 1639 consuetudi-

1863 1688 1992 1725 nem
2015 1673 2445 1741 Judaaorum,ut
2466 1672 2553 1726 vel
2581 1689 2707 1727 eam
2741 1672 3072 1728 ostenderet
3092 1690 3125 1727 a
3150 1673 3259 1727 Deo
3284 1672 3505 1738 datam,

1852 1763 2025 1831 juxta
2066 1760 2165 1816 Dei
2196 1761 2641 1832 dispositionem
2674 1778 2861 1831 usque
2888 1762 2959 1816 ad
2991 1766 3225 1833 tempus
3256 1760 3505 1831 praeﬁni-

165 1851 475 1923 Sequitur:
510 1852 571 1905 Si
603 1858 780 1905 autem
809 1851 1035 1916 invitus,
1077 1850 1415 1920 dispensatio
1447 1849 1586 1902 mihi
1632 1864 1747 1901 cre-
1784 1885 1829 1948 Β
1863 1849 2115 1919 tum,ve1
2148 1855 2300 1904 certe
2330 1867 2457 1904 eam
2491 1868 2524 1905 a
2555 1850 2857 1921 sacrilegis
2874 1854 3170 1921 separaret
3200 1848 3507 1922 gentilium

110 1941 213 1996 dita
240 1945 348 1996 est.
381 1941 451 1994 Et
498 1944 588 1994 est
643 1955 894 1994 sensus:
952 1939 1009 1992 Si
1062 1945 1297 2010 propter
1343 1937 1749 1993 necessitatem

115 2028 443 2102 temporalis
472 2029 603 2084 vita
636 2027 908 2099 praedico,
959 2027 1319 2098 dispensatio
1362 2026 1505 2081 mihi
1537 2026 1754 2081 credita

117 2124 224 2187 est;
255 2120 398 2191 quia
421 2117 520 2172 alii
546 2134 646 2188 per
668 2134 760 2172 me
782 2117 1001 2172 bonum
1025 2132 1200 2171 suum
1224 2115 1536 2185 accipiunt,
1564 2115 1617 2168 id
1642 2119 1749 2179 est,

120 2207 504 2280 Evangelium,
539 2207 694 2278 quod
726 2210 963 2260 amant:
1017 2210 1073 2259 et
1102 2221 1205 2276 ego
1239 2205 1505 2259 mercede
1536 2204 1749 2275 privor,

117 2298 257 2368 quod
287 2296 509 2351 malum
541 2295 706 2350 valde
728 2298 921 2353 est.Ac
955 2295 1137 2357 nefas,
1165 2298 1399 2365 propter
1421 2292 1754 2348 necessaria

108 2386 439 2457 temporalis
471 2385 618 2453 vitae,
646 2385 902 2455 aliquem
928 2385 1242 2456 przedicare
1268 2402 1279 2450 ;
1316 2384 1454 2455 quia
1475 2385 1601 2454 jam
1637 2399 1749 2436 non

104 2476 406 2546 praemium
438 2474 861 2545 evangelicum,
896 2475 993 2529 sed
1018 2474 1270 2545 pretium
1298 2473 1578 2544 quaeritur
1607 2491 1618 2527 :
1646 2489 1747 2526 ceu

104 2580 301 2621 servus
333 2564 562 2619 inutilis
589 2588 602 2630 -,
635 2564 790 2635 quod
814 2568 1047 2635 accepto
1075 2564 1287 2629 ofﬁcio,
1320 2562 1619 2617 conservis
1644 2578 1751 2615 an-

102 2670 311 2711 nonam
348 2653 575 2719 tribuit,
607 2656 663 2707 et
685 2652 807 2707 solo
840 2653 967 2707 cibo
990 2656 1322 2717 contentus,
1348 2651 1611 2705 mercede
1634 2649 1751 2720 pri-

100 2745 287 2797 vatur.
320 2744 686 2812 Quapropter
743 2740 1281 2811 evangelizandum.
1336 2755 1444 2793 non
1518 2742 1754 2809 propter

100 2830 454 2885 transitoria:
487 2829 615 2882 vitae
648 2829 997 2895 mercedem,
1032 2828 1131 2882 sed
1158 2832 1384 2881 aeternae
1418 2842 1752 2880 remunera-

95 2919 347 2974 tionem.
378 2920 452 2971 At
479 2932 612 2970 vero
660 2915 799 2984 quia
829 2914 969 2969 alibi
1013 2931 1073 2969 se
1104 2913 1417 2985 Apostolus
1449 2915 1754 2982 dispensa-

91 3014 287 3062 torem
323 3006 384 3059 in
417 3005 569 3058 bono
600 3002 761 3068 dicit,
786 3007 841 3057 et
867 3002 961 3057 hic
983 3002 1478 3073 dispensationem
1512 3003 1567 3056 in
1604 3001 1755 3056 malo

87 3095 281 3168 ponit,
322 3110 396 3149 ne
417 3091 745 3148 contrarius
767 3092 855 3147 sui
882 3091 1167 3161 videatur,
1194 3090 1496 3146 sciendum
1519 3095 1755 3146 estesse

91 3198 363 3247 servum,
398 3180 497 3252 qui
523 3181 731 3236 transit
751 3181 821 3235 ad
845 3180 1097 3234 ﬁliorum
1121 3180 1499 3251 optionem,et
1521 3180 1753 3234 illarum

1864 1939 2065 1993 sacris.
2102 1944 2231 2010 Ipse
2263 1939 2464 2004 etiam,
2502 1939 2750 2009 diligens
2781 1939 3111 2010 proximum
3144 1955 3319 1993 suum
3353 1942 3418 1992 ut
3446 1952 3509 1992 se

1862 2028 2079 2098 ipsum,
2112 2044 2224 2083 non
2252 2027 2508 2093 fallebat,
2535 2028 2903 2093 sed,omnino
2931 2045 3043 2082 non
3078 2027 3512 2098 fallens,pra2fa-

1869 2121 1988 2170 tam
2017 2116 2287 2170 servabat
2317 2117 2823 2180 consuetudinem,
2856 2120 2921 2170 ut
2948 2133 3045 2171 eos
3075 2116 3163 2170 vel
3195 2116 3266 2171 ab
3297 2116 3396 2170 illo
3427 2133 3512 2170 er-

1866 2221 1991 2259 rore
2024 2222 2138 2275 quo
2170 2205 2227 2258 in
2260 2204 2557 2259 Christum
2585 2221 2696 2259 non
2722 2203 3151 2269 credebant,vel
3174 2204 3245 2258 ab
3275 2203 3374 2257 illo
3395 2221 3509 2274 quo

1863 2293 1922 2347 in
1954 2292 2101 2363 legis
2132 2293 2491 2347 caeremoniis
2543 2309 2603 2347 se
2652 2293 2965 2363 sperabant
3004 2309 3244 2347 suorum
3278 2292 3509 2347 veniam

1862 2382 2139 2452 consequi
2169 2387 2562 2453 peccatorum,
2609 2384 2853 2436 erueret.
2911 2381 3188 2435 Servabat
3216 2381 3412 2447 etiam,
3446 2384 3513 2435 ut

1862 2487 1923 2525 se
1954 2472 2287 2526 ostenderet
2318 2488 2433 2526 non
2490 2471 2801 2526 abhorrere
2831 2487 2899 2524 ea
2926 2469 3250 2525 intentione
3306 2485 3423 2540 qua
3454 2472 3512 2524 et

1862 2559 2080 2614 Patres.
2116 2560 2221 2624 Qui
2280 2564 2471 2614 servat
2497 2559 2672 2613 etiam
2722 2557 3110 2613 intentionem
3145 2575 3260 2629 qua
3283 2558 3504 2625 Patres,

1864 2665 1981 2702 non
2012 2648 2243 2717 erat,ita
2274 2653 2492 2714 tamen,
2528 2652 2593 2702 ut
2618 2649 2677 2703 in
2709 2646 3071 2703 caeremoniis
3119 2647 3266 2719 legis
3296 2664 3412 2702 non
3445 2663 3506 2701 se

1864 2739 2059 2792 credat
2090 2754 2262 2808 posse
2285 2738 2807 2809 sanctificari,quia
2827 2737 3019 2792 omnis
3042 2736 3426 2792 sanctificatio
3446 2735 3507 2789 in

1864 2825 2092 2880 Christo
2125 2826 2275 2881 facta
2304 2831 2412 2881 est.
2466 2827 2608 2881 Hinc
2639 2830 2727 2881 est
2769 2827 2921 2897 quod
2957 2843 3090 2882 cum
3121 2826 3335 2881 Judaais
3383 2841 3510 2880 ser-

1868 2929 2025 2977 vans,
2056 2930 2174 2967 non
2206 2930 2333 2967 eam
2366 2914 2618 2985 imponit
2657 2914 3007 2971 Gentilibus.

1937 3002 2250 3071 Sequitur:
2285 3004 2381 3056 llis
2411 3005 2505 3073 qui
2547 3003 2643 3056 sub
2677 3003 2788 3072 tege
2831 3009 2983 3068 sunt,
3015 3009 3159 3069 etc.,
3196 3020 3380 3074 usque
3412 3002 3511 3058 ubi

1868 3090 2003 3145 dicit
2033 3109 2043 3145 :
2080 3093 2274 3146 Factus
2303 3108 2426 3145 sum
2455 3091 2730 3160 inﬁrmus.
2764 3090 2911 3146 Dicit
2940 3091 3049 3147 hoc
3080 3109 3194 3147 non
3228 3093 3513 3147 mentien-

1866 3180 1941 3234 tis
1980 3184 2131 3245 astu,
2184 3180 2283 3234 sed
2344 3180 2753 3251 compatientis
2811 3180 3038 3235 affectu.
3100 3179 3250 3235 lllud
3283 3196 3517 3252 quoque

96 3288 325 3336 rerum,
361 3286 613 3341 quarum
645 3273 733 3323 est
756 3268 1060 3336 Dominus,
1092 3250 1181 3323 est
1208 3271 1265 3323 et
1287 3268 1661 3324 distributor:
1697 3272 1753 3323 et
1783 3250 1824 3316 (Σ
1864 3268 2189 3337 sciendum,
2216 3269 2354 3339 quia
2377 3250 2611 3323 fuerunt
2636 3269 2898 3325 nonnulli
2922 3270 3019 3341 qui
3054 3250 3326 3324 dixerunt
3346 3250 3515 3324 illum

94 3363 264 3431 juxta
288 3359 400 3413 hoc
420 3374 481 3413 se
508 3358 972 3429 dispensatorem
1000 3358 1269 3412 dicit.llic
1298 3374 1429 3412 vero
1451 3358 1755 3429 dispensa-

100 3449 324 3504 tionem
357 3446 415 3501 in
450 3446 604 3501 malo
641 3446 798 3515 dicit,
823 3448 995 3517 juxta
1016 3448 1143 3517 hoc,
1169 3448 1320 3518 quod
1347 3448 1605 3502 rusticus
1636 3464 1756 3501 ser-

102 3555 203 3592 vus
234 3540 368 3592 est:
405 3534 591 3591 servis
624 3535 923 3589 ministrat
962 3552 1274 3602 annonam,
1308 3535 1429 3590 solo
1461 3536 1589 3591 cibo
1621 3552 1756 3590 con-

104 3630 324 3681 tentus.
354 3624 517 3689 Quod
541 3623 943 3695 sequitur,sub
968 3623 1419 3695 interrogatione
1444 3623 1756 3695 legendum

105 3720 210 3780 est,
244 3718 303 3768 et
324 3712 740 3783 suspendenda
762 3717 853 3766 est
875 3728 1000 3778 vox,
1027 3728 1333 3781 quousque
1356 3712 1602 3765 redditio
1636 3714 1755 3765 ﬁat.

107 3804 170 3858 Et
202 3806 268 3857 ut
299 3803 562 3873 apertius
593 3800 831 3867 clareat,
865 3800 1292 3870 interrogemus
1312 3798 1680 3869 Apostolum,
1705 3804 1761 3854 et

109 3892 377 3946 dicamus
404 3908 416 3944 :
442 3891 484 3945 Ο
506 3889 796 3961 Apostole,
827 3905 952 3960 quae
976 3894 1064 3943 est
1084 3904 1307 3943 merces
1331 3893 1451 3954 tua,
1477 3888 1575 3959 qui
1600 3887 1755 3942 illam

112 3980 437 4035 mercedem
471 3995 585 4033 non
620 3978 853 4049 accipis,
880 3994 1007 4047 quae
1042 3976 1171 4032 aliis
1194 3978 1383 4041 datur,
1418 3994 1529 4032 non
1562 3981 1757 4032 tamen

114 4069 335 4124 obeam
403 4066 908 4137 prmdicantibus?
963 4064 1097 4128 Quas
1154 4066 1229 4119 sit
1266 4064 1658 4120 manifestat:
1697 4068 1761 4122 Ut

110 4159 417 4226 praedicans
448 4156 828 4226 Evangetium.
862 4155 981 4209 sine
999 4162 1223 4225 sumptu
1250 4172 1473 4225 ponam,
1508 4154 1615 4209 hoc
1648 4160 1757 4221 est,

117 4248 418 4302 ostendam
450 4243 829 4315 Evangelium
866 4260 978 4299 non
1011 4258 1138 4298 esse
1170 4248 1609 4314 sumptuosum,
1645 4260 1756 4298 non

118 4335 281 4390 etiam
314 4334 546 4390 venale.

178 4424 347 4480 Redit
383 4424 458 4479 ad
493 4425 838 4494 potestatem
894 4424 1213 4492 acceptam,
1265 4437 1397 4475 cum
1442 4420 1613 4476 dicit:
1644 4421 1761 4476 Non

118 4511 302 4567 abutar
331 4515 601 4584 potestate
632 4526 753 4565 mea
799 4512 861 4565 in
890 4511 1203 4579 Evangelia.
1260 4510 1378 4564 Non
1412 4510 1763 4564 abutebatur

122 4606 399 4669 potestate
422 4618 529 4656 sua
550 4600 607 4654 in
632 4600 959 4673 Evangelio,
992 4598 1050 4653 ul
1075 4598 1316 4654 liberius
1335 4598 1764 4670 corrigerentur

127 4695 444 4758 peccantes.
470 4688 929 4745 Ostenditetiam
955 4704 1016 4743 se
1039 4686 1233 4759 ipsum
1256 4686 1584 4758 exemplum
1612 4686 1760 4756 illis;

127 4794 181 4832 ac
220 4779 266 4834 si
295 4780 551 4834 diceret:
606 4779 663 4833 In
707 4795 797 4834 me
825 4777 1031 4832 discite
1076 4775 1432 4848 exemplum,
1465 4777 1587 4847 qui,
1620 4793 1763 4847 quo-

128 4867 273 4924 niam
303 4867 575 4940 expedire
607 4884 720 4923 non
751 4866 1325 4938 intelligo,potestate
1357 4881 1487 4920 mea
1518 4882 1627 4920 non
1663 4866 1764 4920 ab-

128 4960 251 5011 utor
279 4957 337 5012 in
386 4959 730 5030 Evangelio:
784 4957 869 5012 sic
900 4960 955 5010 et
983 4972 1104 5026 vos,
1156 4957 1295 5028 quia
1349 4973 1462 5011 non
1495 4956 1764 5028 expedire

127 5042 462 5119 intelligiiis,
515 5048 779 5119 quamvis
861 5044 1085 5099 licitum
1137 5046 1232 5114 sit,
1296 5044 1616 5118 idolothyta
1646 5062 1761 5101 non

130 5135 460 5190 comedetis.

192 5222 333 5293 (611)
365 5224 671 5294 Sequitur:
705 5229 850 5283 Nam
878 5238 1001 5276 cum
1034 5222 1173 5279 liber
1190 5240 1362 5280 essem
1390 5240 1458 5279 ex
1486 5225 1760 5290 omnibus,

1869 3348 2144 3411 simulate
2177 3357 2233 3411 in
2268 3356 2483 3429 templo
2534 3357 2987 3426 sanctificatum,
3039 3362 3097 3413 et
3124 3359 3396 3413 Judmum
3430 3359 3512 3412 fa-

1868 3446 2163 3500 ctum.Sed
2199 3446 2437 3501 omnino
2470 3464 2584 3502 non
2630 3452 2718 3501 est
2748 3449 3106 3503 credendum
3138 3448 3292 3519 quod
3341 3452 3515 3503 tantas

1868 3535 2235 3590 auctoritatis
2270 3534 2356 3589 vir
2388 3536 2607 3607 aliquid
2641 3537 2915 3593 simulate
2940 3538 3142 3609 egerit.
3175 3538 3282 3592 Sed
3317 3554 3381 3592 ea
3413 3554 3518 3591 au-

1868 3624 2134 3677 ctoritate
2165 3629 2221 3678 et
2247 3623 2598 3679 liberalitate
2630 3642 2748 3696 qua
2791 3626 2968 3681 dicit:
3004 3626 3369 3681 Circumcisus
3402 3628 3519 3681 ati-

1870 3713 1990 3780 quis
2034 3720 2247 3766 vocatus
2270 3728 2379 3767 non
2412 3713 2652 3767 adducat
2679 3717 3015 3786 praeputium
3045 3716 3093 3784 (I
3110 3716 3232 3773 Gor.
3261 3732 3360 3781 v11,
3387 3716 3475 3786 18)
3506 3733 3520 3781 ;

1869 3799 1977 3852 hoc
2007 3805 2118 3864 est,
2170 3816 2281 3853 non
2336 3799 2474 3853 velit
2523 3801 2711 3856 vivere
2770 3807 2831 3855 ut
2882 3803 3288 3872 praputiatus,
3320 3802 3377 3857 id
3411 3807 3522 3871 est,

1870 3904 2105 3941 carnem
2137 3888 2340 3943 nudati
2371 3889 2614 3943 membri
2636 3894 2848 3960 tegere,
2875 3894 2930 3944 et
2953 3890 3012 3944 in
3044 3892 3332 3962 praeputio
3356 3908 3523 3948 voca-

1874 3983 1965 4031 tus
1998 3993 2112 4031 non
2136 3976 2273 4031 velit
2293 3975 2484 4031 vivere
2509 3980 2571 4030 ut
2592 3976 2974 4032 circumcisus
3001 3995 3012 4032 :
3034 3993 3097 4032 se
3118 3995 3353 4050 quoque
3378 3980 3524 4036 dixit

1870 4064 2085 4119 Judazis
2114 4065 2384 4121 Judaeum
2436 4066 2675 4131 factum,
2728 4070 2785 4122 et
2816 4065 3087 4137 gentibus
3119 4065 3419 4137 gentilem.
3453 4068 3521 4122 Et

1871 4154 1980 4208 hoc
1998 4155 2346 4223 notandum,
2372 4154 2507 4225 quia
2524 4154 2713 4227 legem
2737 4154 2837 4209 Dei
2864 4159 2919 4208 ct
2939 4153 3299 4221 Christi,non
3322 4159 3519 4211 tamen

1872 4248 1935 4298 ut
1964 4243 2079 4298 alia
2109 4244 2205 4314 sit,
2262 4244 2415 4299 sicut
2475 4244 2831 4299 Manichacus
2864 4244 2963 4311 ait,
2997 4246 3097 4300 sed
3150 4262 3348 4301 unam.
3374 4246 3526 4302 Dicit

1870 4333 2043 4387 etiam
2076 4332 2135 4386 in
2168 4332 2313 4404 lege,
2344 4334 2453 4388 sub
2503 4333 2629 4405 lege
2674 4340 2729 4389 et
2761 4334 2886 4389 sine
2914 4333 3077 4405 lege;
3112 4339 3169 4390 et
3198 4334 3357 4390 aliud
3389 4335 3522 4407 hoc,

1871 4420 2028 4476 aliud
2064 4421 2208 4475 illud
2240 4421 2487 4493 intelligi
2539 4422 2684 4478 vult.
2748 4423 2869 4478 Sub
2902 4423 3028 4495 lege
3082 4429 3171 4480 est
3200 4424 3392 4480 carnis
3422 4425 3524 4480 Ju-

1871 4511 2050 4577 daeus,
2088 4511 2145 4564 in
2182 4509 2306 4581 lege
2329 4515 2417 4566 est
2438 4511 2914 4579 catholicus,sine
2935 4511 3060 4584 lege
3082 4512 3329 4583 quilibet
3349 4529 3526 4584 paga-

1794 4620 1840 4685 D
1877 4617 1987 4654 nus
2002 4598 2635 4671 gentilis.Quapropter
2651 4600 2733 4655 illi
2748 4600 2845 4670 qui
2863 4601 3063 4655 dicunt
3085 4602 3239 4672 quod
3256 4600 3529 4655 simulate

1877 4690 1935 4743 in
1968 4687 2191 4760 templo
2225 4704 2286 4743 se
2318 4686 2725 4754 sanctiﬁeavit,
2749 4688 3092 4743 etJudmum
3145 4686 3527 4756 simulaverit,

1875 4778 2073 4832 dicant
2100 4781 2157 4833 et
2186 4777 2317 4831 ﬁcte
2366 4777 2521 4831 idolo
2546 4777 2933 4845 sacrificasse,
2960 4781 3025 4832 ut
3054 4794 3115 4832 se
3153 4773 3425 4847 gentilem
3457 4773 3533 4827 si-

1878 4866 2147 4935 mularet,
2180 4865 2281 4938 qui
2313 4883 2429 4921 non
2480 4865 2675 4923 solum
2721 4882 2836 4921 non
2890 4866 3170 4929 adoravit,
3202 4863 3303 4918 sed
3336 4861 3532 4931 potius

1874 4958 2221 5012 detestanda
2256 4956 2326 5011 ad
2362 4954 2628 5027 palmam
2664 4954 2927 5025 martyrii
2958 4953 3236 5023 pervenit.
3269 4949 3417 5020 Ergo
3450 4948 3532 5003 fa-

1874 5050 2005 5100 ctus
2037 5052 2126 5102 est
2166 5045 2407 5101 Judaeus
2437 5044 2683 5115 Judaeis,
2718 5050 2775 5100 et
2827 5041 3101 5111 gentibus
3132 5035 3388 5112 gentilis,
3418 5052 3536 5091 non

1874 5134 2213 5192 mentientis
2245 5138 2399 5195 astu,
2439 5134 2542 5187 sed
2578 5129 2993 5204 compatientis
3026 5123 3544 5195 aﬂ‘ectu,quiaillo-

1874 5239 2003 5278 rum
2038 5223 2304 5280 omnium
2327 5236 2592 5278 errorem
2624 5230 2681 5281 et
2705 5216 3025 5276 caecitatem
3059 5212 3225 5287 quasi
3247 5214 3539 5285 propriam
