3990 5306
400 414 516 476 371

1422 409 1756 475 ATTONIS
1801 404 2391 471 VERCELLENSIS
2437 402 2788 465 EPISCOPI

3691 397 3808 456 372

407 548 567 605 deret
598 551 664 604 ut
695 566 886 621 suam,
919 552 974 603 et
1002 546 1083 605 ita
1112 549 1340 613 serviat,
1371 548 1525 603 sicut
1555 547 1664 601 sibi
1697 545 1887 610 vellet,
1915 542 1962 597 si
1986 542 2042 596 in
2074 543 2124 605 Α
2161 556 2259 594 rus
2290 545 2433 606 erat,
2457 540 2527 594 ab
2553 538 2828 593 omnibus
2849 535 2998 593 escis
3024 551 3149 608 quas
3173 533 3300 605 ejus
3326 535 3622 588 certamen
3646 534 3811 621 pote-

406 656 473 697 ea
504 644 701 694 tentus
733 640 1036 694 esset.Non
1073 637 1429 707 mentitur,si
1457 654 1518 691 se
1550 636 1705 690 dicat
1726 634 2047 688 inﬁrmum.

407 726 683 783 Nonnulli
720 727 879 782 fuere
911 728 1009 797 qui
1061 728 1333 782 dixerunt
1381 725 1545 780 illum
1587 741 1648 779 se
1677 723 1892 777 dixisse
1922 721 2052 775 ideo

405 815 724 888 gentilibus
738 816 956 869 factum
979 815 1422 887 gentilem,quia
1444 812 1812 869 consentiens
1836 810 1942 864 fuit
1963 826 2053 864 se-

408 904 669 959 cundum
728 902 1195 975 philosophicam
1244 902 1617 974 disciplinam
1670 898 2056 972 philosophis,

406 992 729 1066 praedicans
762 993 1050 1047 mundum
1074 997 1230 1047 aDeo
1269 994 1574 1060 factum,et
1605 991 1832 1045 animas
1856 1004 2055 1059 perpe-

404 1086 559 1147 tuas,
585 1084 639 1135 et
658 1080 1101 1136 hominesillius
1118 1098 1245 1136 esse
1269 1097 1452 1152 genus
1479 1098 1490 1146 ;
1513 1079 1709 1135 etideo
1738 1077 2057 1132 fueritcon-

407 1170 668 1226 sentiens
688 1174 750 1224 ut
765 1186 863 1225 eos
884 1186 1193 1241 provocare
1208 1174 1404 1241 posset
1422 1169 1489 1223 ad
1509 1169 1679 1222 ﬁdem
1696 1165 2041 1235 Christique.

410 1262 581 1314 tenus
596 1259 1311 1329 crederenteumjudicem
1331 1258 1596 1312 omnium
1613 1275 1645 1311 a
1665 1258 1772 1311 Deo
1788 1252 2065 1309 constitu-

411 1352 569 1401 tum:
587 1353 644 1402 et
671 1347 841 1403 sicuti
858 1347 993 1403 hinc
1008 1348 1205 1402 omnia
1221 1348 1522 1419 superiora
1542 1346 1823 1417 pendent;
1842 1359 1997 1413 ergo,
2015 1342 2063 1397 si

408 1436 523 1491 hoc
538 1453 736 1491 verum
754 1436 1036 1504 est,etilla
1054 1454 1166 1492 non
1184 1433 2061 1495 habeutmendaciquuomo-

413 1524 488 1579 do
508 1541 686 1579 sanus
705 1523 972 1579 inﬁrmus
993 1543 1094 1597 pro
1120 1525 1354 1579 inﬁrmo
1379 1524 1499 1592 ﬁat,
1516 1539 1695 1593 supra
1716 1522 1938 1575 dictum
1956 1524 2062 1574 est.

414 1612 639 1668 Inﬁrmi
669 1629 875 1685 nempe
889 1614 1171 1669 Corinthii
1191 1615 1241 1667 in
1269 1610 1877 1673 nonnullis,eteorum
1902 1608 2066 1663 simi-

415 1700 846 1757 les.Inﬁrmitas
880 1701 1140 1772 Apostoli
1187 1705 1330 1767 erat,
1378 1700 1514 1772 quia
1549 1716 1663 1755 non
1698 1699 1969 1754 utebatur
1997 1696 2064 1751 li-

416 1789 532 1844 cita
562 1788 861 1862 potestale.
893 1789 1039 1853 Quid
1062 1790 1219 1844 enim
1246 1788 1542 1843 inﬁrmius
1566 1805 1741 1859 quam
1768 1791 1955 1841 artem
1980 1786 2067 1840 di-

419 1894 602 1947 scere,
632 1895 810 1950 quam
859 1878 1174 1947 nesciebat,
1208 1884 1264 1933 et
1311 1876 1509 1933 labore
1541 1878 1908 1949 propriarum
1938 1892 2067 1929 ma-
2102 1909 2148 1972 Β

422 1983 607 2022 nuum
642 1966 961 2022 sustentari
988 1967 1013 2021 ?

497 2056 773 2128 Sequitur
801 2072 813 2112 :
848 2057 1134 2127 Omnibus,
1167 2056 1223 2110 id
1259 2060 1367 2123 est,
1398 2056 1636 2121 Judaeis,
1671 2053 1987 2125 gentilibus
2018 2054 2075 2107 et

425 2144 697 2215 inﬁrmis,
728 2147 915 2202 omnia
934 2148 1126 2216 factus.
1161 2146 1275 2200 Hoc
1303 2145 1442 2200 dicit
1466 2162 1579 2199 non
1613 2142 1876 2198 simulati
1909 2158 2072 2196 men-

425 2234 577 2289 dacii
627 2234 899 2305 falsitate,
959 2236 1059 2290 sed
1117 2234 1337 2290 veracis
1395 2232 1788 2289 miserationis
1838 2230 2071 2302 pietate,

426 2323 565 2393 quia
596 2323 653 2377 in
688 2323 963 2377 omnibus
997 2322 1113 2378 illis
1145 2339 1272 2377 esse
1302 2322 1562 2392 potuisse
1597 2336 1657 2376 se
1690 2319 2068 2391 intelligebat,

422 2410 534 2465 nisi
568 2410 763 2465 divina
795 2410 1001 2465 fuisset
1034 2410 1433 2465 misericordia
1460 2408 1762 2463 liberatus.
1798 2408 1885 2462 Fit
1914 2407 2069 2461 enim

422 2497 637 2570 aliquis
668 2501 947 2554 veraciter
978 2498 1085 2554 hoc
1108 2500 1260 2569 quod
1291 2497 1385 2551 ille
1408 2496 1617 2564 est,cui
1641 2496 1763 2550 vult
1784 2495 2069 2561 misereri,

423 2587 615 2656 siejus
647 2586 901 2641 miseriis
930 2586 1234 2642 subveniat
1261 2585 1483 2640 utsuis.
1502 2584 1776 2640 Fitetiam
1795 2586 1948 2656 quod
1973 2583 2068 2639 ille

422 2680 531 2742 est,
556 2693 671 2731 non
696 2675 945 2730 fallendo
970 2677 1239 2740 eum,sed
1272 2680 1335 2729 ut
1356 2674 1623 2746 seipsum
1642 2674 2066 2728 considerando

421 2768 478 2820 et
507 2763 697 2819 illum.
750 2765 1059 2835 Sequitur:
1114 2763 1310 2818 Omnia
1354 2765 1523 2834 facio.
1578 2763 1810 2828 Quare?
1842 2766 2071 2833 Propter

422 2853 805 2924 Evangetium.
836 2853 921 2907 Ad
955 2851 1091 2923 quid
1117 2851 1142 2905 ‘?
1177 2853 1239 2907 Ut
1265 2852 1542 2922 particeps
1589 2852 1707 2921 ejus
1735 2851 1965 2919 efﬁciar.
2002 2850 2073 2903 Et

424 2945 512 2996 est
534 2958 743 2997 sensus
769 2959 781 2997 :
808 2940 897 3009 Ut,
924 2941 1075 2996 sicut
1098 2939 1474 3012 Evangelium
1496 2939 1772 2995 omnibus
1798 2937 2069 3005 occurrit,

425 3046 631 3085 omnes
663 3028 788 3083 vult
836 3029 1080 3099 salvare,
1141 3028 1524 3099 omniumque
1555 3026 1771 3082 clamat
1800 3026 2048 3081 salutem

423 3118 505 3174 ita
535 3122 591 3174 et
621 3123 817 3190 ego,ut
848 3134 999 3184 mea,
1030 3122 1087 3172 et
1115 3116 1395 3187 evangelii
1442 3134 1560 3171 una
1590 3114 1666 3171 sit
1698 3116 1962 3170 intentio.

495 3207 642 3280 (612)
669 3206 899 3262 Nescitis
929 3206 1068 3278 quod
1100 3206 1159 3261 hi
1187 3208 1283 3277 qui
1314 3208 1373 3260 in
1401 3205 1600 3270 stadio,
1632 3210 1740 3260 etc.
1773 3204 1945 3259 Aliud
1972 3219 2070 3274 ag-

2162 632 2291 681 rant
2321 626 2605 698 impedire
2626 625 2971 681 abstinebat.
3006 624 3207 677 Fertur
3249 620 3421 676 etiam
3455 618 3611 690 quod
3646 616 3811 671 lami-

2165 733 2270 770 nas
2300 716 2610 787 plumbeas
2639 731 2777 787 erga
2810 730 2979 769 renes
3014 712 3212 781 ligarat
3243 714 3479 782 propter
3506 706 3815 761 illusiones

2167 811 2502 861 nocturnas.
2523 806 2611 868 Et,
2640 805 2688 858 si
2713 803 2795 858 illi
2822 807 3055 875 propter
3077 798 3513 870 corruptibilem
3536 811 3815 851 coronam

2165 896 2247 949 ita
2276 896 2636 950 abstinentes
2667 897 2852 959 erant,
2886 891 3070 945 multo
3103 887 3291 958 magis
3324 904 3428 942 nos
3460 888 3533 941 ob
3567 884 3818 957 gloriam

2168 988 2390 1038 cateruae
2416 982 2794 1036 beatitudinis
2817 980 3110 1035 abstinere
3132 977 3414 1032 debemus
3440 976 3511 1031 ab
3539 973 3820 1029 omnibus

2169 1072 2349 1136 vitiis,
2374 1072 2547 1126 etiam
2572 1070 2942 1142 cogitatione,
2966 1067 3217 1122 maxime
3240 1070 3435 1120 autem
3459 1065 3531 1119 ab
3559 1064 3821 1117 immun-

2170 1161 2315 1215 ditia
2346 1160 2648 1231 corporali.

2242 1250 2389 1320 (613)
2421 1249 2697 1321 Sequitur
2731 1266 2742 1303 :
2776 1251 2885 1317 Ego
2908 1249 3079 1317 igitur
3098 1250 3175 1303 sic
3198 1262 3382 1309 curro,
3406 1248 3514 1299 etc.
3553 1241 3824 1295 Praemis-

2173 1339 2256 1395 sis
2286 1338 2797 1403 similitudinibus,
2830 1338 2939 1391 sub
2968 1336 3187 1392 eisdem
3241 1334 3628 1404 semetipsum
3662 1330 3827 1401 ponit

2174 1428 2527 1500 exemplum,
2559 1427 2805 1483 dicendo
2830 1444 2843 1483 :
2879 1430 2987 1497 Ego
3009 1428 3196 1499 igitur
3222 1427 3303 1481 sic
3330 1438 3511 1492 curro,
3535 1425 3651 1476 etc.
3686 1421 3824 1474 Cur-

2175 1534 2239 1572 ro
2269 1517 2411 1571 dicit
2443 1521 2677 1587 propter
2723 1515 3003 1579 stadium,
3053 1531 3236 1586 pugno
3287 1517 3520 1585 propter
3550 1524 3821 1582 agonem.

2176 1590 2454 1660 Currebat
2486 1606 2593 1660 iste
2622 1621 2728 1660 non
2757 1606 2817 1659 in
2841 1605 3128 1672 incertum,
3162 1602 3299 1673 quia
3324 1599 3466 1655 certi
3495 1595 3722 1668 aliquid
3754 1594 3824 1649 de

2178 1711 2285 1750 sua
2312 1693 2593 1750 electione
2623 1694 2907 1749 audierat.
2964 1692 3285 1763 Pugnabat,
3337 1706 3452 1744 non
3498 1686 3825 1759 pueriliter.

2182 1783 2323 1839 Nam
2358 1783 2522 1855 pueri
2577 1782 2910 1838 dimicando
2962 1798 3096 1836 aera
3128 1780 3426 1835 verberare
3456 1777 3670 1841 solent,
3702 1774 3829 1828 ista

2178 1889 2309 1927 vero
2343 1890 2475 1927 non.
2510 1873 2657 1936 Quia
2686 1888 2899 1943 corpus
2946 1886 3121 1925 suum
3167 1868 3493 1941 castigabat
3521 1867 3699 1928 fame,
3731 1863 3829 1918 siti

2183 1966 2239 2016 et
2269 1962 2360 2016 his
2391 1960 2707 2028 similibus,
2738 1960 2954 2031 quibus
2976 1960 3242 2015 atteritur
3273 1974 3503 2027 corpus.
3536 1956 3599 2009 Et
3632 1957 3695 2009 in
3722 1969 3831 2008 ser-

2182 2050 2403 2105 vitntem
2462 2050 2668 2119 redigo,
2720 2050 2819 2104 Dei
2852 2049 3094 2117 scilicet,
3142 2047 3231 2101 vel
3292 2044 3524 2102 mentis.
3558 2046 3635 2099 Ne
3664 2044 3829 2114 forte,

2181 2157 2305 2193 cum
2334 2140 2485 2205 aliis,
2520 2142 2631 2203 etc,
2664 2138 2807 2193 Vide
2837 2142 3070 2209 quanta:
3094 2134 3699 2205 temeritatis,quantre
3729 2132 3830 2185 de-

2185 2228 2410 2283 mentiae
2441 2227 2559 2283 sint
2590 2227 2876 2291 homines,
2912 2243 3025 2282 non
3067 2226 3349 2293 timendo,
3384 2222 3585 2279 incerti
3618 2222 3693 2276 de
3724 2236 3833 2275 sua

2181 2314 2461 2371 electione
2492 2317 2826 2384 existentes,
2862 2333 2996 2371 cum
3027 2314 3144 2381 ille,
3179 2314 3280 2385 qui
3302 2312 3524 2383 aliquid
3557 2310 3702 2366 certi
3734 2326 3831 2364 au-

2181 2404 2386 2469 dierat,
2404 2406 2737 2461 timebat.ln
2762 2422 2875 2475 quo
2900 2408 3214 2459 monentur
3234 2419 3459 2465 omnes,
3481 2406 3545 2456 ut
3566 2399 3829 2455 timendo

2179 2498 2435 2565 sperent,
2466 2499 2522 2549 et
2552 2496 2841 2565 sperando
2864 2493 3127 2558 timeant,
3162 2498 3451 2565 quatenus
3473 2506 3612 2561 spes
3643 2492 3830 2543 foveat

2179 2582 2534 2653 laborantes,
2567 2590 2623 2637 et
2646 2584 2822 2639 timor
2842 2583 3040 2638 incitet
3062 2581 3442 2653 negligentes.
3472 2578 3637 2633 Unde
3668 2576 3828 2633 Psal-

2181 2671 2357 2727 mista
2381 2689 2393 2726 ;
2429 2673 2534 2740 Qui
2561 2674 2754 2728 timent
2784 2674 3097 2738 Dominum,
3130 2676 3484 2741 speraverant
3512 2670 3574 2723 in
3601 2667 3829 2723 Domino

2180 2762 2351 2830 (Psat.
2385 2779 2527 2829 CXVI,
2564 2764 2674 2832 11),

2254 2851 2400 2921 (614)
2432 2851 2591 2918 (CAP.
2644 2851 2735 2921 Χ.)
2785 2848 3111 2905 Ρνωωίεείε
3169 2846 3665 2903 similitudinibus
3698 2845 3833 2901 sub-

2175 2940 2375 3011 junxit
2404 2938 2734 3009 exemplum
2784 2937 3010 2993 Veteris
3068 2937 3428 2992 Testamenti
3473 2936 3737 2991 attinens
3765 2934 3835 2989 ad

2182 3029 2447 3084 eamdem
2482 3045 2626 3094 rem,
2659 3028 2858 3083 dicens
2886 3044 2898 3083 :
2932 3028 3065 3082 Nolo
3094 3028 3242 3081 enim
3286 3042 3376 3081 vos
3408 3028 3693 3095 ignorare,
3730 3029 3835 3079 etc.

2182 3118 2341 3182 Quod
2378 3116 2630 3189 qualiter
2661 3122 2891 3189 gestum
2922 3115 3019 3182 sit,
3054 3115 3435 3170 manifestum
3467 3117 3578 3183 est,
3614 3118 3673 3169 et
3704 3128 3841 3184 quc-

2188 3207 2357 3261 modo
2389 3205 2730 3278 spiritaliter
2769 3206 3079 3273 sentiatur,
3112 3204 3324 3275 partim
3351 3204 3478 3275 jam
3511 3204 3841 3275 cognitum.

424 3272 707 3367 greditur,
742 3297 887 3351 dans
916 3272 1390 3362 similitudinem,
1428 3311 1554 3365 que
1589 3311 1705 3348 non
1737 3292 1928 3348 solum
1962 3272 2071 3345 Co-
2104 3272 2145 3337 C
2190 3272 2438 3349 Intentio
2491 3300 2684 3349 tamen
2727 3294 2859 3363 ejus
2917 3272 3218 3349 intuenda.
3273 3272 3526 3348 Intentio
3571 3272 3699 3361 ejus
3732 3290 3848 3344 fuit

425 3384 682 3449 rinthiis,
713 3385 811 3440 sed
835 3384 1111 3439 omnibus
1134 3383 1403 3437 convenit
1427 3381 1791 3436 Christianis.
1811 3380 2077 3436 Stadium

425 3488 681 3545 namque
714 3473 937 3526 dictum
960 3476 1047 3525 est
1078 3489 1111 3525 a
1132 3470 1348 3541 stando,
1372 3471 1443 3525 ob
1469 3470 1597 3536 hoc,
1631 3468 1907 3539 quoniam
1940 3464 2076 3523 Her-

425 3560 585 3617 cules
616 3577 730 3615 uno
762 3559 1023 3614 anhelitu
1058 3564 1289 3613 centum
1343 3558 1546 3630 viginti
1579 3558 1837 3628 quinque
1871 3573 2079 3628 passus

426 3648 701 3716 cucurrit,
738 3648 793 3703 id
821 3655 928 3713 est,
961 3652 1221 3703 octavam
1246 3653 1468 3718 partem
1500 3646 1841 3713 milliarii,et
1871 3646 2033 3699 stetit
2062 3663 2075 3711 ;

431 3744 499 3815 et,
521 3737 650 3793 ideo
683 3754 715 3791 a
740 3737 931 3792 stando
961 3737 1196 3791 dicitur.
1244 3734 1538 3790 Transivit
1581 3734 1755 3789 etiam
1790 3734 1909 3789 haec
1941 3724 2078 3788 06n-

430 3827 679 3882 suetudo
697 3827 768 3881 ad
786 3826 1229 3891 Romam,utsex
1248 3823 1507 3880 millibus
1519 3839 1801 3896 passuum
1824 3822 2080 3879 stadium

430 3916 806 3982 diceretur,et
826 3915 884 3969 in
909 3913 1078 3970 metis
1101 3914 1423 3969 stadiorum
1448 3913 1772 3986 ponebatur
1790 3912 2077 3979 bravium,

429 4004 487 4060 id
520 4010 609 4061 est
639 4004 982 4075 praemium;
1011 4008 1068 4059 et
1115 4008 1413 4058 currentes
1458 4007 1591 4058 ante
1643 4008 2079 4074 imperatorem,

429 4094 530 4166 qui
554 4095 716 4167 prius
739 4092 1335 4164 vcniebat,pr:emium
1356 4090 2083 4163 accipiebat.Assimilatur

428 4188 621 4239 autem
647 4183 901 4239 stadium
931 4199 1085 4237 nunc
1118 4181 1249 4237 ﬁdei
1278 4200 1290 4248 ;
1325 4180 1462 4252 quia
1485 4181 1639 4235 sicut
1668 4180 1748 4234 ibi
1783 4178 1972 4247 multi,
2001 4179 2081 4234 ita

428 4279 483 4329 et
514 4272 571 4328 in
600 4273 788 4328 stadio
822 4271 954 4326 ﬁdei
1004 4269 1174 4325 multi
1206 4270 1565 4323 discurrunt.
1600 4273 1710 4323 Per
1736 4284 1941 4334 unum,
1978 4268 2078 4338 qui

429 4362 733 4432 praemium
766 4358 1314 4430 accipiebat,unitas
1354 4355 1618 4412 Ecclesia:
1652 4356 1759 4411 rite
1791 4356 2076 4428 signatur.

429 4450 540 4504 Sed
574 4465 787 4519 magna
843 4446 1124 4502 distantia
1171 4450 1259 4500 est
1318 4445 1468 4500 inter
1520 4444 1663 4499 illud
1712 4445 1993 4511 stadium,
2024 4449 2079 4500 et

429 4537 609 4591 istud.
638 4537 721 4591 lbi
752 4536 907 4590 enim
941 4535 1035 4589 ille
1065 4533 1435 4589 solummodo
1460 4534 1756 4589 fructuose
1783 4536 2077 4599 currebat,

2188 3383 2492 3438 ostendere
2547 3382 2859 3437 Corinthiis
2916 3381 3062 3437 nihil
3121 3382 3398 3454 prodesse
3452 3379 3843 3452 baptismum,

2189 3475 2619 3543 perceptionem
2646 3471 2905 3543 mysterii
2921 3471 3178 3543 corporis
3199 3469 3577 3542 etsanguinis
3600 3467 3840 3534 Christi,

2189 3577 2293 3616 nec
2327 3565 2550 3629 caetera,
2584 3578 2710 3632 quae
2742 3561 2799 3615 in
2850 3560 3107 3616 Ecclesia
3150 3560 3537 3625 celebrantur,
3571 3558 3624 3613 si
3658 3556 3840 3630 negli-

2188 3655 2388 3722 genter
2409 3650 3184 3720 viverent,quemadmodum
3204 3665 3308 3704 nec
3334 3647 3451 3703 illis
3473 3646 3843 3719 negligenter

2189 3738 2433 3793 vivendo
2466 3737 2564 3792 illa
2585 3738 2782 3793 omnia
2806 3738 3147 3810 profuerunt
3169 3755 3295 3809 quas
3315 3737 3407 3791 hic
3430 3737 3573 3791 dicit
3601 3741 3843 3807 Aposto-

2190 3825 2321 3895 lus;
2355 3827 2524 3897 quasi
2554 3827 2807 3882 diceret:
2843 3826 3003 3881 Sicut
3051 3825 3134 3880 illi
3189 3826 3302 3881 ista
3327 3824 3526 3880 omnia
3556 3824 3843 3880 habentes

2192 3916 2615 3971 murmurando
2645 3916 2963 3986 perierunt,
3014 3915 3095 3969 ita
3126 3920 3182 3969 et
3212 3932 3312 3969 vos
3361 3912 3739 3986 negligenter
3766 3913 3843 3967 vi-

2189 4005 2373 4060 vendo
2397 4004 2676 4059 habentes
2700 4003 2812 4058 ista
2830 4002 3113 4074 peribitis.
3144 4004 3300 4059 Unde
3326 4004 3382 4057 in
3408 4004 3806 4073 sequentibus
3830 4020 3841 4055 :

2190 4094 2290 4149 Sed
2321 4110 2427 4148 non
2466 4094 2525 4146 in
2542 4094 2799 4163 pluribus
2821 4107 3009 4147 eorum
3033 4092 3427 4163 beneptacztum
3450 4096 3529 4146 est
3565 4095 3702 4157 Deo,
3737 4097 3843 4146 etc.

2190 4182 2424 4251 thuod
2442 4180 2825 4253 spiritualiter
2845 4180 2964 4235 sint
2981 4180 3705 4253 intelligenda,subdendo
3724 4197 3843 4235 ma-

2190 4271 2445 4338 nifestat,
2475 4270 2715 4325 dicens:
2780 4270 3046 4325 Bibebant
3092 4275 3278 4325 autem
3313 4271 3378 4325 de
3426 4271 3699 4341 spiritali,
3736 4275 3840 4324 etc.

2190 4358 2292 4413 Ubi
2320 4358 2903 4414 animadvertendum
2926 4359 3063 4430 quia
3086 4376 3201 4414 non
3224 4359 3542 4429 dicit,pctra
3564 4359 3843 4430 signiﬁcat

2189 4447 2468 4502 Christum
2498 4448 2621 4515 sed,
2652 4456 2791 4514 erat,
2845 4448 2985 4519 quia
3032 4465 3142 4504 non
3198 4454 3380 4520 petra,
3432 4448 3531 4503 sed
3568 4448 3840 4503 Christus

2189 4554 2403 4608 aquam
2438 4538 2727 4610 produxit.
2784 4541 2892 4591 Per
2936 4537 3044 4593 hoc
3102 4538 3255 4609 quod
3287 4541 3450 4609 petra
3479 4536 3839 4608 sequebatur

432 4625 531 4697 qui
556 4624 859 4698 praemium
883 4624 1202 4695 accipiebat
1229 4666 1241 4692 ,
1266 4623 1324 4677 in
1349 4624 1458 4678 isto
1486 4641 1615 4680 vero
1636 4640 1840 4679 omnes
1861 4624 1961 4695 qui
1987 4641 2077 4678 ra-
2110 4635 2153 4699 D
2186 4642 2284 4680 eos
2319 4642 2505 4697 usque
2562 4628 2633 4681 ad
2694 4628 2838 4682 ﬁnes
2898 4626 3286 4682 Moabitarum
3342 4625 3536 4697 (Exod.
3585 4641 3727 4695 xvu,
3760 4626 3834 4691 6),

432 4712 788 4770 tionabiliter
810 4714 1081 4780 amando,
1103 4717 1159 4767 et
1186 4713 1491 4783 sperando,
1527 4718 1583 4769 et
1604 4714 1755 4769 bona
1787 4713 2079 4785 cperaudo

433 4804 792 4870 discurrunt,
826 4801 1130 4873 praemium
1160 4802 1285 4855 vitae
1315 4802 1521 4857 futura:
1563 4806 1701 4857 sunt
1732 4801 2079 4873 percepturi.

433 4894 503 4947 Et
533 4891 672 4964 quia
703 4890 928 4947 dixerat
966 4890 1435 4955 similitudinem,
1481 4892 1787 4962 subjunxit
1815 4889 2081 4945 exhorta-

432 4981 672 5051 tionem,
708 4980 953 5035 dicendo
984 4997 996 5033 :
1030 4981 1109 5033 sic
1129 4982 1360 5047 currite,
1394 4984 1526 5048 etc.,
1552 4980 1604 5033 id
1631 4983 1718 5033 est
1740 4979 1823 5034 sic
1845 4984 1905 5033 ut
1935 4995 2079 5033 com-

429 5070 802 5143 prehendatis.
836 5068 1154 5139 Subjunxit
1202 5068 1444 5122 alteram
1489 5066 1959 5135 similitudinem,
1994 5066 2077 5121 di-

432 5162 650 5214 cendo:
712 5159 898 5214 Omnis
944 5161 1128 5212 autem
1186 5160 1281 5227 qui
1330 5160 1388 5211 in
1418 5172 1585 5227 agone
1642 5156 1935 5225 contendit,
1968 5162 2076 5212 etc.

439 5249 577 5292 Amm
612 5248 763 5292 enim
801 5248 1012 5292 ﬂrmnn-
1051 5246 1254 5292 Latine.
1303 5245 1515 5292 dicitur
1540 5249 1837 5292 mrtmnm1-
1872 5262 2073 5292 mmnn.

2192 4714 2674 4786 praeﬁgurabalur
2694 4715 2958 4770 Christus
2992 4714 3325 4770 nasciturus
3370 4719 3502 4786 post
3531 4713 3801 4786 Moysen.

2261 4805 2388 4860 Haec
2418 4807 2600 4859 autem
2628 4800 2904 4859 omniain
2932 4806 3131 4875 ﬁgura,
3156 4809 3264 4859 etc.
3286 4803 3386 4858 His
3418 4802 3611 4858 verbis
3642 4807 3839 4858 osten-

2191 4891 2279 4946 dit
2311 4892 2481 4947 nobis
2510 4892 2841 4964 exemplum
2872 4892 3303 4963 allegorizandi.
3328 4892 3637 4947 Monemur
3662 4891 3840 4946 etiam

2194 4986 2256 5035 ut
2289 4998 2399 5035 non
2437 4982 2923 5053 concupiscamus
2955 4981 3455 5049 quemadmodum
3491 4978 3575 5033 illi
3606 4980 3840 5051 Egypti

2192 5070 2635 5125 reminiscentes
2658 5076 2895 5141 propter
2914 5086 3081 5125 esum
3105 5068 3368 5124 carnium
3394 5069 3589 5138 (Exod.
3615 5086 3733 5135 xvi,
3762 5069 3839 5135 3),

2192 5176 2262 5215 ne
2294 5161 2511 5231 pariter
2542 5175 2867 5230 pereamus,
2902 5176 3089 5230 neque
3137 5157 3454 5213 idololatra
3484 5157 3842 5213 efﬁciamur.

2189 5246 2616 5290 nnmmprnnrnt
2637 5246 2786 5286 anim
2818 5246 3121 5286 Annnlnlnu
3147 5246 3307 5284 “‘nm
3340 5245 3528 5282 Innnm
3556 5246 3657 5280 11)·ιῖ
3686 5245 3844 5280 λιι-ηι-
