3990 5306
138 378 247 442 373

685 378 1109 445 EXPOSlTIO
1153 382 1231 444 IN
1276 381 1707 445 EPISTOLAS
1759 382 2015 447 PAULI.
2059 416 2137 429 —-
2170 384 2247 446 IN
2296 382 2600 448 EPIST.1
2644 383 2747 444 AD
2791 384 2967 446 COR.

3415 378 3531 441 374

141 518 543 590 ρει-θεευωλεει
564 520 741 587 caput
784 516 971 583 vituli,
996 520 1051 572 et
1072 522 1204 588 post
1228 517 1687 573 immolationem
1712 522 1769 573 et
1797 519 1851 584 Α
1931 528 1953 578 t
1982 530 2071 580 est
2096 538 2335 580 sensus:
2378 524 2523 590 Quia
2552 524 2648 581 ille
2680 542 2793 580 non
2836 521 3137 591 mentitur,
3169 524 3226 577 et
3250 538 3352 578 vos
3397 514 3526 592 qui-

138 605 541 662 comestionem
566 611 947 661 surrexerunt
970 605 1172 661 ludere
1200 608 1392 678 (Exod.
1420 625 1596 676 xxxn,
1620 609 1730 679 4-6)
1757 624 1769 662 :

136 697 279 752 unde
309 694 481 749 dicit:
511 695 659 750 Sedit
686 698 945 766 populus.
980 696 1084 752 Ubi
1117 698 1451 753 ostenditur
1482 698 1635 769 quod
1670 697 1772 752 hu-

129 784 443 856 juscemodi
478 784 671 839 cultus
714 790 769 839 et
817 785 1085 841 nefanda
1131 786 1317 857 epulae
1369 788 1438 841 ad
1473 786 1769 841 lasciviam

136 876 452 946 provocant.
492 874 794 929 Monemur
817 891 886 929 ne
918 875 1059 930 talia
1088 892 1355 947 agamus,
1392 894 1462 932 ne
1503 875 1773 931 similiter

137 976 448 1035 pereamus.

197 1052 364 1122 Neque
413 1053 773 1120 fornicemur,
805 1056 913 1107 etc.
952 1052 1113 1108 Illius
1168 1053 1277 1107 loci
1326 1054 1615 1124 meminit,
1670 1054 1769 1108 ubi

137 1140 377 1197 Moabitze
410 1146 687 1195 ornantes
720 1142 871 1197 filias
903 1159 1041 1197 suas
1069 1149 1393 1214 posuerunt
1422 1160 1519 1198 eas
1545 1148 1675 1199 ante
1704 1145 1768 1197 fi-

131 1231 225 1286 lios
252 1230 445 1297 Israel,
482 1235 538 1285 et
571 1230 1050 1301 concupiscentes
1099 1234 1282 1303 (Num.
1340 1232 1469 1301 xxv)
1504 1249 1766 1303 peccave-

134 1327 287 1375 runt:
321 1319 419 1373 ubi
453 1319 536 1374 ita
566 1320 781 1374 exarsit
813 1321 896 1375 ira
926 1320 1047 1389 Dei,
1083 1326 1146 1375 ut
1176 1320 1346 1376 multi
1382 1323 1635 1393 perirent
1668 1339 1680 1378 :
1713 1328 1767 1376 et

133 1409 306 1478 etiam,
341 1407 455 1463 nisi
489 1409 736 1463 Phinees
760 1408 1056 1463 adulteros
1080 1410 1413 1478 occidisset,
1450 1410 1763 1464 maximam

134 1502 331 1570 partem
357 1497 560 1568 populi
586 1499 853 1569 perderet
875 1498 1040 1569 (Ibid.
1070 1500 1177 1567 11).
1201 1499 1507 1553 Monemur
1537 1514 1605 1553 ne
1628 1498 1767 1552 talia

131 1587 330 1657 agendo
380 1602 716 1657 pereamus.
753 1589 937 1659 Neque
992 1592 1262 1642 tentemus
1322 1588 1621 1652 Christum,
1653 1592 1761 1642 etc.

133 1676 254 1731 Cum
284 1675 425 1729 dicit
462 1692 561 1730 eos
596 1676 896 1731 Christum
948 1680 1230 1743 tentasse,
1265 1677 1593 1731 ostenditur
1631 1680 1765 1731 ante

132 1765 308 1831 fuisse,
343 1782 525 1835 quam
560 1782 627 1819 ex
656 1764 895 1837 Virgine
940 1770 1296 1831 nasceretur,
1331 1771 1387 1820 et
1430 1769 1662 1837 Moysen
1698 1766 1761 1817 ﬁ-

134 1869 313 1926 guram
344 1852 565 1909 Christi
598 1859 898 1925 gestasse;
932 1871 1067 1910 nam
1114 1854 1197 1908 illi
1225 1856 1460 1926 Moysen
1511 1859 1763 1909 tantave-
1796 1892 1841 1953 Β

130 1948 266 1998 runt.
302 1942 614 1998 Monemur
644 1960 715 1998 ne
745 1943 884 1998 talia
914 1944 1140 2015 agendo
1173 1959 1503 2014 pereamus.

188 2031 355 2101 Neque
387 2032 900 2095 murmuravcritis,
925 2036 1033 2086 etc.
1068 2032 1494 2086 Exterminator
1523 2030 1757 2086 illorum

133 2120 227 2174 fuit
265 2120 465 2176 hiatus
522 2124 688 2175 terrae
719 2121 906 2191 (Num.
942 2138 1021 2185 x1,
1081 2122 1211 2189 33):
1277 2120 1530 2175 maxime
1560 2126 1757 2175 autem

138 2214 307 2265 auctor
332 2209 666 2264 exterminii
695 2209 966 2265 diabolus
995 2209 1263 2264 existitit.
1288 2211 1414 2266 Haec
1437 2219 1620 2264 autem
1650 2226 1760 2265 om-

141 2298 224 2351 nia
248 2300 298 2351 in
318 2299 520 2367 ﬁgura,
545 2302 653 2354 etc.
679 2298 947 2353 Ostendit
969 2298 1061 2353 hic
1085 2297 1579 2369 allegorizandum
1603 2314 1753 2353 esse.

138 2386 230 2440 Sed
253 2402 356 2441 non
394 2388 527 2443 ideo
566 2388 676 2442 hoc
707 2387 870 2456 dicit,
904 2392 969 2441 ut
1006 2404 1110 2442 nos
1136 2404 1205 2443 ea
1234 2405 1359 2459 qum
1392 2386 1480 2443 lex
1511 2387 1759 2459 promit-

135 2473 193 2528 tit
218 2476 626 2548 percipiamus,
661 2478 762 2531 sed
795 2481 860 2531 ut
881 2477 1089 2532 certior
1132 2478 1399 2531 doctrina
1428 2476 1759 2548 evangelica

136 2562 416 2620 habeatur.
474 2566 539 2620 Et
595 2582 774 2635 quare
830 2566 938 2621 hoc
996 2565 1319 2638 scripserit,
1383 2566 1755 2621 manifestat:

134 2653 331 2724 Scripta
358 2662 491 2710 sunt
517 2663 701 2710 autem
732 2655 808 2710 ad
834 2657 1222 2711 correctionem
1242 2659 1505 2721 nostram,
1541 2658 1601 2709 in
1631 2670 1761 2725 quos

129 2742 248 2809 ﬁnes
275 2745 611 2800 saeculorum
656 2744 1012 2810 devenerunt,
1057 2745 1116 2799 id
1147 2749 1257 2811 est,
1290 2745 1390 2814 qui
1426 2743 1604 2797 futuri
1636 2760 1758 2798 era-

130 2844 268 2897 mus,
302 2836 361 2886 et
393 2833 690 2888 credituri.

183 2921 497 2992 Sequitur:
530 2922 719 2991 Itaque
748 2924 848 2992 qui
872 2938 930 2976 se
961 2923 1243 2976 existimat
1272 2924 1442 2985 stare,
1475 2925 1585 2974 etc.
1616 2924 1759 2973 Tan-

118 3008 192 3080 git
220 3009 384 3064 enim
414 3008 509 3065 hic
540 3009 672 3065 illos
703 3011 803 3079 qui
822 3009 1143 3080 idolothyta
1165 3008 1566 3077 comedebant,
1602 3006 1762 3079 parvi

115 3098 433 3167 pendentes
470 3096 811 3151 scandalum
843 3097 1077 3151 fratris:
1111 3101 1287 3152 terret
1318 3096 1516 3163 etiam,
1551 3114 1623 3151 ne
1647 3096 1759 3150 hu-

115 3201 286 3243 mana
343 3183 593 3240 scientia
647 3185 832 3240 inflati
880 3186 1111 3254 cadant,
1171 3190 1229 3240 et
1278 3184 1667 3255 superbiendo
1700 3185 1758 3238 in

120 3273 497 3329 tentationem
513 3274 789 3329 incidant.
810 3275 876 3328 Et
904 3273 1034 3329 ideo
1047 3274 1351 3345 subjunxit
1377 3291 1389 3328 :
1416 3275 1655 3329 Tentatio
1668 3290 1760 3329 vos

120 3378 217 3418 non
244 3363 638 3432 apprehendat,
671 3368 778 3418 etc.
812 3364 1076 3418 Tentatio
1109 3364 1367 3417 humana
1396 3368 1486 3418 est
1518 3362 1758 3432 aliquod

129 3451 335 3506 malum
368 3450 648 3523 cogitare,
701 3450 1055 3507 diabolicum
1115 3456 1205 3507 est
1255 3453 1325 3506 ad
1360 3453 1759 3523 Operationem

130 3540 461 3609 perducere;
484 3539 655 3610 quasi
675 3540 889 3595 diceret
916 3557 927 3594 :
947 3540 1167 3595 Malum
1182 3541 1437 3611 cogitare
1454 3544 1689 3611 peccatu
1702 3556 1756 3594 m

133 3633 225 3694 est,
242 3628 599 3683 diabolicum
630 3645 761 3683 vero
783 3632 853 3684 ad
870 3629 1266 3701 operationem
1290 3630 1759 3700 perducere.Alio

134 3732 251 3772 vero
270 3733 472 3784 sensu,
505 3717 763 3773 humana
792 3719 1033 3773 tentatio
1066 3722 1176 3784 est,
1200 3735 1334 3773 cum
1368 3716 1498 3788 quis
1530 3719 1601 3772 ad
1628 3734 1760 3773 con-

134 3803 314 3861 silium
342 3811 603 3875 vocatus,
632 3807 690 3861 in
719 3807 843 3878 ipso
874 3806 1094 3862 labitur
1133 3806 1397 3871 consilio,
1428 3811 1491 3859 ut
1534 3805 1757 3861 malum

134 3891 325 3949 habeat
365 3895 626 3951 exitum:
662 3895 769 3950 hoc
793 3895 1121 3950 humanum
1153 3900 1259 3964 est,
1296 3895 1418 3950 sive
1451 3910 1585 3948 cum
1622 3894 1757 3964 quis

138 3984 450 4058 quempiam
471 3984 767 4041 hominem
786 3984 1037 4055 videns,j
1050 3984 1245 4039 ndicat
1260 4000 1393 4038 eum
1408 3983 1625 4037 bonum
1638 4024 1650 4047 ,
1669 3982 1757 4037 vel

139 4071 354 4139 malum,
380 4072 563 4128 nullis
594 4072 826 4128 indiciis
848 4071 1245 4127 manifestum.

196 4161 512 4233 Sequitur:
562 4161 763 4216 Fidelis
818 4166 984 4216 Deus.
1048 4161 1247 4217 Multis
1302 4160 1491 4216 modis
1551 4161 1759 4216 accidit

141 4248 372 4305 tentatio.
410 4251 699 4321 Quoniam
726 4266 838 4305 non
862 4252 1105 4321 patietur
1135 4266 1221 4305 vos
1251 4253 1476 4317 tentari,
1515 4256 1627 4307 etc.
1662 4251 1756 4304 Fi-

143 4334 264 4393 delis
287 4344 392 4405 est,
417 4340 561 4409 quia
584 4356 708 4411 quae
723 4340 1031 4411 promittit,
1056 4340 1175 4394 falli
1195 4357 1309 4394 non
1331 4344 1597 4410 possunt,
1622 4357 1755 4395 nam

144 4440 235 4479 non
265 4428 522 4495 fallitur;
548 4429 700 4483 unde
721 4434 777 4483 et
806 4427 994 4483 ﬁdelis
1026 4428 1221 4496 homo,
1247 4428 1385 4499 quia
1406 4428 1610 4499 implet
1632 4447 1756 4499 quae

144 4515 421 4583 promittit,
459 4520 515 4571 et
545 4516 690 4571 ﬁdes
721 4516 934 4571 dicitur
966 4515 1123 4586 quod
1146 4516 1267 4570 ﬁat.
1301 4516 1370 4569 Et
1395 4520 1483 4570 est
1513 4532 1752 4570 sensus:

1882 621 2013 671 dem
2048 632 2159 670 non
2196 614 2546 679 mcntimini,
2598 616 2696 671 sed
2717 614 3016 669 credentes
3037 612 3098 666 in
3120 611 3446 683 eum,quod
3467 610 3529 667 in

1883 704 2233 776 baptismate
2275 703 2649 775 promisistis,
2686 703 2943 774 implete,
2976 701 3033 755 id
3068 704 3175 768 est,
3211 698 3439 755 diabolo
3470 704 3531 755 et

1882 793 2155 863 operibus
2174 794 2302 863 ejus
2334 793 2757 847 abrenuntiata.
2782 793 2903 856 Quo
2926 789 3114 862 magis
3135 789 3387 861 quisque
3408 788 3530 843 ido-

1879 883 1953 937 lis
1987 883 2441 955 appropinquat,
2469 898 2535 936 eo
2568 881 2755 952 magis
2780 899 2813 936 a
2835 881 2949 936 Deo
2972 880 3209 935 recedit.
3230 880 3332 933 Est
3353 877 3527 933 etiam

1879 972 2117 1027 difficile
2148 977 2213 1025 ut
2242 972 2341 1041 qui
2374 970 2529 1025 idola
2558 971 2930 1041 frequentant
2955 986 3067 1023 non
3088 967 3307 1039 aliquid
3329 967 3528 1039 magni

1880 1066 1981 1116 aut
2011 1061 2244 1115 virtutis
2278 1062 2334 1114 in
2368 1060 2451 1115 eis
2499 1060 2890 1131 suspicentur.
2924 1059 3285 1129 Quapropter
3316 1056 3522 1129 fugite,

1879 1166 1995 1205 non
2030 1152 2219 1205 solum
2246 1150 2513 1220 pedibus,
2535 1149 2633 1203 sed
2655 1148 2831 1203 etiam
2857 1146 3144 1216 moribus,
3176 1150 3240 1201 ut
3270 1145 3521 1201 occasio-

1878 1255 2010 1293 nem
2044 1238 2274 1293 diabolo
2306 1255 2422 1292 non
2453 1238 2623 1292 detis.

1951 1328 2097 1398 (615)
2131 1327 2448 1397 Sequitur:
2484 1329 2545 1383 Ut
2572 1326 2933 1399 prudentibus
2965 1326 3173 1396 loquor.
3218 1324 3526 1379 Prudenti-

1874 1418 1985 1471 bus
2018 1416 2384 1487 loquebatur,
2420 1417 2557 1485 quia
2607 1415 2998 1487 philosophis,
3048 1418 3111 1468 ut
3142 1430 3248 1469 suo
3289 1412 3519 1484 judicio

1876 1504 2191 1575 probarent
2219 1519 2420 1557 verum
2449 1518 2577 1557 esse
2599 1504 2754 1573 quod
2784 1503 3015 1558 dicebat
3041 1520 3054 1569 ;
3080 1502 3247 1572 quasi
3271 1500 3523 1556 diceret:

1874 1592 1932 1648 Si
1964 1594 2282 1663 prudentes
2314 1593 2447 1658 esti,
2481 1591 2619 1662 quia
2651 1590 3003 1663 philosophi,
3037 1591 3176 1661 quia
3204 1588 3517 1655 dialectici,

1872 1698 1974 1737 vos
2017 1682 2298 1752 judicate,
2352 1681 2408 1735 id
2468 1686 2575 1746 est,
2629 1680 2958 1750 subjunctis
3005 1678 3519 1748 similitudinibus,

1873 1772 2027 1842 quod
2062 1770 2190 1825 dico
2221 1786 2421 1825 verum
2454 1786 2583 1825 esse
2606 1769 2865 1841 probate.
2900 1768 3217 1839 Sequitur:
3255 1767 3419 1822 Catia:
3439 1768 3528 1821 be-

1874 1860 2219 1925 nedictionis,
2249 1862 2339 1915 cui
2370 1859 2752 1923 benedicimus,
2791 1863 2900 1913 etc.
2936 1858 3004 1911 Et
3034 1860 3118 1912 est
3158 1872 3368 1912 sensus
3412 1873 3424 1911 :
3460 1854 3519 1911 Si

1872 1966 1977 2005 nos
2010 1954 2244 2020 propter
2272 1948 2758 2021 significationem
2794 1946 2969 2002 unius
3003 1945 3200 2001 calicis
3230 1950 3287 2000 et
3337 1944 3513 2000 unius

1870 2038 2058 2111 panis,
2094 2039 2191 2108 qui
2225 2039 2335 2093 sub
2368 2054 2435 2093 ea
2461 2037 2826 2092 invocatione
2870 2036 2971 2091 uni
3020 2035 3137 2091 Deo
3168 2034 3514 2099 offeruntur,

1871 2143 2024 2183 unus
2057 2127 2224 2198 panis
2256 2131 2311 2182 et
2360 2142 2543 2181 unum
2594 2142 2804 2197 corpus
2853 2140 3080 2194 sumus,
3115 2122 3391 2195 quoniam
3422 2122 3514 2176 his

1872 2216 2316 2287 participamus,
2351 2219 2407 2269 et
2440 2214 2708 2269 Israelita
2735 2212 3045 2268 carnaliter
3068 2213 3346 2277 viventes,
3378 2209 3517 2282 quia

1872 2304 2115 2370 hostias,
2150 2320 2278 2375 qua:
2312 2303 2421 2357 sub
2454 2319 2572 2356 una
2592 2301 2956 2357 invocatione
2982 2300 3082 2355 uni
3104 2301 3220 2355 Deo
3242 2315 3419 2370 super
3441 2296 3521 2353 al-

1870 2398 1993 2448 tare
2028 2394 2375 2461 offeruntur,
2398 2390 3058 2461 comedunt,participes
3075 2392 3233 2455 sunt,
3250 2392 3307 2443 et
3334 2403 3519 2442 unum

1872 2486 2045 2547 sunt;
2080 2482 2267 2537 videte
2310 2496 2445 2551 ergo
2479 2496 2550 2534 ne
2607 2479 2753 2535 forte
2783 2482 2841 2534 et
2897 2495 3015 2547 vos,
3053 2478 3151 2549 qui
3199 2475 3520 2547 idolothyta

1872 2570 2201 2637 comeditis,
2225 2585 2410 2625 unum
2442 2569 2572 2623 sitis
2604 2585 2736 2623 cum
2759 2566 2881 2623 illis
2908 2567 3007 2639 qui
3027 2565 3359 2623 sacrificant
3382 2580 3518 2619 cum

1869 2659 2005 2715 illis.

1940 2750 2089 2819 (616)
2122 2748 2325 2803 Verum
2364 2746 2503 2818 quia
2540 2747 2684 2801 vidit
2715 2762 2813 2801 eos
2847 2747 3095 2813 astutos,
3129 2747 3186 2799 et
3215 2743 3327 2799 sibi
3360 2742 3520 2799 calli-

1874 2837 1944 2893 de
1979 2838 2331 2908 respondere
2390 2852 2456 2891 ac
2512 2836 2741 2891 dicere:
2802 2834 2846 2889 Ο
2876 2832 3074 2901 Paule,
3125 2832 3175 2887 si
3204 2848 3305 2887 vos
3332 2848 3519 2887 unum

1872 2926 2035 2988 estis,
2068 2926 2222 2979 sicut
2253 2925 2421 2994 dicis,
2449 2928 2506 2979 et
2532 2922 2706 2978 Israel
2758 2921 3009 2977 carnalis
3058 2937 3241 2976 unum
3266 2924 3355 2976 est
3386 2936 3520 2976 cum

1873 3011 2061 3079 altari,
2097 3013 2195 3082 qui
2227 3012 2450 3066 hostias
2477 3012 2749 3080 comedit,
2772 3015 2830 3065 et
2860 3028 2966 3066 nos
2998 3026 3183 3065 unum
3212 3025 3342 3065 esse
3367 3008 3514 3064 dicis

1872 3115 2002 3153 cum
2038 3099 2129 3154 his
2161 3099 2260 3169 qui
2292 3098 2462 3153 idolis
2494 3098 2865 3164 sacrificant;
2919 3098 3064 3167 (6l7)
3111 3112 3248 3168 ergo
3292 3096 3511 3168 aliquid

1876 3187 2071 3259 magni
2098 3187 2155 3241 in
2171 3186 2327 3241 idolo
2351 3184 2654 3258 intelligis,
2689 3186 2736 3241 si
2760 3186 2887 3256 ejus
2911 3184 3239 3240 sacrificate
3253 3201 3359 3240 nos
3376 3201 3513 3256 par-

1793 3254 1834 3320 C
1874 3254 2082 3346 ticipes
2114 3291 2296 3329 unum
2347 3254 2638 3341 reddunt;
2696 3254 2943 3344 ideoque
2998 3273 3275 3345 praevenit
3312 3254 3513 3329 eorum

1874 3364 2176 3432 astutiam,
2209 3369 2266 3419 et
2294 3364 2459 3418 dixit:
2514 3362 2653 3431 Quid
2699 3379 2824 3434 ergo
2845 3365 2871 3415 .9
2915 3362 3195 3435 Numquid
3224 3363 3351 3418 dico
3379 3362 3517 3434 quod

1872 3452 2036 3507 idolis
2072 3453 2420 3508 immolatum
2448 3451 2787 3524 sitaliquid?
2815 3456 2926 3507 etc.
2949 3455 3068 3505 Hoc
3088 3454 3196 3517 est,
3225 3466 3339 3505 non
3360 3450 3510 3506 dico.

1870 3542 1941 3596 Et
1969 3543 2109 3613 quia
2154 3547 2421 3613 poterant
2468 3542 2853 3613 respondere:
2894 3540 3080 3603 Quare
3134 3555 3271 3611 ergo
3320 3538 3516 3595 dicis?

1872 3630 2193 3702 Respondit
2222 3631 2347 3701 ipse
2374 3649 2386 3685 :
2420 3635 2545 3685 Non
2568 3635 2633 3685 ut
2665 3629 2886 3700 aliquid
2918 3628 3013 3695 sit,
3045 3628 3140 3684 sed
3168 3642 3290 3698 quae
3320 3630 3515 3683 immo-

1871 3720 1989 3775 lant
2019 3724 2223 3791 gentes,
2246 3721 2586 3777 daemonibus
2605 3720 2912 3784 immolant,
2946 3722 2998 3772 et
3023 3732 3134 3771 non
3166 3717 3273 3772 Deo
3294 3733 3315 3778 ;
3344 3715 3515 3787 quasi

1869 3808 2482 3879 diceretzQuamquam
2507 3807 2723 3861 nihisit
2748 3805 2986 3871 idolum,
3021 3804 3291 3860 diabolus
3312 3808 3511 3860 tamen

1869 3901 1956 3951 est
1988 3896 2230 3967 aliquid,
2266 3896 2387 3967 qui,
2422 3894 2719 3965 simplices
2745 3899 2800 3949 et
2832 3910 3038 3963 pravos
3069 3893 3336 3948 homines
3357 3893 3511 3947 deci-

1868 3985 2054 4057 piens,
2090 3984 2221 4038 fecit
2251 4000 2313 4039 se
2345 3984 2401 4037 in
2458 3983 2550 4036 his
2609 3981 2838 4036 adorari
2888 3986 2944 4035 et
2994 3996 3333 4051 quanquam
3364 3980 3508 4036 illud

1868 4074 2021 4145 quod
2056 4072 2297 4127 offertur
2336 4071 2413 4126 sit
2443 4070 2686 4141 aliquid,
2721 4068 2857 4139 quia
2886 4072 3151 4122 creatura
3180 4067 3282 4122 Dei
3313 4073 3424 4135 est,
3452 4072 3510 4123 et

1868 4164 2023 4218 bona
2052 4166 2161 4228 est,
2195 4172 2388 4215 tamen
2416 4164 2653 4231 propter
2681 4158 2967 4229 quasdam
2990 4156 3324 4210 daemonum
3347 4155 3508 4210 invo-

1865 4252 2141 4315 cationes,
2177 4251 2330 4321 quod
2362 4254 2451 4305 est
2481 4248 2766 4303 mundum
2796 4244 3057 4301 redditur
3086 4244 3462 4299 immundum
3489 4262 3502 4311 ;

1869 4346 1925 4397 et
1953 4341 2082 4396 ideo
2116 4340 2247 4394 nolo
2268 4356 2368 4394 vos
2399 4336 2708 4393 immunda
2732 4334 3052 4398 comedere,
3083 4349 3156 4388 ne
3184 4332 3511 4388 immundis

1868 4429 2231 4485 daemonibus
2262 4426 2586 4483 sociemini.

1940 4520 2089 4590 (618)
2135 4519 2498 4588 Quapropter
2548 4531 2682 4569 mox
2712 4512 2939 4569 subdit:
2974 4511 3105 4567 Nolo
3150 4527 3239 4567 vos
3276 4511 3405 4580 ﬁeri
3431 4526 3512 4566 so-

145 4600 193 4654 Si
216 4619 306 4659 vos
334 4606 391 4660 in
417 4606 532 4661 fide
565 4604 1023 4678 permanseritis,
1070 4604 1343 4676 implebit,
1365 4605 1515 4676 quod
1548 4605 1760 4677 promi-
1789 4620 1835 4682 D
1867 4611 1980 4663 cios
2009 4607 2336 4673 daemonum,
2370 4610 2477 4660 etc.
2512 4605 2581 4659 Et
2612 4607 2701 4658 est
2729 4619 2939 4657 sensus
2965 4620 2977 4657 :
3009 4600 3116 4665 Qui
3147 4600 3514 4656 daemonibus

150 4690 227 4744 sit.
256 4694 416 4762 Nam,
452 4695 558 4750 etsi
594 4695 748 4750 sinat
778 4699 843 4749 ut
877 4693 1137 4764 procellae
1161 4693 1548 4748 tentationum
1574 4688 1761 4749 insur-

153 4786 268 4849 gant
295 4784 362 4838 ad
408 4789 660 4840 vestram
717 4783 1140 4856 probationem,
1191 4783 1240 4838 si
1287 4800 1387 4838 vos
1418 4783 1629 4852 triduo,
1662 4788 1763 4839 aut

155 4870 433 4937 quatriduo
465 4872 947 4940 sustinueritis,et
974 4872 1098 4942 ipse
1117 4872 1325 4926 viderit
1344 4889 1445 4927 vos
1466 4874 1613 4928 ferre
1645 4890 1760 4928 non

155 4969 316 5029 posse,
334 4978 439 5018 non
468 4964 712 5034 patietur
740 4977 829 5016 vos
861 4962 1066 5015 tentari
1092 4977 1264 5031 supra
1295 4961 1353 5015 id
1374 4962 1513 5031 quod
1542 4963 1761 5034 potestis

156 5045 396 5117 tolerare;
426 5056 692 5108 autcerte
715 5049 980 5105 funditus
1001 5049 1313 5122 extinguet,
1354 5054 1455 5105 aut
1477 5051 1757 5106 auxilium

159 5134 468 5210 ministabit,
514 5146 577 5197 ut
622 5142 768 5197 ferre
812 5137 1069 5209 possitis.
1125 5139 1193 5193 Et
1246 5140 1352 5194 hoc
1409 5143 1562 5209 quod
1621 5141 1762 5197 dicit

156 5220 230 5275 sed
254 5240 366 5280 cum
396 5232 683 5287 tcntatione
708 5228 876 5300 faciet
904 5235 1241 5296 proventum,
1275 5228 1381 5284 hoc
1412 5234 1518 5297 est,
1552 5231 1759 5287 minis-

1872 4699 2188 4767 sociantur,
2222 4713 2255 4751 a
2284 4695 2399 4749 Deo
2430 4695 2806 4764 elongantur;
2831 4695 2884 4745 et
2917 4690 3021 4761 qui
3042 4690 3280 4745 calicem
3303 4690 3516 4744 daemo-

1872 4803 2012 4841 num
2048 4784 2571 4855 bibunt,respuunt
2592 4780 2835 4836 calicem
2854 4778 3086 4834 Domini
3114 4796 3126 4846 ;
3152 4782 3209 4833 et
3231 4775 3331 4847 qui
3353 4792 3514 4831 men-

1871 4892 1967 4931 sas
1999 4875 2331 4930 daemonum
2362 4871 2635 4941 diligunt,
2667 4884 2884 4924 mensae
2915 4865 3146 4923 Domini
3175 4864 3514 4920 detrahunt.

1873 4964 1973 5020 Isti
2007 4979 2282 5035 namque,
2307 4961 2448 5015 dum
2480 4959 2603 5013 hinc
2636 4958 2907 5032 agebant,
2927 4955 3118 5011 dicere
3142 4951 3300 5009 soliti
3319 4952 3513 5005 erant:

1873 5054 1932 5108 In
1966 5053 2077 5107 hoc
2112 5051 2419 5107 Dominum
2447 5046 2775 5115 imitamur,
2801 5043 3082 5114 quiaipse
3106 5056 3237 5097 cum
3261 5036 3520 5109 publiea-

1871 5143 1964 5197 nis
1994 5146 2051 5196 et
2082 5138 2485 5212 peccatoribus
2517 5133 2938 5193 manducabat.
2977 5135 3044 5186 Et
3071 5132 3199 5186 ideo
3228 5124 3399 5181 dicit:
3435 5128 3524 5179 An

1868 5233 2202 5288 acmulamur
2238 5228 2531 5284 Dominum
2552 5229 2578 5277 ?
2610 5222 2783 5292 Quasi
2815 5219 3067 5274 diceret:
3100 5218 3160 5275 Si
3183 5216 3242 5270 in
3281 5214 3388 5269 hoc
3412 5219 3522 5267 Do-
