3990 5306
323 381 441 445 375

1328 392 1663 455 ATTUNIS
1708 391 2287 455 VERCELLENSIS
2336 391 2689 457 EPISCOPI
2734 412 2735 415 ‘

3620 390 3731 452 316

327 518 674 576 comeditis?
708 520 832 593 ipse
860 522 1017 578 enim
1048 540 1352 596 nunquam
1404 524 1618 597 legitur
1650 524 1969 598 idolothyta
1998 526 2052 591 Α
2080 523 2373 589 laudetur,
2427 526 2738 597 Sequitur:
2773 526 2902 581 Sine
2949 524 3245 598 oﬁmsime
3292 527 3458 579 estote
3508 522 3740 589 Iudaeis,

329 609 674 665 comedisse.
709 611 776 665 Et
805 612 853 666 si
887 613 1247 669 comedenda
1279 619 1493 679 essent,
1519 631 1623 669 suo
1649 620 1969 670 monstras-

330 699 421 753 set
450 698 734 770 exemplo.
771 700 914 771 Ergo
942 701 1077 772 quia
1110 702 1440 773 exemplum
1464 704 1789 771 ostenditis,
1816 704 1970 775 quod

330 787 612 843 Dominus
643 804 755 842 non
787 790 1060 857 ostendit,
1108 793 1359 861 fortiores
1398 793 1499 847 illo
1549 792 1712 847 estis.
1754 794 1815 847 In
1847 792 1973 864 qui-

330 873 582 931 busdam
613 877 1041 950 exemplaribus
1074 880 1409 937 invenitur:
1456 883 1535 936 An
1584 882 1652 937 ad
1682 882 1976 937 zelandum

331 966 625 1023 Dominum
677 972 1070 1039 provocamus?
1098 971 1169 1024 Et
1225 975 1313 1026 est
1362 987 1609 1025 sensus:
1674 972 1823 1025 Dum
1867 970 1978 1025 ista

333 1054 529 1127 agitis,
562 1057 849 1128 numquid
892 1075 1007 1113 non
1056 1060 1380 1129 provocatis
1413 1059 1600 1127 illum,
1638 1065 1701 1113 ut
1730 1060 1974 1114 ulcisca-

331 1146 430 1200 tur
456 1149 712 1201 vestrum
740 1149 761 1200 Ρ
791 1151 909 1202 Aut
938 1147 1204 1204 fortiores
1254 1149 1351 1205 illo
1382 1151 1557 1216 estis;
1594 1156 1651 1206 et
1690 1151 1817 1205 ideo
1863 1166 1977 1204 non

336 1235 566 1305 potest?

408 1343 713 1413 Sequitur:
763 1344 959 1400 Omnia
1012 1347 1154 1400 mihi
1202 1348 1383 1412 licent,
1419 1350 1553 1413 etc.,
1602 1346 1751 1401 sicut
1782 1364 1980 1417 supra.

335 1430 650 1502 Sequitur:
687 1432 852 1487 Omne
874 1434 1013 1503 quod
1061 1436 1121 1487 in
1164 1436 1387 1490 macello
1421 1437 1589 1499 venit,
1625 1440 1738 1489 etc.
1778 1434 1983 1489 Prohi-

335 1518 544 1575 buerat
571 1536 668 1574 eos
696 1520 1018 1594 idolothyta
1038 1524 1361 1587 comedere,
1395 1528 1451 1579 et
1477 1523 1802 1596 plurimum
1830 1541 1986 1579 coar-

338 1612 614 1680 ctaverat,
647 1610 790 1666 adeo
824 1615 885 1665 ut
926 1628 1070 1682 pene
1121 1614 1420 1668 videretur
1470 1614 1662 1684 ipsam
1714 1619 1985 1668 naturam

337 1696 668 1754 damnasse.
698 1700 766 1753 Et
796 1699 937 1771 quia
964 1717 1169 1757 carnes
1216 1702 1386 1757 idolis
1419 1702 1731 1757 immolatae
1768 1703 1824 1756 in
1860 1719 1984 1757 ma-

338 1785 481 1842 cello
512 1788 930 1859 vendebantur,
956 1806 1026 1846 ne
1049 1795 1149 1845 aut
1178 1791 1290 1862 ipsi
1324 1792 1575 1846 nimium
1600 1796 1985 1859 arctarentur,

336 1879 439 1929 aut
468 1879 677 1931 natura
706 1876 984 1933 damnata
1030 1879 1349 1947 videretur,
1379 1881 1743 1951 descendens
1774 1897 1985 1935 conce-
2018 1900 2066 1964 B

337 1963 443 2019 dit.
479 1964 865 2038 0mne,inquit
895 1968 1040 2039 quod
1086 1970 1146 2023 in
1203 1970 1429 2024 macello
1474 1972 1645 2039 venit,
1696 1974 1805 2024 etc.
1842 1971 1989 2040 (619)

336 2053 445 2107 Sed
475 2070 655 2124 quare
678 2055 861 2126 jussit
888 2073 1004 2112 non
1058 2057 1417 2131 interrogare
1438 2058 1465 2112 ?
1506 2075 1577 2113 ne
1621 2058 1991 2113 Christianus

332 2142 837 2211 manifestaretur,
872 2151 930 2201 et
969 2147 1039 2202 ad
1087 2146 1436 2203 derisionem
1479 2147 1639 2202 illius
1698 2146 1991 2217 quidquid

335 2236 490 2287 esset
527 2232 897 2289 immolatum
930 2236 1241 2291 diceretur.
1294 2237 1364 2290 Et
1412 2235 1551 2307 quia
1581 2235 1766 2290 voluit
1796 2240 1989 2290 osten-

341 2318 477 2374 dere
507 2320 649 2375 illud
673 2323 827 2393 quod
843 2322 1014 2378 idolis
1034 2323 1375 2379 immolatur
1395 2329 1605 2379 natura
1622 2339 1748 2379 esse
1771 2324 1989 2378 bonum

344 2408 679 2478 subjunxit:
713 2411 937 2465 Domini
964 2419 1044 2466 est
1076 2421 1247 2478 terra,
1277 2418 1385 2466 etc.
1414 2431 1426 2480 ;
1462 2430 1527 2467 ac
1559 2413 1609 2467 si
1642 2413 1858 2466 diceret
1884 2429 1896 2466 :
1929 2411 1987 2465 Si

348 2496 576 2551 Domini
602 2501 689 2553 est
745 2503 922 2565 terra,
955 2503 1011 2555 et
1042 2499 1183 2554 illud
1231 2500 1485 2555 Domini.
1538 2505 1779 2572 Propter
1822 2502 1992 2571 cujus

355 2585 772 2642 conscientiam
815 2588 1063 2659 jusserit
1129 2604 1241 2643 non
1298 2589 1675 2662 interrogare,
1746 2590 1992 2645 inferius

353 2673 644 2730 ostendit:
705 2676 821 2731 Non
878 2685 1031 2731 tuam
1082 2676 1274 2748 inquit
1337 2677 1430 2732 sed
1481 2679 1732 2733 alterius.
1804 2680 1995 2743 Quare

352 2775 489 2833 ergo
520 2767 756 2834 propter
776 2763 1013 2820 alterius
1035 2764 1062 2818 7
1081 2765 1161 2819 Ne
1183 2770 1283 2820 aut
1302 2766 1358 2819 in
1393 2765 1563 2821 idolis
1588 2768 1712 2822 suis
1740 2766 1991 2833 laetetur,

352 2854 453 2905 aut
482 2851 584 2907 des
632 2852 714 2907 illi
747 2852 1132 2918 occasionem,
1184 2858 1246 2909 ut
1293 2855 1675 2925 reprehendat
1707 2860 1765 2909 et
1803 2855 1991 2909 dicat:

350 2939 537 3002 Quare
568 2940 677 2996 iste
708 2940 929 2997 idolum
961 2949 1293 2999 exsecratur
1331 2944 1503 3015 cujus
1532 2942 1839 2999 immolata
1870 2948 1992 2999 tam

347 3024 597 3083 libenter
626 3030 924 3085 comedit?

416 3132 563 3205 (620)
596 3135 907 3207 Sequitur:
944 3137 1003 3192 Si
1032 3139 1125 3209 qui
1170 3142 1319 3193 vocat
1348 3155 1437 3193 vos
1485 3138 1818 3208 inﬁdelium,
1880 3144 1990 3194 etc.

348 3220 451 3276 His
475 3222 667 3279 verbis
698 3240 813 3278 non
844 3223 996 3294 cogit
1024 3242 1122 3281 eos
1153 3224 1255 3295 ire,
1278 3226 1380 3281 sed
1406 3225 1463 3280 in
1487 3242 1689 3281 eorum
1723 3225 1992 3281 libertate

346 3310 531 3381 ponit,
562 3316 627 3366 ut
652 3314 722 3367 ad
754 3313 1085 3385 exemplum
1134 3314 1387 3383 Domini,
1440 3315 1488 3369 si
1540 3331 1602 3369 se
1651 3314 1992 3386 agnoverint

344 3400 624 3471 prodesse
654 3417 844 3472 posse,
867 3402 975 3457 hoc
994 3406 1102 3472 est,
1132 3407 1234 3456 aut
1271 3402 1558 3473 exemplo,
1593 3408 1695 3457 aut
1724 3401 1989 3457 doctrina

344 3503 442 3542 eos
468 3487 681 3542 lucrari
731 3505 922 3559 posse,
963 3491 1197 3544 vadant.
1247 3490 1564 3561 Sequitur:
1602 3493 1664 3547 Ut
1688 3491 1819 3561 quid
1844 3493 1991 3546 enim

346 3575 573 3631 libertas
600 3592 720 3631 mea
734 3577 1038 3648 judicatur,
1060 3582 1169 3633 etc.
1195 3595 1207 3643 ;
1233 3595 1297 3633 ac
1327 3580 1374 3633 si
1400 3578 1557 3633 dicat
1596 3596 1608 3634 :
1646 3580 1817 3634 Liber
1835 3596 1988 3648 sum,

346 3663 487 3733 quia
517 3664 715 3720 omnia
745 3666 966 3721 munda
993 3672 1049 3721 et
1078 3665 1235 3721 licita
1264 3666 1523 3739 intelligo
1550 3688 1563 3736 ;
1598 3684 1777 3739 quare
1808 3666 1987 3722 idolo-

344 3749 510 3823 thyta
561 3754 937 3820 comedendo,
972 3754 1152 3810 debeo
1187 3755 1325 3810 dare
1386 3756 1778 3822 occasionem,
1816 3762 1877 3810 ut
1906 3756 1989 3812 al-

344 3840 528 3895 terius
560 3856 651 3896 me
681 3842 1038 3898 conscientia
1079 3844 1301 3912 judicet
1322 3844 1349 3897 ‘?
1379 3844 1691 3915 Sequitur:
1725 3846 1790 3901 Et
1818 3847 1870 3900 si
1898 3862 1991 3916 ego

342 3944 469 3983 cum
490 3930 676 3999 gratia
706 3933 995 4002 participe,
1028 3937 1134 3986 etc.
1161 3932 1229 3987 Et
1260 3936 1348 3988 est
1378 3949 1588 3988 sensus
1617 3950 1627 3986 :
1652 3934 1711 3989 Si
1743 3950 1848 4005 ego
1881 3936 1990 3991 sub

341 4017 439 4071 Dei
471 4016 853 4086 invocatione,
889 4020 1292 4076 benedictione
1333 4038 1397 4076 ac
1426 4022 1817 4091 veneratione,
1853 4040 1988 4079 cum

338 4106 659 4178 gratiarum
693 4107 919 4163 actione
942 4107 1100 4164 licita
1121 4109 1397 4181 percipio,
1427 4127 1606 4180 quare
1630 4113 1987 4166 comedenda

339 4192 665 4268 idolothyta
693 4196 823 4252 aliis
846 4198 1024 4253 debeo
1046 4198 1408 4254 occasionem
1434 4199 1683 4269 prmbere
1719 4200 1989 4271 blasphe-

339 4284 537 4338 mandi
568 4301 659 4340 me
678 4284 705 4338 ?

409 4390 554 4460 (621)
586 4391 892 4461 Sequitur:
921 4392 1043 4445 Sive
1071 4407 1195 4460 ergo
1224 4393 1595 4456 manducatis.
1629 4395 1744 4447 sive
1779 4394 1984 4463 bibitis,

339 4480 448 4532 etc.
481 4477 583 4532 His
631 4478 825 4533 verbis
873 4478 1307 4536 evidentissima
1352 4480 1639 4537 idolorum
1700 4484 1986 4538 sacrificia

340 4572 599 4620 exsecrat
654 4570 710 4621 et
758 4568 1109 4623 condemnat
1158 4569 1491 4640 Apostolus.
1541 4572 1688 4638 Quid
1721 4572 1874 4628 enim
1910 4574 1981 4627 ad

340 4650 575 4708 laudem
608 4654 707 4710 Dei
730 4633 1276 4729 attinetidolothy-ta
1296 4633 1635 4715 comedere?
1652 4661 1803 4715 Dum
1834 4661 1991 4717 enim
2024 4633 2069 4695 D

340 4740 712 4797 immolatum
746 4743 918 4799 idolis
940 4747 1283 4817 comeditur,
1309 4749 1514 4818 major,
1548 4749 1811 4821 inquam,
1834 4750 1882 4804 ei
1907 4751 1989 4804 in-

332 4830 494 4901 juria
520 4831 829 4904 irrogatur.
864 4833 923 4888 Si
952 4850 1085 4889 vero
1117 4836 1175 4889 in
1207 4835 1353 4908 lege,
1387 4838 1525 4903 luci,
1561 4843 1617 4893 et
1649 4856 1758 4893 ara:
1786 4855 1850 4892 ac
1886 4840 1989 4892 de-

341 4916 511 4974 lubra
539 4920 761 4976 destrui
784 4938 849 4976 ac
880 4924 1199 4977 comminui
1224 4925 1530 4994 jubentur,
1582 4927 1735 4997 quod
1771 4926 1841 4980 ad
1869 4926 1993 4981 lau-

337 5007 470 5063 dem
505 5008 599 5063 Dei
630 5010 1197 5081 pertinet,quomodo
1231 5013 1551 5085 idolothyta
1582 5015 1882 5069 comedere
1913 5016 1985 5069 ad

338 5094 572 5151 laudem
605 5098 856 5153 attinet?
895 5100 1096 5155 Divina
1127 5100 1349 5155 scilicet
1397 5104 1507 5156 sub
1540 5102 1900 5157 invocatione
1930 5108 1987 5157 et

2082 619 2193 668 etc.
2225 621 2303 669 Ac
2337 614 2387 670 si
2414 614 2546 669 aliis
2575 616 2768 669 verbis
2801 614 2983 670 dicat:
3011 614 3231 670 Judazis
3262 613 3320 667 in
3351 611 3739 669 offensionem

2082 700 2243 769 estis,
2277 703 2415 773 quia
2448 703 2642 757 dicitis
2672 702 2883 758 habere
2913 719 3013 758 vos
3063 702 3249 775 legem
3298 706 3354 756 et
3396 699 3739 772 prophetas,

2085 796 2141 845 et
2194 791 2536 863 intelligere,
2592 796 2649 847 et
2694 792 3016 863 idolothyta
3062 790 3390 856 comeditis,
3444 790 3601 862 quod
3654 787 3743 844 illi

2086 886 2481 935 exsecrantur.
2518 880 2778 935 Gentibus
2801 882 2998 947 etiam,
3032 881 3172 951 quia
3219 896 3333 935 non
3381 879 3575 935 solum
3624 894 3744 933 non

2088 968 2424 1039 increpatis,
2445 974 2507 1023 ut
2528 969 2597 1023 ab
2631 969 2721 1024 bis
2744 970 3033 1039 recedant,
3050 969 3149 1023 sed
3177 967 3541 1023 occasionem
3559 967 3745 1033 datis,

2089 1058 2223 1111 utin
2250 1057 2366 1113 illis
2382 1058 3068 1129 permaneant,quoniam
3094 1058 3341 1112 credunt
3361 1072 3463 1111 vos
3494 1054 3750 1110 inidolis

2091 1145 2312 1217 aliquid
2362 1147 2559 1218 magni
2612 1146 2953 1219 intelligere.
3023 1151 3093 1203 Et
3141 1148 3389 1202 Ecclesiae
3413 1148 3553 1206 Dei;
3607 1144 3751 1215 quia

2091 1234 2461 1306 simplicibus
2515 1236 2669 1290 datis
2726 1236 3115 1301 occasionem,
3168 1234 3255 1289 vel
3304 1234 3601 1300 imitandi,
3650 1232 3745 1287 vel

2093 1324 2561 1394 reprehendenti.
2597 1325 2911 1396 Sequitur:
2936 1324 3084 1379 Sicut
3115 1328 3164 1380 et
3184 1341 3282 1393 ego
3300 1341 3397 1395 per
3428 1329 3617 1379 omnia
3638 1339 3755 1377 om-

2092 1414 2257 1468 nibus
2300 1414 2506 1481 placeo.
2576 1413 2851 1484 Nunquid
2906 1413 3379 1485 persecutoribus
3428 1411 3750 1484 placebat?

2094 1502 2240 1556 Non.
2274 1502 2381 1557 Sed
2409 1502 2477 1558 de
2494 1503 2768 1557 omnibus
2782 1503 3092 1574 generibus
3106 1507 3271 1558 erant
3287 1502 3511 1568 fideles,
3531 1502 3755 1572 quibus

2097 1590 2193 1645 ille
2226 1590 2509 1661 placebat.
2572 1592 2692 1646 Non
2727 1597 2815 1647 est
2866 1591 3197 1647 contrarius
3247 1592 3381 1657 sibi,
3442 1590 3583 1663 quia
3611 1589 3753 1645 alibi

2096 1680 2238 1734 dicit
2268 1695 2328 1734 se
2375 1696 2488 1735 non
2550 1679 2776 1751 placere
2836 1681 3197 1750 hominibus,
3260 1680 3537 1751 quoniam
3574 1680 3756 1735 tinem

2100 1768 2401 1839 placitisui
2434 1786 2549 1823 non
2582 1769 2638 1823 in
2672 1769 3013 1825 hominibus
3046 1769 3461 1825 constituebat.

2170 1876 2317 1945 (6'32)
2344 1874 2499 1945 (CAP.
2533 1874 2651 1943 ΧΙ.)
2684 1875 2989 1946 Sequitur:
3030 1877 3144 1931 Non
3168 1890 3424 1947 quaerens
3444 1873 3585 1946 quod
3611 1873 3760 1927 mihi

2100 1964 2235 2018 utile
2264 1969 2360 2033 est,
2386 1967 2518 2018 etc..
2541 1980 2747 2035 usque,
2774 1966 2915 2019 sicut
2944 1981 3037 2035 ego
3068 1966 3380 2020 Christi.Et
3399 1968 3489 2018 est
3507 1977 3753 2018 sensus:

2103 2052 2266 2107 Sicut
2302 2052 2571 2108 Christus
2612 2069 2726 2108 non
2780 2070 2883 2124 pro
2917 2070 3001 2119 se,
3058 2054 3157 2108 sed
3194 2070 3295 2124 pro
3330 2056 3532 2107 nostra
3563 2052 3761 2107 salute

2102 2157 2333 2196 carnem
2369 2141 2644 2213 suscepit,
2677 2146 2733 2196 et
2758 2142 3072 2213 opprobria
3098 2142 3402 2207 sustinuit,
3427 2142 3507 2196 ita
3536 2146 3593 2195 et
3614 2158 3760 2212 apo-

2103 2229 2284 2285 stolos
2307 2246 2422 2285 non
2446 2246 2547 2301 pro
2580 2246 2661 2300 se,
2694 2230 2793 2286 sed
2825 2247 2927 2301 pro
2950 2230 3139 2286 salute
3171 2231 3402 2303 generis
3425 2230 3674 2285 humani
3698 2228 3764 2283 in

2104 2318 2393 2373 mundum
2426 2319 2674 2385 direxit;
2708 2318 2792 2374 sic
2813 2324 2869 2373 et
2898 2336 2999 2374 vos
3030 2320 3275 2375 fratrum
3309 2319 3562 2375 salutem
3595 2336 3765 2391 que-

2104 2423 2228 2462 rere
2249 2408 2500 2462 studete.
2535 2408 2847 2478 Sequitur:
2879 2408 3064 2464 Laudo
3092 2426 3199 2477 vos,
3220 2413 3452 2481 fratres,
3477 2408 3620 2481 quod
3663 2425 3769 2478 per

2103 2497 2290 2551 omnia
2320 2512 2581 2551 memores
2610 2498 2720 2552 mei
2748 2498 2899 2567 estis,
2923 2503 3030 2552 ctc.
3057 2498 3185 2553 Haec
3216 2514 3427 2569 nempe
3449 2498 3633 2552 verba
3661 2515 3770 2569 per

2106 2584 2353 2641 ironiam
2385 2585 2539 2640 dicta
2570 2590 2727 2640 sunt.
2753 2586 2905 2641 Sane
2933 2586 3235 2642 sciendum
3260 2588 3399 2658 quia
3422 2592 3547 2643 erat
3568 2587 3771 2658 turpis

2104 2680 2159 2728 et
2188 2674 2501 2729 inhonesta
2550 2675 2911 2730 consuetudo
2962 2677 3117 2746 apud
3166 2675 3497 2731 Corinthios
3552 2680 3621 2730 ut
3651 2675 3763 2729 viri

2104 2763 2297 2817 criniti
2349 2763 2707 2830 incederent,
2765 2769 2822 2819 et
2870 2764 3146 2820 mulieres
3194 2782 3310 2820 non
3350 2765 3537 2820 velato
3571 2763 3766 2835 capite

2105 2852 2288 2906 Deum
2338 2857 2611 2907 orarent:
2654 2869 2833 2923 quam
2884 2854 3368 2909 consuetudinem
3416 2854 3767 2925 aggreditur

2102 2940 2417 3011 Apostolus
2464 2940 2885 3011 reprehendere
2941 2945 2999 2995 et
3052 2943 3349 3011 damnare,
3403 2942 3763 2996 inchoansa

2105 3028 2429 3101 primorum
2470 3028 2778 3085 hominum
2811 3029 3119 3085 creatione.
3150 3030 3242 3085 Ait
3270 3030 3465 3086 enim:
3498 3032 3633 3086 Volo
3663 3046 3761 3083 vos

2102 3121 2261 3184 scire,
2294 3122 2404 3173 etc.
2440 3117 2614 3189 Caput
2646 3120 2760 3173 viri
2791 3118 3037 3174 Christus
3057 3136 3078 3181 ;
3109 3119 3258 3189 (623)
3308 3118 3449 3189 quia
3480 3135 3585 3189 per
3620 3135 3758 3175 eum

2105 3206 2302 3261 omnia
2326 3223 2339 3261 :
2372 3215 2536 3277 caput
2565 3208 2819 3263 mulieris
2843 3210 2931 3263 vir
2955 3228 2973 3274 ;
3003 3207 3142 3278 quia
3162 3208 3233 3262 de
3262 3208 3389 3279 ipso
3412 3214 3606 3263 creata
3634 3213 3756 3263 est:

2102 3298 2263 3366 caput
2297 3294 2502 3350 Christi
2540 3297 2700 3365 Deus,
2746 3297 2834 3351 vel
2882 3301 3115 3368 propter
3162 3295 3611 3363 humanitatem,
3660 3295 3753 3350 vel

2101 3384 2240 3454 quia
2273 3384 2343 3439 ab
2376 3400 2441 3439 eo
2468 3384 2724 3456 genitus.

2172 3491 2321 3561 (624)
2352 3491 2663 3561 Sequitur:
2721 3490 2907 3546 Omnis
2940 3494 3029 3546 vir
3076 3508 3261 3558 orans,
3312 3491 3369 3546 id
3400 3495 3508 3559 est,
3553 3492 3761 3563 pradi—

2102 3596 2262 3647 cans,
2294 3588 2392 3633 aut
2420 3579 2839 3649 prophetans,id
2864 3582 3179 3647 est,futura
3200 3581 3542 3652 praedicens,
3584 3582 3761 3636 velato

2102 3670 2299 3739 capite,
2327 3668 2581 3739 deturpat
2612 3674 2776 3740 caput
2805 3670 3133 3741 suum,quia
3164 3670 3491 3741 ignominia
3532 3676 3628 3725 est
3651 3668 3758 3723 illi.

2101 3759 2410 3828 Sequitur:
2451 3759 2543 3812 Vir
2572 3774 2677 3813 non
2712 3758 2867 3813 debet
2914 3762 3099 3813 vetare
3127 3763 3290 3829 caput
3314 3775 3333 3819 ;
3365 3758 3637 3813 videlicet
3668 3758 3759 3813 sui

2102 3847 2309 3917 capitis
2333 3846 2657 3910 libertatem
2674 3848 3263 3918 ostendat.Sequitur:
3282 3848 3553 3916 Quoniam
3574 3849 3760 3918 imago

2100 3944 2151 3990 et
2178 3936 2358 4005 gloria
2390 3938 2487 3991 Dei
2516 3939 2610 3991 est.
2646 3935 2894 4001 Scilicet,
2920 3936 3058 4007 quia
3092 3936 3243 3991 sicut
3280 3953 3432 3989 unus
3467 3940 3627 3991 Deus
3649 3941 3760 4001 est,

2101 4040 2203 4095 per
2230 4041 2403 4095 quem
2436 4029 2495 4079 et
2526 4041 2595 4078 ex
2628 4041 2742 4095 quo
2774 4024 2992 4093 omnia,
3026 4024 3108 4079 sic
3141 4030 3197 4079 et
3228 4024 3355 4096 ipse
3406 4040 3593 4078 unum
3630 4023 3765 4077 fecit

2101 4112 2419 4181 hominem,
2455 4130 2523 4167 ex
2554 4130 2668 4184 quo
2696 4129 2899 4167 omnes
2940 4113 3247 4174 homines;
3295 4118 3349 4167 et
3379 4112 3507 4167 ideo
3539 4112 3645 4167 Dei
3678 4116 3769 4166 est

2099 4199 2306 4272 gloria,
2339 4201 2478 4271 quia
2510 4202 2578 4255 ad
2606 4201 2821 4255 diaboli
2853 4204 3041 4257 factus
3069 4207 3156 4257 est
3187 4200 3634 4270 contumeliam,
3658 4198 3761 4271 qui

2100 4307 2160 4345 se
2191 4289 2375 4344 voluit
2408 4290 2649 4357 elevare,
2685 4296 2748 4345 ut
2776 4296 2931 4346 esset
2961 4308 3138 4363 super
3168 4291 3385 4346 omnia.

2168 4397 2487 4468 Sequitur:
2536 4396 2737 4451 Mulier
2791 4398 2977 4466 gloria
3005 4402 3086 4452 est
3133 4399 3243 4452 viri
3262 4413 3282 4457 ;
3335 4396 3472 4468 quia
3504 4395 3577 4450 de
3628 4396 3758 4468 ipso

2103 4488 2254 4540 facta
2284 4492 2373 4541 est
2401 4504 2413 4552 ;
2448 4487 2598 4557 quod
2634 4491 2691 4540 et
2714 4486 2887 4541 latius
2920 4486 3257 4556 exsequitur
3278 4501 3466 4557 usque
3497 4484 3596 4539 ubi
3634 4486 3756 4539 ait:

2107 4575 2224 4629 Ideo
2252 4580 2571 4645 potestatem
2602 4576 2995 4644 (subauditur,
3017 4574 3349 4643 velaminis)
3369 4574 3515 4628 debet
3548 4574 3760 4628 habere

2101 4674 2327 4734 prOpter
2357 4665 2606 4734 Angelos,
2659 4665 2711 4717 id
2762 4668 2867 4734 est,
2919 4667 3154 4734 prOptcr
3209 4661 3619 4734 praedicatores
3666 4662 3754 4715 vel

2103 4751 2369 4807 caelestes
2398 4752 2658 4824 angelos,
2696 4753 2793 4823 qui
2817 4753 3021 4806 adesse
3041 4768 3156 4806 non
3177 4750 3651 4821 dubitantur,ubi
3668 4750 3754 4805 di-

2104 4840 2237 4895 vina
2268 4840 2525 4895 cmlestia
2546 4840 2934 4897 celebrantur.
2968 4839 3070 4894 Vel
3104 4846 3257 4896 certe
3286 4839 3548 4895 velamen
3581 4840 3757 4894 debet

2102 4930 2334 4999 habere,
2368 4930 2475 4985 hoc
2506 4942 2619 5001 est,
2652 4937 2885 5001 propter
2916 4930 3164 5000 primam
3216 4928 3753 5001 transgressionem

2102 5018 2526 5088 subjectionem
2559 5024 2907 5073 monstrare.
2938 5018 3243 5074 Enimvero
3268 5035 3339 5073 ne
3369 5016 3646 5072 mulieres
3668 5015 3757 5070 ni-

2103 5106 2283 5156 mium
2310 5108 2582 5156 subiectm
2614 5108 3221 5156 viderenturetsnner
3242 5124 3339 5154 ens
3372 5106 3619 5154 nimium
3643 5104 3752 5154 viri
