3990 5306
332 299 451 362 379
1349 317 1684 380 ATTONIS
1733 316 2320 381 VERCELLENSIS
2367 322 2716 388 EPISGOPI
3052 340 3059 345 ’
3620 335 3733 398 380

331 438 429 541 sed
461 437 867 541 infra-omnem
910 446 1153 503 tradidit
1211 433 1276 506 ut
1330 452 1543 524 legitur
1575 470 1586 509 :
1624 454 1975 510 Cwnantibus
2006 452 2058 516 A
2090 454 2337 521 batur,et
2353 458 2776 517 rel.Sciendum
2800 464 2940 535 quia
2956 469 3273 539 utrumque
3291 466 3605 541 discipulis
3625 475 3735 525 tra-

329 532 517 584 autem
548 531 664 587 illis
696 533 905 601 (Matth.
937 554 1092 606 xxw,
1149 542 1261 612 26).
1317 546 1450 610 etc.,
1485 545 1539 599 id
1575 549 1682 616 est,
1715 553 1973 602 comesto

327 621 575 689 agno.Et
595 622 741 678 bene
766 626 1167 700 quidem,quia
1191 648 1555 704 consequens
1579 639 1702 690 erat
1726 641 1785 690 ut
1807 641 1972 692 vetus

328 708 552 765 Pascha
583 712 870 781 finiretur,
922 718 1196 792 deinceps
1247 723 1318 777 ad
1352 741 1565 779 novum
1597 726 1969 783 transiretur.

327 797 441 889 Nec
475 801 650 857 etiam
678 806 750 859 ob
783 806 888 861 hoc
921 810 1368 880 reprehenditur
1411 815 1685 884 Ecclesia,
1721 817 1969 889 quiaje-

321 888 470 965 juna
496 892 738 963 percipit
769 920 781 960 ;
813 896 963 966 ideo,
1021 900 1159 970 quia
1191 919 1424 958 necesse
1473 910 1561 959 est
1619 911 1683 961 ut
1714 888 1969 978 primum

326 977 525 1034 anima
556 980 801 1052 spiritali
852 985 979 1041 cibo
1030 988 1317 1060 signetur,
1368 977 1722 1063 potmodum
1759 1013 1969 1068 corpus

322 1070 619 1124 communi
652 1078 1305 1134 sustentetur.Fertetur
1330 1082 1482 1137 enim
1510 1084 1661 1154 quod
1689 1084 1806 1139 haec
1831 1102 1969 1140 con-

322 1158 569 1213 suetudo
599 1162 755 1231 apud
786 1164 1093 1237 Egyptum
1133 1174 1411 1225 servetur.
1448 1172 1549 1227 Die
1580 1173 1966 1230 Sabbatorum

321 1249 654 1319 congregati
688 1252 759 1306 ad
792 1258 1692 1331 vesperum,aliiesurientes,alii
1728 1264 1871 1318 ebrii
1896 1266 1965 1319 ad

321 1336 758 1425 percipiendum
795 1358 1006 1414 corpus
1038 1348 1334 1403 accedant.
1360 1350 1546 1405 Etiam
1570 1352 1837 1407 nonnulli
1864 1371 1965 1425 pro

322 1423 536 1481 habilis
556 1427 683 1482 vitae
714 1429 819 1485 viri
850 1434 1293 1491 tradideruntut
1315 1439 1495 1494 semel
1527 1440 1584 1494 in
1618 1423 1966 1508 anno,idvest

317 1529 555 1585 vespere
590 1517 919 1575 festivitatis
949 1525 1285 1594 Paschae,ob
1308 1529 1610 1584 certiorem
1644 1532 1963 1588 veneratio-

318 1619 713 1670 nem,omnem
738 1609 993 1679 primum
1022 1612 1216 1669 cibum
1252 1619 1783 1686 sumerent,deinde
1809 1639 1963 1693 mys-

316 1690 528 1748 terium
561 1696 817 1767 corporis
842 1704 897 1753 et
926 1703 1490 1773 sanguinis,tantum
1517 1712 1724 1763 utante
1749 1690 1961 1765 nonam

302 1779 601 1889 j'ejunium
620 1786 1473 1889 non‘sol‘verent.Et‘notandum
1492 1796 1629 1867 quia
1646 1802 1963 1869 utrumque
1993 1826 2039 1889 Β

315 1870 595 1928 Dominus
626 1875 870 1931 tradidit
900 1878 1229 1951 discipulis,
1256 1900 1467 1955 corpus
1500 1890 1555 1940 et
1584 1889 1954 1959 sanguinem,

315 1961 590 2030 quoniam
624 1968 940 2038 utrumque
972 1973 1247 2042 suscepit,
1282 1977 1337 2028 et
1367 1974 1625 2030 animam
1658 1981 1714 2032 et
1745 1993 1956 2048 corpus

314 2052 369 2104 et
400 2053 717 2124 utrumque
747 2055 991 2112 salvavit
1025 2076 1037 2126 ;
1066 2077 1199 2116 nam
1226 2062 1492 2134 sicutper
1513 2081 1721 2135 panem
1746 2083 1957 2137 corpus

312 2138 393 2193 ita
406 2143 866 2214 persanguinem
891 2147 1085 2203 anima
1103 2148 1469 2222 signatur.Et
1491 2154 1794 2209 sciendum
1820 2156 1959 2226 quia

312 2226 421 2283 hoc
452 2238 884 2289 sacramentum
918 2235 1197 2293 ultimum
1228 2240 1471 2296 tradidit
1508 2260 1520 2309 ;
1552 2259 1688 2297 nam
1722 2245 1957 2310 tradito,

311 2317 508 2371 statim
541 2319 684 2375 abiit
713 2322 783 2375 ad
816 2322 1007 2378 locum
1068 2328 1167 2382 ubi
1225 2332 1348 2383 erat
1404 2332 1725 2387 tradendus
1761 2348 1774 2388 :
1807 2338 1863 2387 et
1892 2350 1957 2389 eo

304 2406 477 2461 modo
510 2410 1001 2477 quemadmodum
1034 2414 1083 2469 si
1116 2416 1249 2487 quis
1286 2433 1424 2490 erga
1482 2419 1657 2474 ﬁnem
1690 2420 1815 2475 vitae
1851 2421 1954 2477 ali-

310 2495 464 2565 quod
497 2494 775 2553 dilectum
811 2517 1025 2557 munus
1057 2504 1334 2573 alicui,ad
1360 2509 1818 2565 recordationem
1842 2511 1953 2578 sui,

308 2583 483 2638 donet
500 2585 826 2643 amico.Sed
852 2593 1120 2664 nunquid
1136 2594 1259 2666 ipse
1279 2597 1637 2669 prospiciens
1658 2616 1771 2655 non
1797 2616 1956 2655 com-

309 2674 705 2745 pungitur,vel
738 2678 914 2735 etiam
948 2683 1018 2736 ad
1050 2682 1340 2757 lacrymas
1370 2688 1955 2757 provocatur?Simi-

306 2760 441 2851 liter
470 2768 527 2819 et
557 2782 663 2821 nos
693 2770 1241 2841 sanctiﬁcantes,vel
1274 2777 1659 2849 percipientes
1691 2778 1800 2833 hoc
1832 2796 1955 2851 my-

308 2850 546 2923 terium,
580 2859 891 2929 compungi
918 2860 1005 2916 vel
1037 2864 1108 2917 ad
1144 2863 1430 2937 lacrymas
1462 2868 1759 2938 provocari
1791 2850 1959 2923 debe-

312 2943 544 2996 mus.Et
578 2943 712 3000 hinc
735 2951 824 3001 est
850 2951 1003 3019 quod
1028 2954 1299 3010 sacerdos
1321 2955 1467 3017 dans
1500 2954 1583 3009 illi
1609 2957 1954 3029 mysterium

309 3029 407 3101 qui
441 3030 690 3105 ignorat,
721 3035 862 3092 dicit
896 3055 907 3092 :
944 3039 1148 3112 Accipe
1178 3060 1392 3116 corpus
1428 3062 1439 3098 :
1474 3046 1736 3117 proficiet
1766 3045 1870 3100 tibi
1896 3046 1953 3099 in

312 3118 487 3174 vitam
519 3126 814 3193 aeternam,
852 3132 915 3182 ut
946 3128 1041 3185 ille
1088 3132 1331 3189 audiens
1363 3151 1596 3206 corpus,
1632 3135 1951 3201 tremiscat,

309 3212 367 3264 et
395 3226 525 3266 cum
561 3216 880 3272 reverentia
910 3222 1086 3291 atque
1115 3222 1335 3291 pudore
1368 3223 1664 3295 percipiat.

380 3299 489 3355 Sed
511 3301 811 3360 sciendum
837 3308 976 3377 quia
997 3324 1109 3363 non
1125 3311 1398 3383 praecepit
1420 3312 1707 3368 Dominus
1720 3313 1954 3383 quando

314 3388 727 3459 perciperetur,
752 3394 1029 3465 quoniam
1062 3396 1110 3451 si
1144 3399 1710 3470 praecepisset,aliter
1734 3401 1955 3472 absque

307 3475 627 3533 offensione
657 3496 784 3536 esse
804 3499 920 3539 non
940 3490 1164 3555 posset;
1190 3488 1291 3543 sed
1314 3493 1509 3544 tamen
1538 3488 1784 3561 qualiter
1806 3507 1954 3561 prae-

309 3564 482 3636 cepit,
514 3570 570 3621 et
600 3571 880 3640 apostolis
911 3574 1144 3644 quando
1170 3576 1609 3648 percipiendum
1633 3583 1790 3632 esset
1815 3577 1952 3632 reli-

311 3652 456 3722 quit.
494 3653 653 3711 Unde
686 3674 797 3713 non
858 3660 1159 3719 dubitatur
1205 3664 1277 3718 ab
1335 3666 1617 3735 apostolis
1674 3666 1952 3721 tradiium

308 3739 490 3797 fuisse
522 3743 602 3799 ita
631 3747 1093 3819 percipiendum.
1124 3753 1255 3808 Jam
1310 3770 1421 3809 non
1473 3759 1553 3809 est
1609 3758 1954 3811 Dominicam

307 3845 520 3885 canam
550 3836 905 3905 manducare,
940 3838 996 3892 id
1028 3844 1117 3895 est
1170 3858 1286 3897 non
1343 3842 1505 3899 illam
1565 3845 1950 3916 Dominicam,

311 3919 413 3973 sed
445 3926 695 3978 vestram
729 3927 983 3983 sumitis.
1044 3929 1115 3984 Et
1175 3930 1283 3987 hoc
1334 3934 1570 4005 exponit
1601 3935 1901 3991 subdendo
1937 3952 1949 3989 :

312 4006 730 4084 Unusquisque
778 4031 936 4070 suam
983 4035 1214 4086 caenam,
1277 4026 1386 4076 etc.
1424 4040 1436 4089 ;
1470 4027 1519 4077 et
1542 4025 1687 4078 alius
1734 4024 1955 4094 qutdem

308 4102 504 4155 esurit.
540 4103 690 4159 alius
720 4113 903 4160 autem
931 4108 1114 4164 ebrius
1160 4114 1256 4165 est.
1311 4112 1574 4182 Nunquid
1628 4113 1811 4168 domos
1841 4128 1949 4167 non

309 4189 518 4246 habetis
546 4192 703 4249 ?etc.
736 4195 911 4258 Quasi
945 4196 1162 4252 diceret
1196 4223 1209 4264 ;
1240 4199 1519 4270 Nunquid
1577 4218 1689 4255 non
1724 4201 1949 4256 habetis

311 4276 411 4333 ubi
442 4296 784 4337 communes
816 4283 976 4339 cibos
1021 4286 1312 4356 percipere
1371 4287 1608 4357 possitis
1637 4290 1663 4341 ?
1694 4289 1949 4344 Habetis.

311 4368 497 4432 Quare
528 4386 663 4441 ergo
690 4386 912 4425 coenam
946 4371 1003 4426 in
1054 4372 1309 4428 Ecclesia
1368 4374 1674 4432 celebratis
1701 4376 1727 4431 ‘l
1758 4382 1858 4432 aut
1880 4379 1950 4433 ob

309 4454 419 4510 hoc
452 4457 734 4522 facitis,ut
763 4477 862 4514 vos
894 4461 1102 4517 divites
1133 4465 1583 4533 ostendatis,aut
1601 4484 1715 4523 non
1733 4469 1950 4526 haben-

311 4547 398 4599 tes
430 4547 802 4605 conrundatis
823 4548 852 4603 ‘l
881 4551 1020 4619 Quid
1049 4552 1229 4607 dicam
1258 4554 1405 4609 vobis
1434 4559 1459 4608 .9
1488 4557 1677 4613 Lauda
1696 4576 1807 4626 vos,
1841 4565 1949 4615 etc.
1983 4574 2029 4637 D

314 4634 489 4699 Quasi
523 4635 740 4692 diceret
770 4654 783 4692 :
819 4638 976 4694 Talis
1008 4641 1158 4696 actio
1191 4659 1303 4697 non
1338 4644 1650 4703 laudabilis
1681 4648 1949 4716 habetur,

315 4724 373 4779 id
406 4730 514 4792 est,
548 4742 660 4780 non
692 4726 833 4782 estis
865 4728 1025 4801 digni
1056 4728 1249 4796 laude,
1272 4749 1337 4788 eo
1371 4736 1525 4805 quod
1556 4736 1615 4791 in
1640 4736 1950 4793 Ecclesium

312 4814 653 4871 convenitis.

384 4907 532 4978 ((327)
561 4908 667 4978 Ego
697 4908 844 4963 enim
872 4910 1058 4979 accepi
1096 4926 1130 4965 a
1160 4914 1418 4977 Domino,
1473 4917 1581 4968 etc.
1632 4915 1680 4968 A
1708 4914 1952 4973 Domino

311 4994 423 5051 iste
453 4996 695 5067 accepit,
728 5015 841 5054 non
876 5015 909 5052 a
938 4998 1167 5053 Christo
1199 4999 1434 5055 homine
1474 5002 1666 5057 adhuc
1699 5005 1950 5073 mortali,

312 5087 377 5136 ut
409 5084 614 5136 caeteri.
650 5086 805 5136 sicut
832 5086 956 5136 inse
1011 5087 1152 5136 dicit
1185 5104 1196 5136 :
1233 5093 1346 5136 Non
1380 5089 1449 5136 ah
1508 5090 1728 5136 homine
1771 5097 1955 5136 ηηρρηί

2084 546 2252 613 didit,
2376 554 2462 628 est
2492 567 2699 628 panem
2734 554 3042 628 etvinum,
3075 556 3351 627 quoniam
3414 564 3733 628 utrumque

2084 619 2360 689 suscepit,
2393 626 2446 675 et
2480 619 2721 677 salvavit
2752 624 2807 677 id
2840 631 2946 694 est,
2982 619 3237 682 animam
3270 634 3325 683 et
3356 646 3591 701 corpus.
3628 619 3737 686 Per

2081 723 2291 778 panem
2312 726 2653 783 corpus,per
2676 713 2875 768 vinum
2900 716 3099 771 anima
3128 717 3732 791 designatur.l\'ovum

2082 798 2223 852 dicit
2254 798 2513 867 calicem,
2549 803 2616 855 ad
2654 803 3090 859 distinctionem
3122 808 3353 862 veteris.
3376 808 3603 863 Mortem
3632 810 3735 864 Do-

2080 888 2225 940 mini
2254 890 2687 962 annuntz‘abitis,
2724 893 2869 958 Quid
2904 898 2991 948 est
3019 893 3174 949 enim
3217 901 3461 951 mortem
3497 897 3731 952 Domini

2081 979 2597 1049 annuntiareﬁnisi
2633 981 2700 1035 ad
2736 984 3081 1037 memoriam
3140 1001 3429 1052 revocare,
3479 988 3639 1057 quod
3669 988 3737 1041 ﬁt

2080 1070 2180 1120 aut
2211 1084 2342 1121 cum
2368 1085 2798 1141 consecremus,
2834 1077 2933 1126 aut
2955 1090 3087 1128 cum
3124 1074 3480 1145 percipimus
3512 1093 3735 1147 corpus

2079 1154 2267 1227 ipsius
2299 1157 2325 1211 ?
2353 1160 2530 1213 Donec
2559 1162 2919 1227 veniat,bene
2950 1163 3089 1217 dicit
3120 1163 3258 1234 quia
3292 1170 3611 1236 postquam
3634 1164 3733 1220 ille

2078 1244 2322 1317 venerit,
2357 1247 2476 1301 haec
2509 1251 2785 1321 mysteria
2815 1268 2930 1306 non
2963 1252 3437 1309 celebrabuntur.
3542 1298 3545 1299 ν

2149 1338 2296 1408 (628)
2322 1340 2505 1410 Itaque
2534 1340 2842 1412 quicunque
2888 1342 3183 1398 manducat
3233 1361 3455 1414 panem,
3492 1349 3603 1399 etc.
3636 1348 3727 1399 In-

2078 1426 2250 1499 digne
2282 1429 2649 1501 percipitqui
2674 1448 2786 1486 non
2821 1433 3145 1487 secundum
3170 1433 3585 1489 auctoritatem
3619 1438 3729 1488 tra-

2076 1514 2269 1570 dentis
2300 1517 2645 1572 sumitJteus
2672 1520 2787 1572 nrit
2817 1521 3062 1590 corporis
3089 1524 3139 1575 et
3167 1523 3459 1589 sanguinis
3480 1522 3726 1588 Domini,-

2075 1604 2210 1675 quia
2240 1603 2329 1657 sui
2364 1608 2560 1660 reatus
2594 1606 2648 1659 in
2681 1608 3050 1678 perceptione
3097 1608 3432 1664 accumulat
3464 1627 3725 1681 pmnam,

2073 1693 2211 1764 quia
2243 1693 2505 1747 futurum
2530 1694 2609 1747 illi
2633 1695 2927 1765 judicium
2960 1703 3308 1769 reservatur,
3333 1698 3391 1752 in
3425 1716 3542 1769 quo
3564 1698 3727 1754 illius

2073 1782 2301 1837 occulta
2332 1783 2890 1852 manifestabuntur,
2923 1790 2979 1840 et
3009 1787 3057 1841 si
3106 1787 3279 1858 digne
3336 1786 3425 1842 vel
3482 1787 3727 1859 indigne

2073 1872 2349 1943 percepit.
2383 1873 2576 1928 Probet
2606 1876 2811 1940 autem,
2846 1879 2956 1929 etc.
2992 1875 3052 1929 Id
3083 1880 3192 1944 est,
3224 1876 3557 1948 investiget,
3592 1893 3723 1947 per-

2073 1961 2290 2032 quirat,
2322 1961 2371 2016 si
2399 1962 2612 2035 dignus
2645 1967 2733 2018 est
2764 1964 3082 2035 percipere,
3110 1970 3170 2019 et
3214 1969 3357 2020 tunc
3415 1965 3722 2037 percipiat,

2071 2051 2215 2105 Nam
2252 2051 2359 2106 hoc
2390 2051 2734 2124 mysterium
2767 2052 2881 2107 tale
2912 2057 3019 2122 est,
3055 2058 3116 2108 ut
3144 2054 3317 2127 digne
3352 2055 3727 2126 percipienti-

2073 2142 2183 2196 bus
2215 2140 2736 2213 salutem,indigne
2766 2158 2900 2197 vero
2931 2159 3161 2214 poenam
3195 2143 3723 2214 ministretquem-

2072 2230 2389 2285 admodum
2422 2230 2608 2285 Judae.
2636 2232 2819 2286 Judas
2868 2232 3023 2287 enim
3069 2235 3383 2303 postquam
3440 2231 3723 2303 percepit,

2072 2320 2320 2374 Satanas
2353 2319 2617 2374 introivit
2649 2321 2705 2374 in
2736 2319 2904 2376 illum
2940 2322 3089 2392 (Luc.
3120 2337 3255 2385 xxu,
3286 2321 3319 2375 3
3354 2338 3367 2387 ;
3399 2322 3564 2376 Joan.
3598 2338 3721 2387 xm,

2066 2408 2259 2480 27).Et
2290 2409 2338 2463 si
2370 2407 2466 2464 ille
2498 2409 2598 2480 qui
2620 2408 2860 2482 indigne
2891 2410 3138 2482 suscipit
3169 2410 3239 2464 ad
3274 2410 3719 2465 damnationem

2068 2498 2333 2569 suscipit,
2370 2498 2554 2553 multo
2583 2499 2770 2571 magis
2801 2498 3100 2570 indignus,
3135 2497 3191 2552 id
3224 2502 3330 2565 est,
3386 2498 3485 2569 qui
3518 2497 3720 2569 aliqua

2066 2587 2447 2643 immunditia
2479 2586 2781 2658 polluitur,
2822 2590 2937 2643 Non
2988 2587 3297 2643 discernens
3348 2587 3495 2659 (629)
3523 2604 3720 2659 corpus

2068 2679 2125 2733 id
2160 2682 2266 2745 est,
2301 2679 2498 2733 cibum
2531 2696 2564 2733 a
2593 2677 2835 2745 cibo,vel
2858 2676 3227 2733 solummodo
3258 2694 3474 2748 purum
3503 2693 3719 2748 panem

2067 2784 2194 2833 esse
2228 2772 2414 2839 putat.

2135 2856 2257 2912 Ideo
2289 2857 2432 2911 inter
2459 2871 2549 2910 vos
2580 2856 2743 2910 multi
2774 2856 3005 2926 inﬁrmi,
3039 2860 3148 2910 etc.
3185 2855 3270 2921 Et,
3305 2854 3443 2925 quia
3494 2854 3720 2910 dixerat

2067 2945 2360 3017 superius.
2397 2948 2722 3017 Quicunque
2754 2945 3071 3014 manducat,
3105 2948 3239 3015 etc.,
3300 2948 3363 2999 ut
3394 2943 3615 2997 certior
3646 2942 3717 2996 il-

2064 3034 2180 3089 lius
2214 3035 2467 3089 narratio
2500 3035 2862 3100 redderetur,
2910 3032 3262 3105 subjunxit;
3294 3031 3415 3088 Ideo
3447 3032 3600 3088 inter
3630 3049 3716 3088 vas

2065 3124 2642 3190 multi,etc.lnﬁrmos
2664 3123 2822 3193 dicit,
2851 3123 2989 3195 quia
3019 3123 3118 3177 alii
3151 3122 3307 3177 febre
3337 3122 3716 3188 vexabantur,

1984 3200 2026 3266 C
2067 3210 2163 3267 alii
2198 3211 2658 3268 debilitabantur
2689 3212 2785 3268 alii
2806 3216 2990 3268 morte
3005 3211 3264 3284 corporis
3286 3210 3716 3283 plectebantur.

2066 3300 2176 3356 Sed
2210 3318 2389 3371 quare
2422 3301 2530 3356 hoc
2561 3302 2630 3355 ad
2666 3302 3011 3358 memoriam
3042 3299 3297 3356 revocat?
3331 3299 3399 3355 Ut
3428 3299 3542 3371 ipsi
3577 3299 3720 3354 alio-

2065 3407 2195 3445 rum
2229 3390 2458 3463 ﬂagella
2489 3391 2792 3447 audientes
2823 3390 3345 3463 corrigerentur,ut
3372 3388 3520 3443 illud
3560 3390 3723 3443 :Pes-

2064 3481 2251 3536 tilcnte
2276 3482 2574 3551 ﬂagellato,
2594 3482 2829 3536 astutior
2855 3481 3109 3536 redditur
3136 3480 3349 3551 sapiens
3380 3484 3571 3543 (Prov.
3602 3496 3722 3542 xxx,

2063 3570 2153 3640 25)
2184 3594 2197 3636 ;
2229 3574 2284 3624 et
2318 3588 2329 3625 :
2364 3571 2667 3625 Laetabitur
2686 3572 2889 3641 justus,
2920 3587 3045 3625 cum
3102 3568 3302 3623 viderit
3333 3568 3516 3639 (Psal.
3584 3585 3720 3635 μνη,

2066 3660 2173 3731 11),
2208 3664 2315 3714 etc.

2137 3749 2291 3817 Quod
2316 3750 2366 3804 si
2384 3750 2758 3821 nosmetipsos,
2788 3753 2895 3804 etc.
2931 3749 3001 3803 Et
3057 3748 3223 3818 bene,
3286 3744 3422 3817 quia
3481 3743 3587 3799 ille
3620 3744 3721 3813 qui

2064 3854 2202 3894 suas
2233 3839 2489 3894 actiones
2507 3838 2691 3894 malas
2707 3838 3074 3910 agnoscendo
3099 3834 3719 3907 corrigitetemendat,

2064 3946 2097 3983 a
2126 3928 2241 3983 Deo
2275 3945 2389 3983 non
2414 3928 2734 3999 judicatur.
2801 3932 2951 3982 Dum
2991 3926 3304 3997 judicamus
3360 3933 3567 3987 autem,
3601 3929 3716 3978 etc.

2064 4017 2186 4073 Sive
2217 4036 2250 4071 a
2282 4019 2506 4072 Domino
2528 4017 2875 4087 judz’camur,
2902 4018 3068 4071 sicea
3098 4015 3324 4070 Domino
3353 4012 3717 4084 corripimur,

2064 4107 2377 4162 dicendum
2409 4112 2497 4161 est
2529 4106 2667 4177 quia
2702 4106 2795 4160 ille
2834 4106 3005 4175 cujus
3054 4108 3183 4161 acta
3225 4101 3620 4174 ﬂagellantur,
3657 4101 3716 4155 in

2064 4200 2353 4266 crepatur,
2387 4200 2449 4250 ut
2480 4196 2842 4250 emendetur.
2893 4196 2953 4250 Ut
3006 4211 3119 4250 non
3176 4210 3299 4248 cum
3355 4193 3453 4247 hoc
3508 4191 3719 4245 mundo

2061 4286 2410 4353 damnentur,
2449 4285 2502 4340 id
2557 4291 2666 4352 est,
2720 4301 2851 4339 cum
2906 4283 3243 4338 inﬁdelibus
3291 4282 3407 4337 sive
3442 4279 3709 4353 paganis.

2063 4375 2225 4430 Unde
2256 4374 2397 4429 dicit
2425 4374 2701 4445 Origenes
2735 4390 2748 4429 :
2783 4373 2888 4440 Qui
2922 4373 3158 4444 indigne
3185 4371 3273 4426 vel
3335 4369 3717 4443 impudenter

2063 4462 2328 4535 percipit,
2362 4464 2433 4518 ab
2468 4462 2687 4517 inﬁdeli
2719 4463 2805 4517 vel
2840 4478 3065 4533 pagano
3096 4460 3179 4515 nil
3208 4460 3405 4515 distat.

2135 4553 2282 4623 (630)
2321 4554 2509 4623 Itaque
2549 4555 2782 4621 fratres;
2832 4553 2961 4617 mei,
3021 4556 3128 4606 etc.
3189 4550 3381 4604 Finita
3436 4548 3715 4618 increpa-

2062 4639 2426 4708 tione,donat
2454 4640 2535 4695 eis
2554 4640 2862 4695 consilium
2888 4639 3028 4711 quid
3055 4639 3133 4693 sit
3153 4637 3712 4710 agendum,dicens;

2061 4731 2266 4801 Itaque,
2298 4732 2498 4797 fratres
2524 4732 2633 4785 mei
2661 4735 2749 4784 etc
2784 4749 2820 4798 ,ς
2854 4729 2911 4784 id
2946 4733 3053 4799 est,
3087 4728 3299 4784 oblatio
3348 4731 3543 4783 vestra
3601 4728 3715 4782 sub

2064 4818 2239 4874 unius
2270 4818 2369 4874 Dei
2396 4817 2761 4874 invocatione
2792 4818 3209 4887 sanetiﬁcetur,
3241 4822 3299 4873 et
3328 4834 3441 4872 non
3470 4818 3716 4888 propria

2063 4908 2349 4965 habeatur
2401 4908 2501 4963 sed
2535 4907 2866 4963 communis
2914 4908 3244 4979 deputetur.
3271 4908 3331 4962 Si
3358 4909 3480 4977 quis
3512 4908 3713 4973 esurit,

2063 4998 2211 5054 domi
2238 4998 2545 5068 manducet,
2580 4997 2635 5051 id
2672 5000 2781 5063 est,
2815 4997 2863 5051 si
2897 4997 3030 5068 quis
3061 4996 3375 5068 impatiens
3406 4999 3514 5065 est,
3547 5012 3712 5051 com-

2066 5106 2273 5136 munes
2305 5088 2464 5136 nihns
2493 5087 2551 5136 in
2585 5088 2756 5136 domn
2788 5088 3157 5136 nerniniat-et
3185 5104 3301 5136 non
3335 5102 3465 5136 eum
3485 5087 3712 5136 sancti-

3932 576 3943 909 ὗ
