3990 5306
191 412 298 479 381

751 415 1169 480 EXPOSlTIO
1214 419 1291 478 IN
1337 417 1764 481 EPlS'I‘Ol.AS
1814 417 2067 481 PAULI.
2110 452 2186 464 ο-
2216 421 2295 482 IN
2342 420 2591 483 EPIST.
2634 420 2656 481 I
2704 417 2807 480 AD
2852 416 3026 479 COR.

3469 407 3588 474 382

261 548 485 619 Caetera,
517 564 639 603 cum
669 566 881 616 venero,
912 551 1214 622 disponam.
1252 552 1433 607 Multa
1465 552 1621 607 enim
1654 556 1822 608 erant
1849 564 1903 619 Α
1935 552 2092 607 Facit
2118 558 2174 608 et
2203 555 2482 610 adversus
2511 552 2925 623 Arium,quiet
2942 548 3159 621 gradus
3186 546 3245 601 in
3268 546 3585 615 Trinitate,

192 638 257 694 de
287 637 607 693 ministerio
660 638 922 695 Ecclesiae
954 640 1217 711 dicenda,
1250 649 1306 696 et
1354 642 1483 696 ideo
1540 659 1650 696 non
1704 646 1827 697 erat

192 743 543 797 consequens
560 744 658 796 per
677 728 981 799 epistolam
996 746 1094 785 eos
1120 730 1646 786 docere.Generalis
1669 732 1824 785 enim

191 816 439 872 Ecclesia
472 816 631 872 illius
662 824 949 889 praacepta
972 826 1181 874 servat.
1202 822 1270 875 Et.
1304 822 1430 876 ideo
1456 820 1743 893 promittit
1764 836 1825 874 se

190 909 512 972 venturum,
537 910 593 960 et
614 924 739 977 quae
772 924 1007 962 necesse
1030 916 1195 963 erant
1216 910 1383 964 doctu
1395 928 1543 965 rum.
1570 912 1714 965 Nam
1739 927 1826 965 ve-

192 993 373 1049 niente
396 992 518 1059 illo,
546 994 670 1050 viva
691 1012 826 1051 voce
849 996 1171 1068 disposuit;
1198 999 1350 1053 unde
1385 1016 1497 1053 non
1524 999 1826 1054 dubitatur

192 1085 257 1139 ab
280 1084 552 1153 Apostolo
584 1085 1017 1143 ecclesiasticus
1046 1089 1186 1143 ordo
1220 1089 1468 1144 traditus
1490 1091 1656 1161 (631).
1692 1092 1826 1144 Erat

190 1188 433 1243 namque
464 1176 825 1230 consuetudo
858 1176 914 1230 in
959 1178 1275 1248 primordio
1307 1177 1596 1243 Ecclesiae,
1630 1184 1691 1232 ut
1725 1178 1821 1250 qui

188 1261 815 1334 credebant,baptizati,
840 1266 1015 1320 etiam
1039 1266 1237 1321 ﬁdeles
1259 1267 1465 1331 effecti,
1501 1268 1827 1339 acciperent

188 1349 426 1422 gratiam
460 1350 736 1423 loquendi
769 1354 1043 1410 omnibus
1062 1355 1577 1427 linguis,videlicet
1600 1357 1829 1422 ideo,nt

188 1438 365 1510 magis
398 1440 707 1512 magisque
737 1444 809 1497 ad
842 1443 1017 1499 {idem
1050 1445 1428 1501 conﬂuerent.
1454 1447 1561 1500 Sed
1584 1446 1825 1516 quia,si-

188 1532 277 1583 cut
304 1528 396 1583 hic
424 1530 738 1600 Apostolus
788 1532 929 1587 dicit
964 1551 975 1587 ε
1006 1534 1182 1604 Signa
1208 1551 1311 1605 pro
1342 1535 1679 1604 inﬁdelibus,
1714 1549 1824 1589 non

186 1616 432 1686 ﬁdelibus
462 1619 506 1689 (I
538 1619 657 1675 Cor.
688 1638 800 1689 xxv,
840 1622 1095 1693 22),jam
1121 1622 1363 1678 dilatata
1395 1624 1527 1694 fide,
1553 1624 1823 1695 plurimis

185 1707 349 1762 etiam
377 1708 816 1764 conﬂuentibus
846 1710 917 1764 ad
953 1710 1373 1776 crudelitatem,
1397 1728 1623 1769 cessare
1653 1714 1826 1785 ccepit

182 1794 301 1865 ipsa
347 1797 735 1852 consuetudo.
787 1798 1067 1853 Corinthii
1110 1816 1263 1867 vero,
1295 1817 1427 1855 cum
1471 1802 1595 1871 jam
1630 1808 1825 1857 essent

182 1885 498 1952 credentes,
521 1891 720 1941 tamen
753 1887 891 1959 quia
912 1888 1104 1943 adhuc
1125 1894 1291 1944 erant
1321 1894 1610 1946 amatores
1642 1890 1825 1963 philo-
1854 1925 1902 1990 B

180 1974 427 2043 sophicaa
448 1975 741 2045 doctrinae,
766 1975 876 2031 hoc
899 1978 1119 2032 donum
1143 1979 1335 2049 majus
1358 1980 1632 2034 omnibus
1657 1980 1820 2050 judi-

180 2062 397 2129 cabant,
438 2068 495 2118 et
545 2063 865 2136 plurimum
903 2065 1055 2121 idem
1103 2067 1319 2122 habere
1367 2067 1820 2135 desiderabant;

183 2151 323 2207 unde
351 2157 417 2207 et
447 2151 506 2206 hi
526 2152 626 2224 qui
660 2153 910 2209 habeant
932 2155 1333 2226 despiciebant
1356 2173 1469 2212 non
1508 2157 1821 2223 habentes;

186 2241 257 2296 illi
282 2258 420 2297 vero
451 2241 552 2313 qui
585 2258 700 2296 non
733 2241 1025 2297 habebant
1056 2243 1405 2313 dejiciebant
1437 2262 1519 2316 se,
1554 2263 1669 2300 non
1700 2261 1821 2300 cre-

194 2331 371 2385 dentes
407 2330 656 2384 attinere
687 2330 758 2384 ad
804 2347 1036 2402 corpus,
1069 2331 1157 2387 vel
1189 2337 1343 2388 certe
1392 2334 1825 2389 aemulabantur

192 2418 284 2474 has
308 2420 412 2492 qui
445 2436 558 2474 non
592 2418 906 2474 habebant.

249 2509 394 2577 (632)
424 2508 579 2579 (CAP.
613 2507 759 2575 XII.)
790 2508 907 2564 Hoc
956 2526 1164 2582 nempe
1210 2511 1550 2583 aggreditur
1577 2513 1822 2583 Aposto-

183 2600 271 2652 lus
299 2598 725 2669 reprehendere
741 2598 797 2652 in
820 2597 1249 2669 illis,inchoans
1274 2601 1431 2671 loqui
1461 2602 1531 2656 de
1552 2602 1825 2674 spiritua-

178 2685 347 2741 libus.
383 2686 479 2741 Ait
518 2686 673 2742 enim
710 2705 723 2742 :
757 2689 832 2742 De
858 2690 1241 2759 spiritualibns
1290 2692 1412 2746 nolo
1446 2707 1535 2746 vos
1567 2694 1824 2759 ignorare

177 2776 801 2847 (subauditur,donis).
835 2782 912 2831 De
944 2778 1159 2849 quibus
1180 2778 1817 2851 locuturus,praamisit:

171 2864 478 2937 antiquam
528 2882 728 2920 eorum
779 2866 1300 2937 conversationem,
1353 2869 1554 2924 dicens
1589 2888 1601 2924 :
1634 2871 1821 2940 Scitis,

162 2956 293 3025 quia
324 2970 451 3009 cum
483 2957 666 3021 gentes
717 2956 901 3009 essetis
934 2955 1103 3025 (633),
1135 2960 1244 3010 etc.
1295 2954 1393 3011 Ille
1425 2957 1641 3028 quippe
1668 2961 1821 3013 anti-

151 3058 335 3114 quam
370 3042 876 3097 conversationem
907 3043 1039 3098 ideo
1060 3060 1159 3098 eos
1191 3045 1491 3099 reminisci
1523 3046 1724 3116 voluit,
1759 3053 1823 3103 ut

148 3128 470 3203 superbire
520 3130 887 3201 desisterent,
920 3134 978 3185 et
1005 3130 1063 3185 in
1120 3132 1454 3188 humilitate
1484 3151 1823 3205 permanere

150 3219 472 3276 studerent
498 3218 586 3274 vel
618 3223 771 3275 certe
793 3224 859 3275 ut
888 3219 1043 3275 sicut
1072 3220 1235 3292 prius
1258 3222 1329 3277 ad
1362 3222 1686 3294 impulsum
1711 3227 1820 3280 daa-

1938 646 1993 696 et
2024 641 2231 697 Filium
2258 644 2539 698 minorem
2563 647 2752 711 Patre,
2777 645 2833 695 et
2855 638 3138 711 Spiritum
3166 642 3431 691 sanctum
3457 652 3580 690 am-

1936 730 2123 785 bobus
2165 732 2436 786 asseruit.
2472 733 2633 798 Quod
2668 731 2794 785 ideo
2844 728 3188 783 confirmare
3224 723 3580 793 nitebantur,

1936 820 2091 889 quod
2125 836 2357 891 semper
2388 820 2557 874 Pater
2596 822 2653 874 in
2685 819 2873 890 primo
2929 817 3050 871 loco
3081 816 3416 886 poneretur,
3448 826 3583 866 cum

1937 906 2030 962 hic
2062 909 2119 962 in
2155 910 2343 981 primo
2396 909 2650 981 Spiritus
2694 912 2955 974 sanctus,
2989 910 3047 960 et
3074 903 3133 959 in
3184 901 3388 957 ultimo
3419 900 3587 955 Pater

1936 1003 2206 1067 ponatur.
2237 999 2340 1053 Per
2372 998 2685 1053 divisiones
2717 996 3060 1069 gratiarum,
3084 989 3583 1047 ministrationum

1940 1090 2113 1157 atque
2147 1088 2572 1158 Operationum,
2601 1088 2747 1141 forte
2777 1086 3007 1139 diversa
3037 1083 3091 1137 in
3117 1079 3374 1137 Ecclesia
3404 1077 3587 1133 voluit

1938 1175 2182 1247 intelligi
2227 1177 2439 1245 ol'licia,
2472 1193 2722 1248 quorum
2772 1174 3109 1228 varietatem
3142 1169 3415 1236 ostendit,
3449 1183 3582 1221 cum

1939 1281 2069 1319 mox
2089 1266 2421 1337 subjungit:
2448 1268 2747 1338 Unicuique
2763 1265 2923 1319 datur
2950 1262 3328 1332 manifestatio
3346 1259 3584 1329 Spiritus

1936 1355 2007 1408 ad
2036 1355 2352 1423 utilitatem,
2387 1354 2473 1410 vel
2504 1373 2621 1410 suae
2655 1354 2885 1422 salutis,
2920 1352 3006 1408 vel
3039 1348 3300 1407 Ecclesia:
3331 1347 3580 1402 teditica-

1936 1442 2134 1498 tionis.

2008 1532 2285 1603 Sequitur
2313 1549 2327 1588 :
2364 1534 2475 1588 Alii
2506 1532 2725 1605 quidem
2773 1549 2869 1604 per
2897 1532 3175 1602 Spiritum
3205 1528 3377 1583 datur
3405 1540 3584 1581 sermo

1932 1623 2240 1692 sapientiae,
2272 1623 2377 1677 alii
2404 1638 2584 1677 sermo
2606 1623 2871 1679 scientiae.
2899 1618 3211 1675 Dicitenim
3244 1617 3451 1672 beatus
3470 1615 3583 1668 Au-

1934 1711 2210 1781 gustinus
2241 1711 2396 1783 quod
2430 1711 2605 1766 distet
2632 1711 2783 1765 inter
2799 1707 3149 1783 sapientiam
3180 1710 3238 1761 et
3255 1704 3580 1761 scientiam.

1934 1799 2252 1870 Sapientia,
2285 1801 2494 1872 inquit,
2529 1806 2617 1856 est
2648 1800 2978 1855 divinarum
3010 1795 3283 1869 cognitio,
3315 1791 3578 1857 scientia,

1933 1888 2350 1957 humanarum,
2394 1895 2653 1945 attamen
2703 1907 2818 1944 non
2852 1888 3089 1943 illarum
3136 1901 3284 1956 quas
3332 1881 3577 1947 scimus,

1934 1978 2072 2047 quid
2105 1979 2226 2032 auri
2259 1979 2470 2049 quidve
2501 1979 2745 2051 argenti,
2780 1982 2922 2049 quot
2950 1976 3124 2032 etiam
3157 1977 3215 2028 et
3244 1969 3448 2043 quales
3478 1968 3576 2023 ha-

1934 2066 2139 2121 bemus
2173 2067 2520 2133 l'undos,sed
2551 2067 2650 2122 illa
2671 2071 2756 2121 est
2788 2083 2915 2137 quae
2939 2063 3207 2120 consistit
3231 2060 3291 2115 in
3324 2062 3577 2130 quatuor

1932 2154 2269 2220 virtutibus,
2303 2156 2521 2227 quibus
2570 2155 2651 2210 nil
2702 2154 2906 2210 utilius
2956 2153 3015 2207 in
3047 2152 3165 2205 vita
3209 2147 3572 2210 hominibus,

1935 2243 2043 2297 hoc
2073 2247 2181 2312 est,
2216 2261 2331 2316 qua
2362 2249 2417 2299 et
2448 2244 2766 2316 prudentiae
2791 2243 3076 2297 discimus
3107 2237 3488 2303 intellectum,
3522 2238 3578 2289 et

1925 2332 2172 2403 justitiaa
2203 2334 2591 2403 sanctitatem,
2627 2338 2684 2388 et
2714 2331 3072 2387 fortitudinis
3105 2329 3301 2393 robur,
3335 2342 3401 2382 ac
3430 2329 3577 2379 tem-

1932 2422 2207 2492 perantiae
2239 2423 2436 2478 decus.

2006 2510 2322 2582 Sequitur:
2360 2512 2529 2567 Alteri
2558 2512 2708 2581 ﬁdes.
2742 2510 2850 2565 Illa
2887 2508 3153 2564 videlicet
3189 2522 3323 2578 qua,
3357 2503 3578 2575 pudore

1934 2599 2179 2670 abjectc,
2202 2599 2381 2656 libere
2410 2599 2750 2656 conﬁteatur
2777 2599 2931 2671 quod
2962 2596 3225 2653 credidit.
3254 2594 3369 2650 Alii
3391 2593 3579 2662 gratia

1930 2690 2231 2745 sanitatum
2257 2707 2269 2745 :
2295 2706 2411 2761 qua
2442 2689 2813 2745 inﬁrmitates
2835 2692 2996 2743 curet
3025 2703 3090 2742 ac
3122 2684 3377 2741 morbos.
3410 2682 3575 2739 Unde

1934 2778 2137 2834 Petrus
2171 2796 2182 2833 :
2216 2782 2418 2845 zEnea,
2450 2786 2611 2834 sanat
2642 2782 2693 2834 te
2724 2779 3005 2833 Dominus.
3036 2777 3151 2832 Alii
3180 2775 3420 2845 operatio
3450 2773 3567 2827 vir-

1932 2870 2111 2921 tutum
2154 2868 2305 2938 (κίοι.
2360 2886 2435 2935 1x,
2471 2870 2597 2938 34);
2634 2868 2873 2933 scilicet,
2908 2871 2973 2921 ut
3019 2867 3310 2921 daemones
3340 2861 3577 2933 ejiciant

1931 2956 2045 3010 Alii
2068 2957 2397 3027 prophetia;
2442 2963 2505 3012 ut
2537 2959 2732 3013 futura
2765 2946 3161 3029 pronuntient.
3188 2953 3302 3009 Alii
3329 2952 3579 3006 discretio

1930 3046 2265 3114 spirituum;
2296 3050 2519 3110 ut,cum
2553 3046 2750 3117 aliqua
2774 3045 3055 3109 audit,vel
3085 3040 3439 3114 legit,possit
3457 3040 3575 3095 dis-

1934 3147 2167 3187 cernere
2198 3134 2368 3203 cujus
2400 3134 2520 3188 sint
2548 3134 2811 3204 spiritus.
2848 3135 2960 3188 .llii
2986 3149 3188 3203 genera
3217 3133 3533 3199 linguarum
3552 3145 3572 3190 ;

1933 3225 1996 3274 ut
2025 3220 2272 3276 diversis
2302 3220 2521 3293 linguis
2552 3221 2842 3293 loquatur.
2860 3222 2975 3275 Alii
2990 3220 3365 3290 interpretatio
3381 3231 3578 3272 sermo-

155 3323 409 3365 monum
442 3308 515 3363 ad
548 3306 808 3363 diversos
839 3308 1227 3365 trahebantur
1256 3326 1504 3379 errores,
1538 3312 1621 3367 sic
1650 3329 1818 3369 econ-
1849 3285 1891 3351 Ο
1930 3324 2065 3363 num
2088 3326 2109 3371 ;
2144 3316 2206 3364 ut
2258 3326 2391 3364 cum
2443 3309 2643 3382 aliqua
2691 3309 2987 3381 leguntur,
3022 3306 3107 3363 vel
3152 3306 3450 3371 dicuntur.
3502 3302 3574 3358 ad

156 3396 335 3454 trario
343 3397 473 3467 jam
488 3396 772 3461 conversi,
794 3413 927 3453 cum
950 3397 1231 3453 haberent
1243 3399 1584 3471 evangelica:
1599 3402 1816 3458 doctri-

160 3503 243 3541 na:
280 3483 634 3555 magistrum
658 3502 725 3539 ac
747 3485 1063 3551 doctorem,
1081 3492 1465 3557 sequerentur
1482 3487 1646 3544 illum
1670 3507 1815 3563 quo-

162 3590 399 3645 cunque
419 3589 516 3629 eos
538 3574 767 3629 trahere
788 3573 975 3629 vellet.
994 3573 1156 3630 Unde
1174 3576 1231 3630 in
1252 3578 1607 3647 quibusdam
1628 3596 1817 3635 exem-

164 3662 428 3734 plaribus
459 3661 1236 3719 invenitur:Simulacrorum
1264 3667 1502 3734 formam
1532 3668 1808 3725 habentes.

165 3751 341 3821 Cujus
375 3750 457 3805 rei
489 3749 738 3822 quisque
767 3750 956 3806 cultor
987 3757 1096 3822 est,
1127 3752 1286 3808 illius
1320 3754 1566 3809 formam
1599 3756 1814 3813 habere

166 3839 393 3894 dicitur.
430 3842 497 3894 Et
544 3839 684 3910 quia
730 3840 827 3894 isti
850 3840 977 3909 jam
1031 3841 1295 3896 conversi
1345 3848 1527 3909 erant,
1562 3845 1811 3901 formam

162 3927 451 4000 Evangelii
483 3928 696 3983 habere
726 3928 1035 3998 debebant,
1060 3927 1171 3984 hoc
1202 3934 1309 3997 est,
1338 3930 1528 3985 lucem
1560 3948 1809 4005 evange-

160 4013 274 4072 licae
305 4016 587 4073 doctrina
617 4017 677 4071 in
711 4032 823 4071 sua
852 4018 1292 4072 conversatione
1324 4020 1647 4075 ostendere.

225 4105 505 4177 Sequitur
538 4122 550 4160 :
582 4105 704 4161 Ideo
734 4114 925 4161 notum
954 4106 1105 4160 vobis
1132 4108 1299 4176 facio,
1336 4111 1444 4161 etc.
1483 4107 1547 4162 Et
1577 4113 1666 4164 est
1687 4127 1811 4166 sen-

162 4212 254 4251 sus
286 4213 299 4250 :
335 4194 450 4259 Qui
499 4194 775 4266 spiritum
806 4195 905 4250 Dei
962 4195 1153 4261 habet,
1191 4194 1335 4250 nihil
1368 4213 1705 4269 perversum
1738 4200 1809 4255 de

161 4283 405 4341 Domino
436 4283 614 4340 sentit
641 4301 653 4351 ;
689 4289 747 4339 et
793 4284 892 4355 qui
925 4288 1077 4339 recte
1108 4284 1324 4356 aliquid
1380 4286 1451 4340 de
1479 4286 1579 4342 illo
1610 4289 1805 4360 sentit,

163 4388 266 4430 non
292 4374 410 4431 nisi
434 4390 537 4446 per
555 4373 805 4445 gratiam
828 4373 1080 4443 Spiritus
1101 4374 1289 4429 sancti
1314 4376 1808 4450 agnoscit.Sequi-

163 4466 252 4517 tur
282 4481 295 4518 :
329 4466 397 4520 Et
430 4479 595 4519 nemo
623 4467 797 4530 potest
826 4463 1030 4533 dicere,
1061 4464 1321 4518 Dominus
1362 4466 1536 4531 Iesus,
1563 4471 1672 4521 etc.
1704 4468 1808 4524 Hic

164 4552 342 4608 oritur
369 4552 617 4623 quaastio
641 4569 818 4623 quare
842 4552 1016 4617 dicat,
1044 4554 1214 4608 Nemo
1241 4561 1410 4623 potest
1436 4554 1637 4621 dicere,
1671 4572 1804 4612 cum

1929 3397 2253 3469 profectum
2276 3397 2525 3454 aliorum
2559 3398 2873 3455 salubriter
2890 3398 2951 3454 in
2983 3398 3224 3454 alteram
3257 3391 3574 3469 possitlin-

1928 3502 2109 3557 guam
2140 3488 2477 3543 transferre.

2001 3576 2279 3647 Sequitur
2312 3594 2323 3631 :
2358 3582 2494 3634 Haec
2529 3586 2713 3634 autem
2740 3582 2929 3634 omnia
2959 3580 3216 3650 operatur
3242 3592 3387 3632 unus
3417 3580 3579 3648 atque

1924 3665 2069 3720 idem
2101 3665 2358 3736 Spiritus,
2378 3673 2485 3721 etc.
2504 3667 2607 3722 His
2636 3668 2828 3724 verbis
2857 3666 3117 3723 ostendit
3138 3666 3422 3721 unitatem
3446 3665 3575 3720 Tri-

1925 3754 2209 3821 nitatis,et
2238 3755 2561 3811 trinitatem
2588 3756 3139 3827 unitatis,quonism
3171 3755 3387 3810 dicitur
3407 3753 3577 3808 Pater

1923 3841 2098 3911 Deus,
2133 3847 2189 3897 et
2221 3843 2401 3899 Filius
2438 3849 2607 3909 Deus,
2642 3850 2700 3899 et
2727 3845 2976 3917 Spiritus
3026 3849 3268 3901 sanctus
3297 3844 3472 3913 Deus,
3506 3858 3571 3897 ac

1923 3929 2174 4000 singulis
2205 3931 2454 4003 quisque
2471 3932 2719 3997 Deus,et
2747 3938 2944 3989 tamen
2966 3938 3084 3989 tres
3113 3950 3270 3988 unus
3295 3933 3568 3998 Deus.Ac,

1922 4032 2026 4087 per
2048 4017 2175 4082 hoc,
2201 4020 2355 4088 quod
2380 4024 2655 4089 operatur
2676 4021 2862 4084 Pater,
2883 4026 3157 4091 cperatur
3176 4020 3356 4077 Filius
3372 4023 3427 4076 et
3448 4020 3574 4091 Spi-

1922 4105 2068 4160 ritus
2091 4111 2358 4174 sanctus;
2391 4123 2527 4179 ergo
2558 4111 2614 4161 et
2646 4106 2823 4163 totius
2853 4107 3155 4163 Trinitatis
3180 4125 3294 4163 una
3324 4112 3413 4163 est
3434 4125 3571 4179 ope-

1920 4194 2107 4261 ratio;
2144 4195 2295 4250 unde
2325 4212 2458 4250 cum
2511 4195 2781 4267 superius
2825 4195 3071 4251 dixisset
3100 4201 3280 4251 Deum
3314 4200 3567 4264 Patrem,

1919 4289 1978 4340 et
2005 4284 2189 4339 Deum
2223 4284 2462 4349 Filium,
2489 4289 2821 4340 nontamen
2852 4284 3040 4358 piguit
3065 4284 3253 4340 dicere
3284 4284 3568 4357 Spiritum

1918 4378 2187 4430 sanctum
2220 4376 2415 4430 omnia
2440 4376 2716 4431 dividere.
2740 4380 2859 4432 Hac
2889 4375 3064 4432 etiam
3096 4376 3389 4432 sententia
3414 4376 3568 4433 Deus

1919 4462 2286 4534 apertissime
2318 4465 2775 4532 demonstratur,
2811 4482 2944 4520 cum
2986 4464 3184 4521 omnia
3213 4465 3418 4522 dividit
3447 4482 3562 4522 non

1917 4552 1989 4606 ad
2021 4551 2357 4624 imperium,
2387 4555 2486 4610 sed
2516 4553 2831 4609 voluntate.
2856 4554 3020 4611 Unde
3050 4555 3227 4610 etiam
3259 4556 3565 4611 attenden-

165 4639 446 4697 Dcminus
476 4641 631 4697 dicat
665 4659 678 4698 :
709 4643 826 4697 Non
873 4642 1053 4696 omnis
1084 4642 1181 4711 qui
1207 4642 1339 4696 dicit
1389 4643 1552 4708 mihi,
1585 4645 1814 4701 Domine
1842 4655 1887 4719 1)
1920 4641 2061 4695 dum
2094 4645 2182 4695 est
2212 4658 2390 4712 quare
2442 4643 2544 4714 qui
2577 4644 2775 4699 minus
2824 4643 3049 4715 accipit,
3081 4643 3167 4700 vel
3202 4661 3263 4700 se
3294 4645 3565 4716 dejicere,

167 4728 363 4799 (Matth.
397 4748 499 4799 v11,
528 4732 643 4802 21),
694 4736 801 4786 etc.
833 4730 942 4786 Sed
989 4730 1070 4785 ibi
1106 4730 1299 4786 dicere
1354 4748 1459 4802 pro
1507 4748 1649 4789 sono
1678 4738 1809 4789 tan-

164 4820 303 4885 tum,
337 4820 435 4875 hic
466 4836 569 4891 pro
601 4820 786 4877 facere
815 4818 1164 4891 intelligitur
1189 4820 1467 4891 positum.
1494 4822 1804 4892 Sequitur:

167 4908 466 4965 Divisiones
494 4911 805 4980 gratiarum
853 4912 1003 4978 sunt,
1036 4914 1147 4964 etc.
1182 4908 1284 4965 His
1332 4910 1523 4965 verbis
1553 4912 1809 4968 ostendit

165 4997 470 5068 Apostolus
500 5014 615 5055 non
636 4998 921 5071 Spiritum
942 5002 1235 5064 sanctum,
1254 4999 1356 5053 sed
1380 4998 1534 5054 dona
1561 5001 1690 5071 ejus
1713 5001 1807 5055 di—

166 5083 294 5156 vidi,
327 5087 484 5142 verbi
510 5086 719 5158 gratia,
754 5102 860 5141 ceu
884 5085 992 5157 sol,
1016 5086 1117 5157 qui
1147 5087 1256 5143 etsi
1289 5103 1394 5159 per
1422 5087 1649 5145 diversa
1679 5090 1807 5145 loca

166 5173 349 5232 radios
380 5192 519 5234 suos
565 5174 862 5239 diﬂ‘undit,
895 5191 1009 5231 non
1058 5180 1257 5233 tamen
1306 5176 1604 5234 dividitur.
1642 5181 1714 5235 Et
1741 5183 1808 5233 ut

782 5263 1009 5284 __.-.‘..!L.
1206 5267 1220 5284 ι
1259 5267 1299 5284 ἢ

1919 4729 2006 4783 vel
2036 4728 2201 4785 alteri
2236 4731 2493 4786 invidere
2524 4749 2637 4788 non
2670 4733 2894 4802 debeat,
2919 4735 3085 4804 quasi
3115 4734 3398 4805 majorem
3430 4750 3563 4804 par-

1919 4821 2037 4872 tem
2070 4819 2579 4890 prteoccupaverit,
2615 4837 2747 4875 cum
2783 4820 2911 4891 ipse
2941 4828 3113 4893 prout
3142 4821 3266 4876 vult
3291 4821 3566 4877 omnibus

1918 4906 2157 4963 dividat.
2191 4908 2247 4962 Si
2281 4907 2433 4962 enim
2468 4907 2848 4965 invidendum
2880 4914 3053 4981 esset,
3078 4911 3271 4983 potius
3300 4910 3566 4965 inviden-

1917 4996 2059 5051 dum
2091 4997 2207 5053 Deo
2242 5014 2418 5068 quam
2452 4996 2699 5055 homini.

1991 5087 2136 5153 Quia
2168 5085 2340 5159 caepit
2380 5085 2543 5158 loqui
2589 5088 2661 5143 de
2692 5085 2972 5141 varietate
3004 5086 3357 5159 spiritalium
3388 5086 3571 5146 dono-

1921 5191 2077 5243 rum,
2111 5184 2177 5235 ut
2201 5194 2270 5233 ea
2300 5175 2516 5232 arctius
2547 5175 3013 5240 commendaret,
3038 5174 3339 5244 subjunxit
3366 5176 3575 5236 simili-

1916 5264 2038 5284 ι--.1”
2260 5282 2296 5283 γέ
2336 5282 2377 5283 κέ
2427 5265 2463 5283 Ἀ
2546 5271 2554 5284 ι
2712 5263 2997 5284 ,,L_-_--...
3074 5262 3149 5284 A31.
3188 5262 3268 5284 -..Ξ

2712 5263 2997 5284 ,,L_-_--...
3074 5263 3149 5284 A21.
3188 5263 3327 5284 -..Σ-μ.
3369 5279 3380 5284 -
3421 5264 3482 5284 σο
3564 5279 3573 5284 .
