3990 5306
373 413 490 475 383

1389 418 1726 482 ATTONIS
1772 418 2357 485 VERCELLENSIS
2403 423 2760 488 EPISCOPI
3665 426 3764 486 384

367 553 491 625 jam
524 566 641 607 non
682 555 836 610 esset
884 570 1115 626 corpus,
1150 554 1258 611 hoc
1306 561 1412 623 est,
1449 574 1582 629 pars
1614 576 1726 614 non
1777 565 1931 616 esset
1962 559 2019 614 in
2048 557 2104 624 Α
2135 558 2255 613 haec
2307 559 2567 615 abundat
2616 561 2931 630 frumento,
2964 561 3065 613 aut
3114 556 3280 622 vino,
3314 554 3418 611 illa
3467 571 3595 612 vero
3640 556 3762 625 oleo,

373 645 532 698 toto:
571 647 629 697 at
658 660 792 699 vero
824 644 964 715 quia
994 646 1179 701 multa
1202 651 1343 702 sunt
1374 650 1655 715 membra,
1687 653 1743 705 et
1773 650 2021 720 diversa,

378 746 447 786 ex
479 730 625 802 ipsis
646 732 895 788 diversis
918 736 1367 807 compaginatur
1389 753 1567 793 unum
1596 756 1843 810 corpus;
1871 741 2024 794 unde

378 823 436 874 et
467 820 679 875 dicitur
708 837 939 893 corpus,
963 824 1049 878 vel
1081 829 1231 879 certe
1253 827 1407 895 quod
1440 833 1778 898 corruptum
1806 832 2019 900 pereat.

379 910 704 980 Sequitur:
739 914 824 966 Ita
872 917 922 967 et
955 913 1220 969 Christus.
1255 915 1429 978 Quasi
1477 917 1721 971 dixisset
1776 943 1788 974 :
1844 917 2027 972 Multa

379 1003 517 1054 sunt
539 1000 801 1055 membra
823 1001 1197 1067 Cbristi,cum
1224 1003 1718 1074 quibusChristus
1732 1024 1914 1062 unum
1940 1010 2027 1063 est

378 1104 611 1159 corpus.
636 1088 1016 1161 Quapropter,
1039 1094 1374 1162 exponendo
1402 1096 1550 1163 quod
1576 1094 1675 1159 ait,
1700 1098 1778 1151 ita
1794 1101 1845 1151 et
1868 1096 2024 1151 Chri-

378 1181 511 1243 stus,
543 1179 886 1251 subjungit:
913 1183 1143 1235 Etenim
1169 1184 1228 1236 in
1258 1200 1367 1237 uno
1397 1187 1603 1255 spiritu
1631 1202 1811 1241 omnes
1839 1203 1933 1241 nos
1968 1189 2028 1240 in

377 1283 551 1321 unum
582 1283 776 1338 corpus
807 1270 1079 1339 baptisati
1106 1288 1312 1326 sumus.
1346 1274 1414 1327 Et
1452 1278 1541 1327 est
1572 1291 1783 1329 sensus
1818 1292 1829 1327 :
1866 1275 2029 1329 Sicut

380 1372 495 1409 uno
518 1356 727 1412 sniritu
751 1359 945 1412 omnia
972 1359 1607 1432 vivificanturcorporis
1643 1365 1923 1428 membra,
1943 1365 2025 1418 sic

381 1449 653 1500 etomnes
673 1446 767 1516 qui
785 1463 886 1517 per
900 1447 1145 1517 gratiam
1174 1449 1540 1519 baptismatis
1565 1451 1821 1506 renatiin
1846 1470 2027 1506 unum

383 1533 737 1589 conveniunt
774 1552 1003 1607 corpus,
1038 1554 1153 1593 uno
1187 1540 1393 1610 spiritu
1448 1540 1831 1595 viviﬁcantur.
1869 1541 2029 1596 Unde

382 1626 472 1677 est
502 1624 638 1694 quia
670 1623 718 1678 si
750 1624 982 1696 aliquod
1019 1628 1348 1682 membrum
1382 1630 1639 1699 corporis
1670 1630 2028 1698 abscidatur,

384 1728 500 1767 non
523 1713 648 1783 jam
670 1714 740 1767 ab
764 1714 889 1785 ipso
912 1714 1119 1786 spiritu
1136 1717 1499 1783 vivificatur;
1536 1719 1618 1773 sic
1641 1724 1696 1774 et
1718 1721 1815 1790 qui
1845 1737 1877 1773 a
1898 1737 2028 1774 cor-

384 1817 522 1871 pore
552 1802 821 1857 Ecclesiae
852 1804 1195 1874 absciditur,
1231 1823 1343 1860 non
1368 1808 1495 1877 jam
1529 1808 1818 1864 vivificare
1849 1825 2031 1864 mere-

384 1894 502 1945 tur.
532 1889 746 1946 Volens
791 1893 1005 1965 quippe
1052 1896 1358 1952 ostendere
1406 1898 1559 1953 unde
1591 1899 2031 1969 compaginetur

386 1978 655 2035 Ecclesia
688 1996 917 2053 corpus,
950 1983 1288 2052 subjunxit:
1327 1986 1449 2041 Sive
1476 1988 1678 2054 Judaei,
1710 1990 1825 2042 sive
1851 1990 2027 2058 genti—

387 2068 483 2138 les,
517 2073 626 2124 etc.
664 2069 853 2126 Pauca
882 2076 1074 2127 tamen
1109 2073 1253 2128 dixit
1283 2076 1381 2130 sed
1429 2092 1532 2141 per
1561 2075 1682 2131 haec
1716 2093 1900 2147 pauca
1928 2092 2032 2129 vo-

386 2156 495 2213 luit
523 2158 766 2232 intelligi
815 2161 1012 2217 omnia
1042 2180 1163 2231 quze
1196 2165 1267 2218 ad
1300 2165 1772 2235 conjunctionem
1804 2170 1860 2219 et
1889 2182 2029 2219 con-

387 2247 693 2303 nexionem
727 2249 907 2319 hujus
932 2253 1189 2321 corporis
1220 2253 1742 2325 attinent,excepto
1776 2258 2030 2325 peccato.

462 2354 736 2424 Sequitur
768 2372 779 2409 :
812 2357 876 2410 Et
903 2372 1085 2411 omnes
1115 2374 1223 2413 uno
1253 2360 1457 2429 spiritu
1483 2362 1657 2431 potati
1684 2377 1892 2430 sumus,
1925 2360 2034 2416 hoc

392 2445 483 2495 est
514 2442 817 2512 potionati.
847 2445 993 2499 Sane
1024 2446 1352 2516 sciendum,
1380 2448 1517 2518 quia
1548 2448 1695 2503 solet
1724 2449 1939 2519 aliquis
1969 2465 2036 2504 ex

390 2546 509 2585 una
540 2530 770 2598 potione
803 2532 1003 2588 multis
1033 2533 1163 2589 aliis
1195 2536 1491 2606 propinari
1527 2554 1540 2592 :
1570 2538 1727 2592 verbi
1757 2538 1963 2609 gratia,
1984 2538 2035 2593 si

388 2618 603 2674 habeat
633 2620 819 2676 multa
863 2621 1118 2691 vascula,
1151 2627 1207 2678 et
1256 2624 1525 2696 imparia,
1558 2642 1689 2681 cum
1741 2627 2034 2698 potionem

390 2707 684 2774 diffundit,
716 2710 1089 2767 vasculorum
1122 2713 1451 2769 considerat
1497 2715 1911 2786 capacitatem;
1951 2717 2036 2771 sic

390 2801 447 2853 et
476 2802 628 2853 Deus
672 2798 925 2871 singulis
960 2802 1131 2871 juxta
1159 2804 1537 2873 capacitatem
1572 2822 1740 2859 suam
1786 2805 2033 2876 gratiam

390 2887 819 2944 subministrat.
852 2889 1311 2961 Sequitueram
1338 2896 1390 2947 et
1409 2909 1598 2964 corpus
1627 2910 1737 2948 non
1757 2902 1834 2949 est
1863 2910 2037 2949 unum

390 2978 719 3041 membrum,
751 2978 845 3035 sed
872 2980 1151 3035 multa.Et
1180 2984 1269 3035 est
1298 2998 1508 3037 sensus
1528 2999 1539 3036 :
1558 2981 1613 3036 Si
1647 2999 1831 3037 unum
1856 2998 2035 3037 mem-

386 3064 558 3120 brum
607 3072 783 3136 esset,
825 3068 950 3139 jam
1016 3086 1130 3123 non
1188 3074 1343 3125 esset
1389 3088 1621 3143 corpus,
1673 3072 1779 3126 hoc
1824 3075 1934 3137 est,
1986 3072 2034 3125 si

388 3154 795 3226 unusquisque
824 3156 1022 3211 omnia
1072 3158 1245 3229 dona,
1276 3176 1595 3231 omnesque
1642 3161 1861 3231 gratias
1894 3159 2037 3215 acci-

388 3247 568 3313 peret,
605 3261 717 3300 non
752 3262 933 3301 unum
965 3252 1120 3302 esset
1148 3265 1381 3319 corpus,
1416 3250 1515 3304 sed
1550 3249 1755 3304 multa.

460 3350 737 3421 Sequitur
769 3368 780 3407 :
811 3352 870 3407 Si
913 3354 1118 3409 dixerit
1161 3371 1277 3425 pes,
1311 3360 1418 3410 etc.
1453 3355 1602 3410 Dicit
1650 3356 1854 3410 beatus
1885 3372 2036 3425 papa

390 3439 705 3511 Gregorius
736 3441 875 3511 quia
905 3458 1005 3511 per
1051 3443 1391 3498 varietatem
1440 3443 1718 3513 corporis,
1753 3461 1817 3498 ac
1850 3460 2034 3498 mem-

390 3528 654 3595 brorum,
683 3529 936 3585 varietas
965 3532 1307 3601 designatur
1337 3532 1690 3603 spiritalium
1723 3533 2034 3587 donorum.

391 3616 575 3671 Habet
620 3634 876 3689 namque
906 3618 1160 3675 Ecclesia
1190 3619 1523 3687 nonnullos,
1559 3620 1659 3691 qui
1691 3626 1829 3675 sunt
1861 3621 2035 3687 oculi,

393 3705 591 3760 futura
636 3707 1054 3777 praevidendo:
1108 3713 1247 3764 sunt
1292 3713 1348 3764 et
1395 3725 1585 3778 aures,
1621 3710 2037 3779 magistrorum

395 3799 680 3865 praecepta
729 3794 1032 3850 humiliter
1078 3797 1470 3868 suscipiendo,
1504 3802 1561 3853 et
1599 3814 1790 3863 nares,
1824 3799 1976 3853 bona
2006 3814 2039 3851 a

393 3880 565 3936 malis
618 3882 1020 3950 diseernendo,
1056 3888 1113 3939 et
1162 3902 1226 3940 os
1274 3886 1515 3957 quidem
1564 3887 1931 3942 admonendo
1981 3889 2039 3940 et

394 3969 770 4038 exhortando,
786 3976 843 4027 et
866 3973 1235 4041 manus,aliis
1255 3974 1647 4030 ministrando
1672 3994 1684 4042 ;
1711 3976 1885 4047 pedes
1906 3992 2037 4030 vero

394 4064 554 4127 sunt,
590 4077 691 4132 pro
724 4060 913 4117 salute
942 4062 1190 4118 aliorum
1239 4063 1644 4120 discurrendo.
1683 4064 1780 4120 Ille
1830 4081 2040 4136 nempe

394 4165 685 4221 supernus
716 4151 1015 4207 ordinatur
1051 4152 1134 4207 sic
1166 4152 1507 4224 qualitatem
1540 4152 1826 4208 ordinavit
1856 4170 2040 4207 mem-

395 4237 655 4306 brorum,
688 4242 753 4294 ut
782 4240 1027 4295 invicem
1076 4240 1186 4295 sibi
1219 4241 1417 4295 omnia
1447 4241 1858 4296 subderentur.
1892 4241 2039 4295 Nam

394 4327 546 4381 oculi
595 4345 707 4383 non
742 4328 853 4383 sibi
901 4328 1092 4383 solum
1142 4328 1356 4395 vident,
1390 4330 1490 4383 sed
1542 4328 1817 4383 omnibus
1865 4345 2045 4383 mem-

394 4414 537 4467 bris.
571 4415 663 4469 Sic
713 4420 769 4469 et
798 4420 1023 4471 caetera.
1058 4415 1341 4471 Similiter
1370 4422 1427 4471 et
1468 4416 1809 4487 qualitatem
1844 4417 2041 4489 dispo-

394 4500 515 4555 suit
554 4502 905 4571 animarum,
944 4508 1008 4558 ut
1056 4519 1160 4574 per
1208 4504 1598 4560 humilitatem
1651 4505 1899 4561 invicem
1929 4506 2041 4561 sibi

392 4588 590 4643 omnia
622 4590 885 4646 membra
914 4591 1181 4648 Ecclesia;
1203 4594 1798 4651 subderenturzverbi
1830 4594 2039 4667 gratia,

392 4676 490 4732 ille
536 4677 894 4750 quicunque,
943 4681 1086 4736 dum
1141 4684 1327 4738 cernit
1384 4688 1437 4739 te
1494 4684 1707 4739 habere
1764 4665 2035 4755 gratiam,
2070 4665 2116 4728 θ

392 4782 569 4837 quam
599 4766 725 4838 ipse
775 4785 889 4823 non
936 4770 1128 4835 habet,
1180 4773 1453 4827 subditur
1500 4773 1631 4841 tibi,
1684 4772 1954 4828 similiter
1984 4777 2041 4827 et

392 4860 455 4909 tu
486 4854 591 4911 illi.
626 4856 789 4911 Unde
822 4858 1027 4913 Petrus
1056 4860 1391 4929 Apostolus,
1412 4861 2036 4933 unusquisque,inquit,

390 4946 533 4999 sicut
560 4947 766 5016 accepit
812 4949 1070 5014 gratiam
1117 4949 1161 5015 (I
1210 4950 1355 5004 Petr.
1409 4968 1485 5016 1v,
1534 4951 1643 5021 10),
1694 4956 1805 5005 etc.
1842 4949 2040 5006 Multis

391 5032 595 5072 fni-min
627 5033 807 5072 nivalia
868 5051 994 5072 arma
1026 5041 1163 5072 fnnn
1214 5042 1363 5072 nonin
1395 5037 1605 5072 Αἷηῖιιυι
1662 5039 2035 5072 nAminiotnn,

2133 648 2217 702 sic
2248 653 2303 703 et
2334 650 2403 703 de
2433 649 2674 704 caeteris.
2734 647 3029 703 Invenitur
3073 645 3472 702 nihilominus
3500 645 3557 699 in
3590 648 3763 701 mundi

2134 737 2457 793 elementis.
2496 738 2657 793 Unde
2692 739 2950 793 mundus
2974 755 3147 805 unus,
3178 735 3297 790 nisi
3320 752 3390 790 ex
3422 735 3660 790 diversis
3678 736 3767 792 ele-

2136 828 2350 881 mentis
2370 826 2397 881 ‘I
2428 827 2573 881 Nam
2606 828 2654 883 si
2708 843 2937 897 semper
2984 826 3142 881 calor
3172 830 3356 891 esset,
3394 830 3458 878 ut
3488 824 3545 879 in
3574 831 3764 893 aestate,

2136 919 2237 969 aut
2265 932 2492 987 semper
2524 916 2730 986 frigus,
2768 920 2829 969 ut
2862 921 2916 970 in
2969 915 3180 981 hieme,
3218 922 3380 968 terra
3412 912 3630 968 fructus
3660 931 3766 984 pro-

2136 1005 2347 1060 ducere
2377 1021 2492 1060 non
2534 1010 2751 1076 posset.
2799 1005 3162 1075 Quapropter
3188 1003 3325 1075 ipsa
3356 1001 3655 1056 diversitas
3683 1000 3770 1057 ele-

2138 1100 2469 1149 mentorum
2490 1095 2809 1165 quamdam
2836 1093 2972 1147 facit
2993 1091 3372 1163 temperiem.
3401 1090 3494 1144 Sic
3515 1090 3641 1145 etin
3663 1107 3766 1146 me-

2138 1182 2311 1242 tallis.
2342 1184 2481 1237 dum
2517 1181 2838 1252 aurum,vel
2871 1185 3181 1253 argentum
3211 1179 3539 1251 pretiosius
3569 1184 3651 1234 est
3677 1178 3766 1234 fer-

2138 1289 2221 1342 ro,
2258 1273 2470 1326 ferrum
2504 1289 2637 1327 vero
2672 1271 2880 1326 utilius
2911 1276 3000 1326 est
3028 1270 3348 1326 ambobus.

2211 1379 2502 1450 Sequitur.
2539 1379 2596 1433 Si
2624 1380 2833 1433 dixerit
2878 1379 3032 1432 auris
3061 1396 3078 1431 :
3110 1378 3232 1433 Non
3284 1392 3414 1430 sum
3452 1376 3649 1441 oculus,
3677 1381 3764 1431 etc.

2139 1468 2244 1522 Per
2264 1468 2526 1529 oculum,
2564 1472 2619 1521 et
2666 1484 2907 1521 manum
2959 1464 3247 1521 sublimes
3302 1465 3363 1519 in
3417 1464 3664 1519 Ecclesia
3692 1464 3768 1519 de-

2141 1555 2449 1627 signantur
2477 1574 2488 1622 ;
2525 1572 2624 1627 per
2647 1573 2869 1621 aurem,
2888 1554 3210 1610 mediocres
3240 1572 3252 1621 ;
3291 1570 3398 1625 per
3421 1553 3621 1624 pedem
3641 1568 3763 1618 vero,

2142 1644 2391 1699 minimi.
2441 1645 2507 1699 Hi
2559 1662 2813 1715 quoque,
2859 1644 2997 1715 quia
3045 1660 3289 1713 parvam
3343 1642 3594 1712 gratiam
3641 1656 3765 1696 acce-

2140 1741 2371 1805 perunt,
2406 1751 2518 1790 non
2570 1751 2632 1788 se
2672 1735 2884 1788 debent
2930 1733 3204 1803 dejicere,
3256 1747 3452 1801 neque
3483 1730 3762 1801 despicere,

2140 1839 2327 1894 neque
2358 1824 2589 1877 credere
2644 1839 2757 1877 non
2791 1821 3035 1876 attinere
3065 1821 3135 1875 ad
3166 1836 3391 1890 corpus
3426 1836 3438 1873 :
3472 1834 3624 1885 nam,
3655 1818 3765 1887 quia

2058 1931 2106 1995 B
2142 1911 2407 1965 membra
2436 1916 2593 1977 sunt,
2631 1912 2701 1965 ad
2736 1926 2949 1981 corpus
2968 1910 3167 1981 utique
3191 1908 3473 1963 attinent.
3498 1906 3761 1995 Sequitur:

2139 1999 2200 2053 Si
2250 2004 2422 2055 totum
2465 2016 2659 2071 corpus
2702 2001 2912 2063 oculus,
2971 2002 3082 2053 etc.
3141 1998 3207 2051 Et
3260 2001 3353 2052 est
3403 2011 3609 2050 sensus
3659 2012 3669 2048 :
3717 1992 3761 2048 Si

2143 2105 2296 2143 unus
2329 2105 2532 2143 omnes
2564 2088 2784 2160 gratias
2836 2087 3175 2157 accepisset,
3212 2085 3517 2156 quomodo
3549 2082 3763 2137 Ecclesia

2144 2194 2353 2249 corpus
2386 2177 2601 2231 Christi
2633 2177 2839 2232 ﬁeret?
2869 2175 3145 2247 Sequitur
3172 2193 3184 2230 :
3212 2175 3377 2229 Nunc
3411 2177 3593 2228 autem
3617 2172 3762 2241 posuit

2148 2272 2290 2322 Deus
2320 2267 2583 2333 membra,
2618 2271 2728 2321 etc.
2762 2265 2900 2329 Quis
2941 2267 3068 2336 jam
3098 2281 3213 2319 non
3246 2263 3450 2318 videat
3476 2278 3584 2331 quo
3608 2263 3762 2329 Apos-

2142 2355 2245 2410 toli
2278 2356 2522 2411 intentio
2571 2356 2824 2410 tendat?
2854 2353 3134 2409 Videlicet
3165 2370 3199 2407 a
3249 2350 3640 2408 similitudine
3665 2364 3762 2401 cor-

2144 2444 2301 2517 poris
2337 2442 2604 2509 humani,
2629 2442 2845 2498 transit
2872 2444 2943 2497 ad
2968 2441 3472 2496 manifestandam
3504 2437 3760 2493 veritatem

2146 2534 2405 2605 corporis
2454 2532 2758 2602 spiritalis,
2794 2532 2851 2587 id
2902 2536 3013 2600 est,
3045 2530 3341 2586 Ecclesiae.
3383 2525 3763 2597 Unumquodque

2145 2639 2355 2688 eorum,
2390 2621 2552 2687 dicit,
2588 2622 2732 2676 sicut
2762 2621 2972 2681 voluit;
3004 2620 3144 2691 quia
3173 2619 3501 2690 unicuique
3532 2614 3761 2688 gratiam,

2146 2729 2321 2784 quam
2353 2710 2554 2781 voluit,
2590 2709 2858 2765 contulit.

2218 2818 2493 2889 Sequitur
2525 2836 2536 2873 :
2576 2818 2725 2885 Quod
2755 2819 2805 2873 si
2833 2821 3011 2873 essent
3041 2819 3225 2872 omnia
3268 2832 3449 2871 unum
3476 2811 3757 2871 membrum,

2146 2910 2240 2963 ubi
2268 2912 2507 2977 corpus?
2556 2907 2673 2963 Hoc
2722 2911 2856 2962 est:
2893 2906 2951 2961 Si
3011 2921 3216 2960 omnes
3268 2906 3473 2959 omnia
3517 2903 3657 2956 dona
3680 2898 3759 2951 ha-

2146 2997 2365 3060 berent,
2398 2997 2552 3051 unde
2591 3012 2659 3050 ex
2713 2994 2957 3050 diversis
3007 2993 3293 3049 membris
3344 3006 3531 3048 unum
3583 3000 3757 3056 corpus

2146 3086 2309 3141 ﬁeret
2356 3084 2666 3140 Ecclesiae?
2720 3085 2785 3139 Et
2841 3084 2969 3139 ideo
3020 3084 3295 3155 sequitur
3336 3098 3349 3137 :
3412 3082 3563 3136 Nunc
3609 3080 3757 3130 autem

2142 3176 2323 3228 multa
2369 3174 2583 3244 quidem
2631 3174 2902 3243 membra,
2952 3176 3058 3229 etc.
3106 3172 3426 3244 sequitur:
3470 3171 3579 3225 Non
3623 3168 3759 3260 potest

2065 3295 2107 3362 Ο
2146 3263 2326 3318 dicere
2374 3264 2562 3318 oculus
2606 3265 2807 3317 manui
2834 3281 2852 3317 :
2888 3267 3071 3333 Opera
3101 3266 3198 3317 tua
3249 3277 3366 3317 non
3416 3260 3631 3325 indigeo
3654 3267 3755 3362 .n'LVl-

2147 3350 2374 3416 delicet,
2419 3351 2559 3422 quia
2591 3368 2803 3407 manus
2835 3368 2946 3405 non
2979 3351 3091 3405 sibi
3120 3349 3341 3418 solum,
3375 3350 3475 3405 sed
3526 3342 3758 3401 omnibus

2147 3439 2427 3495 membris
2453 3438 2740 3495 laborant.
2765 3441 2860 3495 Sic
2892 3443 2949 3494 et
2979 3440 3155 3510 pedes
3174 3456 3288 3494 non
3326 3437 3438 3495 sibi
3462 3431 3756 3491 ambulant:

2146 3530 2302 3583 unde
2348 3534 2405 3583 et
2452 3545 2585 3583 mox
2636 3529 2950 3600 sequitur:
2986 3529 3089 3582 Aut
3138 3535 3305 3596 caput
3356 3524 3620 3598 pedibus:
3662 3520 3758 3575 Νθη

2144 3620 2272 3673 estis
2302 3618 2612 3673 necessarii.
2646 3619 2752 3673 Per
2792 3616 3027 3672 oculum
3059 3616 3348 3682 videlicet,
3384 3619 3441 3670 et
3476 3613 3655 3682 caput,
3685 3619 3759 3659 δυ·

2146 3706 2357 3763 blimes
2407 3708 2465 3761 in
2509 3706 2760 3762 Ecclesia
2789 3708 3211 3779 designantur;
3248 3722 3351 3776 per
3382 3715 3632 3767 manum,
3661 3709 3757 3749 me-

2147 3797 2410 3863 diocres;
2446 3802 2502 3851 et
2551 3813 2655 3867 per
2683 3797 2881 3867 pedes,
2931 3795 3181 3851 minimi.
3214 3795 3324 3850 Sed
3378 3792 3477 3865 qui
3509 3786 3753 3845 sublimes

2148 3890 2305 3955 sunt,
2340 3903 2453 3941 non
2483 3890 2730 3956 possunt
2761 3886 2951 3941 dicere
2983 3883 3401 3947 mediocribus,
3426 3885 3525 3937 aut
3554 3873 3751 3966 parvis”:

2147 3975 2273 4029 Non
2305 3975 2445 4029 estis
2494 3972 2663 4028 nobis
2711 3973 3057 4039 necessarii;
3093 3973 3253 4044 quia,
3287 3971 3400 4027 nisi
3449 3966 3634 4024 adsint
3661 3962 3754 4019 isti,

2150 4061 2251 4132 qui
2270 4062 2546 4125 serviant,
2562 4078 2762 4117 eorum
2786 4060 3297 4133 deciditdignitas:
3318 4060 3562 4115 istorum
3578 4060 3755 4117 nempe

2149 4150 2420 4205 exercitio
2450 4150 2533 4204 illi
2599 4149 3000 4219 sublevantur,
3033 4154 3090 4203 et
3120 4149 3400 4220 obsequio
3430 4165 3444 4201 :
3477 4139 3622 4199 verbi
3650 4149 3755 4207 gra-

2150 4239 2253 4304 tia,
2307 4238 2483 4293 habet
2531 4255 2629 4293 rex
2687 4255 2921 4309 corpus,
2987 4238 3164 4293 duces
3219 4237 3504 4300 videlicet,
3551 4225 3756 4286 comites

2152 4332 2325 4391 atque
2356 4327 2622 4382 tribunos
2649 4345 2661 4382 :
2696 4328 2850 4381 inter
2880 4326 3001 4382 haec
3027 4327 3293 4381 membra
3315 4325 3489 4381 habet
3510 4325 3564 4377 et
3591 4313 3752 4389 pedes.

2152 4416 2407 4483 milites;
2442 4416 2542 4471 sed
2577 4433 2688 4471 non
2723 4421 2913 4487 potest
2945 4416 3172 4471 dicere:
3200 4416 3323 4471 Non
3357 4413 3497 4470 estis
3520 4403 3647 4464 mihi
3673 4413 3754 4452 ne-

2152 4506 2410 4575 cessarii,
2463 4522 2593 4559 cum
2644 4506 2832 4577 magis
2877 4504 2969 4560 bis
3017 4504 3295 4575 indigeat,
3325 4502 3481 4558 velut
3526 4491 3750 4569 pedibus.

2153 4595 2252 4666 qui
2310 4611 2423 4665 prae
2474 4594 2603 4648 aliis
2655 4596 2936 4650 membris
2988 4594 3414 4650 necessariores
3462 4589 3752 4650 sunt.9“°'

2149 4683 2332 4748 niam,
2366 4683 2413 4736 si
2448 4699 2551 4737 nec
2601 4682 2820 4753 oculos,
2854 4698 2961 4738 nec
3007 4699 3200 4751 aures,
3234 4687 3335 4738 aut
3364 4694 3527 4737 nares
3558 4667 3749 4753 habeat,

2149 4771 2395 4843 pedibus
2444 4771 2745 4827 ambulare
2793 4751 3002 4842 potest,
3054 4775 3110 4827 et
3158 4772 3353 4827 cibum
3403 4775 3659 4840 quaerere.
3695 4751 3749 4806 Et

2147 4860 2276 4915 ideo
2306 4859 2637 4929 subjunxit:
2660 4860 2764 4915 Sed
2792 4862 2963 4915 multo
2994 4861 3169 4930 magis
3199 4875 3323 4930 quae
3349 4856 3591 4914 videntur
3606 4856 3746 4900 mem'

2151 4951 2248 5003 bra
2276 4951 2520 5019 corporis
2549 4952 2723 5004 nostri
2753 4949 3071 5020 inﬁrmiora
3098 4964 3231 5016 esse,
3252 4945 3602 5004 necessariam
3626 4934 3747 5031 siml,

2732 5038 3075 5072 a'nmnho'la'nann
3127 5052 3240 5072 occa
3309 5041 3395 5072 ntr-
3468 5028 3751 5072 Infirmiora

2150 5046 2203 5072 of
2252 5052 2375 5072 natm
2423 5040 2680 5072 multantur
