3990 5306
377 441 491 502 387

1394 428 1733 490 ATTONIS
1780 425 2363 487 VERCELLENSIS
2410 424 2757 486 EPISCOPI

3662 426 3771 487 388

375 572 693 641 invenitur,
727 573 781 623 et
811 569 955 623 forte
986 566 1138 633 ideo,
1164 563 1302 636 quia
1326 560 1485 617 nulla
1515 562 1624 617 erit
1653 557 1982 632 ignorantia
2008 581 2023 623 ;
2057 558 2105 623 A
2135 559 2337 623 credit,
2362 558 2419 612 id
2453 562 2560 625 est,
2596 557 2911 629 implenda,
2946 556 3003 611 in
3031 555 3242 611 divinis
3268 555 3433 611 libris
3463 572 3593 627 quas
3646 572 3777 627 pro—

370 678 508 718 nam
540 659 799 715 officium
831 656 1043 728 linguas
1076 654 1203 709 ideo
1247 667 1594 706 concessum
1627 654 1736 716 est,
1780 653 1845 702 ut
1892 663 2032 702 suos

381 757 545 807 actus
578 748 844 804 homines
877 743 1007 799 aliis
1043 739 1596 810 manifestent,quia
1643 739 2026 808 ignorantur:

379 847 522 897 tunc
549 854 681 893 vero
713 852 827 891 non
860 835 969 889 erit
998 848 1255 897 necesse,
1287 830 1426 901 quia
1455 828 1638 883 deerit
1676 825 2028 899 ignorantia.

450 932 644 985 Factus
670 942 787 982 sum
820 924 964 978 velut
995 938 1066 976 (es
1095 936 1318 989 sonans,
1352 922 1465 973 etc.
1512 919 1605 973 Ais
1657 916 1813 971 enim
1887 914 2031 967 irra-

375 1017 655 1078 tionabile
669 1014 1022 1069 elementum
1040 1006 1335 1075 est,etnisi
1355 1011 1651 1079 tangatur,
1667 1021 1781 1059 non
1823 1005 1993 1058 sonat
2019 1008 2033 1059 ἱ

379 1127 511 1169 cum
525 1122 656 1163 vero
668 1098 1179 1167 sonuerit,nullius
1197 1098 1301 1151 aedi
1314 1095 1599 1150 ticationis
1613 1100 1787 1163 atque
1811 1092 2032 1146 utilita-

376 1202 457 1273 tis
487 1195 718 1261 existit;
752 1191 1024 1247 similiter
1052 1187 1151 1258 qui
1184 1186 1461 1241 omnibus
1495 1183 1713 1253 linguis
1773 1181 2036 1273 loquitur

378 1271 601 1359 absque
632 1280 913 1337 charitate
947 1276 1167 1332 nullius
1197 1281 1286 1330 est
1315 1273 1609 1329 utilitatis.
1641 1273 1705 1326 Et
1734 1273 1786 1326 si
1805 1271 2035 1359 habeam

368 1358 736 1451 prophetiam,
766 1368 824 1422 id
858 1369 965 1431 est,
995 1368 1060 1419 ut
1086 1364 1286 1451 futura
1314 1360 1646 1433 praedicam,
1688 1361 1739 1412 et
1788 1358 2035 1451 noverim

372 1446 634 1538 mysteria
676 1460 881 1525 omnia,
916 1455 972 1508 id
1008 1458 1117 1519 est,
1151 1450 1372 1515 divina,
1403 1458 1453 1505 et
1481 1463 1695 1503 omnem
1725 1446 2029 1512 scientiam,

375 1536 719 1612 humanam,
750 1556 801 1602 et
826 1544 1051 1599 habeam
1084 1557 1297 1597 omnem
1329 1539 1509 1611 ﬁdem.
1545 1537 1690 1591 Nota
1712 1536 1849 1607 quia
1879 1550 2032 1589 eam-

378 1645 511 1700 dem
546 1635 986 1712 appellatﬁdem
1002 1645 1440 1700 omnem,quam
1456 1627 1739 1681 Dominus
1762 1624 1820 1678 in
1846 1623 2030 1677 Evan-

380 1731 530 1806 gelio
584 1742 762 1801 grano
820 1722 1043 1793 sinapis
1102 1716 1393 1774 assimilat
1452 1716 1651 1787 (Matth.
1737 1730 1871 1806 avu,
1920 1712 2026 1778 19;

380 1801 506 1877 huc.
533 1817 752 1888 xvu,6),
781 1830 895 1868 non
928 1813 1163 1883 propter
1185 1801 1770 1870 mediocritatem,sed
1796 1806 2033 1873 propter

2145 647 2473 701 mittuntur.
2508 648 2703 702 Omnia
2733 650 2914 717 sperat
2947 662 3081 701 vera
3135 662 3262 701 esse
3320 662 3445 716 quae
3505 646 3783 699 dicuntur

2141 734 2308 807 (641).
2336 735 2585 790 Charitas
2614 752 2897 807 nunquam
2929 734 3163 804 excidet,
3196 735 3251 789 id
3284 744 3392 801 est,
3424 750 3543 789 non
3566 733 3788 805 patitur

2144 841 2345 878 casum
2380 822 2467 879 vel
2502 824 2733 880 ruinam
2760 843 2773 891 ;
2804 842 2937 879 nam
2956 824 3260 879 humilitas
3282 839 3587 894 nunquam
3608 823 3784 893 cadit,

2144 912 2399 968 charitas
2423 931 2675 985 namque
2702 914 2922 985 absque
2944 912 3273 967 humilitate
3293 929 3420 968 esse
3459 929 3575 967 non
3599 916 3790 984 potest

2143 1002 2459 1057 Humilitas
2490 1003 2671 1069 enim,
2699 1019 2812 1073 quo
2844 1001 3099 1057 coelestia
3131 1006 3485 1073 penetrat,eo
3516 1019 3581 1057 se
3608 1007 3789 1057 terre-

2145 1090 2237 1144 nis
2268 1090 2549 1147 inhaarere
2579 1096 2744 1162 putat
2770 1110 2782 1159 ;
2814 1096 2868 1146 et
2899 1108 3013 1162 quo
3045 1090 3622 1160 altioraconscendit,
3639 1106 3708 1146 eo
3729 1106 3791 1145 se

2145 1178 2203 1233 in
2236 1179 2457 1235 intimis
2487 1181 2803 1235 consistere
2832 1180 3165 1236 aestimat.Si
3197 1181 3353 1235 enim
3376 1179 3787 1251 superioribus

2137 1268 2442 1341 jungatur,
2474 1269 2675 1324 accidit
2705 1270 2851 1340 (642)
2883 1269 3196 1341 legendum
3223 1287 3235 1335 ;
3269 1270 3317 1325 si
3337 1276 3532 1325 autem
3556 1268 3791 1324 inferio-

2144 1356 2327 1424 ribus,
2345 1358 2581 1414 excidet.

2212 1448 2336 1502 Sive
2385 1450 2686 1519 prophetia?
2733 1448 3168 1516 evacuabuntur,
3228 1453 3335 1502 etc.
3390 1447 3575 1503 Aliter
3632 1447 3784 1502 enim

2140 1537 2436 1607 proli/actia:
2466 1537 2894 1602 evacuabuntur,
2927 1536 3095 1592 aliter
3121 1540 3417 1592 cessabunt
3472 1538 3698 1605 lingu-7c,
3728 1542 3788 1591 et

2143 1623 2314 1679 aliter
2341 1627 2569 1680 scientia
2602 1627 2934 1681 destruetur.
2980 1628 3100 1681 Duo
3132 1626 3408 1697 praedicta
3445 1626 3788 1689 cessabunt,

2141 1714 2278 1784 quia
2305 1714 2363 1768 in
2397 1714 2501 1769 hac
2532 1716 2799 1786 praesenti
2832 1715 2948 1770 vita
2996 1714 3305 1785 ﬁnientur;
3362 1714 3609 1770 scientia
3657 1730 3789 1770 vero

2140 1804 2491 1868 destruetur,
2520 1804 2655 1875 quia
2684 1804 2742 1858 in
2775 1804 2969 1860 futuro
3000 1804 3492 1875 augmentabitur.
3526 1804 3599 1858 Et
3645 1820 3790 1875 qua-

376 1907 767 1980 integritatem
801 1909 857 1957 et
872 1894 1421 1955 vivacitatem.Etita
1443 1894 1535 1948 hic
1560 1892 1773 1947 mentio
1811 1890 2029 1945 montis
2060 1929 2107 1993 B
2141 1891 2560 1993 literzsubdit:
2590 1894 2671 1948 Ex
2691 1897 2849 1993 parte
2877 1895 3026 1948 enim
3047 1895 3442 1993 cognoscimus,
3489 1897 3789 1993 etc.'Be.ne

380 2000 464 2067 fit,
494 1994 674 2052 veluti
706 1997 761 2047 et
788 1991 866 2046 ibi
900 1987 1108 2060 (Matth.
1142 2002 1273 2055 xvu,
1316 1985 1419 2052 19).

453 2087 789 2141 Οὴανὶιίιιεηῑ
847 2086 1029 2134 autem
1085 2092 1195 2130 non
1248 2075 1497 2140 habeam,
1552 2070 1695 2125 nihil
1722 2086 1867 2124 sum.
1901 2069 2025 2123 Non

379 2181 551 2247 negat
580 2190 642 2229 se
673 2166 1139 2227 substantialiter
1167 2162 1423 2229 esse,sed
1455 2160 1514 2215 in
1543 2158 1868 2213 ministerio
1884 2174 2025 2227 pra:-

377 2262 688 2319 dicationis
713 2257 858 2313 nihil
892 2272 953 2311 se
985 2272 1113 2309 esse
1148 2252 1304 2307 dicit.
1340 2251 1403 2304 Et
1433 2251 1485 2303 si
1514 2248 1860 2311 Histri/mero,
1912 2251 2023 2300 etc.

377 2354 525 2411 Nota
554 2352 691 2422 quia
718 2343 1191 2401 distributionem
1220 2339 1561 2394 facultatum
1590 2336 1867 2407 martyrio
1888 2351 2023 2389 con-

371 2440 609 2513 jungit;
644 2436 739 2491 ubi
755 2432 1079 2490 ostenditur
1092 2431 1289 2500 magni
1304 2426 1490 2482 meriti
1507 2443 1633 2481 esse
1665 2422 2021 2481 distributio.

380 2529 491 2584 Sed
526 2527 663 2598 quia
696 2524 882 2579 solent
912 2520 1151 2591 quidam
1183 2515 1457 2571 simulate
1480 2514 1585 2569 hoc
1611 2514 1804 2584 ipsum
1832 2527 2022 2583 agere,

378 2618 508 2672 ideo
540 2612 879 2685 subjunxit:
914 2609 1253 2665 Charitatem
1283 2607 1465 2659 autem
1492 2618 1601 2658 non
1614 2602 1861 2665 habeam,
1880 2602 2024 2656 nihil

376 2699 881 2776 mihiprodest.Sed
916 2695 1189 2752 simulate
1228 2694 1458 2748 duobus
1503 2691 1691 2746 modis
1725 2688 2021 2761 intelligo:

376 2794 515 2867 quia
542 2810 649 2849 sua
680 2789 1015 2854 tribuit,aut
1045 2783 1388 2855 martyrium
1404 2779 1637 2849 adit,vel
1678 2783 1829 2834 certe
1848 2795 2023 2850 appe-

374 2886 485 2939 titu
520 2883 789 2937 humanae
819 2876 1032 2939 laudis,
1066 2878 1168 2929 aut
1198 2870 1467 2941 ﬁngendo
1499 2886 1560 2925 se
1587 2869 1862 2935 amicum,
1888 2884 2021 2922 cum

380 2972 455 3029 sit
486 2970 782 3025 inimicus.

452 3061 707 3115 Charitas
736 3058 954 3128 patiens
982 3062 1077 3115 est,
1118 3056 1225 3107 etc.
1286 3048 1697 3104 Nominaverat
1747 3046 2020 3118 superius

377 3149 715 3206 cbaritatem
740 3167 754 3211 ς
772 3162 924 3199 nunc
936 3159 1069 3198 vero
1084 3140 1349 3196 membra
1362 3136 1667 3193 charitatis
1681 3136 2015 3204 ostendens,

376 3240 553 3295 dicit:
590 3237 843 3291 Charitas
870 3236 1085 3306 patiens
1111 3234 1208 3297 est,
1242 3234 1350 3284 etc.
1389 3227 1641 3289 Patiens,
1674 3224 1831 3279 mala
1890 3240 2014 3295 per-

2141 1980 2246 2036 hoc
2277 1982 2438 2048 dicit,
2464 1982 2601 2053 quia
2632 1983 2829 2037 nullus
2864 1982 3146 2052 mortalis,
3180 1999 3246 2037 ac
3273 1984 3330 2036 in
3358 1981 3632 2054 praesenti
3663 1982 3786 2037 vita

2138 2070 2387 2141 positus,
2419 2071 2669 2141 perfecte
2691 2086 3038 2141 cognoscere
3061 2076 3249 2143 potest
3268 2088 3288 2132 ;
3314 2070 3499 2126 multa
3518 2071 3680 2127 enim
3694 2071 3789 2126 hic

2137 2164 2593 2226 cognoscuntur,
2627 2161 2727 2215 sed
2760 2165 2954 2214 tamen
2980 2177 3092 2215 non
3117 2160 3351 2226 omnia;
3376 2166 3433 2215 et
3460 2160 3590 2215 ideo
3612 2159 3787 2225 dicit;

2136 2250 2177 2302 Ε
2194 2267 2218 2295 ι·
2245 2253 2400 2319 parte
2458 2251 2853 2316 cognoscimus,
2903 2258 2953 2304 et
2982 2265 3053 2303 ea:
3097 2252 3254 2320 parte
3282 2250 3699 2321 prophetamus,
3731 2249 3786 2303 id

2136 2343 2243 2405 est,
2275 2336 2469 2390 futura
2502 2337 2911 2407 praedicimus:
2947 2336 3083 2391 Cum
3120 2345 3305 2391 autem
3361 2339 3575 2391 venerit
3639 2337 3787 2406 quod

2130 2427 2434 2497 perfectum
2467 2427 2925 2491 est,evacuabiiur
2953 2425 3093 2498 quod
3114 2442 3183 2481 ea:
3198 2435 3358 2497 parte
3378 2436 3496 2487 est;
3516 2442 3631 2481 non
3664 2426 3794 2496 ipsa

2135 2513 2398 2584 scientia,
2433 2532 2556 2585 quae
2589 2531 2743 2570 nunc
2774 2515 3041 2578 habetur,
3074 2514 3133 2569 in
3166 2516 3362 2570 futuro
3406 2514 3793 2570 evacuabitur

2135 2604 2288 2675 quod
2318 2621 2386 2658 ex
2416 2608 2578 2674 parte
2609 2604 2821 2668 est,sed
2848 2604 3210 2675 imperfectio
3232 2604 3501 2674 ejusdem
3525 2602 3789 2658 scientiae

2133 2693 2486 2757 destruetur,
2522 2692 2659 2763 quia
2689 2693 3184 2764 augmentabitur.
3220 2693 3285 2747 Et
3338 2692 3473 2747 talis
3525 2697 3618 2747 est
3676 2691 3789 2746 ista

2132 2781 2367 2848 locutio,
2401 2782 2899 2852 quemadmodum
2932 2781 2979 2836 si
3004 2782 3189 2837 nubes
3219 2786 3546 2853 opponatur
3595 2779 3789 2847 soli,et

2131 2868 2259 2938 ipsa
2276 2867 2509 2922 claritas
2534 2867 2910 2923 abstrahatur
2933 2886 2944 2933 ;
2971 2870 3018 2923 si
3042 2885 3173 2924 vero
3196 2866 3582 2923 subtrahatur
3598 2868 3781 2922 nubes

2131 2960 2321 3027 potest
2351 2956 2483 3027 quis
2515 2955 2703 3010 dicere
2728 2973 2739 3010 :
2774 2957 3058 3013 Evacuata
3089 2962 3178 3012 est
3203 2956 3456 3011 charitas
3479 2956 3647 3021 solis;
3670 2972 3781 3011 non

2130 3046 2285 3116 quod
2317 3045 2445 3117 ipsa
2474 3044 2711 3101 claritas
2744 3046 2819 3100 sit
2868 3051 3165 3113 evacuate,
3219 3046 3318 3101 sed
3380 3044 3774 3117 augmentatio

2126 3134 2406 3189 claritatis
2427 3134 2640 3189 dicitur
2656 3152 2968 3190 evacuasse
2992 3134 3487 3206 imperfectionem
3512 3134 3772 3203 ejusdem

2127 3224 2430 3278 claritatis.
2458 3224 2525 3278 Et
2559 3223 2665 3279 hoc
2696 3224 2888 3294 ipsum
2922 3222 3626 3280 submissasimilitudine
3649 3239 3771 3277 ma-

374 3328 645 3393 ferendo;
681 3294 939 3392 benigna,
972 3323 1123 3375 bona
1156 3294 1761 3373 tribuendo.Charitas
1788 3294 2020 3366 Graecus
2050 3294 2091 3359 C
2131 3312 2386 3380 nifestat,
2422 3311 2652 3366 dicens:
2691 3311 2823 3366 Cum
2872 3329 3040 3368 essem
3086 3314 3374 3381 parvulus,
3425 3319 3537 3367 etc.
3604 3312 3756 3366 Hanc

373 3433 563 3473 sermo
594 3418 704 3479 est,
738 3417 793 3466 et
822 3410 1234 3480 interpretatur
1260 3398 1498 3458 dilectio.
1548 3400 1787 3455 Dilectio
1818 3405 2013 3454 autem

376 3506 611 3569 dicitur,
643 3518 708 3556 eo
742 3499 895 3570 quod
930 3499 1077 3551 duos
1108 3496 1261 3548 inter
1298 3510 1359 3547 se
1416 3491 1572 3561 liget.
1607 3489 1857 3544 Charitas
1906 3504 2016 3541 non.

376 3592 689 3655 wmulatur,
723 3588 779 3641 id
813 3590 921 3654 est,
957 3600 1069 3639 non
1110 3582 1348 3646 invidet,
1410 3580 1546 3650 quia
1597 3577 1849 3632 visibilia
1878 3593 2014 3631 con-

376 3679 622 3746 temnit;
658 3677 777 3733 sive
810 3691 923 3729 non
956 3671 1285 3735 aemulatur,
1318 3669 1373 3723 id
1399 3674 1507 3732 est,
1542 3685 1655 3721 non
1690 3665 2017 3736 inflat,quia

377 3772 533 3824 caret
563 3762 1048 3837 superbia.Mater
1077 3759 1233 3814 enim
1266 3756 1587 3811 inﬂationis
1623 3755 1898 3825 superbia
1928 3759 2017 3808 est

375 3858 493 3912 Non
516 3857 630 3927 agit
652 3868 964 3924 perperam,
996 3850 1054 3903 id
1087 3852 1197 3912 est,
1226 3844 1606 3918 perversa,vel
1636 3844 2013 3910 distortucsa,

377 3945 515 4017 quia
546 3944 604 3998 in
636 3942 799 3997 illum
826 3938 1209 3995 intentionem
1242 3952 1409 3991 suam
1443 3934 1704 3997 collocat,
1738 3932 1797 3986 in
1848 3933 2015 4002 cujus

373 4034 592 4107 regulis
624 4032 703 4087 nil
736 4032 1157 4086 distortuosum
1196 4025 1511 4080 invenitur.
1570 4024 1687 4077 Non
1743 4024 1924 4091 inﬂat,
1957 4022 2013 4075 id

374 4129 487 4191 est,
523 4140 633 4179 non
666 4119 949 4193 superbit.
976 4118 1094 4173 Non
1144 4119 1221 4170 est
1261 4114 1520 4181 ambiosa,
1552 4112 1609 4166 id
1651 4116 1757 4177 est,
1790 4116 2013 4181 tempo-

374 4213 518 4269 ralia
548 4206 1308 4276 contemnit,sivehonorem
1340 4200 1642 4271 regiminis
1690 4199 1847 4270 parvi
1876 4216 2013 4269 pen-

372 4304 488 4358 det.
520 4304 634 4357 Non
658 4300 858 4371 quaerit
881 4312 997 4369 quae
1026 4312 1125 4349 sua
1152 4298 1302 4360 sunt,
1338 4291 1392 4344 id
1426 4294 1530 4355 est,
1586 4286 1932 4358 temporalia
1960 4291 2017 4340 et

377 4390 715 4447 transitoria
745 4404 859 4442 non
886 4382 1268 4455 concupiscit,
1302 4378 1441 4446 sive,
1460 4376 1872 4447 quiasua,quze
1892 4375 2016 4430 sine

379 4478 695 4535 otl‘ensione
743 4476 957 4530 habere
1013 4474 1260 4543 poterat,
1316 4466 1583 4537 largitur.
1642 4466 1759 4520 Non
1814 4466 2016 4532 cogitat

375 4568 605 4623 malum.
639 4566 850 4635 Magna
880 4567 967 4616 est
1014 4560 1196 4613 virtus
1227 4555 1549 4625 charitatis,
1582 4554 1864 4625 quoniam
1899 4570 2013 4607 non

2123 3406 2465 3471 prementem
2497 3401 2674 3455 vitam
2707 3402 3015 3457 assimulat
3043 3403 3195 3457 aetati
3233 3401 3475 3472 parvuli,
3502 3402 3758 3456 futuram

2122 3506 2255 3543 vero
2286 3489 2439 3543 zetati
2470 3490 2595 3543 viri.
2632 3490 2697 3544 Et
2728 3491 2892 3557 bene,
2923 3492 3062 3562 quia
3092 3496 3318 3546 tantum
3371 3490 3554 3545 distat
3634 3491 3785 3544 inter

2124 3578 2273 3631 hanc
2305 3584 2646 3649 przesentem
2680 3580 2855 3634 vitam
2883 3585 2938 3634 et
2960 3581 3237 3642 futuram,
3268 3585 3558 3651 quantum
3619 3580 3785 3633 inter

2125 3670 2349 3720 aetatem
2384 3666 2541 3737 parvi
2573 3673 2629 3721 ct
2653 3668 3075 3739 magnhSicut
3130 3668 3285 3724 enim
3346 3669 3599 3739 pueritia
3663 3685 3782 3723 non

2124 3754 2373 3809 destruit
2402 3754 2732 3823 infantiam,
2764 3761 2821 3811 et
2850 3756 3244 3813 adolescentia
3272 3757 3619 3829 pueritiam,
3674 3758 3776 3812 sed

2123 3842 2271 3895 vires
2305 3848 2684 3914 augmentat:
2720 3843 2799 3898 ita
2828 3861 2934 3900 nec
2964 3846 3207 3900 scientia
3261 3847 3457 3900 futura
3511 3845 3775 3900 destruit

2126 3930 2319 3999 istam,
2352 3932 2453 3986 sed
2502 3937 2859 4003 augmentat.
2923 3933 3237 4003 Subjunxit
3284 3934 3460 3989 etiam
3519 3933 3776 3989 alteram

2125 4018 2571 4073 similitudinem
2603 4021 2673 4074 ad
2709 4021 3045 4091 praedictum
3101 4022 3443 4077 attinentem
3503 4038 3776 4090 sensum,

2123 4107 2321 4161 dicens
2345 4124 2356 4160 :
2387 4107 2634 4163 Videmus
2654 4125 2800 4163 nunc
2822 4125 2919 4180 per
2936 4111 3217 4181 speculum
3248 4113 3302 4166 in
3328 4112 3772 4179 aenigmate,etc.

2124 4195 2224 4250 Ille
2255 4196 2410 4250 enim
2444 4198 2544 4268 qui
2578 4214 2678 4267 per
2708 4197 3011 4269 speculum
3041 4200 3195 4255 videt
3227 4216 3337 4255 non
3371 4216 3492 4254 rem
3538 4215 3763 4264 veram,

2124 4285 2224 4338 sed
2258 4301 2379 4338 rem
2410 4302 2552 4339 verae
2579 4285 2983 4342 similitudinis
3014 4288 3308 4360 prospicit.
3372 4287 3662 4343 Similiter
3706 4291 3767 4341 et

2124 4371 2372 4442 aenigma
2401 4373 2559 4428 aliud
2591 4373 2812 4446 aliquid
2863 4377 3137 4431 ostendit.
3198 4377 3341 4433 Nam
3390 4377 3645 4448 aenigma
3673 4380 3763 4431 est

2124 4461 2373 4516 obscura
2402 4464 2693 4518 sententia
2722 4464 3025 4534 quodlibet
3055 4466 3209 4520 aliud
3242 4467 3676 4530 demonstrans,
3703 4464 3759 4517 id

2123 4555 2231 4619 est,
2268 4568 2378 4605 non
2403 4552 2631 4623 veritas,
2666 4552 2764 4608 sed
2796 4553 3117 4609 similitudo
3171 4558 3259 4608 est
3316 4554 3417 4621 rei,
3479 4559 3543 4607 ut
3628 4555 3767 4608 sunt

376 4655 563 4711 solum
601 4671 714 4709 non
747 4654 1018 4723 operatur
1048 4647 1290 4713 malum,
1324 4644 1718 4699 verumetiam
1742 4659 1844 4697 nec
1867 4641 2019 4714 cogi-
2048 4661 2093 4724 D
2127 4638 2419 4709 allegorici
2449 4657 2674 4696 sensus.
2710 4642 2855 4713 Ergo
2885 4658 2989 4713 per
3019 4641 3321 4713 speculum
3354 4643 3415 4697 in
3436 4642 3769 4714 aenigmate

374 4750 493 4807 tat;
529 4750 743 4809 tamen,
780 4741 827 4796 si
860 4739 928 4794 ad
962 4741 1213 4792 mentem
1237 4730 2017 4797 veniret,resecat.0uoniam

375 4837 513 4889 sunt
544 4829 806 4885 nonnulli
843 4828 943 4899 qui
974 4843 1088 4881 non
1121 4828 1459 4897 operantur,
1499 4823 1597 4877 sed
1634 4828 1826 4875 tamen
1862 4820 2019 4890 cogi-

372 4922 549 4976 tando
583 4922 849 4991 pereunt.
883 4917 999 4971 Non
1055 4913 1259 4987 gaudet
1308 4928 1470 4979 super
1527 4911 1846 4979 iniquitate,
1900 4914 2019 4961 tam

377 5009 643 5065 facientis
674 5023 847 5075 quam
884 5000 1572 5076 patientis,quiaillorum
1608 4998 1819 5051 damna
1842 4994 2019 5049 veluti

377 5116 486 5153 sua
516 5099 773 5169 deputat.
810 5091 1129 5164 Ccngaudet
1161 5094 1343 5144 autem
1363 5089 1731 5150 ueritati,tam
1757 5084 2022 5139 facientis

661 5184 932 5216 ..ιςηηηιςο
992 5180 1192 5216 n.-.:;;:‘.~.
1232 5177 1417 5216 cuﬂ‘prl
1471 5174 1553 5216 νρΙ
1618 5173 1887 5216 anetina}.
1922 5178 2020 5216 ant

376 5203 549 5216 "suam
585 5203 651 5216 ηις

2126 4727 2416 4797 videmus,
2449 4729 2587 4799 quia
2617 4748 2730 4785 non
2766 4732 3014 4802 perfecte
3045 4732 3327 4802 gaudium
3386 4731 3515 4785 vitae
3560 4730 3771 4786 future

2130 4816 2562 4885 cognoscimus.
2627 4819 2770 4873 Tunc
2821 4828 3004 4873 autem
3056 4818 3204 4890 [acie
3256 4819 3325 4873 ad
3358 4819 3600 4887 faciem;
3636 4816 3778 4886 quia

2131 4907 2393 4957 nostrum
2412 4905 2982 4975 gaudiumJaatitiam
3011 4911 3066 4959 et
3087 4906 3259 4961 finem
3285 4906 3469 4960 nostri
3491 4902 3772 4958 desiderii

2129 4991 2477 5046 videbimus.
2515 4993 2775 5063 Idipsum
2818 4996 3175 5058 manifestat,
3237 4993 3581 5048 subdendo:
3617 4994 3779 5046 Nunc

2131 5074 2501 5139 cognoscimus
2521 5089 2591 5127 ea:
2615 5082 2792 5143 parte,
2824 5080 2931 5128 etc.
2969 5074 3025 5127 Id
3057 5078 3163 5138 est,
3208 5090 3557 5145 cognoscam
3619 5071 3773 5126 sicut

2130 5176 2466 5214 coznoscor.
2500 5166 2557 5214 et
2580 5162 2785 5214 videbo
2818 5168 2881 5214 ut
2910 5163 3127 5212 videor.
3160 5167 3225 5212 ut
3250 5167 3506 5212 Joannes
3535 5179 3548 5212 ε
3607 5162 3776 5212 Vide-
