3990 5306
159 380 262 442 389

716 375 1126 437 EXPOSITIO
1172 374 1251 434 IN
1296 372 1720 434 EPISTOLAS
1765 373 2020 436 PAULI.
2054 378 2240 437 -ΙΝ
2288 378 2535 440 EPIST.
2584 379 2608 440 Ι
2652 382 2753 441 AD
2801 383 2972 444 COR.

3422 390 3539 449 390

159 508 411 587 presenti
437 508 556 563 vita
579 508 670 573 ;in
692 507 889 562 futura
909 524 1059 572 vero,
1085 507 1318 562 duabus
1358 506 1625 571 sublatis,
1650 506 1785 561 cha-
1816 510 1869 574 Α
1902 508 1971 561 ad
2006 510 2228 578 majora
2254 528 2355 565 vos
2389 529 2654 585 provoco,
2691 518 2754 568 ut
2785 515 3013 570 minora
3043 533 3156 571 non
3175 519 3538 587 prohibeam.

156 604 284 659 ritas
311 603 529 664 manet,
556 607 609 654 et
639 598 759 653 ideo
789 598 985 663 major.
1015 597 1161 651 Nam
1190 598 1321 650 lidei
1348 594 1607 650 succedit
1630 612 1785 666 spes,

155 692 264 764 spei
290 705 423 743 vero
455 687 621 751 visio,
649 703 779 758 quae
809 686 953 741 visio
985 686 1246 741 charitas
1277 690 1386 753 est,
1419 690 1475 739 et
1504 685 1632 739 ideo
1665 702 1787 739 ma-

148 784 251 854 jor,
278 777 416 849 quia
444 777 556 831 ista
585 776 678 830 hic
712 774 1023 842 ﬁniuntur;
1058 775 1157 829 illa
1186 791 1316 829 vero
1344 779 1558 829 manet.
1579 773 1788 828 Notan-

158 871 304 933 dum,
338 867 475 935 quia
496 882 710 937 magna
730 865 1011 919 distantia
1036 869 1124 918 est
1152 864 1304 918 inter
1328 880 1417 918 res
1440 861 1790 933 temporales

159 963 209 1014 et
235 953 522 1027 spiritales
549 971 560 1007 :
596 953 947 1025 temporales
978 952 1296 1021 euim,cum
1332 969 1443 1007 non
1478 952 1790 1019 habentur,

162 1044 399 1102 multum
424 1043 863 1106 desiderantur;
891 1042 937 1096 si
962 1058 1094 1096 vero
1116 1042 1463 1107 habeantur,
1488 1040 1796 1094 fastidiunt

162 1142 317 1206 atque
332 1132 650 1187 vilescunt:
670 1130 963 1201 spiritales
983 1136 1339 1194 autem,cum
1357 1147 1470 1184 non
1488 1129 1794 1197 habentur,

161 1226 348 1281 minus
370 1221 811 1286 desiderantur;
837 1236 971 1274 cum
997 1236 1127 1274 vero
1152 1219 1658 1289 habentur,magis
1676 1234 1796 1271 ma-

161 1314 362 1384 gisque
378 1309 735 1365 desiderium
750 1309 805 1362 in
835 1309 1000 1363 nobis
1018 1308 1365 1364 accendunt.
1388 1307 1523 1361 [nde
1538 1306 1799 1360 animad-

162 1400 495 1456 vertendum
518 1398 678 1469 quia,
705 1397 753 1452 si
774 1414 949 1461 nunc,
970 1414 1104 1451 cum
1130 1413 1243 1451 non
1278 1396 1566 1462 videntur,
1600 1401 1655 1449 et
1686 1410 1799 1449 non

162 1490 465 1554 habentur,
491 1493 684 1542 tamen
708 1486 1072 1558 diliguntur;
1093 1489 1379 1556 quantum
1400 1489 1537 1538 tunc
1562 1482 1803 1554 diligen-

158 1584 263 1649 tur,
295 1594 440 1633 cum
475 1578 724 1649 quisque
752 1592 852 1631 eas
880 1574 1196 1630 electorum
1255 1572 1569 1627 habuerit?
1598 1572 1665 1625 Et
1696 1572 1803 1625 hoc

159 1668 463 1724 sciendum
496 1666 635 1738 quia
664 1666 859 1735 majus
890 1664 1140 1735 quisque
1173 1662 1493 1718 electorum
1527 1661 1802 1730 inveniet,

157 1774 321 1829 quam
368 1756 601 1811 credere
630 1771 697 1810 ac
731 1769 963 1825 sperare
1012 1751 1219 1824 possit.
1279 1752 1349 1807 Et
1400 1751 1530 1806 ideo
1572 1764 1807 1805 necesse

1970 596 2247 667 Sequitur
2276 614 2287 651 :
2314 599 2451 653 Nam
2471 602 2657 670 major
2684 610 2763 656 est
2792 603 2889 671 qui
2916 603 3225 674 prophetat,
3252 622 3419 674 quam
3448 624 3543 677 qui

1900 684 2144 754 loquitur
2174 688 2400 756 linguis.
2433 687 2679 743 Multum
2710 691 2925 762 quippe
2982 708 3118 764 erga
3151 692 3305 748 hunc
3353 693 3544 750 locum

1900 774 2106 829 beatus
2138 776 2498 846 Augustinus
2528 776 2771 832 laborat.
2808 779 2957 835 Dicit
2979 782 3133 835 enim
3168 780 3417 854 intelligi
3448 784 3547 838 de-

1901 862 2056 927 bere,
2091 880 2191 934 per
2246 863 2498 937 linguas,
2561 866 2618 919 in
2678 868 2995 939 Scripturis
3053 869 3287 941 divinis,
3323 871 3549 927 occulta

1903 954 2077 1018 atque
2112 950 2399 1019 profunda
2429 970 2440 1018 ;
2474 951 2675 1023 lingua
2706 971 2859 1023 vero,
2920 958 3251 1012 membrum
3290 962 3551 1031 corporis

1905 1038 2312 1103 denominans,
2329 1046 2429 1095 aut
2452 1042 2792 1112 significans
2817 1061 2907 1099 res
2927 1044 3175 1116 aliquas,
3196 1064 3308 1102 non
3334 1056 3550 1104 tamem

1906 1126 2200 1181 alliciens:
2238 1145 2371 1200 ergo
2404 1146 2505 1200 per
2539 1132 2780 1185 membri
2818 1139 3042 1188 motum
3063 1135 3298 1191 occulta:
3333 1156 3424 1193 res
3454 1139 3555 1194 de-

1908 1215 2237 1287 signantur.
2268 1217 2411 1271 Nam
2441 1218 2633 1273 multae
2659 1228 2985 1293 suntres,et
3015 1225 3475 1295 signiﬁcationes
3498 1228 3556 1282 in

1909 1305 2226 1374 Scripturis
2258 1305 2491 1373 divinis,
2518 1325 2644 1378 quze
2675 1327 2785 1363 non
2815 1311 3070 1383 idipsum
3096 1320 3256 1383 sunt,
3284 1317 3382 1371 sed
3399 1316 3555 1372 aliud

1910 1394 2269 1464 signiﬁcant.
2312 1395 2405 1449 Haa
2439 1412 2671 1468 quoque
2704 1415 2803 1469 per
2835 1401 3096 1471 linguam
3134 1404 3555 1476 designantur;

1912 1482 2050 1553 quia
2080 1481 2207 1553 ipsa
2238 1483 2579 1540 translative
2612 1487 2864 1557 ponitur.
2900 1494 3046 1562 Ergo
3067 1494 3254 1563 major
3308 1500 3399 1549 est
3430 1495 3547 1561 ille,

1914 1571 2012 1642 qui
2047 1572 2375 1644 prophetat,
2401 1573 2507 1629 hoc
2529 1581 2637 1641 est,
2674 1576 2773 1646 qui
2809 1578 3037 1634 occulta
3061 1581 3365 1637 diducidat
3386 1590 3564 1656 atque

1916 1660 2273 1727 manifestat,
2323 1679 2498 1733 quam
2555 1665 2654 1735 qui
2704 1664 2907 1738 lingua
2960 1668 3240 1739 loquitur,
3304 1672 3411 1728 hoc
3450 1679 3563 1738 est,

1918 1748 2016 1821 qui
2076 1749 2331 1820 proferre
2390 1750 2626 1821 quidem
2701 1753 2945 1822 occulta,
3026 1757 3127 1811 sed
3189 1759 3565 1817 manifestare

157 1852 237 1903 est
256 1851 319 1901 ut
342 1860 527 1943 nemo
548 1843 811 1898 ﬁdelium
836 1858 897 1897 se
919 1840 1809 1946 tantuiri-mstimetcredereﬁut
1839 1883 1887 1946 Β
1919 1852 2033 1946 pou
2066 1841 2275 1907 potest.
2301 1838 2518 1946 JSunt-
2546 1857 2796 1913 namque
2853 1845 3245 1942 corporalium
3276 1846 3561 1920 imagina-

155 1950 390 2009 sperare
422 1933 515 1987 hic
548 1948 738 2004 posse,
772 1938 1061 2002 quantum
1092 1929 1211 1985 illic
1246 1928 1520 1984 inveniet.

226 2025 372 2094 (643)
409 2026 564 2090 (CAP.
599 2020 1095 2091 XlV.)Sequitur:
1130 2020 1432 2074 Sectamini
1458 2020 1807 2073 charitatem.

170 2118 299 2169 Post
328 2112 570 2167 laudem
604 2110 924 2177 charitatis,
958 2108 1225 2162 hortatur
1254 2112 1309 2163 et
1342 2112 1555 2176 monet,
1590 2112 1654 2161 ut
1685 2124 1811 2162 sec-

173 2206 359 2258 tentur
391 2197 953 2268 charitatem,quasi
984 2197 1235 2251 diceret:
1271 2196 1401 2251 Jam
1423 2197 1559 2267 quia
1589 2200 1811 2251 tantam

181 2308 240 2347 ac
262 2291 441 2345 talem
475 2285 798 2359 agnovistis
845 2284 1211 2350 charitatem,
1259 2289 1321 2339 ut
1370 2285 1427 2338 in
1487 2285 1613 2354 ejus
1664 2285 1814 2338 bono

181 2382 365 2435 omnia
394 2380 555 2433 bona
584 2376 925 2444 consistant,
959 2380 1016 2429 et
1045 2374 1172 2428 sine
1215 2391 1282 2429 ea
1331 2373 1561 2428 nullum
1594 2374 1813 2429 bonum

172 2485 289 2525 esse
311 2471 532 2540 queat:
558 2464 849 2533 hortor,ut
870 2464 1173 2518 sectemini
1206 2480 1355 2518 eam.
1393 2467 1527 2519 Post
1549 2464 1615 2517 ad
1627 2462 1815 2517 moni-

168 2558 385 2613 tionem
438 2556 730 2620 hortatur,
781 2558 844 2608 ut
897 2555 1071 2608 etiam
1125 2552 1411 2625 spiritalia
1447 2552 1817 2606 amulentur.

161 2647 561 2711 £mutamini,
594 2643 804 2714 inquit,
853 2644 1131 2713 spiritalia
1178 2641 1678 2709 (subaudiendum
1711 2643 1819 2707 est,

158 2736 363 2806 dona).
402 2732 705 2805 Spiritalia
735 2748 988 2802 namque
1008 2730 1346 2785 varietatem
1372 2730 1689 2801 gratiarum
1723 2745 1820 2783 vo-

156 2831 271 2879 cat.
296 2824 420 2878 Sed
446 2823 586 2893 quia
607 2821 688 2875 illi
709 2820 1014 2875 audientes
1038 2818 1593 2889 spiritalia,possent
1614 2834 1827 2888 genera

150 2913 518 2984 linguarum
536 2908 1013 2980 intelligere,qua3
1037 2924 1151 2978 prae
1174 2906 1448 2961 omnibus
1466 2906 1829 2959 charismati-

150 3004 270 3058 bus
309 3001 554 3069 majora
578 2998 944 3067 judicabant,
978 2999 1033 3049 et
1064 3010 1202 3065 erga
1233 3010 1300 3048 ea
1332 2993 1648 3064 plurimum
1677 2992 1829 3045 avidi

144 3094 339 3148 erant
366 3106 385 3151 ;
413 3086 544 3140 ideo
575 3102 707 3139 mox
725 3084 923 3139 subdit
950 3100 961 3138 :
989 3084 1163 3154 Magis
1194 3086 1465 3150 autem,ut
1484 3080 1828 3151 prophetetis.

225 3175 569 3249 Sequitur:
604 3175 723 3245 Qui
740 3175 893 3227 enim
916 3173 1162 3243 loquitur
1193 3172 1403 3241 lingua,
1424 3175 1558 3237 ctc.,
1591 3171 1701 3226 iste
1726 3186 1835 3225 non

1919 1925 2147 1991 tiones;
2226 1926 2324 1979 sed
2405 1929 2592 1997 major
2667 1935 2773 1996 est,
2866 1932 2965 2002 qui
3015 1950 3113 1988 eas
3196 1935 3564 2006 interpretari

1922 2019 2129 2083 potest,
2179 2032 2354 2085 quam
2388 2016 2485 2086 qui
2522 2017 2711 2072 videt:
2746 2020 2900 2073 verbi
2933 2022 3140 2093 gratia,
3173 2025 3317 2078 vidit
3347 2026 3569 2081 Pharao

1921 2102 2368 2174 imaginationes
2402 2104 2550 2175 (Gen.
2586 2124 2675 2173 χι,
2704 2109 2817 2176 lii),
2872 2110 3014 2164 vidit
3071 2118 3126 2166 et
3187 2114 3481 2183 pincerna,
3514 2120 3571 2168 et

1924 2191 2209 2262 pistorum
2245 2193 2549 2263 princeps;
2581 2195 2679 2248 sed
2702 2195 2916 2259 Joseph
2944 2197 3035 2252 his
3057 2201 3334 2255 omnibus
3359 2204 3568 2272 major.

1926 2280 2026 2334 Ille
2058 2279 2253 2349 etiam,
2290 2281 2387 2351 qui
2413 2282 2470 2335 in
2498 2286 2746 2353 utraque
2778 2301 2837 2340 re
2870 2285 3164 2357 viget,non
3197 2289 3387 2344 solum
3415 2290 3570 2362 aliis,

1927 2370 2025 2424 sed
2056 2386 2121 2423 eo
2154 2371 2358 2440 major,
2393 2371 2493 2441 qui
2553 2376 2781 2426 tantum
2814 2374 3355 2446 interpretationem
3406 2379 3570 2447 dicit,

1929 2458 2087 2512 velut
2108 2458 2330 2528 Daniel,
2356 2459 2454 2530 qui
2476 2460 2534 2513 in
2559 2466 2803 2532 utroque
2821 2462 3065 2533 polluit:
3100 2466 3224 2537 ipse
3271 2468 3486 2522 etenim
3518 2473 3576 2524 et

1931 2548 2293 2619 sapientibus
2316 2547 2628 2620 Babylonis
2644 2551 2848 2605 mortis
2862 2555 3209 2610 sententiam
3224 2555 3577 2612 incurrenti-

1932 2637 2065 2704 bus,
2100 2637 2238 2707 quia
2268 2639 2491 2708 probati
2526 2644 2683 2709 sunt,
2743 2642 2897 2711 quod
2957 2630 3354 2714 conjecturam
3388 2646 3580 2703 dicere

1934 2726 2267 2795 nequirent,
2301 2743 2434 2781 cum
2466 2727 2760 2783 somnium
2786 2732 3366 2799 nescirent,ostendit
3385 2735 3578 2790 Nabu-

1937 2815 2302 2869 chodonosor
2331 2832 2444 2870 non
2480 2815 2670 2871 solum
2704 2819 3266 2892 interpretationem,
3297 2825 3397 2879 sed
3428 2842 3582 2880 som-

1941 2903 2125 2968 nium,
2177 2909 2254 2970 et,
2303 2905 2455 2974 quod
2510 2905 2599 2959 his
2645 2908 2837 2977 majus
2887 2915 2995 2976 est,
3059 2911 3457 2983 cogitationes.
3492 2914 3585 2969 Ait

1942 2991 2095 3045 enim
2124 3007 2135 3044 :
2173 2993 2265 3057 Tu,
2300 3008 2418 3060 rex,
2452 2994 2703 3060 cogitasti
2730 2998 2789 3048 in
2818 3000 3000 3051 strata
3027 3002 3120 3053 tuo
3175 3001 3306 3071 quid
3332 3004 3585 3072 futurum

1941 3084 2075 3133 esset
2105 3087 2219 3150 post
2251 3085 2300 3134 te
2329 3082 2487 3150 (Dan.
2522 3098 2583 3151 ιι,
2611 3083 2724 3153 29),
2758 3094 2862 3138 etc.
2922 3086 3023 3141 llle
3075 3088 3272 3155 etiam,
3323 3090 3422 3161 qui
3452 3091 3590 3146 licet

1947 3167 2221 3238 loquatur
2240 3166 2459 3239 lingua,
2484 3174 2678 3225 tamen
2698 3170 3067 3243 interpretari
3091 3177 3591 3248 pctest,propheta

146 3264 509 3325 hominibus
541 3265 786 3333 loquitur
807 3281 828 3325 ;
852 3263 988 3331 quia
1018 3278 1130 3315 non
1164 3262 1235 3315 ab
1269 3260 1605 3315 hominibus
1632 3259 1837 3313 intelli-
1868 3248 1909 3314 C
1950 3256 2191 3311 interior
2208 3273 2321 3311 non
2344 3262 2431 3312 est
2460 3283 2472 3323 ;
2503 3264 2560 3311 et
2582 3258 2708 3314 ideo
2732 3261 3072 3330 subjunxit:
3106 3264 3227 3319 Nisi
3252 3268 3395 3335 forte
3426 3268 3592 3321 inter-

150 3360 352 3432 gitur,
392 3353 501 3409 sed
533 3358 641 3408 Deo
674 3371 687 3420 ;
723 3352 863 3423 quia
894 3352 963 3406 ab
995 3350 1125 3421 ipso
1157 3348 1633 3422 intelligitur,qui
1666 3349 1840 3403 etiam

159 3445 423 3503 occulta
457 3441 649 3497 cordis
675 3441 851 3495 novit.
886 3440 952 3494 Et
972 3440 1102 3494 ideo
1130 3438 1436 3510 subjungit
1457 3457 1475 3492 .·
1505 3439 1672 3493 Nemo
1692 3439 1842 3493 enim

159 3536 363 3603 audit,
405 3533 521 3587 hoc
550 3534 640 3586 est
666 3529 943 3599 intelligit
968 3530 1209 3600 :spiritu
1237 3532 1439 3595 autem,
1474 3528 1530 3583 id
1565 3533 1675 3598 est,
1710 3543 1843 3583 voce

165 3627 324 3689 sola,
351 3622 616 3692 loquitur
647 3620 927 3689 mysteria.
964 3621 1176 3672 Verum
1196 3617 1307 3688 ’qui
1340 3616 1841 3689 lingualoquitur,

169 3717 286 3771 Deo
301 3710 623 3782 loquitur;
654 3707 901 3778 ideoque
932 3706 1230 3775 adjunxit:
1255 3707 1392 3761 Nam
1422 3708 1519 3776 qui
1534 3706 1842 3777 praphetat,

169 3799 512 3858 hominibus
544 3798 785 3868 loquitur
806 3813 827 3859 ;
858 3794 996 3867 quia
1017 3796 1086 3849 ab
1104 3794 1447 3849 hominibus
1475 3793 1842 3865 intelligitur.

166 3892 328 3959 Quid
365 3888 559 3945 etiam
591 3886 888 3957 loquatur,
952 3883 1289 3939 manifestat
1342 3883 1759 3952 zdiﬁcationem
1797 3886 1847 3937 et

165 3977 653 4041 exhortationem,
711 3978 761 4029 et
835 3974 1263 4029 consolationem
1321 3972 1568 4027 Multum
1631 3972 1849 4027 scilicet

168 4068 566 4123 aediﬁcantur
595 4061 881 4131 homines,
906 4061 1045 4115 dum
1070 4059 1460 4131 quaestionum
1496 4059 1846 4114 solutionem

170 4157 479 4221 audiunt;
505 4151 746 4223 capiunt
765 4150 837 4205 eti
852 4166 943 4204 am
972 4148 1427 4204 exhortationem
1442 4152 1525 4214 ,ut
1545 4146 1851 4217 proﬁciant

170 4248 227 4301 in
246 4245 517 4308 melius;
538 4256 811 4312 magnam
832 4238 1214 4294 nihilominus
1237 4241 1481 4293 sumunt
1502 4234 1848 4291 consolatio-

173 4351 337 4399 nem,
376 4332 536 4403 quia
567 4346 670 4401 spe
701 4330 1033 4383 futurorum
1058 4328 1341 4382 bonorum
1363 4326 1650 4397 patienter
1670 4325 1850 4397 perfe-

174 4431 317 4479 runt
350 4423 640 4478 adversa.
676 4417 839 4472 Unde
868 4417 1022 4472 idem
1055 4417 1113 4469 in
1147 4414 1394 4485 epistola
1425 4415 1493 4469 ad
1521 4414 1847 4469 Romanos:

176 4515 239 4571 Ut
287 4529 401 4585 per
466 4509 811 4580 patientiam
839 4510 889 4560 et
953 4504 1379 4560 consolationem
1443 4504 1852 4573 Scripturarum

171 4620 329 4674 spem
364 4599 687 4655 habeamus
717 4597 890 4665 (Rom.
924 4612 1014 4664 xv,
1048 4594 1120 4665 li).

245 4690 595 4763 Sequitur:
634 4686 741 4753 Qui
769 4685 1016 4755 loquitur
1045 4683 1254 4753 lingua,
1277 4683 1624 4751 semetipsum
1671 4681 1857 4750 sedi/i-

174 4790 281 4836 cat.
311 4782 402 4835 De
440 4776 550 4832 illo
577 4774 738 4841 dicit,
766 4773 886 4844 qui,
921 4772 1074 4842 quod
1109 4770 1390 4841 loquitur,
1426 4769 1716 4841 intelligit.
1753 4771 1856 4837 Qui

176 4880 367 4926 autem
390 4866 720 4941 prophetat,
748 4860 1323 4929 Ecclesiamzediﬁcat.
1350 4859 1449 4914 His
1473 4876 1702 4931 quoque
1732 4877 1855 4914 ver-

179 4960 272 5015 bis
305 4953 592 5014 ostendit
621 4951 875 5006 multum
911 4950 1147 5021 quidem
1181 4948 1399 5004 distare
1428 4948 1856 5020 interlinguam

182 5054 242 5102 et
272 5041 689 5119 prophetiam,
716 5045 942 5095 tantum
967 5037 1231 5093 videlicet
1252 5038 1857 5109 interesse,quantum

383 5136 447 5166 3η
463 5128 813 5166 lanunlnfom
830 5129 1012 5166 nninu
1040 5131 1091 5166 of
1111 5126 1428 5166 manrnm
1464 5128 1855 5166 imnnmninm

184 5138 363 5166 ...κελαι

1945 3354 2207 3417 pretetur.
2245 3346 2315 3400 Se
2345 3345 2539 3417 ipsum
2572 3347 2745 3402 etiam
2780 3348 2895 3404 illis
2952 3352 3198 3421 praebuit
3236 3354 3591 3426 exemplum,

1952 3436 2091 3489 dum
2123 3435 2461 3505 subjunxit:
2497 3439 2656 3491 Nunc
2684 3446 2886 3508 autem,
2920 3442 3139 3509 fratres,
3198 3444 3249 3497 si
3300 3459 3494 3499 venero
3525 3446 3595 3500 ad

1951 3540 2041 3578 vos
2074 3524 2280 3594 linguis
2311 3525 2553 3597 loquens,
2584 3532 2690 3581 etc.
2724 3570 2742 3593 ,
2772 3530 2938 3599 quasi
2970 3530 3208 3586 diceret.
3254 3532 3315 3587 In
3349 3550 3442 3589 me
3470 3534 3593 3590 dis-

1953 3615 2062 3668 cite
2094 3614 2447 3685 exemplum,
2483 3614 2637 3684 quia,
2674 3616 2721 3671 si
2753 3634 2961 3674 venero
2989 3620 3057 3674 ad
3095 3636 3193 3676 vos
3231 3620 3449 3694 ignotis
3480 3622 3595 3677 lin-

1953 3702 2084 3774 guis
2114 3703 2378 3773 loquens,
2426 3703 2569 3758 nihil
2602 3706 2764 3760 vobis
2813 3709 3078 3777 prodere,
3118 3709 3455 3783 nulliusque
3502 3728 3599 3768 ero

1955 3792 2374 3858 aediﬁcationis,
2408 3792 2519 3846 nisi
2552 3798 2653 3847 aut
2685 3796 2997 3866 prOphetas
3053 3800 3217 3854 vobis
3249 3816 3593 3871 exposuero,

1955 3883 2057 3932 aut
2089 3878 2331 3933 moralia
2361 3880 2629 3947 docuero,
2656 3886 2757 3935 aut
2776 3882 2973 3954 aliqua
2996 3886 3221 3941 occulta
3244 3888 3587 3945 revelavero.

1958 3967 2023 4021 Et
2052 3967 2159 4021 hoc
2190 3972 2278 4022 est
2310 3968 2463 4038 quod
2499 3967 2676 4023 dicit:
2708 3972 2836 4025 Nisi
2884 3973 3077 4042 loquar
3130 3980 3227 4029 aut
3281 3978 3343 4030 in
3387 3980 3605 4033 revela-

1957 4057 2126 4127 tione,
2172 4065 2267 4110 aut
2308 4056 2564 4124 scientia,
2616 4062 2724 4113 etc.
2756 4060 2862 4113 Sed
2914 4060 3032 4115 haec
3080 4064 3278 4117 omnia
3309 4066 3378 4119 ad
3414 4083 3600 4121 unum

1958 4146 2282 4217 proiectum
2318 4145 2670 4215 referuntur,
2696 4148 2973 4219 quoniam
2998 4148 3093 4205 ille
3116 4151 3282 4206 docet
3307 4153 3406 4223 qui
3430 4153 3601 4209 intel-

1955 4233 2105 4305 ligit,
2138 4240 2195 4289 et
2226 4233 2322 4289 ille
2352 4234 2662 4306 prophetat
2694 4236 2792 4307 qui
2854 4238 3067 4293 revelat
3123 4242 3435 4312 mysteria:
3472 4260 3600 4314 qua:

1958 4322 2086 4377 ideo
2120 4322 2260 4395 agit,
2296 4322 2434 4393 quia
2465 4323 2767 4380 scientiam
2804 4325 2999 4383 habet.

2031 4412 2345 4482 Postquam
2371 4429 2431 4467 se
2449 4413 2695 4483 praebuit
2716 4416 3343 4488 exemplum,adjunxit
3367 4425 3423 4476 et
3446 4420 3606 4478 aliud

1962 4502 2031 4555 de
2054 4500 2551 4556 irrationabilibus
2570 4519 2635 4557 ac
2658 4502 3123 4561 insensibilibus.
3156 4508 3605 4581 Tamen,inquit,

1888 4615 1930 4677 Β
1962 4604 2086 4660 qui?
2114 4591 2233 4643 sine
2261 4591 2453 4644 anima
2483 4599 2613 4645 sunt
2645 4608 2821 4647 vocem
2850 4594 3072 4661 dantia,
3127 4600 3235 4651 etc.
3298 4604 3374 4653 Ac
3397 4598 3445 4651 si
3477 4598 3609 4654 aliis

1965 4679 2156 4733 verbis
2187 4678 2438 4734 diceret:
2476 4680 2534 4733 Si
2569 4680 2724 4749 tibia,
2788 4687 2888 4736 aut
2942 4684 3182 4752 cithara,
3242 4690 3345 4741 aut
3387 4684 3610 4754 aliquid

1965 4768 2104 4833 tale,
2130 4783 2242 4822 non
2266 4767 2633 4833 distinctum,
2666 4771 2766 4825 sed
2800 4772 3109 4826 contusum
3134 4773 3358 4831 dederit
3377 4789 3610 4842 sonum,

1970 4858 2187 4912 nullius
2218 4862 2390 4911 erunt
2423 4857 2716 4923 utilitatis,
2749 4862 2887 4932 quia
2917 4877 3088 4916 aures
3120 4881 3237 4919 non
3280 4858 3616 4917 demulcent

1971 4946 2357 5001 audientium.
2392 4946 2573 5001 Multo
2606 4949 2794 5018 magis
2824 4966 2926 5003 vos
2948 4949 3173 5007 nullius
3192 4950 3357 5008 eritis
3378 4944 3620 4999 {adiﬁca-

1971 5036 2169 5101 tionis,
2202 5039 2303 5090 aut
2336 5034 2604 5089 utilitatis
2631 5052 2643 5101 ;
2679 5038 2797 5094 nisi
2828 5039 2911 5092 ita
2936 5035 3290 5106 loquamini,
3322 5038 3387 5088 ut
3419 5029 3626 5084 intelli-

1974 5124 2189 5166 onmini
2249 5128 2560 5166 annitnrf
2624 5122 2838 5166 Ffpna'm
2900 5125 2949 5166 si

3000 5126 3207 5166 inportu
3218 5145 3266 5166 νη
3326 5134 3511 5166 uncam
3538 5116 3628 5166 (iet
