3990 5306
410 387 519 447 391

1424 382 1763 443 AT'I‘ONIS
1812 380 2394 442 VEHCELLENSIS
2443 380 2791 443 EPISCOPI

3691 384 3806 441 392

412 517 576 572 Initio
636 516 857 571 mensis
909 519 965 571 et
1016 515 1443 583 solemnitatis;
1504 516 1657 570 unde
1724 513 2054 570 Psalmista.
2088 515 2141 580 Α
2174 516 2399 585 poterat
2422 513 2575 569 idem
2605 514 2916 586 Apostolus
2971 515 3147 570 variis
3199 514 3414 588 linguis
3473 513 3659 586 loqui,
3692 519 3810 570 tam

410 607 617 677 Canite,
650 606 931 676 inquit,in
954 607 1117 661 initio
1133 608 1336 661 mensis
1359 606 1489 660 tuba
1514 605 1681 676 (644),
1713 608 1825 658 etc.
1866 604 1935 657 Et
1966 607 2055 658 est

411 712 648 752 sensus:
674 695 835 749 Sicut
855 695 1155 764 enim,nisi
1178 695 1321 749 tuba
1335 699 1554 749 certam
1574 692 1707 748 belli
1723 694 2051 759 detvocem,

411 801 581 840 nemo
611 801 673 840 se
704 789 987 855 praeparat
1009 784 1079 838 ad
1108 783 1326 838 bellum
1357 801 1370 850 ;
1396 784 1478 838 sic
1501 787 1558 837 et
1586 782 1748 836 vobis
1773 780 2057 852 loquenti-

411 874 544 940 bus,
576 873 689 927 nisi
722 874 801 927 ita
834 872 1179 944 loquamini,
1214 877 1277 927 ut
1308 871 1740 943 intelligamini,
1791 887 1960 926 nemo
1993 887 2055 925 se

412 966 697 1033 praeparat
717 962 785 1015 ad
803 960 1063 1033 spiritale
1075 960 1471 1015 certamen.Et
1491 959 1599 1014 hoc
1614 964 1700 1014 est
1713 960 1867 1029 quod
1883 958 2049 1014 dicit:

412 1052 497 1106 Ita
524 1054 575 1105 et
602 1066 713 1117 vos,
744 1054 848 1105 etc.

482 1139 995 1211 SequiturzEritis
1025 1139 1175 1193 enim
1234 1140 1294 1193 in
1340 1154 1469 1192 aere
1526 1137 1823 1209 loquentes,
1854 1136 1911 1190 id
1944 1140 2053 1200 est,

415 1229 581 1299 quasi
607 1233 773 1283 vento
794 1227 981 1282 inflati
1006 1244 1203 1282 vocem
1226 1227 1582 1281 emittentes.
1606 1226 1909 1296 Sequitur:
1932 1226 2057 1279 Tam

412 1318 609 1384 multa,
634 1321 697 1371 ut
713 1320 868 1389 puta,
890 1332 1100 1389 genera
1122 1317 1470 1385 linguarum,
1494 1320 1600 1369 etc.
1628 1314 1793 1369 Etest
1810 1330 2051 1369 sensus:

415 1405 473 1461 Si
489 1406 663 1461 etiam
682 1405 953 1459 omnibus
967 1405 1280 1477 generibus
1294 1403 1629 1475 linguarum
1648 1401 2054 1472 loqueremini,

415 1493 561 1549 nihil
583 1494 883 1565 prodesset
904 1493 1086 1563 vobis,
1114 1492 1227 1547 nisi
1248 1490 2051 1564 intelligeremini.Sequitur:

414 1583 478 1638 Si
494 1600 619 1651 ergo
641 1584 883 1638 nesciero
900 1583 1161 1637 virtutem
1182 1584 1353 1647 vocis,
1372 1585 1479 1636 etc.
1503 1580 1720 1635 Verum
1745 1584 1834 1635 est
1859 1597 1870 1634 :
1894 1580 2053 1651 quia,

414 1672 464 1727 si
492 1671 691 1743 ignota
713 1670 973 1742 qualibet
999 1670 1203 1741 lingua
1236 1668 1339 1724 tibi
1371 1668 1668 1740 loquatur,
1694 1673 1750 1722 et
1774 1668 1899 1740 ipse
1926 1667 2053 1734 tibi,

412 1764 469 1814 et
501 1764 559 1814 tu
594 1759 677 1813 illi
711 1760 997 1815 barbarus.
1032 1757 1097 1812 Et
1126 1762 1214 1812 est
1244 1774 1451 1813 sensus
1473 1774 1484 1812 :
1510 1757 1552 1812 Ο
1599 1756 1905 1827 Corinthii,
1938 1773 2053 1810 non

412 1849 769 1905 studendum
800 1852 887 1942 est
908 1844 1694 1942 linguis,u-tignotislinguis
1717 1846 2049 1942 loquentes,
2090 1878 2134 1942 B

413 1937 661 1993 invicem
692 1936 921 1991 barbari
954 1934 1290 2004 videamini,
1320 1934 1419 1990 sed
1450 1933 1645 2006 potius
1684 1934 1976 1997 charitati,
1996 1939 2059 1987 ut

415 2027 474 2081 in
498 2026 795 2082 communi
814 2023 1107 2079 intellectu
1130 2023 1427 2079 laetemini.
1455 2026 1819 2094 Quapropter
1848 2023 2057 2092 adjun-

415 2116 533 2171 xit:
568 2117 657 2171 Sic
680 2122 730 2171 et
760 2131 867 2181 vos,
899 2116 1158 2185 quoniam
1204 2114 1553 2169 aemulatores
1582 2114 1885 2183 spirituum
1913 2113 2055 2179 estis,

416 2205 473 2259 id
504 2208 591 2260 est
614 2203 1057 2275 linguarum,ad
1086 2202 1516 2270 aediﬁcationem
1564 2200 1800 2255 Ecclesia
1831 2202 2061 2270 quaBrite

416 2302 477 2348 ut
498 2292 882 2359 abundctisjd
904 2297 1011 2357 est,
1037 2290 1398 2362 prophetetis
1424 2308 1436 2356 ;
1458 2306 1523 2344 ac
1551 2290 1599 2344 si
1622 2290 1864 2344 dixisset
1890 2308 1902 2345 :
1924 2294 2059 2344 Pro-

416 2380 615 2453 phetia
639 2386 726 2435 est
750 2380 1108 2434 abundantia
1138 2379 1537 2433 a-dilicationis
1564 2384 1621 2433 et
1644 2378 2059 2443 utilitatis,non

418 2470 476 2524 in
508 2468 785 2525 varietate
806 2467 1161 2539 linguarum.
1201 2468 1561 2538 Quapropter
1594 2484 1727 2521 mox
1756 2467 2057 2538 sequitur:

420 2560 484 2613 Et
509 2558 630 2614 ideo
652 2560 747 2628 qui
767 2558 1009 2627 loquitur
1029 2557 1240 2626 lingua,
1273 2565 1391 2610 oret
1422 2556 1479 2609 id
1513 2561 1621 2623 est,
1655 2555 1929 2627 loquatur
1960 2557 2060 2622 ita,

419 2654 486 2702 ut
515 2648 963 2718 interpretetur;
999 2644 1118 2700 sive
1149 2648 1283 2715 oret,
1313 2645 1367 2698 id
1400 2650 1510 2711 est,
1545 2650 1811 2716 precetur
1842 2646 2052 2700 Deum.

414 2735 687 2809 Sequitur
715 2753 727 2791 :
751 2736 887 2790 Nam
916 2737 966 2790 si
992 2750 1141 2789 orem
1172 2736 1383 2804 lingua,
1416 2733 1473 2788 id
1527 2738 1634 2800 est,
1694 2733 1920 2804 loquar,
1950 2736 2062 2805 spi-

418 2829 557 2882 ritus
578 2841 745 2892 meus,
770 2824 827 2879 id
850 2829 960 2891 est,
982 2840 1091 2878 vox
1112 2840 1242 2878 mea
1262 2822 1540 2893 loquitur,
1564 2838 1719 2877 mens
1741 2827 1927 2877 autem
1945 2839 2063 2877 mea

420 2919 539 2971 sine
556 2918 744 2986 fructu
774 2922 872 2968 est.
897 2913 977 2967 De
1009 2912 1108 2966 illo
1140 2912 1403 2984 loquitur
1430 2910 1766 2982 Apostolus,
1800 2910 1898 2981 qui
1934 2911 2063 2975 hoc,

421 3005 575 3076 quod
607 3019 874 3058 sermone
905 3002 1141 3073 profert,
1202 3018 1315 3055 non
1348 2999 1621 3071 intelligit
1664 3005 1876 3065 mente,
1910 2999 2066 3055 velut

422 3092 611 3148 Latini
644 3091 901 3147 assolent
929 3089 1201 3145 delectari
1233 3106 1374 3144 sono
1428 3088 1639 3160 linguae
1691 3089 1920 3154 Graecae,
1963 3088 2063 3159 qui

421 3199 555 3238 cum
577 3180 846 3236 delectati
870 3178 1242 3250 sono,lingua
1260 3179 1453 3233 Grazca
1474 3178 1813 3248 loquuntur,
1836 3182 2059 3232 mentes

2164 619 2267 673 per
2312 609 2608 670 naturam,
2662 609 2724 658 ut
2772 604 3032 669 Hebraea,
3099 604 3262 676 Syra,
3320 602 3611 673 Chaldtea,
3643 608 3816 675 atque

2165 692 2384 758 Graeca,
2417 708 2596 763 quam
2628 697 2684 747 et
2716 692 2847 748 aliis
2878 709 2980 763 per
3008 694 3255 765 gratiam
3307 692 3562 764 Spiritus
3605 694 3813 757 sancti,

2165 789 2229 834 ut
2258 780 2443 835 cmteri
2476 780 2744 853 apostoli,
2779 782 2929 837 sicut
2960 782 3018 836 in
3054 781 3213 836 Actis
3242 798 3447 837 eorum
3480 781 3721 851 legitur.
3758 782 3822 835 Et

2166 870 2303 940 quia
2327 871 2515 940 gratia
2537 870 2871 942 linguarum
2892 871 3132 925 domum
3151 875 3237 926 est
3257 870 3509 941 Spiritus
3532 870 3823 936 saneti,ut

2164 959 2289 1030 ipse
2314 976 2492 1030 supra
2523 960 2799 1024 ostendit,
2832 960 2960 1014 ideo
2994 960 3139 1014 bene
3167 959 3385 1030 gratias
3420 960 3529 1014 Deo
3564 957 3708 1030 agit.

2236 1047 2513 1119 Sequitur
2537 1066 2550 1111 ;
2571 1049 2679 1104 Sed
2700 1050 2757 1103 in
2780 1047 3156 1104 Ecclesiavolo
3186 1050 3422 1120 quinque
3449 1049 3617 1103 verba
3650 1064 3821 1103 sensu

2165 1153 2280 1191 meo
2313 1138 2485 1206 loqui,
2518 1141 2626 1191 etc.
2659 1137 3016 1209 Simpliciter
3040 1136 3203 1192 locus
3234 1137 3343 1192 iste
3388 1136 3819 1209 intelligendus

2167 1230 2276 1281 est.
2311 1224 2396 1279 Illi
2429 1241 2584 1291 vero,
2619 1225 2719 1297 qui
2750 1224 3045 1281 subtiliter
3103 1225 3507 1290 discutientes,
3553 1226 3819 1297 quinque

2163 1314 2337 1369 verba
2366 1313 2567 1369 dicunt
2598 1314 2857 1386 quinque
2891 1314 3071 1386 Moysi
3103 1314 3284 1369 libros
3335 1314 3695 1387 signiﬁcare,
3730 1314 3819 1369 di-

2166 1406 2301 1457 cant
2332 1419 2565 1457 necesse
2595 1407 2682 1457 est
2715 1402 2854 1474 quid
2886 1403 3067 1458 decem
3084 1402 3276 1458 millia
3292 1403 3806 1476 signiﬁcent.Ergo

2168 1508 2273 1547 nos
2303 1490 2647 1562 simpliciter
2676 1508 2778 1563 per
2807 1492 3067 1563 quinque
3096 1494 3267 1547 verba
3300 1493 3533 1547 brevem
3594 1491 3815 1547 intelli-

2164 1596 2375 1651 gamus
2408 1580 2727 1634 orationem
2754 1605 2767 1644 ;
2803 1596 2904 1650 per
2932 1580 3131 1635 decem
3166 1579 3370 1651 millia,
3403 1579 3715 1651 prolixam.
3753 1580 3820 1635 Et

2165 1674 2254 1723 est
2274 1684 2481 1723 sensus
2510 1684 2523 1724 :
2559 1667 2709 1723 Malo
2742 1669 3002 1740 quinque
3032 1670 3208 1724 verba
3234 1686 3411 1725 sensu
3445 1686 3597 1737 meo,
3622 1670 3684 1724 id
3704 1675 3812 1731 est,

2164 1759 2393 1813 brevem
2428 1758 2749 1813 orationem
2783 1758 3129 1829 simpliciter
3174 1764 3230 1815 et
3280 1759 3586 1814 manifeste
3630 1760 3819 1813 facere

2166 1848 2237 1902 ad
2269 1846 2502 1901 illorum
2546 1847 2985 1903 aediﬁcationem
3019 1853 3075 1901 et
3106 1848 3378 1911 salutem,
3411 1864 3592 1919 quam
3614 1848 3817 1902 decem

2168 1934 2353 1991 millia
2372 1936 2679 1990 verborum
2705 1936 2926 2008 lingua,
2961 1936 3018 1990 id
3048 1940 3156 2000 est,
3191 1935 3413 1991 occulte
3459 1938 3649 1991 facere
3696 1952 3821 2007 pro-

2168 2025 2366 2080 lixam.
2405 2024 2509 2079 Ubi
2543 2029 2856 2080 monentur
2909 2024 3244 2080 scholastici
3291 2024 3723 2096 praedicatores,
3758 2030 3819 2079 ut

2170 2114 2227 2169 in
2261 2113 2671 2187 praedicatione
2703 2130 2814 2168 non
2848 2131 3016 2169 suam
3050 2118 3312 2185 quaerant
3343 2114 3818 2179 ostentationem,

2172 2204 2270 2258 sd
2320 2219 2558 2257 suorum
2605 2203 2935 2257 auditorum
2988 2202 3399 2273 perfectionem
3448 2208 3506 2256 et
3536 2202 3813 2266 salutem,

2242 2292 2553 2362 Sequitur:
2588 2294 2821 2354 Fratres,
2844 2292 3185 2361 nolitepueri
3209 2292 3356 2361 efﬁci
3405 2292 3681 2359 sensibus,
3713 2298 3815 2346 etc.

2174 2381 2318 2436 Puer
2341 2380 2497 2435 enim
2531 2380 2855 2434 imitandus
2876 2385 2964 2434 est
2987 2380 3359 2451 simplicitate
3380 2385 3437 2434 et
3466 2380 3816 2443 innocentia,

2164 2472 2330 2541 juxta
2363 2469 2489 2535 hoc,
2523 2470 2675 2539 quod
2710 2470 2989 2524 Dominus
3038 2469 3096 2522 in
3155 2468 3459 2540 Evangelio
3518 2471 3642 2526 ait:
3696 2472 3819 2524 Nisi

2170 2560 2419 2614 conversi
2447 2558 2772 2627 efﬁcio-mini
2801 2562 2859 2612 ut
2884 2559 3115 2629 parvuli
3143 2558 3367 2625 (Matth.
3398 2575 3559 2628 xvm,
3595 2559 3673 2628 3),
3708 2563 3815 2613 etc.

2170 2648 2384 2702 Verum
2418 2663 2544 2717 quae
2578 2647 2653 2701 sit
2684 2646 3016 2701 innocentia
3048 2646 3293 2718 parvuli,
3321 2648 3445 2716 jam
3478 2652 3681 2717 patet;
3715 2648 3814 2702 sed

2173 2737 2281 2791 hoc
2314 2735 2632 2803 sciendum,
2668 2736 2806 2805 quia
2834 2734 2935 2790 illa
2966 2740 3055 2790 est
3085 2752 3216 2791 vera
3237 2734 3610 2806 simplicitas,
3645 2752 3817 2807 quam

2174 2824 2484 2881 comitatur
2513 2824 2858 2895 prudentia:
2894 2825 3048 2878 unde
3079 2825 3147 2879 de
3205 2825 3458 2895 quodam
3507 2824 3639 2879 viro
3662 2825 3817 2894 justo

2173 2914 2393 2969 dictum
2417 2918 2504 2968 est
2528 2928 2539 2967 :
2567 2912 2812 2983 Simplex
2838 2917 2888 2967 et
2939 2921 3114 2968 rectus
3154 2913 3297 2984 (Job.
3349 2931 3408 2978 II,
3457 2914 3540 2983 3),
3576 2912 3817 2985 simplex

2173 3006 2408 3075 propter
2438 3001 2853 3069 innocentiam,
2888 3006 3081 3056 rectus
3115 3008 3351 3073 propter
3406 3002 3815 3073 prudentiam:

2174 3109 2308 3147 nam
2334 3108 2450 3146 una
2470 3091 2596 3146 sine
2627 3090 2810 3146 altera
2833 3090 3031 3145 haberi
3055 3107 3170 3146 non
3198 3095 3405 3161 potest.
3437 3095 3503 3146 Et
3521 3091 3655 3146 ideo
3678 3098 3819 3146 utra-

2173 3197 2284 3252 que
2314 3181 2582 3235 habenda
2615 3184 2770 3247 sunt,
2795 3184 2860 3234 ut
2886 3178 3237 3251 simplicitas
3262 3180 3550 3235 relevetur
3570 3180 3815 3253 pruden-

421 3288 623 3328 eorum
640 3270 839 3326 alienae
861 3287 894 3325 a
915 3240 1106 3324 fructu
1128 3240 1479 3323 redduntur.
1504 3240 1758 3321 Fuerunt
1780 3266 1879 3336 qui
1904 3266 2060 3321 dixe-
2094 3240 2136 3306 Ο
2175 3240 2275 3335 tia,
2308 3274 2365 3323 et
2391 3267 2700 3339 prudentia
2730 3240 3087 3339 temperetur
3143 3267 3546 3339 simplicitate.
3571 3240 3740 3324 ‘Hinc
3768 3274 3822 3322 et

422 3365 561 3415 runt
590 3358 930 3430 Apostolum
962 3357 1034 3411 de
1055 3356 1152 3412 illo
1177 3356 1385 3427 spiritu
1408 3355 1645 3424 dixisse,
1671 3354 1768 3425 qui
1789 3354 1849 3407 in
1873 3353 2061 3424 bapti-

420 3454 607 3505 smate
634 3446 935 3501 tribuitur.

492 3535 768 3607 Sequitur
794 3551 806 3589 :
860 3535 1006 3602 Quid
1034 3548 1157 3602 ergo
1199 3535 1323 3587 est?
1350 3531 1527 3588 Orabo
1558 3534 1784 3603 spiritu,
1818 3532 1985 3585 orabo
2013 3539 2064 3584 et

423 3634 621 3693 mente,
641 3629 783 3680 etc.:
814 3622 1109 3693 nisi,quod
1134 3638 1230 3676 ore
1252 3621 1476 3692 loquar,
1503 3620 1824 3690 intelligam
1851 3622 2066 3685 mente,

426 3721 484 3772 et
516 3714 670 3786 quod
691 3728 828 3767 voce
849 3709 1118 3783 psallam,
1140 3709 1405 3781 cogitabo
1428 3715 1485 3763 et
1504 3709 1674 3763 corde
1698 3709 1724 3761 ‘l
1746 3708 1908 3762 Tunc
1931 3723 2065 3762 vero

427 3804 560 3875 quis
585 3804 733 3858 bene
764 3799 980 3873 psallit,
1015 3804 1115 3853 aut
1148 3803 1292 3863 orat,
1327 3799 1559 3870 quando
1614 3814 1721 3851 vox
1759 3796 2067 3867 intentioni

427 3892 761 3948 concordat.
795 3892 1175 3960 Quapropter,
1209 3887 1348 3959 quia
1368 3886 1679 3958 Apostolus
1702 3886 1958 3941 ostendit
1979 3901 2067 3939 re-

430 3981 712 4046 medium,
744 3982 809 4034 ut
841 3995 1006 4035 mens
1039 3995 1150 4033 non
1179 3977 1257 4033 sit
1288 3977 1413 4032 sine
1446 3978 1659 4041 fructu,
1686 3980 1956 4031 monetur
1977 3973 2068 4029 his

426 4070 619 4125 verbis
642 4067 1293 4140 unusquisque,utdum
1319 4066 1649 4139 procumbit
1673 4064 1742 4120 ad
1759 4064 2065 4132 orandum,

430 4159 548 4215 sive
577 4162 712 4225 stat,
739 4157 826 4213 vel
849 4156 1026 4213 etiam
1051 4157 1119 4210 ad
1145 4153 1536 4227 psallendum,
1561 4152 1793 4223 colligat
1814 4156 2067 4207 mentem

430 4264 621 4316 suam,
646 4252 703 4303 et
725 4263 839 4301 non
860 4246 1015 4301 sinat
1036 4259 1164 4299 eam
1183 4260 1285 4314 per
1300 4242 2070 4311 diversavagare,quatenus

429 4354 544 4392 non
577 4336 766 4390 fructu
791 4335 1071 4406 privetur.

503 4426 809 4493 Sequitur:
847 4422 1117 4478 Caeterum
1164 4421 1217 4473 si
1274 4418 1643 4473 benedixeris.
1706 4416 2075 4473 Benedicitur

434 4512 720 4582 quidquid
746 4510 1069 4565 secundum
1089 4506 1379 4578 aequitatis
1395 4507 1656 4579 regulam
1683 4506 1928 4573 dicitur;
1954 4505 2071 4562 sive

2173 3357 2456 3412 Dominus
2480 3356 2536 3410 in
2585 3356 2933 3427 Evangelio:
2993 3358 3168 3413 Estote
3209 3358 3508 3428 prudentes
3537 3359 3678 3412 sicut
3707 3372 3821 3411 ser-

2168 3454 2352 3517 pentes
2384 3445 2591 3515 (Matth.
2626 3463 2680 3515 x,
2716 3446 2827 3515 16),
2860 3450 2967 3500 etc.
2994 3446 3061 3499 Et
3082 3447 3222 3517 quia
3241 3463 3384 3518 puer
3413 3446 3667 3513 malitia,
3701 3462 3821 3500 non

2174 3551 2347 3589 sensu
2368 3534 2688 3588 imitandus
2708 3538 2814 3599 est,
2838 3534 3177 3605 subjunxit:
3204 3535 3461 3591 Sensibus
3480 3540 3673 3591 autem
3698 3551 3825 3606 per-

2173 3626 2302 3695 fecti
2331 3626 2511 3678 estote.

2245 3711 2558 3781 Sequitur:
2592 3713 2655 3765 In
2693 3712 2806 3781 lege
2852 3711 3115 3782 scriptum
3145 3722 3266 3768 est:
3300 3716 3576 3782 Quoniam
3607 3717 3673 3769 in
3703 3715 3825 3769 aliis

2177 3801 2402 3871 linguis,
2434 3803 2485 3855 et
2512 3800 2644 3854 aliis
2674 3801 2837 3855 labiis
2868 3800 3067 3871 loquar
3113 3803 3248 3873 (Isa.
3309 3820 3508 3869 xxvm,
3568 3804 3688 3871 11),
3719 3809 3821 3859 etc.

2174 3888 2315 3943 Aliis
2337 3888 2555 3960 linguis
2586 3891 2644 3942 et
2673 3888 2844 3944 labiis
2869 3889 3129 3961 loquitur
3150 3890 3454 3960 Dominus,
3480 3893 3656 3961 juxta
3676 3892 3823 3963 quod

2177 3995 2278 4049 per
2310 3976 2653 4049 prophetam
2686 3977 2826 4032 dicit
2854 3995 2866 4032 :
2900 3979 3118 4033 Feriam
3172 3995 3295 4035 cum
3351 3980 3506 4036 domo
3565 3983 3751 4036 Israel
3779 3982 3825 4033 et

2178 4067 2339 4123 domo
2366 4066 2510 4120 Iuda
2538 4068 2756 4135 pactum
2781 4067 2911 4133 (Jer.
2946 4084 3102 4133 xxxx,
3132 4068 3245 4139 31),
3278 4074 3384 4124 etc.
3438 4068 3610 4124 Videt
3665 4085 3833 4123 nam-

2180 4171 2291 4226 que
2323 4154 2540 4224 aliquis
2564 4154 2804 4207 Judaeus
2838 4158 3015 4208 Deum
3052 4155 3181 4211 aliis
3212 4156 3429 4229 linguis
3472 4157 3663 4229 loqui,
3697 4159 3830 4212 dum

2181 4241 2684 4307 circumcisionem
2703 4241 2866 4295 audit
2885 4242 3029 4296 nihil
3052 4245 3349 4315 prodesse,
3371 4246 3704 4301 Sabbatum
3724 4262 3833 4301 non

2182 4331 2494 4401 observari,
2519 4330 2845 4403 prohibitos
2868 4332 3029 4389 cibos
3051 4333 3292 4390 licenter
3311 4335 3559 4400 comedi,
3584 4335 3830 4392 Neome-

2183 4422 2433 4486 uiarum,
2460 4423 2635 4490 atque
2657 4419 3541 4496 Kalendarum,caeterarumque
3558 4424 3834 4480 solemni-

2183 4514 2371 4567 tatum
2393 4508 2810 4565 celebrationes
2870 4516 3201 4579 evacuatus,
3236 4528 3302 4567 ac
3343 4513 3557 4567 diversi
3593 4514 3833 4585 generis

433 4599 728 4655 benedicis
759 4599 899 4653 dum
927 4597 1202 4668 precaris,
1236 4596 1321 4651 vel
1349 4613 1540 4669 rogas,
1575 4595 1661 4651 vel
1683 4600 1834 4651 certe
1858 4597 2073 4651 sancti-
2104 4604 2151 4667 Ι)
2183 4598 2468 4654 sacrificia
2496 4598 2566 4652 ad
2601 4598 2874 4669 mysteria
2899 4601 3161 4672 corporis
3192 4606 3249 4655 et
3278 4601 3588 4674 sanguinis
3645 4602 3834 4675 ipsius

436 4690 597 4744 lices.
632 4690 778 4760 Ergo
807 4688 857 4741 si
890 4687 1161 4741 benedicis
1188 4687 1409 4757 spiritu,
1444 4685 1500 4739 id
1533 4690 1621 4740 est
1648 4702 1804 4753 voce,
1829 4687 1967 4756 quia
1995 4684 2076 4739 al-

435 4783 523 4833 ter
554 4794 667 4832 nou
692 4774 984 4846 intelligit,
1012 4776 1136 4845 quis
1164 4776 1377 4845 supplet
1410 4775 1586 4829 locum
1634 4774 1844 4840 idiotw,
1880 4773 1933 4827 id
1968 4778 2076 4839 est,

2186 4686 2485 4742 transisse.
2512 4686 2622 4741 Sed
2644 4703 2825 4757 quare
2855 4686 2984 4743 aliis
3017 4689 3478 4761 linguislocutus
3502 4691 3641 4746 est?
3663 4691 3830 4746 Vide-

2187 4776 2339 4846 licet,
2370 4780 2433 4830 nt
2461 4775 2779 4829 crederent.
2840 4777 3002 4840 Quod
3060 4778 3416 4845 manifestat,
3472 4796 3607 4834 cum
3655 4779 3832 4835 dicit:

439 4867 570 4937 quis
601 4864 944 4933 orationem,
979 4865 1181 4933 quisve
1202 4867 1333 4917 tuas
1356 4860 2081 4931 conﬁrmabitpreces?Et
2188 4866 2290 4922 Nec
2336 4866 2414 4918 sic
2471 4863 2729 4918 exaudiet
2775 4881 2879 4931 me,
2936 4865 3068 4920 dicit
3116 4867 3391 4922 Dominus.
3448 4873 3576 4939 Ipse
3627 4883 3837 4940 nempe

438 4954 547 5009 hoc
578 4957 667 5009 est
695 4952 850 5025 quod
921 4952 1096 5007 dicit:
1158 4951 1428 5020 Quomodo
1481 4951 1639 5019 dicet,
1692 4967 1872 5017 amen,
1917 4965 2083 5021 super
2191 4952 2444 5025 populus
2474 4952 2692 5023 sprevit
2722 4948 3119 5024 Evangelium,
3153 4954 3538 5011 nihilominus
3568 4962 3834 5012 contem-

440 5048 589 5084 hmm
630 5042 1049 5084 benmiinﬁnnam
1075 5044 1097 5078 9
1126 5045 1241 5084 Ηηρ
1272 5045 1361 5084 est
1441 5056 1552 5084 nnn
1614 5038 1763 5084 dinei.
1795 5038 1893 5084 fiat.
1946 5055 2080 5084 mm-

2191 5044 2307 5084 ncit
2356 5042 2542 5084 “omne
2572 5040 2784 5084 lin/mm
2814 5042 2873 5084 in
2894 5044 3115 5084 sianum
3141 5052 3269 5084 sunt
3322 5048 3409 5084 pln
3464 5044 3835 5084 nnnunatndn
