3990 5306
171 414 275 477 393

722 412 1141 473 EXPOSITIO
1184 412 1262 471 IN
1310 410 1730 473 EPISTOLAS
1776 408 2033 471 PAULI.
2067 443 2143 453 —
2174 412 2249 470 lN
2298 412 2545 473 EPIST.
2592 414 2615 471 Ι
2660 414 2764 473 AD
2810 414 2986 475 COB.

3441 418 3557 477 394

171 546 295 605 dicit
319 546 630 617 Apostolus
664 562 677 599 :
723 548 954 616 Lingua?
983 548 1040 601 in
1072 548 1313 617 signum,
1348 549 1488 612 etc.;
1518 545 1802 617 prophetia
1833 545 1884 611 Α
1922 543 2108 599 noluit
2142 545 2407 600 funditus
2436 563 2534 601 eos
2566 546 2636 602 ab
2669 545 2777 600 hoc
2810 544 3135 617 prohibere,
3168 562 3239 600 ne
3270 546 3414 602 forte
3457 548 3560 603 sti-

166 646 331 694 autem
374 652 485 691 non
534 635 872 708 inﬁdelibus,
904 637 998 691 sed
1045 636 1318 705 ﬁdelibus.
1352 636 1578 700 Quibus
1609 635 1799 689 verbis

166 725 399 783 ostendit
431 742 701 797 magnam
727 741 855 780 esse
880 724 1220 780 distantiam
1255 724 1407 779 inter
1432 724 1717 795 linguam,
1745 727 1802 778 et

166 814 536 888 prophetiam,
570 814 837 870 videlicet
868 831 983 870 non
1017 814 1211 870 solum
1245 814 1302 868 in
1334 813 1668 882 utilitatem,
1698 812 1799 866 sed

167 904 322 960 etiam
374 902 434 957 in
484 903 958 975 perpetuitatem.
1008 904 1070 957 1n
1128 902 1444 957 utilitatem
1493 900 1801 973 pr0phetia

168 991 440 1065 praecellit,
473 993 615 1063 quia
666 991 775 1046 illa:
827 1008 928 1062 pro
982 990 1339 1057 inﬁdelibus,
1371 991 1494 1045 haec
1526 989 1799 1045 fidelibus

170 1084 350 1148 datur;
379 1082 437 1136 in
466 1080 1092 1154 perpetuitatem,quia
1118 1080 1225 1135 illac
1249 1085 1501 1149 cessant,
1527 1080 1646 1135 hac
1668 1095 1799 1134 vero

169 1171 432 1235 manebit,
466 1170 728 1243 quandiu
764 1169 1228 1242 peregrinabitur
1260 1170 1531 1225 Ecclesia.

227 1259 494 1330 Sequitur
526 1278 537 1314 :
595 1260 655 1315 Si
691 1275 815 1330 ergo
856 1261 1141 1315 conveniat
1172 1261 1429 1315 universa
1458 1259 1709 1315 Ecclesia
1739 1258 1797 1312 in

165 1366 335 1420 unum,
366 1353 480 1404 etc.
511 1349 583 1403 Et
612 1353 701 1404 est
730 1365 941 1404 sensus
969 1365 981 1403 :
1020 1348 1078 1403 Si
1110 1364 1315 1404 omnes
1348 1348 1403 1402 in
1441 1364 1628 1402 unum
1661 1363 1797 1402 con-

164 1438 410 1504 veniatis,
447 1444 503 1493 et
531 1454 737 1494 omnes
767 1436 987 1510 linguis
1018 1437 1345 1509 loquamini
1376 1436 1615 1508 ignotis,
1648 1454 1797 1491 nun-

163 1527 281 1600 quid
313 1543 433 1583 non
464 1526 677 1583 dabitis
709 1527 1073 1584 occasionem
1107 1524 1622 1597 reprehendendi?
1653 1527 1799 1590 Quo-

162 1617 297 1673 niam
327 1616 373 1669 si
417 1616 634 1671 intrent
663 1616 877 1681 idiotae,
901 1621 999 1670 aut
1031 1614 1321 1679 infideles,
1353 1615 1549 1670 dicent
1577 1632 1677 1669 vos
1708 1614 1795 1669 in-

158 1705 327 1762 sanire
357 1708 426 1759 et
454 1709 717 1761 amentes
747 1721 897 1760 esse.
932 1706 989 1760 Si
1026 1708 1221 1760 autem
1254 1720 1458 1760 omnes
1488 1704 1795 1775 prophete-

157 1794 237 1859 tis,
267 1796 318 1848 et
364 1792 598 1849 intrent
645 1791 856 1859 idiotas,
889 1797 991 1847 aut
1037 1791 1325 1859 inﬁdeles,
1357 1793 1699 1847 convincitur
1730 1793 1796 1847 ab

1913 634 2119 688 mulati
2154 635 2471 691 deteriores
2521 637 2843 704 fierentheo
2895 636 3048 706 quod
3100 635 3397 690 crederent
3448 636 3559 692 dici

1912 722 2019 778 hoc
2052 723 2405 779 invidentia:
2441 726 2913 780 condescendens
2944 724 3237 779 concessit
3264 724 3377 779 illis
3398 725 3560 797 loqui

1911 810 2153 882 linguis,
2183 829 2314 868 cum
2349 813 2467 867 ait:
2502 813 2628 868 Sive
2651 815 2843 884 lingua
2874 815 2993 885 quis
3016 813 3277 883 loquitur.
3303 814 3372 868 Et
3402 819 3559 883 nota,

1913 918 2089 972 quam
2125 907 2463 973 temperate.
2498 902 2807 957 Secundum
2846 903 2998 969 duos,
3034 902 3243 974 inquit,
3276 912 3372 957 aut
3417 904 3561 957 mul-

1912 994 2030 1044 tum
2060 994 2189 1055 tres,
2213 996 2269 1046 et
2298 991 2404 1046 hos
2435 1009 2547 1046 non
2578 990 2772 1057 simul,
2798 992 2897 1046 sed
2925 1008 3025 1064 per
3048 1000 3251 1062 partes.
3279 992 3411 1046 Ideo
3444 1010 3556 1047 non

1912 1096 2117 1135 omnes
2149 1081 2453 1151 concessit,
2490 1098 2559 1134 ne
2590 1082 2794 1135 darent
2827 1080 3160 1135 infidelibus
3192 1081 3556 1136 occasionem

1911 1168 2373 1238 reprehendendi
2405 1186 2417 1223 :
2450 1169 2693 1239 ideoque
2725 1186 2839 1223 non
2872 1169 3043 1223 etiam
3077 1173 3195 1224 tres
3225 1169 3423 1240 simul,
3454 1170 3553 1225 sed

1910 1256 2105 1327 potius
2137 1261 2200 1311 ut
2230 1258 2409 1312 altero
2442 1257 2731 1328 loquente,
2767 1257 2913 1312 alter
2943 1262 3148 1324 taceat,
3182 1274 3252 1313 ne
3292 1258 3437 1313 forte
3469 1263 3555 1313 to-

1909 1348 2034 1399 tum
2068 1350 2418 1417 occuparent
2446 1346 2621 1413 diem,
2658 1351 2715 1401 et
2745 1363 2859 1401 non
2894 1347 3129 1401 daretur
3173 1346 3419 1402 facultas
3470 1347 3555 1401 lo-

1912 1434 2126 1505 quendi
2161 1435 2230 1489 ad
2262 1434 2727 1490 aediﬁcationem.
2752 1436 2821 1489 Et
2843 1440 2996 1502 nota,
3022 1436 3159 1507 quia
3180 1436 3261 1491 ita
3288 1435 3395 1491 hoc
3421 1453 3557 1492 con-

1910 1522 2081 1588 cedit,
2106 1528 2169 1576 ut
2192 1523 2343 1578 adsit
2365 1522 2459 1593 qui
2486 1525 2893 1595 interpretetur,
2918 1524 3199 1596 alioquin,
3227 1525 3351 1592 sibi,
3375 1534 3427 1580 et
3454 1526 3557 1581 solt

1908 1612 2015 1665 Deo
2040 1610 2317 1683 loquatur.
2337 1612 2504 1678 Nota,
2532 1612 2669 1684 quia
2700 1613 2970 1667 similiter
2990 1618 3215 1669 certum
3242 1630 3556 1670 numerum

1910 1701 2072 1771 ponit
2103 1700 2174 1755 de
2208 1700 2529 1772 prophetis.
2566 1701 2873 1774 Prophetas,
2909 1701 3119 1772 inquit,
3153 1703 3278 1771 duo,
3311 1711 3407 1758 aut
3451 1712 3557 1759 tres

1906 1788 2090 1845 dicant
2119 1790 2284 1859 (647).
2313 1792 2501 1855 Quare
2534 1807 2647 1844 non
2673 1807 2876 1845 omnes
2898 1790 2924 1844 ?
2955 1789 3256 1859 Videlicet,
3278 1796 3342 1846 ut
3368 1791 3553 1847 caeteri

154 1882 415 1949 omnibus,
442 1881 787 1953 dijudicalur
815 1882 884 1937 ab
913 1882 1169 1937 omnibus
1195 1900 1213 1935 :
1246 1880 1536 1948 videlicet,
1561 1881 1794 1937 convin-
1826 1916 1872 1981 Β
1906 1878 2283 1951 interrogent.
2320 1880 2385 1934 Et
2415 1878 2523 1935 hoc
2552 1883 2656 1945 est,
2692 1879 2845 1950 quod
2880 1879 3149 1950 adjunxit
3181 1898 3193 1936 :
3242 1880 3439 1937 Crateri
3465 1882 3553 1937 di-

158 1973 306 2040 citur,
336 1975 393 2027 et
430 1971 814 2042 dijudicatur,
849 1971 989 2042 quia
1019 1970 1293 2042 intelligit
1326 1987 1387 2025 se
1437 1970 1703 2042 intelligi,
1738 1976 1795 2027 et
1826 1967 2147 2038 "judicent
2177 1984 2195 2020 :
2229 1968 2335 2022 hoc
2366 1972 2472 2035 est,
2506 1968 2551 2022 si
2588 1968 2807 2039 aliquid
2839 1967 3154 2039 occultum,
3189 1974 3292 2025 aut
3321 1974 3549 2026 contra-

164 2060 448 2116 manifeste
482 2061 677 2116 omnia
704 2077 840 2115 vera
868 2078 996 2115 esse
1037 2061 1303 2133 agnoscit
1332 2076 1458 2132 qua:
1493 2060 1790 2115 dicuntur.

167 2149 466 2221 Sequitur:
522 2150 587 2205 Et
635 2150 845 2205 occulta
895 2149 1078 2206 cordis
1134 2152 1427 2218 manifesta
1482 2150 1641 2219 ﬁunt.
1694 2149 1793 2204 His

170 2238 481 2294 manifestat
505 2238 715 2303 verbis,
739 2240 880 2309 quia
900 2238 1204 2310 prophetia
1226 2255 1340 2293 non
1365 2242 1453 2293 est
1474 2237 1793 2293 solummo-

174 2328 234 2382 do
260 2328 444 2383 futura
478 2328 811 2399 praedicere,
844 2328 943 2382 sed
995 2327 1171 2383 etiam
1205 2326 1451 2393 occulta,
1488 2326 1795 2398 presentia

174 2420 473 2471 monstrare
507 2434 519 2470 :
572 2432 730 2482 nam,
766 2415 919 2470 sicut
949 2416 1020 2470 ab
1065 2414 1251 2471 oculis
1284 2414 1499 2471 nostris
1532 2431 1650 2470 rem
1684 2414 1795 2469 ali-

166 2520 317 2574 quam
360 2510 631 2576 tempora
678 2504 876 2559 futura
924 2504 1219 2560 occultant
1269 2505 1353 2560 sic
1402 2509 1459 2559 et
1507 2503 1792 2560 mentium

163 2590 507 2658 abscondita,
534 2597 590 2646 et
612 2591 872 2647 locorum
894 2592 1177 2648 absentia.
1204 2592 1347 2647 Hinc
1373 2592 1636 2663 estquod
1666 2592 1796 2647 bea-

158 2683 241 2734 tus
261 2697 409 2752 papa
424 2680 741 2752 Gregorius
758 2680 1004 2751 loquens
1021 2682 1090 2735 de
1117 2681 1429 2752 generibus
1452 2680 1791 2751 prophetiae,

153 2783 323 2823 unum
344 2785 535 2840 genus
556 2786 683 2824 esse
716 2769 859 2824 dicit
880 2770 1171 2839 ejusdem,
1196 2768 1423 2824 occulta
1445 2768 1636 2823 cordis
1670 2786 1793 2823 ma-

147 2856 415 2913 nifestare
442 2882 457 2924 ;
490 2857 591 2928 qui
618 2857 791 2912 etiam
826 2857 897 2912 ad
922 2858 1427 2913 confirmationem
1457 2875 1573 2912 sua:
1599 2874 1796 2913 narra-

144 2946 312 3001 tionis
340 2946 457 3002 hoc
479 2945 743 3017 Apostoli
764 2945 1090 3016 assumpsit
1109 2944 1462 3017 exemplum.
1488 2946 1796 3017 Prophetia

100 3030 221 3090 'est
249 3034 434 3099 enim,
468 3052 593 3105 quze
620 3033 757 3088 alibi
784 3038 1088 3105 geruntur,
1113 3050 1245 3088 cum
1273 3050 1390 3088 non
1418 3034 1493 3087 sit
1519 3050 1793 3105 praesens,

136 3123 476 3179 ostendere.
502 3122 665 3177 Sicut
695 3121 767 3176 de
793 3120 981 3176 Eliseo
1006 3121 1238 3193 legitur,
1263 3122 1359 3193 qui
1386 3120 1525 3177 alibi
1548 3122 1793 3194 positus,

138 3211 283 3283 quid
308 3208 456 3265 alibi
483 3227 686 3265 servus
707 3210 837 3281 ejus
856 3209 1009 3265 Giezi
1034 3211 1280 3283 gesserit
1302 3211 1535 3282 agnovit
1557 3212 1602 3281 (Ι
1614 3213 1648 3266 ν
1666 3214 1789 3282 Reg.

138 3318 189 3368 v,
224 3299 342 3369 26).
377 3299 656 3369 Sequitur
689 3316 701 3352 :
733 3299 797 3353 Et
827 3300 907 3352 ita
937 3302 1133 3354 cadens
1164 3301 1221 3354 in
1254 3303 1457 3355 terram
1489 3300 1636 3370 (645)
1667 3301 1795 3356 ado-
1828 3284 1869 3350 C

142 3389 288 3444 rabil
309 3389 485 3443 Deum
506 3406 528 3451 ;
558 3387 697 3459 quia
724 3386 870 3441 nihil
904 3388 1067 3441 audit
1088 3388 1428 3453 obscurum,
1459 3389 1604 3443 nihil
1640 3394 1797 3445 tene-

145 3478 406 3543 brosum,
425 3475 574 3531 nihil
594 3476 879 3539 facetum,
895 3475 1156 3547 nihilque
1180 3476 1601 3548 duplum,nihil
1621 3478 1795 3534 etiam

143 3566 418 3629 velatum.
448 3581 551 3620 ceu
586 3565 645 3619 in
677 3564 966 3619 idolorum
1004 3566 1176 3620 fanis.
1211 3566 1506 3622 [dolorum
1541 3584 1795 3639 namque

146 3656 473 3711 sacerdotes
514 3653 702 3710 solent
742 3654 932 3709 velare
981 3653 1157 3710 facies
1206 3654 1535 3721 hominum,
1570 3662 1633 3711 ut
1679 3675 1791 3713 non

148 3744 372 3799 videant
398 3742 743 3810 falsitatem;
769 3758 799 3797 e
822 3743 1111 3799 contrario
1124 3744 1400 3813 Ecclesia,
1417 3745 1554 3816 quia
1570 3744 1792 3801 nullam

152 3832 315 3889 habet
347 3832 691 3901 falsitatem,
726 3832 827 3887 sed
859 3848 1093 3887 omnem
1124 3832 1452 3901 veritatem,
1486 3851 1601 3889 non
1648 3834 1796 3889 velat

153 3920 340 3977 oculos
358 3937 527 3986 suos,
543 3921 641 3976 sed
668 3919 861 3991 potius
878 3924 1045 3991 rogat
1062 3923 1126 3973 ut
1142 3921 1501 3991 aperiantur,
1516 3922 1790 3977 dicendo:

149 4011 330 4067 Revela
355 4012 546 4068 oculos
576 4013 787 4065 nostros
817 4007 996 4078 (Psal.
1024 4025 1220 4075 cxvm,
1256 4009 1364 4080 18),
1399 4015 1509 4064 etc.

212 4099 487 4172 Sequitur
523 4117 535 4155 :
591 4099 733 4167 Quid
778 4114 906 4167 ergo
950 4101 1051 4168 est,
1080 4100 1285 4167 fratres
1311 4102 1335 4151 γ
1367 4099 1480 4153 [loc
1510 4102 1619 4163 est,
1652 4099 1791 4170 quid

151 4187 475 4256 dicendum,
526 4188 666 4259 quid
720 4187 1074 4259 eligendum,
1109 4191 1333 4259 quodve
1388 4188 1791 4260 accipiendum

152 4277 445 4334 consilium
470 4278 499 4332 ?
534 4277 697 4341 Quod
731 4276 1044 4332 consilium
1067 4276 1229 4331 vobis
1263 4278 1340 4331 sit
1370 4278 1792 4345 necessarium,

151 4380 241 4436 ego
271 4367 606 4423 ostendam.
642 4364 776 4421 Cum
811 4367 1137 4433 convenitis,
1182 4365 1392 4437 inquit,
1426 4370 1795 4439 unusquisque

148 4460 373 4511 vestrum
396 4454 691 4527 psalmum
727 4454 907 4523 habet,
932 4460 1039 4509 etc.
1066 4454 1133 4508 Et
1164 4458 1252 4508 est
1273 4471 1517 4510 sensus:
1551 4456 1657 4519 Qui
1689 4456 1791 4510 ha-

150 4541 234 4597 bet
263 4545 569 4616 psalmum
610 4543 827 4609 laudis,
860 4542 1137 4613 loquatur
1186 4541 1458 4609 laudem;
1492 4546 1592 4614 qui
1634 4543 1794 4599 habet

155 4630 445 4690 doctrinam
469 4630 1419 4699 exhortationis,exhortationem;
1447 4638 1504 4686 et
1530 4632 1625 4705 qui
1650 4634 1792 4705 Apoc
1823 4653 1870 4717 D

152 4720 416 4792 calypsin,
441 4721 855 4779 revelationem
878 4739 892 4787 ;
918 4724 977 4775 et
996 4720 1096 4791 qui
1125 4721 1401 4792 linguam,
1423 4725 1479 4777 et
1501 4722 1598 4793 qui
1624 4723 1793 4777 inter-

155 4814 501 4877 pretationem
520 4808 823 4876 similiter;
841 4814 895 4863 et
914 4808 1321 4880 unusquisque
1338 4809 1794 4882 gratiam,quam

159 4900 383 4970 accepit,
411 4899 712 4972 loquatur,
739 4901 1141 4953 verumtamen
1164 4897 1235 4952 ad
1260 4896 1626 4968 singulorum
1649 4902 1796 4957 aedi-

158 4984 495 5053 ﬁcationem;
531 4986 954 5063 unde‘inquit:
1009 4986 1205 5042 Omnia
1256 4986 1325 5041 ad
1374 4986 1796 5057 aediﬁcationem

163 5072 299 5188 ﬂuat.

541 5170 666 5188 ---ἔρ
727 5170 904 5190 ..-ηιὲσι
968 5170 1293 5190 Ιζσιηιςσι-.-.ι-
1350 5170 1405 5192 ἔ...

1906 2058 2058 2111 rium
2090 2057 2281 2111 visum
2317 2057 2507 2127 fuerit,
2542 2057 2919 2129 interrogent.

1979 2146 2257 2217 Sequitur
2289 2162 2301 2199 ε
2364 2146 2521 2216 Quod
2550 2148 2599 2200 si
2626 2147 2731 2201 alii
2760 2147 3059 2202 rsrelatum
3088 2150 3275 2218 fuerit,
3309 2152 3416 2204 etc.
3452 2148 3548 2203 Ri-

1907 2238 2031 2289 tum
2052 2240 2389 2305 namque,et
2411 2251 2628 2290 morem
2651 2250 2956 2307 synagogas
2975 2235 3247 2306 gentibus
3267 2236 3549 2303 insinuat,

1908 2323 2127 2394 quibus
2160 2322 2524 2393 loquebatur.
2560 2323 2875 2396 Synagogee
2927 2340 3135 2396 nempe
3188 2326 3550 2380 consuetudo

1906 2417 2048 2479 erat,
2074 2416 2137 2466 ut
2166 2412 2571 2467 convenientes
2594 2413 2651 2466 in
2676 2430 2881 2480 unum,
2913 2413 3167 2467 seniores
3199 2414 3434 2484 quidem
3461 2430 3549 2469 se-

1905 2500 2109 2555 derent
2139 2500 2195 2554 in
2230 2500 2541 2569 cathedris,
2566 2502 2834 2572 juniores
2863 2518 2996 2556 vero
3027 2503 3085 2555 in
3119 2500 3407 2571 scabellis,
3443 2502 3551 2557 mi-

1908 2589 2052 2643 nimi
2078 2606 2309 2661 quoque
2342 2589 2397 2645 in
2434 2590 2762 2661 pavimento
2787 2590 2954 2662 (648).
2982 2591 3097 2646 Hoc
3120 2591 3392 2658 ostendit,
3416 2608 3550 2646 cum

1906 2678 2047 2733 dicit
2072 2696 2083 2733 :
2114 2679 2262 2747 Quod
2282 2680 2331 2733 si
2349 2680 2453 2735 alii
2474 2681 2771 2734 revelatum
2798 2682 2993 2751 fuerit,
3014 2685 3121 2735 etc.
3148 2679 3343 2736 Monet
3368 2680 3549 2750 enim,

1905 2772 1970 2821 ut
2001 2773 2187 2822 taceat
2216 2767 2414 2839 prior,-
2445 2768 2585 2839 quia
2610 2768 2759 2824 sicut
2780 2770 2903 2839 ipse
2928 2787 3039 2824 non
3066 2770 3263 2825 omnia
3284 2787 3547 2842 compre-

1904 2855 2156 2911 hendere
2178 2861 2385 2928 potest,
2404 2856 2484 2911 sic
2506 2862 2563 2911 et
2584 2858 2692 2913 iste
2713 2875 2827 2912 non
2851 2858 2921 2911 ab
2945 2859 3218 2913 omnibus
3237 2859 3545 2914 alienatur.

1906 2945 1973 2998 Et
2004 2945 2143 3015 quia
2174 2961 2322 3016 saepe
2353 2945 2506 3001 Deus
2538 2945 2684 3001 solet
2714 2947 2967 3002 revelare
2991 2947 3213 3017 juniori
3244 2949 3395 3018 quod
3431 2966 3546 3004 non

1907 3032 2121 3087 revelat
2152 3033 2377 3105 majori,
2412 3034 2677 3105 sequitur
2711 3053 2723 3089 :
2772 3036 3007 3090 Potestis
3055 3038 3203 3091 enim
3238 3053 3422 3092 omnes
3448 3054 3549 3109 per

1905 3122 2153 3190 singulos
2178 3124 2506 3193 prophetare
2532 3141 2552 3185 ;
2587 3124 2751 3195 quasi
2786 3124 3001 3180 diceret
3030 3141 3042 3180 :
3077 3124 3291 3181 Omnes
3322 3126 3549 3182 habetis

1906 3210 2150 3282 gratiam
2185 3212 2521 3284 prOphetio's.
2551 3214 2613 3267 Et
2640 3215 2872 3284 spiritus
2899 3215 3292 3286 prbphelarum
3316 3218 3548 3288 prophe-

1911 3301 1980 3354 tis
2007 3300 2235 3367 subjecti
2259 3309 2405 3355 sunt.
2440 3300 2687 3357 Pulchre
2717 3302 2858 3357 dicit
2890 3320 2902 3358 :
2934 3303 3171 3376 Subjecli
3203 3310 3330 3359 sunt
3357 3324 3373 3369 ;
3406 3322 3550 3377 quo-

1908 3388 2064 3443 niam
2098 3389 2350 3460 Spiritus
2381 3395 2620 3446 sanctus
2651 3391 2733 3445 sic
2765 3408 2968 3447 omnes
3002 3392 3201 3464 replet,
3228 3398 3291 3448 ut
3321 3394 3430 3450 sibi
3462 3394 3549 3449 in-

1903 3478 2088 3533 vicem
2121 3496 2325 3535 omnes
2355 3481 2719 3548 subdantur;
2754 3482 2909 3535 verbi
2932 3482 3139 3553 gratia,
3164 3482 3246 3537 sic
3268 3488 3323 3538 te
3347 3483 3549 3555 replet,

1906 3572 1971 3623 ut
1998 3586 2100 3640 per
2125 3568 2521 3623 humilitatem
2545 3570 2818 3625 subdaris
2842 3570 3017 3639 illi,et
3039 3571 3229 3640 illum,
3256 3578 3320 3627 ut
3342 3572 3552 3628 subda-

1904 3661 2001 3712 tur
2024 3658 2148 3713 tibi.
2183 3658 2440 3730 Respicit
2466 3660 2638 3714 etiam
2673 3659 2793 3714 haec
2817 3662 3106 3716 sententia
3136 3661 3206 3716 ad
3239 3661 3367 3731 hoc,
3393 3662 3548 3732 quod

1905 3746 1986 3801 ait
2016 3747 2288 3818 superius
2322 3764 2333 3801 :
2371 3747 2429 3801 Si
2458 3749 2755 3803 revelatum
2785 3752 2959 3819 fuerit
2982 3751 3220 3821 juniori,
3255 3756 3361 3806 etc.
3388 3750 3550 3805 Unde

1905 3838 1960 3887 et
2009 3850 2141 3887 mox
2191 3836 2539 3905 subjunxit:
2590 3838 2706 3891 Non
2756 3843 2833 3892 est
2878 3838 3230 3895 dissensionis
3270 3842 3426 3908 Deus,
3458 3839 3549 3894 sed

1900 3923 2075 3992 pacis.
2107 3922 2230 3975 Non
2259 3929 2347 3977 est
2368 3923 2522 3978 Deus
2554 3924 2973 3995 dissensionis;
3010 3928 3145 3999 quia
3175 3930 3231 3983 in
3264 3928 3548 4000 propheta

1905 4025 2020 4062 non
2052 4014 2139 4062 est
2170 4010 2479 4077 dissensio,
2516 4012 2669 4065 sicut
2700 4012 2756 4065 in
2788 4012 3123 4085 linguarum
3155 4018 3451 4073 varietate.

1976 4096 2251 4167 Sequitur
2292 4115 2303 4151 :
2355 4098 2511 4154 Sicut
2562 4102 2621 4153 in
2667 4102 2923 4156 omnibus
2958 4104 3206 4157 Ecclesizs
3234 4116 3549 4162 sanctorum

1902 4185 2087 4241 doceo.
2121 4189 2251 4239 Haec
2274 4186 2403 4241 ideo
2436 4187 2581 4241 dixit
2610 4189 2941 4259 Apostolus,
2968 4195 3030 4243 ut
3060 4195 3115 4245 et
3145 4208 3269 4262 quae
3301 4193 3546 4264 scripse-

1902 4279 1995 4330 rat
2028 4273 2246 4329 arctius
2271 4292 2470 4331 eorum
2505 4276 2778 4333 cordibus
2802 4278 3272 4349 iuculcarentur;
3307 4287 3381 4347 et,
3406 4287 3549 4337 dum

1902 4380 1970 4419 ea
2001 4364 2269 4419 audirent
2300 4366 2497 4436 scribi,
2534 4382 2658 4437 qua:
2690 4367 2747 4421 in
2780 4367 2915 4423 aliis
2950 4367 3220 4425 Ecclesiis
3252 4371 3547 4441 docuerat,

1904 4454 2145 4525 puderet
2174 4471 2271 4508 eos
2302 4471 2333 4507 a
2364 4454 2739 4525 generalitate
2770 4456 2889 4511 fore
2920 4456 3161 4513 alienos.

1976 4543 2119 4612 (649)
2153 4543 2403 4597 Mulieres
2436 4545 2491 4598 in
2524 4546 2748 4600 ecclesia
2779 4550 3011 4602 taceant.
3045 4549 3126 4601 Ad
3162 4555 3411 4621 coeptam
3462 4551 3549 4605 in-

1904 4631 2221 4686 tentionem
2246 4633 2569 4689 revertitur.
2588 4634 3056 4706 Reprehenderat
3073 4638 3342 4710 superius
3359 4640 3553 4695 Corin-

1907 4720 2078 4790 thios,
2113 4737 2177 4775 eo
2229 4722 2382 4793 quod
2439 4723 2628 4777 criniti
2682 4724 3034 4797 incederent,
3078 4730 3134 4781 et
3186 4727 3454 4794 feminas,
3488 4745 3554 4783 eo

1905 4811 2054 4878 quod
2081 4810 2301 4881 absque
2324 4810 2626 4866 velamine.
2652 4813 2958 4885 Deinceps,
2986 4815 3340 4885 quibusdam
3376 4815 3556 4870 inser-

1905 4898 2003 4963 tis,
2031 4898 2101 4952 ad
2126 4904 2371 4970 emptam
2396 4901 2773 4956 intentionem
2806 4907 3120 4969 revertens,
3152 4906 3216 4957 ut
3247 4903 3400 4974 quod
3426 4903 3556 4957 dee-

1906 4991 2015 5054 rat,
2051 4988 2368 5059 suppleret,
2402 4989 2710 5058 subjunxit
2742 5009 2753 5045 :
2809 4992 3079 5047 Mulieres
3112 4996 3166 5048 in
3208 4992 3441 5047 ecclesia
3471 5000 3559 5046 ta-

1905 5086 2059 5138 ceat;
2090 5080 2232 5132 sicut
2258 5085 2307 5133 et
2339 5079 2430 5134 lac
2454 5079 2583 5133 dicit
2613 5081 2713 5149 ibi,
2740 5081 2839 5137 ubi
2879 5080 3129 5153 legitur:
3165 5081 3279 5143 Sub
3304 5083 3564 5148 potestate

1906 5168 2018 5194 -..’~..'
2052 5168 2158 5194 ιιι-η’.
2219 5175 2262 5194 ηδ
2296 5169 2408 5194 In...
2444 5167 2815 5194 λη....⁹....ι..⁸ι-...
2846 5172 2929 5194 l...‘
2980 5168 3110 5194 ll‘---
3183 5184 3246 5194 ..υ
3318 5168 3372 5194 ΩΑ
3449 5168 3565 5194 ηε..-
