3990 5306
402 417 519 477 395

1444 416 1780 478 A'I‘TONIS
1826 415 2404 477 VERCELLENSIS
2450 417 2796 478 EPISCOPI

3712 419 3827 481 396

402 550 473 605 ad
500 548 819 616 Abraham,
846 548 1150 605 dominum
1176 567 1309 605 eum
1331 555 1514 605 vocat.
1539 552 1647 606 Sed
1673 551 1859 605 oritur
1890 567 2046 621 quzn—
2081 548 2137 615 Α
2170 554 2277 603 rat.
2309 554 2441 603 Erat
2462 550 2639 605 etiam
2666 552 2821 622 apud
2845 550 2977 606 illos
2999 552 3120 606 haec
3152 568 3329 623 prava
3352 553 3597 607 traditio
3622 568 3637 606 :
3674 553 3827 616 Quo-

402 636 505 703 tio,
538 654 717 708 quare
750 637 905 693 dicat
959 637 1231 693 mulieres
1282 639 1339 693 in
1395 638 1640 695 ecclesia
1672 644 1882 707 tacere,
1917 655 2049 693 cum

403 725 539 782 alibi
566 727 770 782 doceat
800 744 897 782 eas
922 744 1150 783 servare
1181 744 1329 799 opus
1364 729 1596 799 pietatis
1630 730 1682 782 in
1717 729 1915 783 eadem
1948 728 2050 781 do-

405 815 732 871 ctrina.Sed
756 816 998 871 solvitur
1023 817 1138 871 ita:
1166 817 1225 871 In
1254 816 1526 872 Ecclesiis
1550 818 1877 889 prohibuit;
1913 815 2052 869 alibi

406 906 714 961 concessit.
749 905 815 959 Et
844 905 953 960 hoc
982 910 1089 974 est,
1124 907 1277 977 quod
1312 906 1453 961 dicit
1488 923 1499 962 :
1551 908 1709 961 Domi
1749 908 1893 961 viros
1923 922 2051 960 suos

404 994 763 1065 interrogent.
790 994 1163 1067 Superﬂuum
1185 995 1477 1059 videretur
1502 995 1559 1050 in
1583 995 1843 1051 ccclesiis
1866 994 2052 1065 prohi-

405 1080 561 1151 bere,
589 1082 701 1140 nisi
733 1083 873 1139 alibi
903 1084 1307 1140 concessisset.
1337 1085 1509 1157 Turpe
1538 1092 1617 1140 est
1644 1087 1790 1139 enim
1824 1086 2054 1140 mulieri

404 1173 463 1226 in
494 1170 748 1239 ecclesia,
782 1179 891 1229 etc.
923 1172 1047 1228 Non
1096 1173 1288 1229 solum
1346 1173 1484 1241 illis,
1518 1176 1617 1230 sed
1670 1175 1844 1230 etiam
1883 1174 2046 1231 viris.

404 1258 471 1316 Et
501 1261 550 1316 si
584 1260 830 1317 subditae
856 1263 1069 1318 debent
1096 1280 1223 1319 esse
1249 1262 1408 1334 viris,
1434 1264 1617 1319 multo
1647 1263 1835 1336 magis
1860 1280 2046 1319 sacer-

404 1348 661 1405 dotibus.

473 1439 557 1494 An
586 1457 620 1494 a
650 1439 798 1495 vobis
820 1442 1047 1496 verbum
1065 1442 1157 1497 Det
1176 1445 1478 1513 processit?
1498 1446 1607 1498 etc.
1628 1441 1861 1496 Tumidi
1890 1457 2049 1495 nam-

402 1544 515 1599 que
569 1534 733 1584 erant
779 1530 1085 1599 Corinthii,
1119 1531 1377 1587 dicentes
1426 1531 1826 1603 credulitatem
1878 1547 2045 1585 suam

401 1617 591 1689 magis
608 1619 885 1690 prodesse
902 1619 1201 1692 apostolis,
1218 1636 1395 1691 quam
1415 1620 1795 1692 sibimetipsis
1816 1646 1829 1688 ;
1848 1636 2048 1691 quem-

401 1707 720 1763 admodum
743 1709 943 1780 siquis
968 1709 1179 1764 habeat
1200 1726 1321 1764 rem
1340 1709 1597 1780 aliquam
1622 1709 1881 1764 venalem
1911 1726 2045 1764 con-

400 1798 684 1866 temptam
704 1797 775 1851 ab
798 1797 1095 1862 omnibus,
1111 1804 1340 1870 emptor
1359 1803 1651 1853 extremus
1673 1815 1776 1869 pro
1806 1814 2045 1853 munere

402 1884 661 1957 deputet.
692 1886 917 1988 Ad‘hoc
949 1886 1202 1988 respicit,
1237 1904 1371 1988 cum
1423 1888 1563 1988 dicit
1598 1905 1611 1943 :
1666 1890 1746 1942 An
1776 1889 2042 1988 eniiobis,
2076 1923 2124 1988 B

401 1977 542 2043 etc.;
576 1975 745 2046 quasi
769 1976 1019 2032 diceret:
1050 1977 1172 2031 Non
1203 1976 1571 2033 solummodo
1594 1994 1691 2033 vos
1715 1978 2044 2033 credidistis

400 2063 471 2119 ad
496 2079 686 2119 meam
716 2064 1321 2136 praedicationem,sed
1346 2067 1540 2133 etiam,
1558 2074 1665 2121 etc.
1688 2068 2047 2139 Etjungitur

401 2150 486 2207 illi
510 2151 634 2208 loco
665 2154 972 2227 superiori,
998 2156 1096 2210 ubi
1123 2155 1337 2227 legitur
1360 2172 1372 2210 :
1405 2156 1558 2211 Sicut
1586 2157 1645 2210 in
1673 2156 1923 2210 omnibus
1944 2156 2043 2210 Ec—

396 2241 585 2298 clesiis
614 2246 925 2298 sanctorum
954 2244 1130 2299 doceo.
1164 2246 1232 2300 Et
1261 2262 1332 2299 ne
1364 2244 1632 2299 doctrina
1658 2244 1837 2312 illius,
1867 2244 2045 2300 veluti

400 2330 531 2401 puri
554 2330 832 2399 hominis,
856 2338 1344 2400 contemneretur,
1370 2334 1671 2404 subjunxit
1696 2352 1708 2389 :
1733 2334 1797 2388 Si
1817 2337 1939 2404 quis
1962 2336 2041 2389 vi-

395 2418 557 2474 detur
574 2422 851 2491 propheta
871 2437 1001 2489 esse,
1017 2427 1124 2477 etc.
1146 2440 1157 2489 ;
1183 2422 1350 2494 quasi
1374 2422 1614 2488 diceret;
1641 2422 1827 2478 Nolite
1851 2440 2040 2479 meam

396 2507 743 2578 doctrinam,
777 2510 953 2565 veluti
1008 2512 1137 2582 puri
1187 2510 1463 2579 hominis,
1516 2516 1905 2579 contemnere,
1939 2514 2039 2569 sed

400 2596 567 2668 quasi
592 2597 694 2654 Dei
718 2599 986 2671 recipite;
1012 2600 1150 2671 quia
1171 2600 1402 2655 Domini
1427 2604 1563 2655 sunt
1588 2602 2044 2657 mandata.Tan-

393 2686 481 2759 git
497 2685 673 2743 etiam
690 2688 1335 2761 pseudoapostolos,qui
1356 2706 1467 2744 non
1484 2689 1734 2755 Domini,
1752 2692 1849 2745 sed
1872 2708 2041 2746 suam

395 2775 701 2833 docebant.
716 2777 915 2833 Terret
937 2777 1115 2834 etiam
1138 2778 1289 2849 illos,
1305 2780 1610 2835 subdendo
1630 2796 1643 2833 :
1666 2780 1727 2835 Si
1747 2783 1865 2852 quis
1886 2782 2040 2851 igno-

392 2871 509 2933 rat,
541 2868 932 2937 ignorabitur;
963 2868 1021 2923 id
1053 2873 1159 2935 est,
1194 2869 1618 2941 reprobabitur.

418 2970 419 2973 ‘
466 2957 681 3027 Itaque,
713 2958 933 3026 fratres.
968 2962 1105 3012 Post
1137 2958 1353 3013 multas
1384 2960 1798 3030 correptiones,
1835 2961 2041 3017 fratres

396 3060 494 3100 eos
518 3045 790 3117 appellat,
808 3050 873 3101 ut
893 3047 1287 3103 subleventur.
1308 3050 1675 3104 /Emulamini
1688 3051 2038 3121 prophetare,

400 3141 452 3188 et
480 3132 630 3204 loqui
659 3135 866 3205 linguis
896 3136 1066 3191 nolite
1095 3137 1400 3208 prohibere.
1435 3138 1579 3193 Vide
1609 3156 1784 3210 quam
1820 3145 2039 3212 tempe-

397 3227 521 3278 rate
550 3222 828 3295 loquitur.
855 3229 943 3281 lta
973 3226 1127 3280 enim
1160 3227 1231 3281 ad
1265 3226 1628 3299 prophetiam
1658 3234 1948 3300 provocat,
1976 3234 2041 3284 ut

2166 638 2324 693 niam
2359 638 2621 694 nonnulli
2655 657 2856 696 eorum
2881 640 3177 697 Christum
3210 642 3608 697 resurrexisse
3629 643 3823 697 crede-

2163 726 2326 795 bant,
2353 729 2422 783 de
2452 727 2700 783 aliorum
2733 730 3155 785 resurrectione
3188 730 3559 787 dubitabant.
3594 732 3822 787 Pseudo

2162 820 2355 872 tamen
2372 818 2615 888 apostoli
2632 819 2929 875 Christum
2950 836 3079 875 resu
3093 821 3338 875 rrexisse
3358 821 3826 893 negabant,quia

2161 910 2217 960 et
2248 911 2451 961 natum
2485 924 2597 962 non
2632 908 2777 979 (651)
2815 909 3147 964 credebant.
3182 914 3549 981 Quapropter
3580 914 3819 978 tractat,

2161 998 2217 1049 et
2246 1000 2513 1049 versatur
2542 996 2785 1051 intentio
2817 997 3075 1067 Apostoli
3107 1014 3245 1069 erga
3276 999 3818 1055 manifestationem

2161 1085 2444 1150 mandati,
2469 1090 2524 1139 et
2553 1086 2815 1156 disputat
2837 1087 3116 1141 adversus
3140 1103 3257 1156 eos,
3284 1088 3384 1159 qui
3414 1093 3535 1143 tam
3568 1088 3813 1159 Christi,

2160 1189 2337 1243 quam
2366 1172 2611 1228 aliorum
2646 1175 2937 1245 negabant
2970 1176 3453 1232 resurrectionem
3485 1196 3499 1245 ;
3555 1178 3815 1233 maxime

2158 1266 2351 1317 tamen
2377 1263 2652 1318 adversus
2672 1280 2790 1330 eos,
2816 1265 2913 1336 qui
2936 1264 3230 1320 Christum
3262 1266 3579 1322 credebant
3608 1282 3806 1322 resur-

2160 1350 2396 1419 rexisse,
2413 1352 2483 1406 de
2507 1352 2755 1408 aliorum
2774 1357 2969 1408 tamen
2997 1356 3419 1410 resurrectione
3436 1355 3810 1411 dubitabant.

2160 1439 2353 1495 Bonus
2384 1441 2689 1511 magister,
2722 1442 2825 1512 qui
2858 1459 2972 1497 non
3004 1447 3237 1498 veretur
3266 1460 3333 1499 ea
3370 1460 3503 1514 quas
3532 1445 3813 1500 docuerat

2157 1529 2282 1583 suis
2314 1528 2593 1600 replicare
2626 1529 2951 1602 discipulis.
2990 1533 3114 1586 Haec
3154 1532 3311 1587 enim
3341 1531 3663 1588 liberalitas
3696 1550 3808 1588 non

2158 1618 2351 1683 datur,
2377 1618 2487 1672 nisi
2512 1619 2781 1689 perfectis
2804 1619 3127 1691 magistris.
3154 1624 3432 1676 Ceterum
3456 1619 3806 1692 imperfecti,

2157 1721 2221 1759 ac
2246 1704 2404 1771 mali,
2431 1705 2489 1760 in
2524 1707 2922 1763 recordatione
2953 1724 3179 1779 eorum,
3210 1726 3335 1781 quae
3365 1714 3700 1781 gesserunt,
3722 1711 3810 1765 vel

2156 1794 2499 1862 docuerunt,
2524 1798 2985 1851 confunduntur.
3016 1801 3082 1852 Et
3113 1802 3267 1863 nota,
3303 1799 3442 1868 quia
3474 1798 3809 1869 promiscue

2156 1880 2417 1953 loquitur
2449 1900 2460 1936 :
2497 1885 2766 1954 quendam
2800 1885 3151 1940 conveniunt
3181 1886 3610 1949 recedentibus,
3646 1903 3805 1957 qua:-

2156 1971 2291 2025 dam
2322 1989 2456 2027 vero
2489 1973 2545 2026 in
2580 1974 2691 2027 fide
2724 1974 3223 2045 permanentibus.
3257 1975 3424 2045 Nam,
3452 1976 3610 2047 quod
3644 1976 3804 2041 dicit,

2152 2067 2344 2115 notum
2372 2064 2536 2132 facio,
2569 2061 2685 2117 illis
2718 2063 2819 2133 qui
2850 2068 3209 2118 recesserant
3238 2082 3250 2131 ;
3286 2065 3440 2136 quod
3473 2064 3576 2131 ait,
3610 2066 3672 2118 in
3704 2080 3805 2136 quo

2154 2153 2330 2221 statis,
2365 2150 2482 2206 illis
2514 2150 2613 2221 qui
2647 2151 2704 2205 in
2736 2152 2848 2206 {ide
2880 2158 3345 2223 permanserant,
3378 2152 3674 2209 convenit.
3705 2154 3807 2210 Ve-

2155 2256 2308 2306 rum,
2335 2257 2405 2294 ne
2436 2257 2497 2295 se
2518 2246 2823 2296 excusatos
2848 2242 3176 2307 redderent,
3201 2242 3369 2314 quasi
3398 2260 3517 2298 non
3544 2243 3803 2315 accepis-

2155 2334 2304 2395 sent,
2320 2330 2457 2399 quia
2478 2330 2829 2400 praedicavit,
2846 2330 3150 2401 subjunxit
3168 2349 3186 2385 :
3232 2332 3381 2399 Quod
3404 2336 3453 2387 et
3476 2336 3765 2404 accepistis
3783 2350 3802 2385 :

2155 2422 2231 2485 et,
2267 2434 2339 2473 ne
2370 2424 2672 2490 acceptum
2705 2419 2975 2488 reiecisse
3026 2421 3382 2487 viderentur,
3417 2422 3647 2477 addidit
3680 2441 3693 2477 :
3743 2424 3803 2478 In

2155 2524 2258 2577 quo
2307 2513 2355 2563 et
2403 2510 2557 2563 statis
2581 2525 2598 2567 .·
2651 2508 2913 2563 subdidit
2952 2510 3127 2565 etiam
3163 2527 3175 2565 :
3226 2515 3334 2565 Per
3362 2513 3510 2583 quod
3538 2515 3593 2566 et
3623 2514 3802 2567 salva-

2152 2598 2299 2652 mini
2316 2613 2335 2658 ,·
2369 2596 2476 2652 hoc
2507 2601 2613 2661 est,
2643 2613 2744 2667 per
2769 2599 2923 2669 quod
2956 2598 3206 2654 salutem
3234 2600 3516 2670 consequi
3546 2617 3650 2657 vos
3683 2617 3801 2657 cre-

2153 2685 2313 2740 ditis.

2222 2775 2535 2845 Sequitur:
2570 2776 2687 2843 Qua
2708 2777 2921 2831 ratione
2940 2776 3551 2847 pra’dicaverintvobis,
3586 2783 3699 2835 etc.
3733 2780 3798 2835 Et

2151 2868 2239 2918 est
2268 2879 2477 2918 sensus
2512 2882 2523 2919 :
2577 2865 2654 2919 Ea
2685 2868 2837 2919 certe
2880 2864 3045 2920 vobis
3075 2866 3398 2937 prasdicavi,
3432 2871 3497 2922 ut
3528 2870 3792 2924 omnium

2152 2952 2461 3007 crederetis
2492 2952 2975 3009 resurrectionem
2996 2978 3009 3019 ;
3032 2959 3107 3023 et,
3124 2957 3175 3010 si
3202 2958 3414 3020 tenetis,
3448 2973 3560 3012 non
3592 2960 3795 3028 fmstra

2150 3042 2454 3096 credidistis
2473 3058 2494 3104 ,'
2526 3042 2574 3096 si
2609 3047 2802 3097 autem
2827 3058 2940 3096 non
2964 3043 3245 3110 retinetis,
3268 3046 3504 3114 frustra,
3529 3046 3793 3118 inquam,

2150 3131 2478 3185 credidistis.
2504 3130 2610 3185 Ubi
2642 3131 2899 3186 ostendit
2919 3131 3176 3188 fructum
3208 3133 3416 3189 salutis
3450 3136 3708 3190 maxime
3738 3136 3790 3190 in

2150 3220 2263 3274 fide
2321 3220 2603 3274 contineri
2664 3220 3126 3276 resurrectionis.
3186 3222 3515 3293 Sequitur:
3579 3225 3798 3279 Tradidi

395 3310 554 3384 loqui
576 3312 795 3386 linguis
828 3332 941 3370 non
973 3295 1295 3387 prohibeat.
1322 3295 1437 3371 Nos
1468 3316 1621 3371 enim
1647 3295 1804 3374 soliti
1827 3336 2036 3374 sumus

2150 3311 2299 3364 enim
2320 3310 2465 3362 vobis
2499 3310 2557 3361 in
2586 3309 2799 3380 primis,
2826 3313 2933 3364 etc.
2961 3310 3133 3372 Quod
3150 3327 3283 3365 vero
3305 3310 3466 3379 dicit,
3492 3313 3554 3367 in
3570 3314 3794 3384 primis,

393 3402 583 3459 dicere
620 3421 632 3459 :
665 3403 1042 3459 zEmulamini
1074 3405 1315 3473 bonum,
1350 3411 1406 3461 et
1435 3407 1735 3478 prohibete
1767 3407 1988 3463 malum
2020 3426 2033 3478 ;

391 3492 491 3547 sed
512 3492 826 3564 Apostolus
851 3510 1031 3565 supra
1051 3494 1385 3549 varietatem
1410 3495 1743 3568 linguarum
1769 3497 1919 3552 inter
1938 3513 2039 3552 caa-

390 3584 515 3636 tera
537 3582 691 3637 dona
715 3582 1070 3649 dinumerat,
1088 3584 1241 3654 quod
1264 3585 1481 3640 donum
1508 3587 1700 3656 majus
1722 3603 1849 3641 esse
1872 3593 2037 3659 puta-

390 3669 552 3726 bant.
574 3669 772 3726 Noluit
794 3670 923 3727 illos
952 3672 1283 3744 prohibere,
1308 3692 1379 3729 ne
1409 3675 1521 3745 ipsi
1554 3676 1838 3731 stimulati
1865 3683 2033 3747 puta-

390 3763 521 3815 rent
568 3776 703 3815 eum
755 3761 1082 3817 invidentise
1135 3780 1313 3818 causa
1352 3764 1695 3836 semetipsos
1728 3766 2034 3838 prohibere

388 3848 552 3905 velle.
579 3854 646 3905 Et
666 3850 795 3906 ideo
816 3849 923 3906 hoc
945 3851 1105 3918 dicit,
1130 3853 1298 3923 quasi
1325 3853 1540 3909 diceret
1569 3871 1579 3909 :
1608 3856 1694 3909 Ita
1715 3856 1783 3909 ad
1810 3858 2034 3927 majora

388 3954 658 4010 provoco,
692 3944 757 3994 ut
800 3941 1027 3996 minora
1055 3958 1168 3996 non
1201 3943 1620 3998 contradicam.

462 4027 660 4084 Omnia
706 4033 887 4085 autem
926 4028 1160 4098 honeste,
1194 4038 1247 4085 et
1291 4032 1608 4100 secundum,
1642 4038 1749 4088 etc.
1786 4036 2029 4103 Honeste,

390 4118 543 4175 sicut
594 4119 718 4193 ipse
767 4119 1001 4187 docuit;
1051 4121 1353 4176 secundum
1407 4122 1685 4189 ordinem,
1718 4123 1867 4179 sicut
1908 4126 2037 4196 ipse

387 4208 540 4264 fecit.
567 4209 634 4264 Et
664 4210 712 4265 si
742 4209 1062 4265 viderimus
1086 4209 1341 4279 aliquem
1372 4210 1427 4264 in
1460 4210 1703 4265 ecclesia
1732 4212 2033 4283 quodlibet

386 4298 634 4369 operari,
651 4315 966 4370 possumus
989 4298 1073 4352 uti
1093 4296 1290 4365 hoc,id
1317 4303 1422 4361 est,
1439 4301 1629 4353 omnia
1645 4300 1878 4366 honeste,
1895 4307 2026 4357 etc.:

386 4402 520 4441 nam
556 4403 670 4441 non
704 4386 892 4441 solum
927 4387 984 4439 in
1020 4386 1110 4441 his
1146 4404 1270 4457 qum
1302 4387 1372 4441 ad
1404 4387 1587 4442 Deum
1622 4388 1892 4456 attinent,
1922 4391 2029 4446 istc

385 4474 523 4527 ordo
548 4475 866 4529 servandus
898 4480 1004 4541 est,
1030 4476 1127 4529 sed
1158 4475 1333 4529 etiam
1357 4477 1414 4531 in
1447 4476 1540 4531 his
1567 4494 1691 4548 qua:
1716 4479 1786 4533 ad
1818 4479 2025 4535 huma-

386 4577 524 4616 nam
556 4563 1040 4619 consuetudinem
1072 4564 1317 4619 attinere
1347 4565 1639 4621 videntur.

2148 3397 2376 3451 duobus
2401 3395 2589 3451 modis
2613 3400 2800 3467 potest
2821 3397 3003 3467 accipi
3032 3414 3044 3451 :
3078 3397 3164 3453 vel
3194 3398 3251 3453 in
3288 3398 3496 3470 primis
3529 3401 3789 3467 tradidit,

2146 3486 2300 3557 quod
2323 3486 2380 3539 in
2408 3485 2614 3555 primis
2638 3484 2894 3556 accepit;
2928 3486 3015 3541 vel
3046 3488 3201 3557 quod
3232 3488 3288 3542 in
3313 3489 3521 3560 primis
3544 3492 3792 3563 accepit,

2146 3592 2259 3630 non
2290 3574 2347 3628 in
2376 3572 2601 3645 primis,
2628 3575 2725 3628 sed
2750 3591 2865 3645 quo
2888 3575 3088 3630 ordine
3109 3575 3312 3641 voluit,
3336 3579 3605 3635 tradidit.
3631 3580 3793 3643 Quod

2144 3668 2339 3718 autem
2372 3662 2534 3727 dicit,
2557 3663 2758 3733 accepi,
2784 3662 3227 3735 intelligendum
3252 3671 3368 3733 est,
3390 3667 3475 3722 vel
3508 3684 3617 3740 per
3638 3684 3797 3724 reve-

2144 3752 2439 3819 lationem,
2474 3750 2561 3806 vel
2595 3768 2695 3824 per
2726 3752 3113 3823 prophetiam,
3147 3753 3235 3809 vel
3269 3771 3372 3826 per
3400 3754 3615 3828 legem.
3651 3758 3796 3823 Quid

2143 3841 2287 3896 illud
2319 3841 2417 3909 sit,
2448 3840 2703 3896 ostendit
2737 3858 2749 3895 :
2801 3844 2951 3913 Quia
2994 3842 3245 3899 Christus
3274 3853 3523 3900 mortuus
3551 3850 3655 3914 est,
3688 3852 3795 3903 etc.

2142 3930 2286 3985 Cum
2317 3946 2447 3985 vero
2480 3928 2656 3984 dicit:
2692 3931 2797 3985 Pro
2822 3932 3054 4001 peccatis
3078 3933 3295 3999 nostris,
3322 3934 3579 3989 ostendit
3610 3935 3692 3989 nil
3726 3935 3795 3991 ad

2143 4036 2275 4074 eum
2308 4022 2557 4073 mortem
2589 4018 2918 4086 attinuisse,
2953 4020 3052 4074 sed
3104 4025 3313 4075 nostra
3367 4023 3795 4095 redemptionis

2142 4125 2319 4163 causa
2342 4112 2637 4161 mortuum
2665 4107 2862 4162 fuisse.
2880 4108 3188 4163 Secundum
3210 4109 3530 4182 Scriptura:
3554 4112 3714 4179 dicit,
3734 4117 3794 4168 ut

2141 4196 2408 4250 ostendat
2436 4195 2804 4250 concordiam
2840 4196 2978 4251 Novi
3010 4202 3065 4251 et
3104 4198 3327 4254 Veteris
3373 4202 3740 4257 Testamenti
3775 4218 3789 4257 :

2140 4285 2237 4357 qui
2264 4284 2447 4339 noluit
2478 4283 2569 4339 hic
2603 4301 2771 4339 suam
2799 4286 3195 4342 narrationem
3217 4289 3567 4344 confirmare
3592 4307 3789 4346 exem-

2139 4376 2251 4445 plis
2272 4393 2283 4441 ;
2308 4374 2444 4445 quia
2465 4374 2735 4445 cupebiat
2757 4374 3005 4431 transire
3033 4376 3103 4430 ad
3130 4376 3622 4434 manifestandam
3650 4380 3792 4434 alio-

2136 4480 2268 4518 rum
2300 4464 2819 4531 resurrectionem;
2856 4465 3174 4534 prmsertim
3220 4467 3358 4536 quia
3406 4467 3478 4522 de
3526 4484 3790 4525 resurre-

2137 4554 2325 4608 ctione
2355 4552 2564 4607 Christi
2598 4569 2711 4607 non
2748 4553 3097 4609 haesitabant
3130 4570 3142 4608 :
3194 4558 3253 4609 at
3302 4572 3433 4611 vero
3484 4556 3557 4611 de
3600 4562 3785 4613 morte

454 4651 602 4722 (650)
645 4650 802 4723 (CAP,
851 4652 990 4717 xv.)
1041 4653 1317 4726 sequitur
1349 4673 1361 4710 ε
1416 4657 1609 4711 Nomm
1666 4660 1813 4713 υοιηχς
1860 4662 2024 4731 Iam-0,
2056 4669 2102 4733 D
2134 4642 2321 4733 ipsius
2354 4640 2618 4733 praedixit
2650 4642 2829 4697 Isaias
2865 4660 2878 4697 :
2930 4642 3080 4698 Sicut
3110 4645 3244 4711 ovis,
3280 4644 3492 4715 inquit,
3525 4646 3595 4700 ad
3646 4647 3784 4701 occi-

378 4743 605 4811 fratres,
629 4742 1006 4813 Evangelium,
1030 4748 1137 4798 etc.
1163 4748 1478 4816 Postquam
1512 4745 1869 4804 instruxerat
1899 4767 2023 4804 mo-

383 4846 495 4902 res,
529 4836 586 4885 et
616 4832 793 4886 vitam
825 4832 1275 4901 Corinthiorum,
1312 4834 1683 4906 reprehendit
1714 4842 1770 4892 et
1814 4856 2022 4910 pravas

380 4920 833 4975 consuetudines
863 4936 1064 4976 eorum
1099 4938 1112 4974 :
1148 4920 1205 4975 in
1238 4939 1353 4993 qua
1384 4923 1662 4979 hactenus
1697 4926 2020 4983 intentione

381 5014 705 5050 nnrnpvnrnt
754 5009 1035 5052 anm‘inq
1080 5010 1383 5055 nnnlnncm.
1404 5016 1596 5056 tamen
1649 5015 2021 5060 rnnrnhpndit

2132 4732 2341 4785 sionem
2387 4730 2615 4785 ducetur
2667 4733 2791 4801 (Isa.
2839 4748 2956 4799 Lm,
3004 4736 3075 4799 7),
3127 4738 3267 4799 etc.;
3318 4738 3375 4788 et
3424 4733 3615 4789 item:
3669 4736 3786 4805 Ipse

2132 4824 2315 4874 autem
2338 4819 2660 4874 vulneratus
2676 4829 2753 4875 est
2770 4824 2992 4892 propter
3013 4823 3329 4891 iniquitates
3349 4830 3563 4877 nostras
3590 4824 3635 4894 (1
3641 4823 3778 4890 bid.,

2129 4909 2205 4977 5),
2239 4912 2380 4974 etc.;
2417 4909 2538 4978 ipse
2571 4910 2746 4963 etiam
2779 4910 2850 4965 de
2898 4909 3199 4982 sepultura
3245 4911 3373 4981 ejus
3409 4928 3422 4967 :
3471 4912 3656 4979 Dabit,
3690 4912 3782 4967 in-

2131 4996 2275 5060 quit,
2309 4998 2507 5060 impios
2537 5014 2632 5060 pro
2660 4998 2949 5060 sepultura
2978 4999 3164 5060 (Ibid.,
3196 4999 3277 5060 9),
3309 5004 3421 5055 etc.
3448 5018 3460 5059 :
3498 5004 3557 5055 et
3587 5001 3731 5056 item
3762 5017 3777 5055 :
