3990 5306
152 431 253 490 397

153 559 415 633 Sequitur
468 575 482 614 :

152 650 391 705 Thomas
420 651 599 718 (Joan.
633 667 726 720 xx,
758 651 869 723 24).

211 738 483 809 Sequitur
515 755 527 794 :
567 741 780 796 Deinde
812 742 1109 813 plusquam
1156 745 1463 814 quingentis
1491 743 1784 814 fratribus.

152 827 491 899 Notandum,
513 828 652 901 quia
680 829 800 885 haec
831 830 1114 903 apparitio
1134 849 1248 887 non
1279 832 1494 904 legitur
1521 832 1577 887 in
1601 832 1787 886 Evan-

153 916 325 991 geliis.
358 918 741 991 Evangelistaa
773 936 1005 991 quoque
1036 920 1228 976 decies
1260 922 1629 977 solummodo
1662 937 1788 976 nar-

156 1012 419 1063 ranteum
434 1008 808 1080 apparuisse;
837 1010 992 1065 unde
1012 1010 1235 1083 liquido
1261 1010 1789 1081 monstratur,quia

158 1095 343 1151 multis
358 1094 491 1151 aliis
511 1097 736 1153 vicibus
751 1099 1022 1170 apparuit
1044 1117 1218 1171 quam
1243 1099 1610 1172 evangelista;
1628 1116 1787 1155 com-

158 1193 485 1241 memorent.
519 1185 607 1241 Illi
647 1202 783 1259 ergo
815 1204 912 1243 eas
946 1187 1136 1244 solum
1189 1189 1517 1245 describere
1549 1204 1785 1244 curave-

156 1278 293 1342 runt,
330 1290 479 1346 quas
511 1276 582 1330 ad
632 1274 1101 1341 instructionem,
1135 1282 1191 1333 et
1240 1279 1504 1333 omnium
1537 1278 1785 1333 salutem

154 1363 413 1419 sufﬁcere
446 1363 843 1420 decreverunt.
880 1366 1040 1431 Quod
1074 1366 1156 1421 ait
1188 1385 1201 1421 :
1234 1368 1424 1435 simul,
1459 1372 1657 1422 utrum
1684 1383 1789 1421 un-

153 1452 349 1518 decim,
374 1468 447 1507 an
469 1452 690 1508 viritim
712 1454 941 1526 viginti,
964 1472 1079 1511 non
1102 1456 1246 1510 satis
1267 1455 1468 1512 claret.
1488 1456 1784 1528 Sequitur:

153 1542 222 1597 Ex
241 1542 442 1614 quibus
470 1542 640 1599 multi
664 1547 929 1607 manent;
961 1545 1129 1616 quasi
1160 1545 1438 1601 dixisset:
1473 1546 1577 1611 Qui
1610 1546 1786 1600 inter-

152 1630 348 1703 rogati,
382 1631 683 1687 veritatem
715 1634 1019 1689 ostendere
1042 1640 1282 1705 queunt.
1314 1636 1515 1689 Deinde
1543 1636 1693 1690 visus
1711 1639 1790 1690 est

152 1720 360 1776 lacobo.
395 1720 611 1777 Revera
642 1738 757 1777 non
780 1722 878 1777 illa
901 1730 989 1779 est
1019 1723 1139 1778 haec
1169 1723 1476 1795 apparitio,
1509 1740 1625 1795 qua
1653 1739 1787 1778 cum

152 1808 267 1865 aliis
295 1825 438 1865 eum
467 1809 710 1876 viderat,
734 1812 836 1867 sed
868 1811 1205 1884 singularis.
1233 1813 1361 1884 Ipse
1387 1829 1519 1868 vero
1552 1812 1609 1867 in
1636 1812 1790 1867 mul-

154 1898 217 1954 tis
244 1898 610 1968 argumentis
631 1915 692 1954 se
715 1901 1021 1957 ostendere
1047 1900 1232 1956 voluit
1258 1918 1270 1968 ;
1304 1900 1411 1956 hoc
1440 1906 1550 1969 est,
1572 1902 1788 1956 viritim

152 1988 329 2056 Petro,
382 2005 541 2043 nunc
591 1989 827 2056 Jacobo,
882 2007 1037 2046 nunc
1084 1990 1261 2047 etiam
1308 1990 1673 2059 mulieribus,
1726 2007 1792 2046 ac

154 2077 351 2133 deinde
381 2077 689 2150 discipulis
719 2078 1015 2145 omnibus,
1048 2083 1104 2135 et
1132 2079 1265 2135 aliis
1310 2080 1550 2145 caeteris,
1586 2084 1648 2134 ut
1679 2096 1793 2151 quo

157 2168 266 2237 ejus
310 2167 665 2222 resurrectio
718 2168 1031 2223 manifesta
1078 2168 1260 2235 fieret,
1295 2185 1361 2223 eo
1409 2168 1467 2223 in
1520 2168 1794 2224 cordibus

160 2256 503 2321 credentium
536 2255 698 2311 nulla
728 2256 1000 2312 dubietas
1026 2262 1371 2313 remaneret.
1394 2257 1601 2315 Deinde
1629 2272 1792 2327 apos-

167 2345 269 2399 tolis
294 2345 567 2400 omnibus.
599 2346 767 2400 Forte
788 2350 845 2401 et
874 2363 1053 2418 supra
1070 2346 1295 2401 dixerat
1313 2346 1585 2402 undecim
1617 2363 1792 2418 apos-

164 2433 319 2489 tolis:
356 2433 453 2489 hic
506 2434 883 2507 septuaginta
928 2434 1055 2490 vult
1104 2434 1351 2507 intelligi
1404 2436 1685 2507 quoniam
1737 2441 1795 2492 et

155 2522 253 2594 ipsi
284 2523 476 2579 missi.

215 2613 542 2686 Sequitur:
576 2613 876 2670 Novissime
929 2622 1113 2669 autem
1158 2616 1428 2684 omnium,
1463 2618 1571 2671 etc.
1622 2615 1791 2685 Nam,

153 2702 283 2773 quia
312 2701 460 2758 dicit
503 2703 820 2769 novissime,
852 2720 1057 2759 omnes
1100 2702 1213 2758 illae
1244 2703 1366 2758 aliae
1399 2704 1795 2775 apparitiones

150 2796 276 2847 ante
326 2791 490 2846 facta;
539 2791 839 2846 credenda:
893 2795 1050 2859 sunt,
1104 2792 1224 2847 sive
1283 2796 1439 2859 ante,
1488 2793 1610 2848 sive
1662 2798 1795 2864 post

147 2880 572 2936 ascensionem.
600 2878 924 2936 Novissime
946 2878 1248 2946 videlicet;
1273 2879 1413 2951 quia
1435 2885 1565 2951 post
1589 2897 1795 2936 omnes

146 2968 490 3034 credidit,et
521 2968 659 3038 quia
679 2968 806 3037 jam
838 2985 953 3023 non
977 2968 1035 3022 in
1068 2967 1358 3032 terra,sed
1390 2967 1448 3021 in
1482 2966 1623 3023 coelo
1645 2986 1797 3040 prta-

142 3058 371 3113 sidens.
405 3056 746 3110 Abortivum
769 3056 1041 3122 dicimus,
1069 3056 1223 3127 quod
1258 3072 1373 3110 non
1407 3072 1515 3111 suo
1538 3061 1798 3126 tempore

142 3146 433 3201 nascitur.
467 3142 809 3197 Abortivum
840 3159 902 3198 se
952 3143 1098 3197 dicit
1129 3143 1475 3215 Apostolus;
1512 3145 1651 3216 quia
1682 3161 1798 3200 non

138 3235 199 3290 in
236 3231 555 3305 praesentia
602 3231 833 3286 Domini
876 3230 1143 3300 credidit,
1178 3231 1265 3288 vel
1313 3237 1487 3299 certe,
1519 3234 1658 3304 quia
1688 3233 1797 3289 im-

693 429 1113 492 EXPOSITIO
1158 430 1236 490 IN
1284 429 1713 493 EPISTOLAS
1758 429 2017 493 PAULI.
2052 462 2129 476 -—
2160 430 2239 491 IN
2282 431 2535 493 EPIST.
2582 433 2606 492 Ι
2652 434 2756 493 AD
2800 433 2977 494 COR.

3422 432 3539 494 398

540 564 608 617 Et
648 569 767 633 post
815 562 952 629 haec,
983 563 1257 635 undecim,
1308 565 1542 635 quando
1598 563 1783 619 abfuit
1814 567 1866 631 Α
1965 564 2285 636 Sequitur:
2334 566 2529 622 Gratia
2576 567 2673 623 Dei
2715 583 2836 622 sum
2883 565 2939 619 id
2988 563 3128 638 quod
3178 581 3336 627 sum;
3370 567 3537 639 quasi

1899 654 2115 709 diceret
2148 672 2161 709 :
2197 654 2380 710 Multa
2410 660 2549 711 sunt
2580 655 2806 725 merita,
2835 654 2936 711 sed
2965 653 3237 724 malazet,
3272 654 3410 726 quia
3434 672 3538 727 pro

1900 742 2052 798 malo
2085 743 2373 798 redditum
2404 749 2493 799 est
2521 744 2606 799 illi
2643 746 2881 811 bonum,
2906 744 2986 799 ait
3020 760 3032 798 :
3066 741 3255 799 Gratia
3287 744 3390 798 Dei
3417 760 3541 798 sum

1899 832 1954 887 id
1984 834 2126 903 quod
2152 850 2312 895 sum;
2343 832 2401 887 id
2451 838 2559 901 est,
2594 834 2747 905 quod
2790 851 2922 889 sum
2956 832 3163 898 ﬁdelis,
3207 832 3362 904 quod
3394 833 3539 903 Apo-

1898 920 2106 989 stolus,
2132 923 2285 993 quod
2309 923 2508 978 doctor
2530 922 2792 994 gentium
2819 922 2875 976 in
2902 923 3035 988 ﬁde,
3059 926 3116 976 et
3137 920 3397 991 veritate,
3423 935 3539 974 non

1900 1010 2013 1065 mei
2043 1015 2132 1065 est
2162 1011 2376 1078 meriti,
2410 1005 2512 1066 sed
2561 1010 2767 1066 divinas
2800 1011 3020 1083 gratiae.
3053 1010 3153 1065 His
3182 1008 3373 1065 verbis
3404 1025 3544 1065 con-

1898 1100 2157 1166 demnat,
2210 1105 2265 1155 et
2314 1100 2579 1171 reprimit
2625 1116 2824 1155 eorum
2875 1098 3283 1167 temeritatem,
3337 1097 3438 1172 qui
3486 1101 3545 1153 et

1896 1188 2079 1245 libero
2104 1191 2482 1261 sejactantur
2512 1189 2752 1245 arbitrio
2777 1207 2787 1243 :
2817 1194 2875 1244 at
2896 1188 3012 1256 ille,
3039 1189 3135 1260 qui
3169 1187 3365 1243 divina
3386 1204 3546 1243 com-

1899 1279 2208 1333 mandatur
2237 1278 2443 1351 gratia,
2475 1294 2547 1333 ne
2578 1278 2803 1334 alienus
2835 1296 2868 1333 a
2896 1277 3077 1334 libero
3106 1275 3371 1333 videatur
3396 1274 3547 1332 arbi-

1897 1365 2029 1432 trio,
2061 1366 2254 1437 inquit
2286 1383 2298 1421 :
2333 1369 2395 1421 Et
2441 1369 2625 1435 gratia
2655 1368 2770 1436 eius
2802 1368 2860 1421 in
2906 1382 2993 1421 me
3038 1381 3221 1422 vacua
3266 1380 3375 1420 non
3399 1364 3543 1435 lfuit,

1898 1455 2017 1510 sive
2049 1471 2251 1527 egena.
2303 1458 2490 1521 Quare
2539 1474 2654 1511 non
2706 1455 3108 1521 vacua?Quia
3155 1470 3353 1510 meum
3400 1452 3547 1509 velle

1898 1545 2267 1614 prmvenienti
2299 1545 2497 1616 gratias
2532 1544 2745 1600 sociavi
2779 1545 2946 1616 (635).
2986 1543 3303 1615 Subjunxit
3332 1546 3389 1598 et
3419 1558 3545 1597 ver-

1899 1633 1973 1689 ba
2004 1634 2073 1687 ad
2106 1634 2377 1688 eumdem
2417 1650 2658 1689 sensum
2690 1633 2995 1689 attinentia
3029 1651 3042 1688 :
3076 1632 3182 1688 Sed
3209 1633 3334 1704 plus
3362 1632 3547 1687 omni-

1902 1723 1998 1777 bus
2032 1722 2293 1777 Iaboravi.
2330 1723 2391 1776 In
2424 1740 2490 1778 eo
2522 1739 2797 1794 namque,
2830 1722 2984 1795 quod
3017 1722 3177 1788 dicit,
3207 1722 3354 1793 plus,
3380 1736 3548 1775 mon-

1901 1815 2126 1865 stratur
2156 1810 2293 1882 quia
2343 1812 2529 1881 major
2558 1815 2647 1866 est
2678 1810 2760 1865 illi
2804 1812 2939 1866 data
2970 1810 3195 1866 occasio
3241 1808 3548 1865 laborandi

1901 1916 2078 1972 quam
2093 1900 2313 1955 caeteris
2337 1898 2709 1970 apostolis,eo
2735 1900 2887 1971 quod
2904 1898 3162 1956 officium
3187 1897 3548 1972 apostolatus

1903 1989 2127 2060 accepit
2172 1988 2227 2044 in
2278 1988 2573 2061 gentibus.
2625 1988 2823 2044 Caeteri
2875 1990 3090 2061 quippe
3142 1987 3414 2061 apostoli,
3447 1986 3549 2060 qui

1903 2078 2161 2133 officium
2187 2077 2546 2149 apostolatus
2567 2078 2626 2131 in
2650 2078 3156 2133 circumcisionem
3180 2080 3548 2148 acceperant,

1906 2184 2039 2223 cum
2058 2167 2245 2222 Judaei
2274 2167 2542 2222 notitiam
2560 2166 3219 2239 legis,etprophetarum
3242 2165 3547 2234 haberent,

1904 2262 1961 2313 et
1992 2272 2175 2311 unum
2209 2256 2391 2311 Deum
2425 2269 2553 2311 esse
2586 2259 2845 2326 nossent,
2881 2254 3108 2310 facilius
3135 2258 3403 2326 poterant
3422 2269 3549 2309 cor-

1904 2344 2079 2400 dibus
2109 2360 2310 2399 eorum
2364 2342 2654 2399 inculcare
2686 2343 2869 2399 Deum
2918 2343 3133 2398 habere
3178 2342 3414 2409 Filium,
3446 2339 3547 2412 qui

1903 2435 2124 2490 missus
2156 2451 2188 2488 a
2218 2437 2405 2503 Patre,
2426 2449 2661 2488 carnem
2693 2433 3037 2504 susceperit,
3069 2436 3126 2488 et
3155 2431 3429 2504 patiendo
3450 2445 3551 2503 ge-

1904 2542 2017 2580 nus
2047 2523 2373 2579 humanum
2426 2521 2734 2577 redemerit
2768 2540 2780 2588 ;
2812 2538 2941 2579 esse
2971 2521 3146 2577 etiam
3179 2525 3235 2576 et
3266 2519 3551 2597 Spiritum

1905 2617 2195 2669 sanctum.
2229 2611 2374 2666 Huic
2419 2610 2640 2666 scilicet
2665 2610 2855 2682 prima
2898 2609 3218 2665 necessitas
3248 2600 3553 2665 incumbe-

1904 2701 2025 2765 bat,
2056 2704 2119 2754 ut
2172 2698 2327 2754 idola
2357 2699 2719 2769 destrueret;
2753 2698 2958 2754 deinde
2992 2714 3176 2753 unum
3208 2713 3336 2753 esse
3369 2696 3553 2753 Deum

1906 2793 2226 2845 creatorem
2258 2786 2524 2843 omnium
2565 2789 2899 2843 ostenderet
2925 2806 2937 2856 ;
2972 2787 3177 2843 exinde
3205 2786 3414 2842 Filium
3446 2785 3552 2841 ha-

1906 2879 2062 2949 bere,
2087 2877 2187 2949 qui
2219 2878 2437 2932 missus
2458 2878 2635 2932 etiam
2659 2894 2692 2932 a
2724 2876 2909 2943 Patre,
2932 2880 3205 2949 suscepta
3230 2892 3425 2945 carne,
3448 2892 3550 2948 pa-

1905 2968 2123 3037 tiendo,
2157 2982 2342 3038 genus
2386 2965 2712 3021 humanum
2744 2967 3091 3036 redemerit;
3124 2982 3252 3021 esse
3282 2969 3339 3021 et
3367 2963 3551 3037 Spiri-

1906 3059 2035 3109 tum
2088 3060 2357 3109 sanctum
2410 3072 2421 3105 :
2472 3055 2585 3109 tria
2630 3056 2932 3122 vocabula,
2964 3060 3200 3127 tresque
3249 3070 3550 3127 personas,

1910 3159 2096 3199 unum
2128 3147 2325 3198 tamen
2350 3157 2478 3197 esse
2507 3142 2711 3197 Deum.
2736 3149 2816 3197 Ac
2848 3160 2950 3215 per
2979 3144 3087 3199 hoc
3123 3143 3254 3215 plus
3276 3142 3553 3199 omnibus

1906 3232 2211 3288 laboravit.
2246 3231 2630 3302 Quapropter,
2660 3246 2730 3286 ne
2750 3231 2859 3286 sibi
2878 3231 2987 3287 hoc
3017 3231 3305 3287 ascribere
3324 3231 3550 3286 videre-

142 3304 470 3397 perfectum
504 3337 661 3388 eum,
696 3320 752 3374 id
786 3324 876 3376 est
901 3324 1199 3375 mortuum
1231 3338 1529 3394 synagoga
1557 3323 1795 3395 genuit;
1830 3304 1872 3371 (ἶ
1912 3327 2027 3390 tur,
2065 3338 2198 3376 mox
2223 3319 2448 3375 addidit
2480 3337 2491 3375 :
2524 3319 2645 3375 Non
2674 3323 2860 3375 autem
2887 3336 2981 3391 ego
3012 3339 3029 3374 :
3062 3320 3183 3387 ubi,
3217 3336 3351 3375 cum
3383 3318 3550 3389 dicit,

144 3413 265 3467 sive
328 3408 467 3480 quia
525 3407 780 3464 Ecclesia
838 3408 909 3464 de
965 3409 1093 3479 ejus
1143 3411 1519 3466 conversione
1568 3412 1797 3468 difﬁde-

149 3502 268 3555 bat.

217 3586 507 3659 Sequitur
537 3602 549 3641 :
592 3587 743 3643 Visus
774 3594 851 3642 est
879 3586 1019 3641 mihi
1046 3586 1106 3640 in
1137 3586 1230 3642 via
1261 3588 1396 3659 (Act.
1422 3607 1496 3657 1x,
1530 3590 1604 3660 3),
1638 3590 1802 3646 visus

154 3681 240 3733 est
272 3676 335 3731 in
386 3674 626 3747 templo.
677 3675 955 3746 Sequitur
987 3691 999 3729 :
1033 3677 1139 3747 Ego
1169 3678 1321 3731 enim
1368 3694 1492 3733 sum
1536 3681 1804 3734 minimus

158 3764 576 3837 apostolorum;
607 3780 722 3819 non
750 3765 978 3831 merito,
1012 3764 1278 3837 inquam,
1316 3782 1429 3821 non
1462 3782 1653 3837 opere,
1691 3784 1804 3822 non

163 3853 364 3926 gratia,
416 3854 520 3909 sed
569 3857 850 3925 tempore.
903 3854 1007 3921 Qui
1052 3870 1162 3909 non
1199 3871 1322 3909 sum
1378 3855 1577 3923 dignus
1626 3857 1811 3911 vocari

160 3944 449 4015 apostolus.
502 3944 692 4009 Quare
727 3941 754 3996 ?
802 3942 943 4009 Quia
986 3951 1302 4013 persecutus
1342 3959 1463 3997 sum
1521 3944 1814 3999 Ecclesium

161 4032 273 4089 Dei.
306 4030 474 4094 Nota,
509 4030 669 4101 quia,
703 4046 837 4085 cum
871 4046 986 4085 non
1042 4030 1438 4085 commisisset
1467 4036 1599 4103 post
1627 4032 1814 4104 bapti-

164 4135 357 4175 smum
382 4136 509 4192 quas
531 4118 860 4190 defleret,ea
880 4135 1005 4190 quae
1028 4124 1163 4174 ante
1188 4120 1547 4191 baptismum
1572 4120 1816 4176 commi-

166 4215 340 4279 serat,
361 4210 486 4277 jam
512 4207 760 4264 dimissa
779 4208 1045 4264 deflebat.
1072 4208 1819 4280 Meminerat,inquam,Do-

168 4297 305 4352 mini
328 4296 583 4353 dicentis
606 4312 708 4369 per
730 4296 1074 4368 prophetam
1098 4298 1269 4368 (652):
1288 4299 1395 4369 Ego
1418 4315 1657 4370 sum,ego
1673 4316 1817 4367 sum,

169 4389 257 4457 qui
286 4386 442 4443 deleo
490 4390 554 4441 ut
598 4386 857 4441 nebulam
906 4391 1139 4457 peccata
1192 4389 1310 4450 tua.
1362 4396 1416 4443 et
1475 4393 1821 4460 peccatorum

170 4484 389 4531 tuorum
417 4492 531 4532 non
568 4475 898 4531 recordabar
944 4476 1181 4547 amplius
1216 4476 1364 4546 (lsai.
1398 4494 1559 4545 xnm,
1591 4478 1681 4548 25)
1709 4496 1721 4543 ;
1756 4481 1821 4532 tu

170 4580 298 4620 vero
353 4580 581 4619 memor
629 4568 773 4620 esto.
808 4562 916 4618 Ubi
961 4563 1208 4619 solerter
1255 4565 1678 4620 attendendum
1712 4571 1820 4634 est,

1905 3429 2013 3468 non
2045 3427 2160 3482 ego,
2193 3426 2308 3465 non
2340 3426 2401 3464 se
2431 3410 2689 3464 ostendit
2717 3425 2832 3465 non
2876 3408 3160 3480 laborare,
3194 3409 3294 3464 sed
3326 3408 3550 3479 absque

1909 3500 2096 3573 gratia
2123 3499 2389 3554 laborare
2428 3514 2545 3553 non
2593 3514 2785 3570 posse.
2819 3498 2980 3554 Unde
3010 3502 3067 3554 et
3112 3514 3247 3554 mox
3276 3496 3503 3553 addidit
3537 3511 3553 3552 :

1913 3590 2013 3646 Sed
2043 3591 2240 3663 gratia
2256 3589 2354 3643 Dei
2383 3603 2616 3644 mecum.
2644 3587 2867 3651 Quibus
2896 3587 3088 3643 verbis
3105 3588 3361 3643 ostendit
3383 3585 3556 3658 (654),

1916 3679 2054 3752 quia
2083 3694 2189 3734 nec
2216 3678 2406 3750 gratia
2450 3677 2576 3733 sine
2622 3676 2804 3732 libero
2856 3676 3118 3744 arbitrio,
3153 3691 3259 3732 nec
3308 3675 3560 3731 liberum

1918 3767 2225 3825 arbitrium
2273 3767 2399 3821 sine
2448 3767 2637 3838 gratia
2666 3766 2923 3821 hominis
2973 3768 3223 3822 salutem
3268 3768 3562 3837 operatur.

1919 3860 2192 3913 Attamen
2270 3859 2545 3927 operatur
2613 3856 2801 3924 gratia
2854 3855 2981 3910 sine
3059 3855 3241 3911 libero
3301 3853 3566 3922 arbitrio,

1924 3944 2351 4018 praeveniendo,
2403 3943 2903 4013 quemadmodum
2952 3943 3133 3999 istum
3181 3944 3254 3999 de
3297 3942 3438 3999 cmlo
3470 3960 3570 3999 vo-

1927 4034 2132 4090 cando.

1998 4121 2277 4193 Sequitur
2307 4137 2321 4175 :
2356 4119 2479 4175 Sive
2508 4120 2657 4174 enim
2698 4136 2820 4190 ego,
2876 4120 2987 4174 sive
3035 4120 3147 4187 illi,
3178 4123 3285 4175 etc.
3322 4119 3402 4175 De
3435 4120 3565 4191 qui-

1928 4214 2038 4268 bus
2070 4209 2256 4266 dicit?
2285 4210 2365 4265 De
2404 4209 2521 4265 illis
2570 4208 2857 4276 videlicet,
2891 4208 3105 4281 quibus
3134 4224 3196 4263 se
3244 4208 3377 4280 plus
3408 4209 3570 4263 dixe-

1927 4306 2017 4357 rat
2047 4300 2331 4357 laborare.
2365 4298 2587 4362 Quibus
2616 4298 2809 4354 verbis
2840 4298 3116 4367 ostendit,
3140 4297 3280 4369 quia
3308 4313 3422 4352 non
3456 4296 3571 4352 sibi

1930 4392 2123 4447 minor
2152 4389 2468 4445 auctoritas
2516 4387 2663 4443 foret
2691 4386 2749 4441 in
2802 4386 3232 4459 praedicatione,
3261 4388 3346 4443 sic
3367 4384 3573 4458 pradi-

1929 4496 2136 4547 camus,
2179 4483 2241 4533 ut
2290 4477 2576 4545 omnium,
2611 4478 2875 4548 inquam,
2928 4476 3411 4533 resurrectionem
3460 4491 3579 4533 cre-

1936 4569 2169 4624 deretis.
2205 4568 2329 4622 Sive
2360 4583 2475 4638 ego,
2509 4568 2623 4622 sive
2668 4568 2777 4635 illi,
2810 4566 2940 4621 ideo
2970 4565 3133 4635 dicit,
3165 4571 3229 4621 ut
3257 4582 3291 4622 a
3320 4565 3578 4638 generali

176 4657 461 4722 quantum
512 4669 620 4708 nos
670 4656 934 4724 oporteat
979 4668 1066 4717 ea,
1103 4668 1233 4724 quae
1281 4656 1413 4724 post
1461 4653 1822 4725 baptismum
1855 4674 1901 4738 D
1932 4657 2195 4714 omnium
2252 4654 2535 4723 doctrina,
2568 4660 2625 4710 et
2685 4656 2797 4711 fide
2846 4656 3090 4727 puderet
3136 4671 3235 4712 eos
3279 4656 3399 4711 fore
3446 4654 3582 4710 alie-

177 4741 605 4813 commisimus,
629 4741 863 4796 deﬂere.
890 4739 1099 4796 Melius
1122 4746 1212 4796 est
1232 4742 1387 4797 enim
1421 4759 1507 4809 ea,
1541 4759 1671 4815 qum
1692 4748 1825 4799 ante

179 4829 540 4903 baptismum
586 4829 1016 4894 commisimus,
1071 4830 1303 4899 deflere,
1337 4847 1514 4903 quam
1563 4849 1649 4899 ea,
1698 4849 1826 4904 quae

180 4924 307 4989 post
356 4919 719 4992 baptismum
768 4917 1197 4989 commisimus,
1251 4918 1523 4975 oblivioni
1577 4922 1825 4978 tradere.

184 5006 294 5063 Hoc
328 5024 609 5081 magnum
654 5008 877 5064 malum
927 5013 1035 5075 est,
1070 5007 1216 5063 illud
1247 5026 1380 5065 vero
1412 5026 1694 5082 magnum
1725 5012 1828 5067 bo-

188 5111 345 5150 num.
382 5095 497 5151 Hoc
528 5097 681 5151 enim
713 5096 924 5171 agebat
950 5096 1288 5169 Apostolus,
1321 5100 1460 5171 quia
1488 5099 1720 5156 Domini
1744 5117 1830 5155 re-

190 5184 602 5241 miniscebatur
630 5184 954 5251 sententiae,
988 5186 1236 5242 dicentis
1261 5203 1274 5243 :
1301 5188 1488 5245 Omnis
1518 5194 1617 5260 qui
1643 5206 1700 5246 se
1726 5190 1834 5245 hu-

1939 4764 2064 4803 1108.

2008 4835 2285 4907 Sequitur
2320 4851 2332 4890 :
2369 4834 2431 4889 Si
2458 4840 2641 4889 autem
2691 4834 2935 4889 Christus
2961 4833 3291 4905 pradicatur
3320 4833 3377 4885 in
3412 4831 3581 4897 vobis,

1938 4924 2077 4997 quod
2104 4926 2416 4979 resurrexit
2462 4939 2495 4977 a
2524 4925 2779 4994 mortuis,
2834 4926 2941 4978 etc.
2977 4922 3219 4995 Egregie
3247 4935 3381 4977 vero
3414 4934 3587 4990 argu-

1940 5019 2135 5071 mento
2169 5013 2465 5070 concludit
2494 5028 2612 5083 eos,
2639 5018 2703 5069 ut
2730 5016 2831 5069 aut
2863 5014 3180 5083 utrumque
3209 5012 3451 5081 negent;
3479 5007 3591 5061 hoc

1941 5108 2049 5171 est,
2070 5108 2154 5169 ut,
2179 5103 2228 5159 si
2249 5102 2546 5157 Christum
2571 5104 2821 5159 credunt
2846 5100 3256 5163 ream-rexisse,
3280 5095 3521 5151 credant
3536 5097 3596 5148 et

1943 5193 2191 5249 aliorum
2225 5190 2748 5260 resurrectionem;
2777 5195 2858 5255 et,
2887 5189 2936 5241 si
2968 5192 3186 5257 negant
3205 5186 3472 5249 aliorum,
3492 5197 3595 5236 ne-
