3990 5306
420 414 536 474 399

1446 411 1782 472 ATTONIS
1831 412 2409 473 VERCELLENSIS
2459 413 2811 474 EPISCOPI

3715 411 3840 469 400

417 549 645 601 constat
675 560 743 600 ex
774 545 1189 617 propositione,
1215 545 1619 615 assumptione
1648 548 1705 599 et
1736 543 2061 599 conclusio-
2091 547 2147 612 Α
2176 547 2319 601 citer
2348 550 2700 601 remunerat.
2734 544 2871 599 Nam
2895 546 2945 599 si
2965 546 3025 597 in
3054 545 3155 597 hac
3176 548 3390 597 tantum
3418 544 3531 597 vita
3556 546 3842 612 sperantes

418 651 509 691 ne.
548 633 844 690 Perfectus
875 632 1252 705 syllogismus
1299 638 1527 688 constat
1559 650 1626 688 ex
1671 634 2073 706 propositione

416 728 473 779 et
521 722 939 789 conclusione;
997 727 1061 776 ut
1111 723 1159 777 si
1215 723 1425 777 dicas:
1487 727 1587 778 Est
1642 724 1836 778 omnis
1888 724 2073 777 virtus

421 810 632 867 utilis?
664 811 732 866 Et
762 811 1135 883 respondeas,
1171 811 1369 879 utilis;
1404 815 1462 867 et
1491 829 1764 868 assumas
1799 828 1811 865 :
1846 813 1947 866 Est
1977 828 2071 866 ca-

423 901 591 957 stitas
638 899 845 955 utilis?
877 900 941 954 Et
990 900 1345 972 respondeas
1381 919 1393 956 :
1441 900 1648 967 Utilis;
1684 906 1740 955 et
1786 890 2072 971 posthaec

426 990 744 1047 concludas
777 1006 788 1044 :
823 993 970 1061 Ergo
1001 994 1059 1044 et
1106 990 1347 1045 castitas
1372 990 1557 1045 virtus
1614 994 1723 1045 est.
1761 988 2072 1061 Apostolus

427 1094 658 1152 quoque
690 1078 1016 1151 proposuit,
1048 1092 1101 1133 et
1130 1078 1436 1150 conclusit,
1460 1078 1629 1150 quasi
1663 1078 1904 1133 dixisset
1930 1096 1942 1133 :
1969 1078 2073 1131 Re-

358 1184 361 1191 '
428 1168 678 1225 surrexit
706 1166 1013 1222 Christus?
1052 1166 1138 1221 Illi
1175 1167 1223 1222 si
1255 1168 1535 1235 dicerent,
1570 1168 1906 1232 resurrexit,
1933 1184 2068 1221 con-

425 1258 685 1314 cluderet
714 1256 838 1328 ipse
872 1272 884 1311 :
918 1255 1245 1327 Resurgent
1274 1261 1329 1311 et
1358 1256 1569 1311 caeteri.
1608 1257 1675 1311 Et
1720 1256 1856 1310 item
1894 1274 1905 1311 :
1947 1256 2069 1310 Non

428 1350 739 1418 resurgant
768 1344 863 1400 alii
890 1348 911 1401 Ρ
941 1344 1000 1399 Si
1048 1345 1491 1416 responderent,
1524 1361 1662 1411 non,
1690 1343 1789 1398 ille
1840 1344 2071 1399 conclu-

425 1438 587 1492 deret
618 1451 630 1490 :
665 1435 862 1506 Neque
908 1434 1176 1491 Christus
1226 1434 1563 1489 resurrexit.
1598 1434 1821 1489 Pseudo
1858 1433 2073 1505 quippe

424 1523 669 1597 apostoli
699 1524 992 1596 negabant
1030 1523 1329 1595 Christum
1379 1524 1766 1579 resurrexisse
1802 1539 1813 1576 :
1852 1522 1991 1593 quia
2020 1526 2077 1577 et

426 1614 717 1686 negabant
766 1628 899 1668 eum
961 1617 1213 1667 natum:
1275 1612 1395 1683 qui,
1453 1628 1523 1666 ne
1582 1612 1652 1666 ab
1714 1611 2075 1666 amatoribus

425 1705 697 1759 humanae
743 1701 1038 1773 sapientia:
1087 1701 1543 1772 despicerentur,
1578 1700 1677 1772 qui
1710 1700 1958 1755 stultum
1994 1702 2076 1769 iu-

424 1793 699 1849 dicabant
734 1794 912 1846 Deum
944 1788 1238 1844 hominem
1273 1792 1513 1860 factum,
1542 1794 1597 1845 et
1626 1807 1888 1861 passum,
1923 1790 2075 1845 deci-

428 1882 666 1954 piebant
698 1879 1017 1951 simplices,
1052 1884 1110 1933 et
1138 1896 1256 1932 suae
1308 1879 1491 1949 partis
1534 1878 1840 1933 iaciebant.
1875 1878 1955 1933 De
1986 1883 2075 1931 ta—

429 1971 587 2025 libus
618 1969 759 2023 dicit
786 1968 1040 2024 Joannes
1074 1984 1087 2022 :
1122 1968 1227 2035 Qui
1254 1983 1361 2021 non
1384 1969 1669 2037 conﬁtetur
1696 1967 1984 2023 Christum
2016 1969 2074 2021 in

428 2075 595 2116 carne
643 2058 869 2125 venisse,
903 2056 991 2111 hic
1018 2060 1094 2111 est
1142 2057 1498 2111 antichristus
1530 2059 1574 2127 (I
1602 2060 1756 2113 Joan.
1790 2074 1863 2125 iv,
1898 2056 1971 2127 3).
2008 2056 2074 2109 Et

408 2138 569 2204 item
604 2166 616 2204 :
653 2148 757 2216 Qui
785 2150 943 2217 negat
979 2147 1205 2213 Filium,
1237 2163 1335 2201 nec
1376 2148 1605 2201 Patrem
1653 2146 1811 2199 habet
1845 2146 1889 2215 (1
1914 2146 2071 2200 Joan.

408 2256 491 2307 ‘11,
520 2240 633 2309 23).
666 2237 735 2292 Hi
766 2236 1003 2301 etenim,
1036 2234 1172 2291 licet
1192 2234 1420 2307 aliquos
1452 2234 1845 2307 deeepissent,
1878 2239 1933 2288 et
1956 2250 2072 2288 sua:

426 2326 612 2399 partis
660 2340 759 2380 eos
809 2324 1101 2392 fecissent,
1150 2328 1315 2378 erant
1364 2329 1559 2379 tamen
1610 2322 1875 2378 nonnulli
1926 2322 2075 2376 inter

410 2430 546 2481 eos,
580 2413 681 2484 qui
710 2412 1008 2468 Christum
1042 2414 1427 2466 resurrexisse
1460 2412 1798 2481 credebant,
1825 2412 1895 2465 de
1925 2410 2071 2465 alio-

428 2520 557 2559 rum
590 2501 1010 2559 resurrectione
1061 2500 1427 2555 dubitabant.
1461 2501 1540 2555 De
1571 2499 1687 2555 illis
1720 2500 1860 2555 dicit
1892 2517 1904 2554 :
1942 2500 2075 2567 Quo-

425 2593 580 2649 modo
610 2592 858 2664 quidam.
891 2580 1029 2645 Non.
1052 2605 1277 2655 omnes,
1310 2590 1407 2644 sed
1460 2588 1626 2644 multi
1680 2594 1877 2643 tamen
1910 2592 2075 2643 erant

428 2684 537 2739 hoe
565 2698 759 2737 errore
788 2680 1033 2752 decepti.

499 2790 801 2861 Sequitur:
822 2788 883 2843 Si
897 2791 1081 2843 autem
1104 2787 1344 2841 Christus
1369 2802 1477 2842 non
1500 2787 1807 2841 resurrexit
1833 2784 2073 2856 (subau-

431 2879 609 2949 ditur,
643 2894 831 2949 neque
861 2876 1074 2944 caeteri)
1112 2891 1124 2929 :
1158 2879 1235 2941 et,
1270 2876 1317 2929 si
1370 2875 1449 2929 ita
1480 2880 1587 2941 est,
1622 2877 1809 2931 inanis
1842 2878 1916 2929 est
1948 2890 2076 2944 ergo

424 2969 759 3040 praedicatio
806 2970 1013 3033 nostra,
1042 2969 1151 3020 etc.
1188 2980 1201 3018 :
1237 2964 1375 3020 facit
1403 2964 1557 3020 enim
1608 2965 1889 3020 adversus
1921 2963 2072 3018 illos.

430 3058 577 3113 Nam
608 3057 743 3128 quis
772 3055 1019 3111 libenter
1048 3054 1247 3110 audiat
1277 3054 1385 3109 hoc
1417 3070 1479 3109 se
1512 3069 1743 3126 negare,
1776 3058 1833 3109 et
1866 3051 2074 3107 inutile

420 3146 709 3219 judicare,
734 3145 889 3217 quod
919 3144 1085 3216 prius
1105 3143 1449 3210 crediderat,
1474 3148 1530 3198 et
1552 3145 1769 3199 bonum
1795 3144 2076 3214 approba-

414 3240 590 3293 .verat
610 3236 637 3291 ?
663 3236 730 3290 Et
748 3234 877 3290 ideo
898 3233 1043 3288 dicit
1068 3249 1080 3287 :
1109 3233 1299 3287 Inanis
1326 3236 1405 3287 est
1446 3232 1574 3301 ﬁdes
1618 3236 1811 3297 vestra,
1846 3236 1911 3285 ut
1937 3248 2070 3286 cum

429 3326 539 3382 hoc
569 3322 1447 3393 audirent,cont‘underentur,et
1468 3322 1539 3375 ad
1562 3321 1871 3391 pristinam
1896 3320 2071 3374 fidem

431 3418 877 3472 reverterentur.
910 3412 994 3465 Ad
1027 3410 1135 3465 hoc
1156 3410 1332 3464 etiam
1360 3409 1616 3479 respicit,
1641 3411 1795 3480 quod
1830 3410 2073 3465 inferius

414 3505 516 3560 ait
547 3520 559 3557 :
596 3500 793 3557 Adhuc
818 3502 943 3555 estis
975 3501 1034 3553 in
1062 3500 1295 3569 peccatis
1309 3500 1524 3553 vestris.
1547 3498 1686 3563 Quis
1718 3499 1875 3553 enim
1900 3498 2079 3553 liben-

434 3597 525 3648 ter
553 3589 754 3646 audiat
782 3606 845 3645 se
883 3603 1011 3644 esse
1062 3588 1118 3642 in
1152 3587 1423 3659 peccatis,
1458 3604 1708 3657 quorum
1758 3605 1818 3643 se
1849 3589 2077 3642 veniam

439 3679 687 3737 credidit
716 3683 1095 3734 consecutum
1115 3676 1141 3729 ?
1172 3676 1236 3729 Et
1266 3675 1481 3730 idcirco
1512 3675 1657 3729 dixit
1690 3694 1702 3731 :
1736 3676 1925 3731 Adhuc
1953 3678 2080 3733 estis

444 3773 505 3828 in
532 3771 783 3842 peccatis,
819 3772 883 3822 ut
916 3766 998 3820 illi
1030 3782 1146 3820 non
1195 3781 1357 3836 aeque
1388 3766 1622 3835 ferrent,
1650 3771 1707 3821 et
1751 3766 1976 3822 confusi
2010 3766 2079 3821 ad

439 3860 755 3935 pristinam
784 3858 959 3912 ﬁdem
1009 3859 1452 3911 reverterentur.
1485 3855 1846 3927 Quapropter
1893 3854 2035 3910 dicit
2068 3873 2079 3911 :

444 3951 765 4009 lnvenimur
791 3952 844 4003 et
870 3946 1005 4018 falsi
1029 3948 1185 4001 testes
1212 3946 1331 4015 Dei,
1359 3948 1469 4000 etc.
1495 3946 1618 4000 Non
1649 3945 1808 4014 dicit,
1836 3946 2079 4013 inimici,

443 4041 581 4115 quia
598 4039 872 4096 inimicus
889 4035 1103 4092 dicitur
1124 4034 1223 4106 qui
1245 4034 1535 4090 contraria
1551 4035 1749 4101 sentit,
1778 4034 1863 4090 vel
1888 4035 2081 4089 minus

441 4133 602 4189 dicit.
640 4128 739 4186 Isti
769 4126 898 4184 falsi
942 4142 1069 4181 esse
1121 4128 1407 4196 poterant,
1440 4123 1579 4195 quia
1610 4140 1823 4195 magna
1869 4125 1939 4179 de
1969 4128 2082 4179 Deo

439 4222 724 4288 dixerant,
756 4218 806 4273 si
836 4216 945 4271 hoc
974 4230 1173 4269 verum
1205 4217 1378 4279 esset,
1399 4213 1553 4283 quod
1588 4212 1669 4266 illi
1703 4213 1994 4277 dicebant,
2016 4229 2081 4267 ac

437 4311 486 4366 si
518 4310 650 4366 aliis
678 4306 872 4363 verbis
895 4304 1051 4359 dicat
1082 4320 1096 4359 :
1130 4302 1246 4356 Nos
1279 4301 1515 4371 quidem
1541 4300 1691 4367 falsi,
1717 4301 1854 4371 quia
1879 4305 1936 4355 et
1956 4300 2080 4373 ipse

437 4398 623 4455 falsus
650 4416 664 4459 :
696 4396 835 4467 quia
884 4392 1055 4449 tertia
1087 4390 1361 4462 promisit
1390 4390 1483 4443 die
1504 4394 1991 4455 resurrecturum,
2024 4395 2081 4445 et

433 4487 600 4541 vobis
630 4503 732 4557 per
759 4499 975 4554 aquam
1006 4479 1375 4551 baptismatis
1405 4478 1631 4534 veniam
1665 4479 1940 4533 daturum
1977 4496 1988 4533 :
2028 4480 2076 4534 si

432 4576 516 4631 ita
544 4580 653 4642 est,
688 4579 755 4629 ut
782 4571 996 4634 dicitis,
1029 4568 1167 4640 quia
1195 4568 1386 4624 adhuc
1412 4569 1551 4623 estis
1584 4570 1641 4622 in
1676 4570 1945 4640 peccatis.
1982 4569 2077 4624 Se-

2182 652 2435 703 essemus,
2468 634 2902 689 miserabiliores
2930 633 3181 687 omnibus
3212 647 3450 686 essemus
3507 630 3835 685 hominibus

2183 725 2461 797 quoniam
2518 724 2726 795 pagani
2777 722 2978 777 saltem
3032 721 3124 775 hic
3176 722 3303 776 suis
3350 720 3844 776 delectationibus

2184 816 2492 882 fruuntur;
2527 812 2696 868 nobis
2719 829 2850 868 vero
2873 811 3010 883 quid
3038 811 3284 881 jejunis,
3304 810 3443 882 quid
3468 810 3684 875 oratio,
3702 810 3843 881 quid

2182 904 2409 976 vigiliae,
2441 903 2579 975 quid
2632 908 2793 958 casta
2834 902 2952 956 vita
3000 900 3391 973 prodessent?
3420 900 3625 957 Solent
3675 900 3845 956 nobis

2182 994 2387 1065 pegani
2420 994 2611 1048 dicere
2646 1009 2657 1047 :
2691 992 2826 1059 Vos,
2866 992 2964 1062 qui
2996 991 3054 1045 in
3086 990 3381 1046 Christum
3409 990 3678 1057 creditis,
3703 990 3844 1061 quid

2184 1084 2373 1155 magis
2407 1082 2633 1137 habetis
2658 1082 2684 1136 ?
2718 1082 2901 1151 Hujus
2932 1080 3057 1135 vitae
3092 1080 3258 1136 bonis
3278 1096 3389 1135 non
3425 1081 3620 1153 magis
3652 1082 3845 1137 abun-

2183 1174 2355 1228 datis.
2394 1173 2504 1227 Sed
2553 1172 2760 1242 magis,
2816 1171 3079 1241 inquam,
3112 1169 3433 1236 habemus;
3469 1171 3609 1241 quia
3660 1170 3841 1225 vitam

2183 1262 2479 1317 credimus
2527 1262 2808 1327 futuram,
2860 1275 2989 1330 quae
3035 1258 3574 1331 incomparabiliter
3634 1258 3845 1315 melior

2184 1356 2290 1420 est,
2326 1366 2502 1421 quam
2535 1350 2668 1405 ista.

2258 1466 2569 1536 Postquam
2602 1481 2803 1520 eorum
2854 1463 3279 1519 confessionem
3313 1464 3708 1535 exprobravit,
3744 1480 3841 1537 ag-

2185 1570 2423 1626 gressus
2451 1558 2538 1609 est
2569 1554 2945 1609 manifestare
2978 1553 3486 1607 resurrectionem.
3523 1553 3623 1608 Ait
3643 1552 3837 1608 enim:

2186 1649 2343 1700 Nunc
2372 1646 2552 1698 autem
2582 1643 2824 1697 Christus
2870 1642 3199 1709 resurrexit,
3243 1642 3515 1713 primitiaz
3558 1642 3842 1697 dormien-

2184 1736 2326 1787 tium
2350 1750 2368 1791 ,ο
2401 1733 2539 1803 quia
2570 1733 2800 1803 primus
2837 1732 2957 1803 ipse
2988 1732 3057 1785 ad
3092 1730 3597 1786 immortalitatem
3626 1732 3844 1786 transi-

2186 1822 2308 1888 vit;
2342 1823 2479 1892 quia
2508 1822 2617 1877 etsi
2660 1822 2758 1877 alii
2789 1827 2923 1876 ante
2954 1836 3088 1876 eum
3114 1825 3580 1883 resurrexerunt,
3619 1822 3693 1876 ad
3716 1838 3843 1877 cor-

2106 1925 2154 1989 B
2185 1912 2514 1983 ruptionem
2570 1912 2888 1965 redierunt.
2920 1910 3087 1979 Nota,
3123 1910 3261 1982 quia
3301 1927 3406 1981 per
3452 1911 3757 1977 hominem,
3790 1918 3843 1965 et

2185 2005 2429 2056 mortem
2462 2000 2603 2056 dicit
2629 2005 2685 2055 et
2715 2000 3223 2067 resurrectionem,
3246 2000 3345 2055 sed
3382 2017 3495 2055 non
3518 2004 3718 2055 tamen
3746 2016 3843 2071 per

2183 2106 2317 2145 eum
2353 2090 2723 2155 resurrectio,
2760 2105 2861 2159 per
2891 2104 3063 2159 quem
3116 2105 3276 2144 mors
3311 2106 3321 2141 :
3352 2089 3489 2143 facit
3518 2088 3681 2144 enim
3727 2089 3838 2164 pri-

2186 2180 2286 2246 mi,
2321 2184 2378 2235 et
2408 2180 2649 2235 secundi
2682 2179 2818 2232 Adze
2843 2179 3222 2234 mentionem.
3259 2179 3486 2234 Primus
3510 2181 3697 2234 Adam
3733 2196 3835 2235 suo

2185 2272 2419 2339 peccato
2450 2268 2671 2322 invenit
2728 2272 2967 2322 mortem
3001 2285 3014 2329 :
3070 2268 3365 2323 secundus
3395 2268 3603 2335 Adam,
3644 2268 3703 2322 id
3730 2274 3836 2335 est,

2183 2357 2469 2420 Christus,
2504 2357 2857 2427 suajustitia
2882 2358 3388 2413 resurrectionem.
3416 2358 3524 2423 Qui
3554 2363 3761 2413 essent
3783 2358 3836 2413 hi

2184 2447 2320 2515 duo,
2354 2446 2626 2509 ostendit,
2648 2464 2781 2500 cum
2816 2446 3154 2515 subjunxit:
3184 2447 3334 2501 Sicut
3362 2449 3421 2502 in
3453 2447 3629 2502 Adam
3654 2463 3837 2503 omnes

2184 2538 2521 2591 moriuntur.
2566 2537 2693 2607 Ipse
2743 2535 2882 2606 quia
2932 2536 3223 2605 peccando
3257 2541 3502 2592 mortem
3558 2536 3831 2606 incurrit,

2184 2642 2407 2692 omnes,
2442 2624 2539 2696 qui
2572 2640 2638 2678 ex
2660 2640 2725 2679 eo
2756 2625 3142 2689 descendunt,
3170 2630 3417 2681 mortem
3445 2626 3770 2682 incurrunt
3789 2633 3841 2682 et

2184 2715 2414 2781 animae,
2470 2720 2525 2769 et
2584 2715 2863 2785 corporis.
2925 2714 3085 2778 Quod
3133 2731 3264 2770 vero
3312 2715 3499 2770 dicit:
3551 2717 3638 2771 Ita
3685 2722 3734 2772 et
3788 2720 3842 2772 in

2187 2804 2393 2859 Christo
2424 2819 2607 2858 omnes
2650 2803 3102 2874 viviﬁcabuntur,
3133 2821 3204 2858 ne
3250 2805 3613 2859 contrarium
3646 2804 3836 2860 videa-

2186 2898 2299 2961 tur,
2355 2894 2493 2964 quia
2540 2909 2657 2947 non
2706 2909 2911 2948 omnes
2954 2892 3340 2959 viviﬁcantur,
3375 2893 3458 2947 sic
3507 2893 3837 2965 intelliges.

2184 2981 2324 3036 dum
2356 2986 2445 3036 est
2477 2997 2490 3035 :
2526 2980 2664 3052 quia
2693 2997 2919 3050 omnes,
2953 2981 3051 3052 qui
3082 2981 3471 3049 vivificantur,
3507 2982 3567 3036 in
3608 2981 3833 3038 Christo

2182 3070 2567 3125 vivificantur.

2253 3187 2558 3243 Manifesta
2590 3187 3034 3256 resurrectione,
3071 3187 3207 3259 quia
3237 3188 3507 3257 ejusdem
3537 3188 3829 3243 voluitor-

2102 3290 2144 3357 ρ
2184 3277 2376 3331 dinem
2412 3277 2831 3346 demonstrare,
2862 3277 3203 3346 subjunxit:
3238 3278 3619 3349 Unusquisque
3650 3279 3709 3331 in
3740 3294 3831 3331 suo

2185 3366 2375 3421 ordine
2404 3384 2424 3419 :
2451 3364 2549 3436 qui
2581 3366 2720 3419 ordo
2750 3383 2863 3420 non
2898 3365 3089 3430 malis,
3113 3366 3211 3421 sed
3244 3366 3482 3421 dabitur
3513 3366 3574 3421 in
3607 3366 3832 3421 Christo

2185 3454 2508 3509 vivilicatis.
2550 3455 2826 3509 Primitiae
2860 3456 3123 3525 Christus,
3158 3460 3221 3509 ut
3269 3472 3468 3525 supra.
3505 3456 3831 3526 Sequitur:

2188 3544 2390 3600 Deinde
2430 3544 2527 3613 qui
2552 3548 2679 3597 sunt
2731 3543 2935 3597 Christi
2967 3563 2983 3597 :
3017 3545 3115 3615 qui
3165 3550 3321 3614 sunt,
3356 3547 3453 3615 qui
3502 3546 3566 3599 in
3594 3544 3836 3601 adventu

2190 3634 2305 3698 eius
2332 3632 2674 3687 crediderant
2704 3633 3096 3702 (subauditur,
3115 3634 3628 3706 resurgent).Cum
3664 3635 3834 3690 dicit:

2194 3721 2395 3776 Deinde
2423 3722 2569 3792 ﬁnis,
2604 3722 2860 3776 ostendit
2890 3722 3026 3793 quia
3048 3727 3103 3777 et
3134 3724 3503 3791 resurrectio,
3538 3728 3727 3795 atque
3751 3725 3837 3794 ju-

2193 3812 2409 3866 dicium
2445 3811 2755 3876 malorum,
2790 3812 2859 3865 ad
2892 3810 3064 3865 istam
3099 3811 3276 3865 vitam
3318 3812 3725 3884 pertinebunt.
3764 3813 3841 3867 Fi-

2194 3902 2286 3957 nis
2318 3918 2432 3956 non
2464 3900 2574 3955 erit
2613 3900 3100 3971 consumptionis,
3138 3900 3238 3954 sed
3289 3902 3840 3958 consummationis.

2264 4035 2542 4105 Sequitur
2602 4052 2614 4088 :
2678 4034 2813 4087 Cum
2880 4032 3181 4087 tradiderit
3230 4050 3461 4103 regnum
3516 4037 3632 4091 Deo
3692 4036 3844 4109 (quia

2193 4124 2409 4193 homo),
2442 4131 2493 4177 et
2540 4122 2696 4176 Patri
2727 4121 2888 4192 (quia
2936 4120 3157 4189 Filius).
3208 4123 3319 4177 Sed
3371 4124 3479 4178 iste
3530 4140 3758 4196 sermo,
3789 4125 3841 4179 id

2189 4218 2296 4281 est,
2332 4212 2649 4275 tradiderit,
2684 4210 2901 4265 multos
2950 4210 3361 4267 scandalizavit
3394 4212 3599 4269 minus
3632 4214 3840 4269 intelli-

2190 4305 2411 4373 gentes,
2446 4299 2545 4371 qui
2579 4300 2850 4354 dixerunt
2876 4300 3037 4370 quia,
3071 4316 3203 4355 cum
3250 4302 3580 4367 tradiderit,
3615 4304 3842 4359 desinet

2189 4405 2454 4461 regnare.
2489 4388 2651 4453 Quod
2684 4387 2731 4442 si
2784 4387 2865 4441 ita
2908 4392 3021 4454 est,
3054 4404 3189 4459 ergo
3239 4393 3292 4443 et
3325 4389 3495 4444 Pater
3542 4391 3728 4447 desiit
3758 4407 3841 4446 re-

2187 4495 2385 4551 gnare,
2420 4477 2557 4549 quia
2586 4476 2784 4531 omnia
2816 4475 2957 4531 Filio
3000 4477 3264 4541 tradidit,
3297 4478 3453 4533 sicut
3483 4478 3617 4550 ipse
3648 4480 3797 4535 dicit
3825 4496 3838 4533 :

2188 4569 2383 4623 Omnia
2434 4568 2576 4621 mihi
2622 4566 2838 4621 tradita
2883 4574 3012 4620 sunt
3058 4583 3093 4620 α
3137 4571 3304 4620 Patre
3351 4582 3469 4622 meo
3517 4568 3732 4638 (Matth.
3765 4586 3837 4637 x1,

430 4663 662 4736 quitur:
690 4664 844 4729 Ergo
872 4668 922 4716 et
943 4660 1041 4730 qui
1068 4658 1409 4712 dormierunt
1438 4658 1497 4711 in
1528 4656 2073 4728 Christo,perierunt.
2107 4667 2153 4730 D
2184 4657 2296 4726 27).
2329 4657 2435 4710 Sed
2470 4655 2602 4725 quis
2636 4671 2749 4709 non
2801 4658 3078 4725 agnoscat
3106 4670 3285 4725 quam
3336 4655 3588 4712 stultum
3624 4658 3705 4712 sit
3737 4658 3839 4713 hoc

432 4754 565 4809 Ideo
599 4752 708 4808 hoc
738 4750 897 4815 dicit,
934 4754 997 4803 ut
1026 4747 1179 4803 sicut
1206 4764 1320 4802 non
1368 4763 1528 4817 mque
1562 4748 1707 4802 ferro
1735 4753 2068 4817 potuerunt,

431 4843 747 4898 audierunt
776 4857 837 4895 se
867 4839 977 4894 hoe
1016 4854 1247 4910 negare,
1281 4838 1432 4907 quod
1470 4838 1632 4907 prius
1664 4838 2067 4904 crediderant;

394 4972 397 4973 ν
428 4934 487 4986 et
516 4930 708 4986 adhuc
739 4944 866 4984 esse
896 4928 955 4981 in
1000 4925 1272 4997 peccatis,
1305 4942 1555 4997 quorum
1588 4924 1815 4979 veniam
1848 4942 1909 4979 se
1934 4942 2067 4980 con-

428 5025 657 5075 secutos
689 5017 1037 5078 sperabant;
1070 5015 1153 5070 sic
1184 5031 1299 5070 non
1330 5030 1490 5078 teque
1529 5015 1760 5077 ferrent,
1795 5016 1934 5067 dum
1962 5032 2067 5069 au-

2184 4745 2371 4799 dicere
2401 4745 2427 4798 ?
2457 4745 2603 4814 Ergo
2648 4742 2889 4797 tradidit
2944 4747 3132 4805 Pater,
3167 4750 3225 4798 et
3272 4761 3388 4799 non
3442 4746 3669 4812 amisit,
3706 4746 3841 4818 quia

2180 4851 2313 4889 cum
2349 4832 2491 4889 Filio
2548 4833 2841 4903 possidet;
2875 4834 3061 4886 tradet
3093 4833 3293 4902 Filius,
3339 4839 3397 4888 et
3430 4850 3550 4889 non
3583 4836 3837 4890 amittet.

2180 4924 2326 4988 Quid
2360 4923 2538 4994 igitur
2565 4927 2653 4977 est
2702 4922 2977 4976 tradere?
3023 4921 3413 4989 Manifestare,
3450 4923 3701 4995 inquam
3731 4942 3743 4990 ;
3778 4926 3838 4979 ut

2181 5012 2279 5076 qui
2313 5012 2476 5074 prius
2515 5010 2571 5064 in
2609 5011 2734 5065 suis
2787 5011 3065 5070 regnabat
3114 5026 3215 5068 per
3265 5011 3461 5066 ﬁdem.
3497 5018 3709 5064 regnet
3740 5027 3837 5062 ηει-
