3990 5306
371 416 491 481 403

1394 417 1734 481 ATTONIS
1778 414 2358 480 VERCELLENSIS
2405 417 2756 483 EPISCOPI

3673 421 3793 482 ΛΜ

451 552 731 626 Sequitur
764 569 776 608 :
812 552 997 624 Quam
1026 552 1194 610 habeo
1223 570 1281 609 in
1316 554 1533 611 Christo
1561 554 1679 609 Jesu
1715 570 1727 608 :
1763 568 1829 607 ac
1852 550 1900 607 si
1937 549 2022 605 di-
2054 550 2108 617 Α
2139 550 2266 606 sola
2295 550 2564 610 homines
2574 554 2997 625 justificantur.
3022 554 3129 611 Illa
3144 559 3253 623 est,
3276 555 3543 628 inquam,
3566 553 3791 625 divina,

379 649 471 701 cat
504 660 517 699 :
551 645 668 717 Ego
701 644 936 716 quidem
969 660 1071 715 per
1127 642 1374 700 salutem
1425 648 1677 698 vestram
1736 642 2023 697 sollicitus

381 750 515 791 sum
551 750 687 802 ;vos
722 738 915 789 autem
947 734 1065 789 sive
1095 733 1283 788 velitis
1305 732 1726 806 perficere,sive
1759 750 1895 801 non,
1920 748 2024 803 ego

376 826 578 879 tamen
612 820 723 877 mei
775 821 991 878 laboris
1048 824 1374 879 mercedem
1428 822 1636 887 habeo,
1686 822 1931 895 gloriam
1965 821 2024 876 in

382 911 612 968 Christo
632 912 769 967 Jesu
817 911 1153 982 repositam.
1207 912 1530 983 Sequitur:
1593 911 1671 979 Si,
1728 911 2029 967 secundum

384 1000 684 1065 hominem,
713 1001 786 1056 ad
816 1001 1007 1057 bestias
1031 1004 1279 1074 pugnavi
1307 1003 1522 1073 Ephesi,
1579 1007 1689 1057 etc.
1751 1000 2029 1058 Bestiales

391 1090 604 1163 quippe
625 1089 916 1154 homines,
940 1090 1157 1146 bestias
1179 1090 1454 1163 appellat,
1490 1091 1611 1163 qui,
1645 1107 1778 1146 cum
1812 1090 2025 1146 intelli-

385 1185 587 1253 gerent
618 1180 691 1235 ad
722 1179 1193 1253 praedicationem
1215 1178 1474 1253 Apostoli
1504 1179 1789 1252 templum
1834 1181 2028 1235 Diana:

386 1269 1133 1342 evertendum,popularem
1168 1271 1445 1326 adversus
1471 1287 1603 1326 eum
1633 1271 2031 1327 excitaverunt

387 1357 732 1414 seditionem
760 1376 773 1425 ;
809 1360 927 1415 sive
958 1357 1088 1415 illos
1120 1358 1373 1432 appellat
1402 1359 1641 1427 bestias,
1686 1360 1756 1414 de
1815 1358 2031 1431 quibus

386 1446 530 1502 dicit
580 1446 890 1504 Psalmista
923 1464 935 1503 :
969 1450 1045 1504 Ne
1073 1448 1261 1504 tradas
1293 1449 1470 1504 bestiis
1516 1451 1735 1504 animas
1779 1450 2034 1519 conﬁten-

388 1538 529 1592 tium
552 1536 660 1593 sibi
688 1537 864 1608 (Psal.
898 1555 1089 1606 LXXIII,
1127 1539 1235 1609 19).
1283 1537 1504 1594 Bestiae
1550 1554 1682 1593 vero
1739 1539 2032 1593 daemones

388 1629 573 1682 vocat.
609 1626 818 1682 Anima
864 1644 1097 1699 quoque
1151 1627 1419 1683 saeviores
1452 1628 1600 1699 (658)
1651 1627 1867 1683 bestias
1918 1645 2031 1684 non

387 1714 737 1772 habet.Nam
772 1717 890 1771 sive
919 1716 1047 1784 hos,
1082 1716 1202 1772 sive
1228 1715 1362 1772 illos
1393 1715 1704 1787 intelligas,
1752 1718 2033 1773 adversus

389 1810 668 1877 utrosque
691 1804 1152 1878 pugnabis.Quid
1184 1805 1339 1861 enim
1365 1806 1656 1871 mirum,si
1680 1805 1898 1863 feroces
1929 1807 2032 1862 ho-

2135 655 2261 710 quee
2294 657 2407 695 non
2435 641 2627 698 solum
2654 643 2843 698 aliena
2865 660 2978 699 non
3001 645 3172 717 rapit,
3207 646 3307 701 sed
3331 663 3439 702 sua
3458 644 3658 717 potius
3683 644 3794 700 lar-

2135 728 2311 800 gitur.
2337 730 2505 796 Nota,
2539 732 2677 803 quia
2708 749 2822 787 non
2848 732 3039 789 solum
3064 735 3295 791 monuit
3326 751 3425 791 eos
3447 736 3612 805 juste
3644 733 3795 806 vigi-

2136 817 2280 887 lare,
2304 820 2406 874 sed
2424 820 2601 876 etiam
2629 820 2780 877 nolle
2803 838 3064 894 peccare.
3090 823 3185 879 Sic
3207 824 3363 879 enim
3394 824 3572 880 dicit:
3608 824 3799 880 Nolite

2134 924 2376 979 peccare.
2402 910 2643 967 Duobus
2675 911 2913 982 quidem
2945 912 3134 967 modis
3187 913 3455 969 homines
3508 917 3794 985 peccant:

2138 996 2343 1053 illicita
2363 999 2869 1065 committendo,et
2887 1003 3059 1072 jussa
3077 1019 3192 1057 non
3212 1001 3540 1073 implendo;
3566 1006 3629 1056 et
3653 1001 3799 1072 quia

2139 1084 2231 1141 his
2260 1088 2450 1143 modis
2470 1088 2751 1144 Corinthii
2783 1092 3122 1161 peccabant,
3151 1091 3440 1147 monendo
3458 1089 3600 1145 dicit
3625 1107 3638 1144 :
3680 1090 3799 1145 No-

2145 1174 2243 1231 lite
2264 1193 2506 1248 peccare.

2212 1265 2525 1336 Sequitur:
2557 1270 2939 1339 Ignorantiam
2988 1270 3135 1325 enim
3183 1270 3286 1325 Dei
3308 1269 3538 1340 quidam
3568 1268 3793 1325 habent.

2140 1355 2226 1409 Ad
2260 1353 2369 1410 hoc
2393 1356 2650 1428 respicit,
2677 1359 2831 1429 quod
2856 1358 3029 1430 paulo
3053 1359 3328 1431 superius
3349 1358 3534 1414 dixit:
3567 1359 3797 1415 Mandu-

2140 1459 2321 1500 oemus
2374 1454 2425 1500 et
2473 1447 2741 1513 bibamus,
2774 1452 2926 1505 etc.:
2985 1450 3209 1522 pseudo
3265 1464 3499 1521 quoque
3544 1447 3797 1520 apostoli

2143 1532 2535 1604 ignorantiam
2568 1536 2667 1593 Dei
2701 1537 2938 1607 habent,
2967 1539 3107 1610 quia
3138 1538 3358 1593 amissa
3385 1537 3498 1593 ﬁde
3528 1554 3792 1593 resurre-

2142 1621 2373 1693 ctionis,
2409 1625 2556 1680 nihil
2606 1631 2738 1698 post
2766 1627 2917 1683 hanc
2950 1628 3129 1683 vitam
3161 1644 3289 1683 esse
3320 1627 3665 1683 credebant.
3696 1631 3793 1682 Se-

2144 1712 2380 1783 quitur:
2442 1716 2529 1770 Ad
2576 1718 2976 1773 verecundiam
3007 1718 3157 1789 (661)
3201 1716 3350 1773 vobis
3407 1718 3619 1789 loquor.
3673 1715 3797 1771 Illis

2142 1817 2296 1873 vero,
2331 1803 2471 1873 quia
2495 1804 2608 1871 his,
2642 1806 2741 1876 qui
2775 1805 3166 1878 ignorantiam
3198 1805 3301 1863 Dei
3346 1806 3585 1875 habent,
3618 1806 3795 1861 ﬁdem

387 1893 578 1951 mines
609 1894 826 1949 bestias
870 1893 1139 1966 appellat,
1176 1912 1309 1950 cum
1362 1895 1489 1967 ipse
1537 1896 1822 1952 Neronem
1876 1901 2037 1951 vocet
2066 1918 2114 1982 B
2146 1893 3195 1962 accommodaverunt;ideodicit:Ad
3214 1894 3795 1962 verecundiam,etc.:

389 1982 617 2039 leonem
639 1982 667 2038 ?
691 1984 970 2050 Dominus,
1006 1983 1216 2056 inquit,
1278 1987 1482 2057 eripuit
1510 2002 1599 2040 me
1628 1986 1695 2041 de
1722 2003 1893 2041 manu
1924 1988 2033 2043 leo-

396 2074 485 2129 nis
519 2074 591 2146 (11
622 2073 754 2129 Tim.
790 2090 865 2141 Iv,
902 2073 1016 2145 l7);
1060 2073 1169 2129 hoc
1227 2079 1336 2140 est,
1401 2075 1645 2133 Neronis
1679 2093 1692 2142 ;
1760 2076 2036 2147 quoniam

391 2161 483 2219 bis
515 2163 703 2218 fuerat
733 2162 781 2217 ei
814 2161 1236 2227 oblatus.Quod
1261 2181 1395 2220 vero
1428 2165 1832 2232 ait,secundum
1868 2165 2039 2221 homi-

388 2251 989 2324 nem,intelligendum
1004 2256 1093 2307 est
1109 2254 1431 2308 secundum
1456 2253 1783 2309 humanum
1799 2271 2039 2311 sensum

389 2344 449 2397 et
481 2339 929 2396 aestimationem
942 2382 954 2394 .

466 2428 746 2500 Sequitur
776 2445 789 2482 :
814 2433 1203 2484 Manducemus
1234 2433 1283 2485 et
1328 2432 1598 2499 bibamus,
1638 2436 1744 2487 etc.
1806 2432 1922 2488 Hoc
1980 2432 2039 2488 in

395 2516 926 2590 Isaialegitur(lsa.
961 2535 1100 2586 χχιι,
1136 2519 1248 2589 13).
1283 2520 1568 2592 Loquitur
1617 2521 1900 2593 propheta
1948 2522 2043 2577 his

401 2605 595 2663 verbis
626 2607 903 2663 adversus
926 2605 1259 2679 Epicureos,
1293 2609 1393 2679 qui
1425 2610 1909 2668 resurrectionem
1953 2628 2047 2667 ne-

403 2695 621 2769 gabant
641 2696 808 2767 (659).
841 2695 1127 2768 Epicurus
1151 2713 1403 2767 namque
1420 2698 1588 2754 dixit:
1612 2699 1754 2755 Cum
1779 2704 2047 2757 mortuus

402 2785 584 2851 fuero,
615 2786 741 2856 jam
774 2802 889 2841 non
921 2802 1017 2841 ero
1054 2803 1066 2841 :
1108 2786 1208 2857 qui
1234 2787 1409 2843 etiam
1464 2805 1767 2845 summum
1828 2792 2046 2847 bonum

403 2890 532 2931 esse
564 2875 1004 2943 dixit,homines
1035 2875 1159 2931 suis
1189 2877 1521 2934 satisfacere
1544 2879 1870 2951 desideriis,
1917 2898 2045 2954 pro-

401 2967 532 3034 pter
562 2964 714 3035 quod
747 2968 805 3019 et
838 2980 1049 3037 porcus
1073 2965 1397 3036 appellatus
1423 2969 1530 3023 est.
1566 2968 1789 3024 Pseudo
1817 2986 2047 3041 quoque

404 3050 787 3124 apostoli,etsi
810 3052 1020 3109 Christi
1041 3056 1523 3112 resurrectionem
1548 3059 2049 3126 credebant,caete—

403 3157 601 3197 rerum
635 3142 850 3215 quippe
882 3142 1290 3215 negabantzet
1346 3144 1477 3201 ideo
1527 3145 1762 3203 illorum
1806 3164 2049 3205 sumens

401 3247 599 3287 vocem
630 3230 771 3287 dicit
803 3250 815 3287 :
848 3232 1229 3289 Manducemus
1255 3239 1307 3289 et
1332 3236 1599 3302 bibamus;
1662 3244 1771 3292 etc.
1811 3256 1823 3307 ;
1876 3255 1940 3293 ac
1999 3237 2047 3292 si

404 3320 597 3377 dicat:
629 3320 687 3377 Si
712 3322 1058 3378 resurrectio
1084 3327 1448 3380 mortuorum
1482 3342 1596 3381 non
1629 3332 1735 3393 est,
1769 3343 1903 3400 ergo
1948 3329 2047 3384 do-

406 3426 513 3466 nec
542 3410 1035 3477 vivimus,nostris
1069 3413 1372 3469 desideriis
1404 3414 1857 3471 satisfaciamus.
1889 3418 1956 3471 Et
1979 3434 2051 3473 ne

407 3513 615 3553 eorum
646 3498 1056 3569 deciperentur
1084 3500 1731 3573 doctrinis,subjunxit:
1766 3506 1946 3561 Nolite
1974 3523 2053 3562 se-

409 3586 555 3641 duci.
590 3586 701 3641 Sed
747 3586 887 3658 quia
934 3592 1204 3660 poterant
1244 3590 1477 3646 dicere:
1543 3593 1626 3649 lta
1682 3610 1789 3650 nos
1846 3612 2053 3666 parvos

411 3673 763 3742 astimasmt
791 3676 979 3749 decipi
1011 3694 1117 3733 nos
1152 3695 1323 3750 posse
1358 3683 1559 3736 credas
1592 3682 1619 3736 ἱ)
1648 3683 1772 3754 ipse
1803 3685 2049 3741 addidit:

413 3764 785 3836 Corrumpunt
814 3781 991 3821 mores
1023 3766 1181 3823 bonos
1200 3769 1471 3841 colloquia
1496 3772 1898 3836 mala.Quibus
1936 3791 2055 3830 ver-

412 3852 504 3908 bis
536 3852 954 3925 ostendit,quia
984 3872 1136 3928 saape
1167 3856 1459 3914 consortia
1498 3876 1807 3931 pravorum
1868 3863 2054 3919 homi-

414 3946 905 4015 num,sanctos,et
935 3945 1147 4015 probos
1179 3963 1369 4003 mores
1402 3948 1727 4022 dissipant;
1762 3956 1815 4007 et
1841 3952 2055 4009 idcirco

412 4030 649 4087 vitanda
678 4034 1098 4097 sunt,maxime
1128 4040 1325 4093 tamen
1357 4037 1415 4093 in
1450 4040 1767 4111 primordio
1810 4042 1966 4111 ﬁdei,
2002 4049 2059 4099 et

413 4119 667 4191 alicujus
698 4122 1075 4195 religionis,et
1109 4126 1395 4182 bonorum
1426 4145 1703 4200 operum;
1739 4131 1877 4203 quia
1906 4134 2060 4188 dona

413 4216 615 4268 tenera
645 4217 801 4281 sunt,
838 4229 937 4268 ceu
968 4215 1227 4282 arbusta,
1262 4221 1317 4271 et
1339 4217 1529 4287 paries
1579 4220 1827 4275 necdum
1861 4240 1895 4276 a
1952 4239 2058 4278 suo

416 4302 738 4358 exsiccatus
769 4302 1209 4370 humore,facile
1240 4305 1476 4376 quidem
1510 4314 1758 4378 possunt
1790 4311 1984 4366 everti.

489 4389 812 4460 Sequitur:
874 4392 1147 4461 Evigilate
1190 4395 1337 4463 justo
1396 4396 1562 4465 (660).
1614 4396 1886 4469 Vigiliam
1944 4401 2059 4456 sci-

420 4477 699 4544 licet,non
729 4481 846 4532 tam
880 4480 1161 4550 corporis,
1194 4498 1370 4549 quam
1428 4484 1643 4541 mentis
1701 4487 1886 4544 docet.
1942 4493 2061 4546 Hoc

420 4566 578 4624 enim
608 4570 824 4637 monet,
850 4573 914 4622 ut
942 4568 1141 4624 oculos
1170 4572 1383 4627 mentis
1411 4588 1642 4645 semper
1670 4581 1899 4647 apertos
1958 4579 2061 4635 ha-

420 4656 557 4711 bere
587 4656 952 4724 studeamus,
979 4658 1048 4712 ad
1080 4659 1379 4716 evitandas
1431 4662 1763 4721 daemonum
1821 4668 2065 4725 insidias
2099 4653 2142 4718 Ῑ)

423 4745 488 4802 In
520 4745 874 4817 quibusdam
906 4763 1038 4802 vero
1069 4747 1495 4821 exemplaribus
1519 4753 1814 4811 invenitur
1846 4773 1858 4812 :
1888 4759 2067 4831 Evigi-

2147 1984 2433 2050 quatenus
2464 1983 2769 2040 audientes
2799 1985 3352 2055 verecundarentur,
3380 1988 3437 2039 et
3457 1982 3694 2039 confusi
3724 1984 3796 2038 ad

2147 2069 2455 2140 pristinam
2492 2071 2665 2127 ﬁdem
2725 2077 3166 2130 reverterentur.
3222 2072 3563 2144 Assumpsit
3603 2071 3799 2141 itaque

2147 2158 2383 2215 illorum
2414 2177 2610 2217 vocem
2668 2163 3003 2235 Apostolus,
3064 2180 3212 2234 quos
3270 2162 3667 2234 ignorantiam
3700 2161 3799 2217 Dei

2151 2247 2364 2304 habere
2395 2250 2636 2319 dixerat,
2671 2257 2729 2307 et
2757 2252 2836 2307 ait
2866 2270 2878 2308 :
2912 2252 3018 2309 Sed
3064 2253 3195 2309 dicit
3244 2252 3482 2323 aliquis:
3521 2251 3799 2319 Quomodo

2151 2346 2438 2408 resurgent
2468 2344 2671 2411 mortui
2692 2346 2717 2395 .9
2746 2347 2856 2413 etc,
2880 2342 2999 2398 Hoc
3018 2342 3231 2399 etenim
3279 2340 3470 2397 solent
3518 2356 3798 2413 quaerens,

2153 2426 2253 2498 qui
2285 2431 2769 2486 resurrectionem
2797 2436 3036 2504 negant.
3069 2431 3377 2502 Sequitur:
3411 2431 3713 2501 lnsipiens,
3747 2435 3801 2484 tu

2154 2518 2298 2588 quod
2324 2520 2562 2573 seminus
2584 2520 2610 2574 ?
2641 2524 2748 2576 etc.
2775 2521 2926 2576 Bene
2957 2537 3167 2593 nempe
3197 2537 3355 2586 eum,
3400 2519 3504 2592 qui
3535 2535 3803 2575 resurre-

2157 2606 2408 2662 ctionem
2442 2612 2638 2678 negat,
2670 2608 3045 2681 insipientem
3094 2616 3282 2678 vocat,
3343 2608 3627 2682 quoniam
3661 2607 3801 2663 nihil

2156 2695 2532 2767 insipientius
2564 2714 2741 2768 quam
2770 2715 2926 2770 eum,
2959 2699 3060 2771 qui
3092 2698 3289 2755 omnia
3317 2715 3386 2753 ex
3424 2695 3615 2753 nihilo
3648 2713 3802 2752 crea-

2156 2784 2255 2851 vit,
2283 2791 2645 2843 mortuorum
2666 2804 2908 2859 corpora
2928 2789 2999 2844 de
3030 2792 3195 2844 terra:
3218 2787 3453 2860 pulvere
3485 2786 3803 2842 resuscita-

2158 2890 2219 2929 re
2250 2892 2422 2947 posse
2453 2892 2683 2948 negare.
2720 2876 2866 2933 Illud
2927 2894 3065 2933 sane
3123 2878 3469 2947 notandum,
3520 2875 3666 2948 quia
3692 2892 3802 2930 non

2157 2962 2587 3036 legalibus,non
2611 2966 2784 3023 etiam
2814 2966 3169 3039 propheticis
3191 2967 3474 3023 adversus
3497 2981 3600 3021 eos
3629 2964 3806 3019 utitur

2158 3053 2461 3126 exemplis,
2485 3056 2762 3126 quoniam
2792 3061 2957 3112 erant
2987 3056 3351 3128 insipientes,
3385 3055 3487 3111 sed
3520 3054 3595 3109 de
3620 3054 3804 3108 insen-

2159 3142 2447 3211 sibilibus,
2483 3149 2539 3199 et
2571 3145 3072 3202 irrationabilibus
3102 3145 3405 3201 creaturis.
3444 3145 3509 3201 Ut
3558 3144 3800 3207 enimtu,

2164 3233 2575 3305 quodseminas,
2601 3238 2708 3289 etc.
2743 3235 2917 3299 Quasi
2950 3234 3201 3291 diceret:
3238 3234 3401 3289 Sicut
3448 3232 3621 3299 illud,
3658 3231 3805 3304 quod

2166 3326 2229 3377 tu
2253 3322 2706 3394 seminas,prius
2728 3324 3060 3391 moruur,et
3080 3328 3210 3395 post
3231 3322 3582 3392 vivificatur,
3640 3322 3723 3377 sic
3752 3324 3808 3375 et

2160 3411 2357 3466 homo.
2383 3411 2695 3483 Sequitur:
2734 3418 2800 3469 Et
2826 3414 3232 3485 quodseminas,
3267 3427 3375 3467 non
3422 3428 3639 3483 corpus,
3669 3408 3811 3482 quod

2159 3502 2412 3571 futurum
2439 3508 2539 3572 est,
2570 3504 2830 3573 seminas,
2864 3507 2971 3558 etc.
3006 3504 3074 3558 Et
3123 3506 3505 3558 estsensus:
3558 3500 3723 3555 Sicut
3750 3504 3807 3554 tu

2162 3605 2278 3644 non
2301 3606 2531 3662 corpus,
2556 3590 2655 3645 sed
2679 3591 2902 3646 nudum
2925 3607 3170 3664 granum
3196 3590 3498 3657 seminas;
3526 3593 3585 3645 et
3611 3593 3810 3662 postea

2164 3694 2298 3734 cum
2316 3695 2576 3747 corpore,
2600 3679 2707 3736 hoc
2733 3684 2840 3749 est,
2868 3679 3251 3752 multiplicate
3299 3679 3593 3751 resurgit;
3649 3679 3736 3733 sic
3764 3681 3815 3733 et

2164 3768 2391 3824 nudum
2424 3786 2636 3841 corpus
2668 3769 2727 3824 in
2757 3768 3024 3842 sepulcro
3057 3770 3315 3841 ponitur,
3347 3772 3403 3824 et
3431 3768 3815 3840 postmodum

2165 3874 2301 3913 cum
2324 3857 2812 3929 multiplicatione
2835 3862 3117 3931 resurget,
3144 3875 3259 3915 non
3282 3873 3700 3925 numerorum,
3724 3856 3817 3912 sed

2166 3946 2604 4003 meliorationis.

2236 4036 2549 4108 Sequitur:
2587 4038 2722 4091 Deus
2748 4038 2843 4092 dat
2868 4037 2956 4091 illi
2984 4044 3184 4108 corpus
3202 4040 3366 4109 prout
3411 4036 3556 4101 vult,
3607 4038 3724 4090 etc.
3759 4035 3817 4091 In

2168 4142 2233 4181 eo
2255 4126 2432 4193 enim,
2457 4126 2612 4196 quod
2641 4125 2739 4193 ait,
2765 4127 2901 4192 vult,
2930 4126 3048 4182 sive
3071 4125 3388 4196 unicuique
3411 4124 3742 4190 seminum,
3765 4128 3825 4178 ut

2168 4215 2368 4285 voluit,
2403 4219 2802 4283 monstratur;
2837 4216 2975 4287 quia
3007 4232 3120 4271 non
3154 4215 3267 4270 alia
3288 4232 3353 4270 ex
3385 4219 3541 4270 terra
3565 4230 3824 4269 nascun-

2170 4308 2286 4368 tur,
2321 4322 2495 4376 quam
2532 4321 2657 4377 quae
2690 4305 2844 4361 Deus
2874 4305 2934 4360 in
2966 4305 3133 4362 initio
3164 4304 3378 4361 creavit
3407 4322 3419 4359 :
3464 4302 3747 4359 similiter
3775 4306 3828 4357 et

2172 4410 2285 4449 non
2317 4394 2429 4449 alia
2458 4410 2719 4466 corpora,
2738 4411 2915 4464 quam
2949 4412 3078 4467 quae
3106 4396 3164 4450 in
3190 4392 3475 4466 sepulcris
3501 4397 3825 4463 ponuntur,

2172 4488 2479 4557 resurgant
2504 4502 2516 4540 :
2551 4486 2705 4556 quod
2727 4484 2837 4540 Job
2856 4484 3153 4540 evidenter
3174 4482 3450 4549 ostendit,
3477 4498 3616 4537 cum
3652 4480 3825 4537 dicit:

2172 4573 2377 4628 Rursus
2432 4574 2814 4629 circumdabor
2858 4574 3004 4643 pelle
3033 4589 3157 4629 mea.
3209 4572 3344 4643 (Job.
3388 4588 3507 4636 XIX,
3556 4570 3678 4641 26),
3720 4574 3825 4625 etc.

2250 4664 2395 4734 (662)
2418 4663 2698 4734 Sequitur
2724 4679 2735 4717 :
2770 4664 2887 4718 Non
2915 4663 3091 4718 omnis
3122 4677 3269 4728 caro,
3301 4660 3499 4716 eadem
3533 4674 3693 4729 caro,
3719 4663 3825 4723 etc,

2177 4756 2259 4805 Ac
2291 4752 2335 4807 si
2370 4752 2525 4807 dicat
2551 4770 2563 4808 :
2596 4752 2740 4815 Quid
2779 4751 3015 4821 mirum,
3041 4750 3089 4807 si
3116 4766 3184 4805 ex
3215 4757 3381 4805 terra:
3411 4748 3652 4821 pulvere
3675 4763 3825 4802 mor-

421 4838 529 4891 tale
551 4836 722 4905 justi,
746 4838 797 4891 et
818 4837 990 4892 sobrii
1016 4840 1487 4909 estote,etc.',Sed,
1548 4843 1670 4899 sive
1716 4846 1888 4915 juste,
1949 4848 2070 4904 sive
2176 4844 2412 4895 tuorum
2436 4857 2680 4914 corpora
2695 4840 2848 4897 Deus
2868 4840 3196 4906 resuscitat,
3222 4838 3322 4910 qui
3355 4855 3423 4894 ex
3456 4854 3575 4893 una
3605 4852 3823 4899 massa,

422 4926 560 4988 iusti
587 4924 837 4997 legatur,
860 4941 1037 4996 quam
1057 4928 1351 4997 justitiam
1375 4933 1745 4988 commendet
1766 4936 2067 4991 attenden-

2179 4933 2353 5000 atque
2383 4929 2669 5001 impensa,
2705 4930 2963 4985 diversas
2995 4945 3191 4985 rerum
3225 4926 3449 4999 species
3497 4926 3741 4991 creavit,
3771 4928 3825 4978 et

421 5014 561 5069 dum
594 5018 909 5085 est,utrum
945 5016 1221 5081 divinam,
1272 5036 1343 5073 an
1404 5018 1747 5077 humanam.
1803 5023 2067 5079 Bumana
2177 5019 2486 5075 condidit?
2517 5020 2638 5082 Quo
2672 5020 2728 5074 in
2761 5020 2886 5075 loco
2917 5016 3380 5091 reprehendendi
3413 5020 3557 5072 sunt
3574 5014 3827 5087 philoso-
