3990 5306
375 415 491 477 407

1392 416 1733 478 ATTONIS
1778 415 2366 481 VERCELLENSIS
2411 416 2765 480 EPISCOPI
2818 442 2819 445 η

3673 409 3796 472 408

381 568 492 626 que
525 534 904 625 querendum
934 553 1232 621 est,quare
1261 547 1416 604 dicat
1444 556 1763 616 carnem,et
1792 550 2027 622 sangui-
2054 552 2109 618 Α
2145 552 2271 623 ejus
2303 569 2417 608 non
2450 552 2781 608 inveniatur
2809 547 3209 616 translatione,
3267 548 3655 618 Quapropter,
3723 560 3799 601 ne

380 657 516 698 nem
549 655 797 711 regnum
832 640 931 694 Dei
965 655 1078 693 non
1109 638 1425 709 possidere,
1451 655 1583 694 cum
1618 639 1741 711 ipse
1763 640 2032 711 superius

382 729 872 787 resurrectionem
904 744 1213 797 corporum
1247 727 1529 794 docuerit,
1560 733 1616 783 ct
1641 728 1881 783 diversis
1904 744 2031 783 eam

384 816 877 876 similitudinibus
927 817 1362 871 conﬁrmaverit
1404 833 1416 870 :
1451 817 1561 873 sibi
1620 834 1873 888 namque
1922 816 2034 887 ipsi

382 908 614 964 videtur
642 922 769 961 esse
800 905 1149 960 contrarius.
1183 906 1284 959 Sed
1323 910 1516 961 tamen
1573 923 1686 961 non
1724 912 1829 961 est.
1864 906 2032 973 Nam,

385 997 433 1053 si
467 995 638 1052 alicui
671 994 1030 1051 contrarium
1062 995 1312 1057 videtur,
1348 995 1591 1061 noverit,
1622 994 1761 1066 quia
1793 995 1849 1050 in
1890 995 2037 1050 Scri-

388 1085 577 1159 pturis
607 1085 822 1139 divinis
844 1100 999 1139 unus
1026 1083 1302 1153 idemque
1334 1100 1525 1140 sermo
1548 1086 1739 1139 varias
1760 1086 1905 1139 solet
1931 1084 2035 1139 ha-

389 1177 525 1230 bere
556 1174 1038 1245 signiﬁcationes,
1070 1172 1245 1227 veluti
1274 1174 1537 1240 tentatio,
1588 1179 1645 1228 et
1688 1174 1873 1228 multa
1904 1173 2034 1227 alia.

393 1265 462 1319 Et
491 1280 625 1318 caro
650 1262 920 1317 similiter
949 1262 1007 1315 in
1041 1262 1259 1317 eisdem
1294 1262 1611 1333 Scripturis
1643 1262 1818 1317 variis
1849 1262 2038 1316 modis

394 1352 651 1427 ponitur.
690 1350 925 1405 Ponitur
956 1350 1190 1421 quidem
1226 1367 1327 1422 pro
1356 1350 1549 1423 culpa,
1582 1354 1645 1405 ut
1675 1350 1818 1405 illud
1854 1369 1865 1406 :
1904 1350 2038 1405 Caro

393 1442 725 1512 concupiscit
751 1440 1010 1496 adversus
1038 1442 1299 1511 spiritum
1326 1439 1463 1511 (Gal.
1495 1441 1671 1510 v,l7),
1705 1441 1814 1511 17),
1844 1443 2042 1507 etc.;et

396 1547 502 1603 pro
532 1528 904 1597 mortalitate,
938 1534 1003 1584 ut
1030 1530 1177 1584 illud
1213 1547 1223 1583 :
1262 1533 1596 1585 Memoralus
1639 1536 1713 1584 est
1747 1532 1877 1599 quia
1905 1543 2041 1584 cara

393 1628 521 1674 sunt
552 1620 719 1689 (666),
753 1622 860 1674 etc.
896 1619 1140 1674 Ponitur
1169 1618 1345 1673 etiam
1390 1634 1492 1689 pro
1523 1618 1766 1673 veritate
1799 1624 2038 1689 natura),

397 1714 461 1763 ut
490 1708 635 1763 illud
666 1726 678 1763 :
718 1709 930 1763 Videbit
962 1710 1137 1763 omnis
1184 1724 1309 1762 caro
1340 1708 1581 1761 salutare
1636 1709 1733 1763 Dei
1764 1709 1892 1779 (lsa.
1925 1726 2038 1775 xu,

396 1800 431 1851 5
464 1817 477 1865 ;
512 1801 640 1854 Luc.
678 1814 756 1863 III,
789 1799 865 1868 6).
897 1797 989 1852 Sic
1014 1804 1070 1852 et
1099 1797 1155 1850 in
1210 1797 1314 1851 hoc
1375 1796 1497 1851 loco
1551 1814 1681 1852 caro
1716 1797 2042 1869 corruptio-

401 1902 536 1941 nem
571 1886 878 1957 significat.
907 1885 1237 1941 Possidebit
1280 1902 1415 1957 ergo
1448 1903 1579 1941 caro
1637 1902 1882 1958 regnum
1944 1886 2043 1942 Dei

402 1990 505 2048 per
538 1976 837 2030 veritatem
871 1981 1109 2045 naturae,
1146 1975 1243 2030 sed
1279 1992 1390 2029 non
1438 1976 1764 2047 possidebit
1794 1992 1898 2047 per
1925 1974 2048 2030 cul-

404 2080 562 2137 pam,
594 2070 649 2119 et
677 2064 1366 2135 corruptionem.Nemini
1392 2065 1628 2136 quidem
1663 2064 2047 2119 loborandum

402 2158 492 2209 est
521 2153 578 2207 in
609 2154 717 2208 hoc
748 2153 893 2217 loco,
928 2154 1065 2225 quia
1097 2154 1222 2224 ipse
1256 2153 1569 2225 Apostolus
1619 2154 1871 2225 exponit,
1906 2153 2047 2215 dum

401 2242 707 2314 subjungit
742 2260 752 2297 :
788 2246 971 2315 Neque
990 2244 1269 2312 corruptio
1301 2243 1750 2313 incorruptelam.

467 2359 736 2431 Sequitur
769 2377 779 2414 :
812 2359 941 2413 Ecce
971 2360 1294 2429 mysterium
1338 2360 1490 2413 vobis
1522 2358 1663 2413 dico.
1701 2358 2044 2429 Mysterium

397 2449 627 2502 Grazcus
658 2464 849 2503 sermo
882 2452 971 2502 est
1006 2464 1016 2499 :
1056 2447 1259 2502 Latine
1283 2446 1497 2501 dicitur
1526 2446 1939 2513 occultum,vel
1964 2446 2047 2501 in-

395 2537 606 2593 visum.
644 2536 782 2591 Ecce
818 2536 1104 2607 promittit
1134 2553 1195 2591 se
1228 2535 1539 2607 myterium
1572 2535 1783 2601 dicere,
1818 2540 1873 2590 et
1901 2536 2047 2591 forte

398 2625 507 2681 hoc
539 2629 627 2680 est
658 2625 810 2698 quod
843 2626 1108 2697 sequitur
1139 2642 1152 2679 ε
1189 2626 1404 2693 Omnes,
1431 2625 1647 2696 inquit,
1671 2641 2043 2695 resurgemus,

398 2719 507 2771 etc.
542 2715 643 2771 His
673 2715 862 2770 verbis
895 2715 1171 2785 ostendit,
1207 2716 1345 2787 quia
1376 2720 1431 2769 et
1464 2715 1754 2770 bonorum
1790 2714 2050 2780 simul,et

400 2805 691 2860 malorum
724 2804 831 2859 erit
861 2805 1656 2873 resurrectiozsedjustorum
1679 2803 2048 2859 solummodo

402 2894 756 2949 immutatio.
790 2894 1063 2964 Sequitur
1096 2910 1108 2946 :
1142 2895 1204 2947 In
1234 2894 1589 2963 moment0,iu
1622 2893 1733 2948 ictu
1762 2893 2051 2948 oculi.Mo¢

405 2986 668 3037 mentum
702 2981 914 3035 dicitur
944 2999 977 3036 a
1010 2986 1168 3037 motu
1193 2982 1452 3037 siderum
1489 2998 1500 3035 2
1536 2986 1623 3037 est
1653 2982 1807 3037 enim
1831 2982 2048 3037 brevis-

405 3070 557 3126 sima
586 3087 721 3143 pars
752 3070 925 3125 horae.
960 3070 1059 3125 His
1092 3087 1325 3143 quoque
1356 3070 1546 3126 verbis
1568 3070 2053 3137 certissimam,ac

404 3158 835 3215 velocissimam
878 3160 1226 3214 monstravit
1281 3160 1775 3216 resurrectionem
1812 3177 1824 3215 :
1864 3176 2051 3232 neque

404 3248 559 3304 enim
588 3247 718 3303 aliis
748 3248 939 3303 verbis
974 3248 1161 3320 potuit
1192 3266 1316 3303 eam
1348 3248 1689 3304 velociorem
1723 3251 2048 3318 ostendere,

405 3354 580 3410 quam
616 3342 678 3391 ut
711 3338 793 3392 sic
816 3336 1114 3403 cito,velut
1138 3343 1226 3392 est
1248 3336 1663 3409 palpebrarum
1698 3342 1973 3405 tactus,et
1994 3339 2051 3394 in

405 3431 700 3481 momento
732 3425 1011 3481 celebrari
1044 3426 1278 3480 diceret.
1317 3427 1477 3491 Quod
1514 3431 1709 3481 autem
1743 3427 1844 3496 ait,
1868 3430 1924 3483 in
1954 3445 2049 3484 no-

407 3517 629 3570 vissima
652 3515 799 3585 tuba,
841 3518 895 3568 et
924 3523 1083 3569 canet
1111 3516 1283 3583 enim,
1321 3531 1432 3568 non
1467 3514 1912 3588 intelligendum
1943 3522 2049 3586 est,

407 3603 561 3675 quod
594 3602 719 3674 ipse
749 3606 951 3656 auctor
982 3602 1460 3658 ressurrectionis
1504 3620 1815 3675 corporeus
1848 3606 2054 3671 sit,aut

407 3706 705 3764 corporem
738 3706 935 3745 vocem
978 3690 1205 3745 emittat
1237 3708 1249 3757 ;
1287 3696 1387 3745 aut
1445 3696 1599 3746 certe
1653 3692 1919 3760 angelus,
1952 3694 2051 3766 qui

410 3780 679 3835 minister
709 3778 817 3833 erit
850 3778 1313 3848 resurrectionis,
1348 3780 1490 3835 tuba
1530 3798 1803 3852 corporea
1834 3787 2001 3837 canat
2037 3800 2049 3850 ;

411 3868 507 3923 srd
542 3867 674 3922 talis
707 3884 812 3922 vox
844 3867 1220 3940 intelligenda
1275 3873 1384 3938 est,
1419 3887 1543 3941 quae
1576 3887 1609 3925 a
1656 3869 1757 3924 tali
1791 3875 2054 3926 creatura

410 3956 603 4011 emitti
638 3957 842 4029 possit,
878 3956 986 4012 hoc
1018 3965 1126 4024 est,
1159 3957 1430 4029 spiritali,
1464 3976 1640 4030 quam
1690 3976 1891 4016 omnes
1924 3960 2050 4033 qui-

410 4047 541 4101 dem
577 4046 788 4100 mortui
822 4046 1080 4113 audient,
1115 4051 1169 4102 et
1202 4053 1527 4120 resurgent.
1563 4051 1922 4121 Quopropter
1951 4051 2051 4105 ad-

400 4135 598 4207 junxit
630 4152 641 4190 :
676 4136 737 4190 Et
769 4138 973 4192 mortui
999 4142 1285 4205 resurgent
1317 4138 1637 4204 incorrupti.
1666 4138 1792 4209 Ipse
1824 4156 2053 4211 quoque

410 4224 778 4297 distinguens
809 4226 992 4281 bonos
1050 4243 1083 4279 a
1114 4225 1286 4280 malis
1349 4226 1491 4280 dicit
1525 4244 1536 4280 :
1571 4228 1634 4280 Et
1664 4243 1758 4282 nos
1788 4229 2051 4283 immuta-

410 4313 608 4368 bimur.
644 4315 921 4386 Sequitur
953 4331 966 4369 :
999 4315 1219 4369 Mortale
1276 4316 1374 4370 hoc
1428 4318 1634 4385 Oportet
1688 4315 1916 4371 induere
1949 4318 2052 4371 im-

407 4404 823 4467 mortalitatem,
857 4408 964 4457 etc.
998 4403 1257 4473 Oportet,
1292 4404 1349 4458 id
1382 4409 1489 4469 est,
1548 4404 1837 4471 convenit,
1872 4410 1928 4459 et
1956 4422 2050 4460 ex-

412 4490 587 4560 pedit,
620 4495 685 4545 ut
714 4492 867 4563 quod
901 4491 1189 4562 promisit,
1222 4492 1633 4564 adimpleatur.

485 4605 617 4660 Cum
649 4610 832 4661 autem
888 4608 1120 4663 mortale
1166 4608 1264 4662 hoc
1314 4609 1556 4665 induerit
1614 4611 2051 4677 imortalitatem,

414 4710 619 4765 usque,
653 4695 909 4766 absorpta
940 4704 1016 4751 est
1044 4712 1188 4752 mors
1214 4699 1274 4751 in
1306 4699 1553 4752 victoria.
1586 4698 1703 4753 Hoc
1756 4699 1911 4754 enim
1968 4715 2055 4755 se-

414 4783 564 4836 cund
576 4800 672 4837 um
695 4784 998 4855 antiquam
1012 4785 1393 4856 Septuaginta
1416 4786 1797 4857 interpretum
1813 4787 2057 4844 transla-

415 4871 629 4927 tionem
664 4872 721 4927 in
755 4873 897 4928 Osee
932 4874 1217 4945 scriptum
1271 4875 1565 4929 invenitur
1614 4875 1751 4946 (Ose.
1786 4894 1909 4947 x111,
1945 4878 2053 4945 14).

410 4961 727 5031 Apostolus
756 4969 948 5017 autem
985 4963 1310 5018 credendus
1339 4968 1427 5018 est
1450 4968 1566 5017 tam
1595 4964 1891 5035 bic.quam
1914 4970 1970 5019 et
1996 4966 2054 5020 in

2146 643 2501 697 contrarium
2534 643 2644 697 hoc
2677 640 2947 696 videatur
3004 638 3355 693 credendum
3388 642 3477 692 est
3527 634 3801 708 posuisse

2146 731 2252 786 hoc
2283 732 2685 787 testimonium
2713 731 2882 801 juxta
2912 727 3354 783 translationem
3409 725 3803 796 Septuaginta

2146 820 2690 891 interpretum,quaa
2722 820 2836 891 jam
2870 818 3173 872 ditt‘amata
3200 820 3323 871 erat
3348 831 3449 886 per
3479 820 3680 869 totum
3709 829 3804 869 or-

2145 909 2299 977 bem,
2336 926 2408 963 ne
2432 909 2574 963 forte
2620 925 2761 963 suos
2819 906 3236 963 scandalizaret
3292 904 3615 959 auditores.
3654 901 3804 958 Illud

2146 1003 2343 1052 autem
2390 998 2716 1063 sciendum,
2786 996 2925 1067 quia
2992 995 3112 1049 haec
3178 1010 3306 1059 vox,
3374 1008 3490 1063 qua
3558 992 3805 1059 dicitur,

2146 1089 2408 1159 absorpta
2439 1090 2516 1142 est
2562 1103 2734 1153 mors,
2792 1084 3292 1155 triumphatorum
3345 1082 3457 1137 erit
3489 1099 3501 1136 :
3536 1095 3805 1151 cumque

2149 1176 2359 1231 divicta
2391 1181 2598 1245 morte,
2633 1176 2703 1229 ad
2736 1172 3241 1229 immortalitatem
3272 1170 3639 1239 transierint,
3675 1169 3808 1223 illu~

2145 1266 2333 1320 dendo
2366 1266 2560 1320 dicent
2593 1282 2604 1320 :
2634 1264 2733 1321 Ubi
2760 1271 2857 1329 est,
2882 1277 3047 1331 mors,
3080 1262 3309 1317 victoria
3329 1264 3425 1314 tua
3453 1263 3478 1312 .9
3508 1259 3805 1313 Evacuata

2149 1358 2258 1420 est,
2290 1354 2428 1426 quia
2458 1358 2541 1421 tu,
2576 1369 2701 1425 quas
2731 1352 3006 1407 vincebas
3038 1352 3096 1405 in
3131 1346 3806 1420 morientibus,vinceris

2154 1459 2307 1497 nunc
2338 1444 2395 1498 in
2430 1440 2939 1514 surgentibus.Ubi
2965 1444 3059 1496 est
3083 1440 3256 1496 etiam
3289 1437 3529 1493 victoria
3554 1442 3807 1507 tua,qua

2151 1536 2341 1586 totum
2372 1547 2554 1602 genus
2579 1531 2906 1586 humanum
2935 1529 3301 1601 possidebas,
3329 1528 3472 1583 adeo
3504 1530 3569 1581 ut
3625 1526 3802 1581 etiam

2154 1620 2330 1675 Filius
2362 1620 2460 1676 Dei
2491 1621 2729 1675 veniens
2761 1625 2952 1675 tecum
2985 1619 3346 1691 conﬂigeret,
3382 1621 3438 1671 et
3465 1633 3581 1671 non
3614 1619 3672 1670 te
3703 1615 3801 1669 de-

2153 1709 2552 1779 clinando,sed
2588 1711 2782 1782 potius
2812 1708 3187 1780 suscipiendo
3218 1704 3568 1778 superaret?
3598 1703 3803 1776 Sequi-

2155 1803 2250 1853 tur
2282 1817 2293 1854 :
2332 1800 2430 1856 Ubi
2459 1812 2537 1855 est
2562 1800 2815 1855 stimulus
2838 1807 2985 1867 tuus,
3009 1798 3129 1853 sive
3156 1796 3416 1861 aculeus,
3451 1810 3567 1865 quo
3614 1797 3805 1847 totum

2155 1903 2337 1959 genus
2370 1888 2695 1943 humanum
2730 1887 3073 1953 vulnerasti,
3105 1890 3163 1941 et
3190 1893 3539 1940 venenatum
3603 1895 3805 1953 possc-

2158 1976 2296 2032 disti
2322 1976 2351 2030 ?
2380 1977 2505 2031 Tua
2538 1991 2789 2047 namque
2820 1975 3060 2031 victoria
3082 1972 3421 2046 temporalis
3445 1971 3555 2026 fuit
3576 1988 3589 2037 ;
3608 1976 3809 2025 nostra

2156 2081 2289 2120 vero
2321 2070 2534 2121 aeterna
2562 2070 2667 2121 est.
2704 2063 2953 2119 Protulit
2981 2079 3177 2119 vocem
3206 2060 3733 2133 triumphatorum,
3752 2062 3808 2113 et

2158 2156 2424 2209 eamdem
2456 2155 2743 2226 exposuit,
2769 2169 2903 2208 cum
2931 2152 3237 2223 subjunxit
3272 2168 3285 2206 :
3322 2150 3594 2206 Stimulus
3626 2152 3808 2203 autem

2156 2246 2345 2300 mortis
2370 2244 2812 2316 peccatum.Non
2846 2243 2974 2297 ideo
3019 2241 3236 2297 dicitur
3288 2238 3570 2295 stimulus
3599 2238 3805 2293 mortis

2158 2337 2459 2405 peccatum
2492 2334 2645 2404 quod
2678 2349 2835 2387 mors
2874 2331 3073 2387 fecerit
3126 2334 3453 2402 peccatum,
3515 2328 3617 2384 sed
3653 2327 3805 2399 quod

2160 2426 2463 2493 peceatum
2496 2422 2766 2493 genuerit
2795 2426 3046 2477 mortem
3084 2436 3099 2477 :
3133 2420 3286 2474 sicut
3334 2418 3551 2473 dicitur
3580 2415 3803 2488 lignum

2156 2510 2305 2576 vitae,
2340 2516 2440 2565 aut
2487 2510 2764 2577 scientiae,
2822 2526 2935 2566 non
2994 2510 3149 2580 quod
3213 2507 3412 2565 fecerit
3468 2506 3676 2575 vitam,
3708 2508 3805 2559 aut

2158 2600 2591 2664 scientiam,sed
2618 2600 2769 2671 quod
2796 2615 2897 2671 per
2918 2598 3063 2653 illud
3092 2598 3307 2653 servari
3340 2596 3528 2668 possit
3555 2599 3805 2666 utraque

2160 2689 2242 2744 sic
2273 2690 2445 2743 etiam
2481 2688 2696 2743 dicitur
2722 2688 2995 2760 poculum
3055 2687 3204 2742 vitae.
3266 2686 3548 2757 Sequitur
3580 2700 3594 2737 :
3635 2685 3806 2739 Virtus

2157 2794 2283 2833 vero
2304 2780 2509 2849 peccati
2538 2779 2629 2833 lex
2655 2782 2765 2845 est;
2802 2777 2940 2849 quia
2984 2792 3101 2847 quo
3132 2774 3355 2846 aliquid
3388 2773 3514 2846 lege
3546 2772 3811 2845 prohibe.

2159 2872 2273 2935 tur,
2303 2884 2368 2923 eo
2399 2867 2801 2923 delectabilius
2831 2866 3099 2922 habetur.
3133 2864 3390 2934 Prolata,
3439 2868 3497 2918 et
3552 2861 3812 2932 exposita

2156 2973 2294 3011 voce
2325 2956 2849 3025 triumphatorum,
2897 2959 3097 3010 monet
3144 2955 3382 3009 eosdem
3444 2952 3670 3023 gratias
3696 2951 3808 3005 Deo

2163 3061 2333 3117 agere
2367 3062 2379 3111 ;
2414 3045 2552 3116 quia
2582 3061 2696 3099 non
2730 3045 2855 3099 suis
2880 3042 3235 3110 viribus,sed
3268 3041 3462 3097 divina
3495 3041 3691 3112 gratia
3718 3040 3811 3094 ad-

2154 3133 2270 3205 juti
2304 3139 2552 3189 mortem
2586 3134 2871 3188 vicerunt.
2904 3133 3011 3187 Per
3055 3134 3238 3188 Iesum
3289 3131 3585 3186 Christum
3630 3128 3809 3189 dicit;

2163 3224 2300 3293 quia
2334 3222 2528 3277 omnis
2558 3221 2798 3276 victoria
2830 3221 2887 3275 in
2919 3220 3048 3290 ipso
3095 3223 3326 3275 constat
3359 3235 3370 3273 :
3399 3219 3527 3289 ipse
3560 3232 3814 3289 namque

2084 3297 2125 3364 C
2164 3312 2391 3383 primus
2418 3315 2664 3366 mortem
2694 3310 2851 3377 vicit,
2886 3314 2942 3365 et
2970 3308 3093 3365 suis
3150 3306 3486 3380 exemplum
3544 3305 3811 3362 vincendi

2163 3400 2390 3454 tribuit.

2234 3519 2449 3585 Itaque,
2488 3518 2691 3587 fratres
2738 3516 2848 3570 mei
2875 3514 3082 3569 dilecti.
3149 3511 3284 3567 Pest
3342 3510 3568 3567 multas
3628 3526 3818 3568 corre-

2163 3605 2403 3673 ctiones,
2440 3621 2552 3660 non
2587 3604 2775 3660 solum
2811 3601 3152 3670 fratres,sed
3177 3604 3235 3656 et
3264 3600 3507 3657 dilectos
3539 3599 3813 3674 appellat,

2164 3699 2227 3748 ut
2257 3693 2465 3749 saltem
2494 3694 2604 3749 hoc
2635 3692 2890 3749 remedio
2904 3690 3188 3747 sublevati
3204 3691 3274 3745 ad
3298 3690 3620 3761 pristinam
3647 3690 3813 3745 ﬁdem

2164 3786 2607 3839 reverterentur.
2668 3782 2948 3854 Sequitur
2978 3797 2990 3834 :
3026 3780 3258 3836 Stabiles
3287 3787 3450 3835 estote
3502 3779 3810 3834 immobiles

2162 3873 2309 3944 (667)
2344 3893 2358 3941 ς
2393 3876 2451 3927 et
2481 3872 2619 3945 quia
2650 3888 2763 3925 non
2784 3869 3004 3925 sufﬁcit
3028 3870 3085 3923 in
3121 3870 3231 3924 ﬁde
3256 3867 3529 3924 stabilem
3562 3868 3817 3931 esse,ad-

2163 3964 2331 4028 didit,
2355 3962 2739 4017 abundantes:
2773 3964 2850 4027 et,
2887 3959 3026 4031 quia
3071 3962 3265 4031 potest
3322 3958 3498 4013 homo
3552 3958 3615 4012 in
3654 3956 3819 4013 malis

2163 4050 2798 4120 ubundare,subjunxit
2832 4066 2843 4104 :
2880 4051 2938 4104 In
2970 4064 3129 4120 opere
3155 4049 3375 4103 Domini
3408 4066 3421 4115 ;
3452 4046 3690 4119 et,quia
3718 4062 3821 4101 non

2163 4142 2308 4197 satis
2340 4144 2428 4194 est
2460 4140 2531 4192 ad
2564 4143 2799 4208 tempus
2830 4137 2888 4191 in
2923 4153 3093 4207 opere
3127 4136 3354 4192 Domini
3387 4135 3818 4201 abundare,ad-

2154 4230 2370 4299 junxit,
2402 4243 2634 4298 semper.
2665 4225 2940 4295 Sequitur
2966 4242 2977 4279 :
3009 4227 3254 4281 Scientes
3282 4223 3422 4296 quod
3461 4224 3623 4278 tabor
3650 4233 3817 4279 vester

2160 4335 2270 4373 non
2298 4318 2369 4372 sit
2399 4317 2623 4383 inanis;
2659 4332 2724 4370 ac
2756 4314 2805 4370 si
2830 4313 3050 4370 diceret
3084 4331 3097 4370 :
3131 4315 3295 4371 Sicut
3317 4313 3434 4369 scio
3460 4329 3556 4369 me
3589 4329 3820 4387 quoque

2164 4406 2275 4462 mei
2335 4405 2551 4461 laboris
2614 4404 2942 4460 mercedem
2998 4410 3394 4476 recepturum,
3456 4402 3545 4458 sic
3605 4408 3665 4458 et
3721 4418 3817 4458 vos

2162 4495 2411 4551 scientes
2443 4498 2628 4549 estote
2656 4492 2835 4548 vestri
2866 4491 3085 4548 laboris
3130 4508 3232 4547 vos
3290 4495 3597 4562 recepturo
3667 4508 3817 4547 mer-

2162 4585 2384 4650 cedem,
2409 4582 2686 4654 quonium
2717 4582 2883 4637 labor
2912 4581 2972 4635 in
3006 4581 3250 4637 Domino
3282 4579 3477 4635 inanis
3528 4595 3673 4636 esse
3708 4595 3815 4636 non

2083 4666 2127 4730 Ι)
2160 4676 2368 4745 potest.

2237 4788 2385 4859 (668)
2416 4788 2549 4843 CAP.
2600 4785 2768 4851 XVI.)
2829 4785 3154 4857 Sequitur:
3193 4786 3264 4839 De
3315 4784 3562 4839 collectis
3613 4788 3816 4847 autem,

2163 4894 2285 4951 quae
2316 4877 2454 4945 ﬁunt
2484 4877 2543 4931 in
2581 4876 2808 4942 sanctis,
2856 4879 2966 4928 etc.
3027 4873 3278 4929 Collecta
3332 4879 3422 4928 est
3446 4873 3814 4929 diversarum

2164 4983 2341 5037 opum
2362 4961 2918 5021 collectio.Collccta:
2942 4961 3441 5033 dicebantur,quaa
3456 4978 3563 5034 per
3584 4960 3817 5034 singula
