3990 5306
150 416 265 485 109

719 421 1137 485 EXPOSITIO
1179 422 1256 482 ΙΝ
1304 420 1736 484 EPISTOLAS
1780 421 2039 485 PAULI.
2071 454 2149 469 —
2178 424 2257 486 IN
2306 422 2557 488 EPIST.
2604 424 2629 484 Ῑ
2674 423 2777 483 AD
2823 419 2999 482 COR.

3445 405 3568 473 410

153 556 353 613 rebant
382 554 452 609 ad
478 554 653 626 pedes
683 554 1236 627 apostolorum(Act.
1271 573 1345 621 IV,
1370 557 1459 625 34,
1484 556 1605 623 35),
1628 560 1684 611 et
1704 556 1790 611 di-
1822 558 1878 623 Α
1910 573 2021 611 non
2036 526 3565 623 venisse,stomacharentur,etindignarentur,scan-

150 644 493 701 videbantur
536 644 871 715 unicuique,
932 650 1103 715 prout
1154 663 1301 717 opus
1355 650 1496 701 erat.
1568 646 1794 709 Quibus

154 734 351 808 pretiis
374 733 761 804 consumptis,
798 750 1079 805 pauperes
1106 734 1259 789 ultra
1292 735 1429 807 quid
1458 736 1791 805 venderent,

154 824 237 880 vel
271 824 424 878 unde
482 828 971 890 sustentarentur,
1017 841 1131 879 non
1182 824 1512 879 habebant:
1563 829 1619 878 et
1666 823 1795 878 ideo

158 915 531 968 decreverunt
586 911 771 966 sancti
832 912 1097 983 apostoli,
1146 913 1397 967 maxime
1470 912 1686 967 Paulus
1742 915 1797 965 et

157 1001 468 1066 Barnabas,
502 1005 567 1055 ut
598 1017 696 1071 per
721 1000 979 1073 singulat
1008 1001 1271 1072 regiones
1323 1003 1577 1056 facerent
1624 1000 1796 1055 colle-

160 1097 295 1156 ctas,
330 1106 479 1162 quas
511 1091 805 1145 mitterent
826 1092 1063 1155 sanctis,
1090 1092 1187 1161 qui
1213 1090 1796 1163 erantJerosolymis:

158 1180 298 1235 etde
321 1180 466 1249 ipsis
491 1179 637 1234 dicit
668 1195 678 1232 :
705 1180 779 1233 De
808 1180 1049 1235 collectis
1078 1185 1284 1245 autem,
1320 1196 1444 1251 qua:
1490 1181 1651 1249 fiunt,
1692 1180 1800 1233 hoc

157 1272 256 1333 est,
283 1285 388 1341 pro
408 1267 647 1323 sanctis.
672 1268 974 1324 Primitiva
1005 1286 1237 1340 quoque
1257 1270 1515 1325 Ecclesia
1537 1270 1606 1343 ad
1630 1270 1799 1324 Jeru-

158 1358 336 1415 salem
362 1362 652 1429 cmperat;
687 1358 841 1413 unde
871 1358 1159 1429 scriptum
1192 1364 1281 1414 est
1310 1376 1321 1412 :
1359 1362 1431 1414 De
1462 1359 1588 1415 Sion
1630 1360 1807 1413 exibit

160 1449 242 1503 lat
269 1447 452 1514 (Μέση.
490 1447 657 1511 ιν,2;
689 1448 792 1501 Isa.
828 1447 989 1516 11,3),
1015 1452 1124 1502 etc.
1150 1446 1405 1502 Gentiles
1458 1465 1610 1513 vero,
1665 1446 1805 1519 quia

162 1538 225 1592 ab
244 1536 454 1591 eadem
476 1535 739 1590 doctrina
760 1535 1152 1607 evangelicum
1174 1536 1442 1603 fidem,ac
1468 1541 1802 1592 sanctarum

163 1624 593 1696 Scripturarum
625 1625 892 1679 notitiam
916 1630 1277 1696 acceperant,
1302 1626 1545 1697 dignum
1573 1630 1717 1691 erat,
1742 1628 1805 1679 ut

161 1713 429 1769 collectas
449 1713 721 1781 facerent,
754 1719 811 1769 et
826 1714 1164 1769 eorumdem
1192 1731 1515 1787 pauperum
1545 1714 1804 1786 inopiam

161 1807 573 1859 sustentarent.
612 1804 771 1859 Unde
798 1803 953 1858 idem
981 1802 1157 1857 alibi:
1201 1804 1263 1858 Si
1306 1805 1672 1875 spiritalium,
1723 1803 1807 1858 in-

162 1894 300 1965 quit,
328 1908 515 1948 eorum
545 1895 835 1965 participes
881 1895 1021 1964 facti
1048 1902 1177 1948 sunt
1209 1896 1439 1962 gentiles
1484 1895 1659 1965 (Joan.
1712 1912 1803 1961 xv,

160 1985 278 2053 27);
315 1987 377 2038 et
403 1983 463 2037 in
494 1982 605 2037 hac
636 1982 922 2054 Epistola:
960 1982 1021 2037 Si
1065 1999 1162 2038 nos
1208 1984 1354 2039 vobis
1392 1986 1679 2055 spiritalia
1724 2000 1807 2039 se-

160 2073 491 2127 minavimus
522 2073 566 2143 (Ι
601 2072 721 2127 Cor.
756 2089 833 2142 ix,
870 2072 980 2142 41),
1004 2077 1114 2127 etc.
1141 2077 1376 2127 Poterat
1398 2073 1515 2128 illis
1559 2089 1686 2128 esse
1718 2090 1810 2128 or-

165 2160 380 2216 dinatio
412 2159 800 2215 Ecclesiarum
834 2160 1071 2216 Galatiae
1125 2163 1195 2216 ad
1237 2162 1524 2229 salutem;
1578 2167 1635 2217 et
1682 2162 1812 2217 ideo

170 2251 323 2306 dicit:
362 2250 516 2305 Sicut
546 2250 821 2315 ordinavi,
846 2254 955 2305 etc.
991 2251 1101 2305 Sed
1134 2251 1273 2322 quia
1305 2252 1503 2307 minus
1528 2258 1664 2307 nota
1684 2268 1813 2307 esse

179 2344 408 2412 poterat,
442 2340 569 2395 ideo
628 2341 892 2394 eamdem
960 2340 1334 2396 manifestare
1408 2342 1647 2397 curavit.
1718 2340 1814 2396 Ait

172 2430 311 2484 enim
335 2447 348 2484 :
375 2433 483 2485 Per
509 2446 680 2484 unam
711 2428 959 2497 Sabbati,
987 2434 1094 2484 etc.
1148 2429 1333 2484 Unam
1383 2430 1637 2501 Sabbati,
1690 2430 1813 2502 pri-

170 2532 328 2573 mum
362 2518 602 2575 Sabbati
651 2522 839 2583 vocat,
900 2518 1008 2573 hoc
1056 2523 1145 2573 est
1194 2518 1350 2573 diem
1398 2519 1811 2575 Dominicum:

167 2608 316 2663 unde
350 2607 411 2662 in
445 2606 787 2679 Evangelia:
827 2608 944 2664 Una
971 2608 1200 2662 Sabbati
1247 2606 1457 2678 (Matth.
1511 2625 1711 2675 xxvm,
1749 2610 1770 2664 1
1801 2624 1815 2673 ς

164 2696 339 2752 Marc.
388 2714 502 2763 xvx,
559 2699 626 2761 2;
690 2697 815 2750 Luc.
874 2712 1025 2762 xxxv,
1080 2698 1148 2764 1;
1207 2698 1364 2752 Joan.
1424 2715 1518 2765 xx,
1580 2700 1652 2769 1).
1718 2698 1819 2753 Die

168 2802 402 2858 quoque
434 2786 736 2841 Dominico
770 2784 999 2839 monuit
1022 2784 1145 2839 fieri
1167 2784 1460 2851 collectas,
1486 2787 1723 2857 quando
1746 2787 1818 2842 ad

167 2891 546 2931 communem
596 2873 1079 2942 exhortationem,
1129 2878 1186 2927 et
1236 2876 1558 2945 profectum
1614 2890 1819 2929 conve-

164 2964 427 3020 niebant.
462 2963 726 3027 Decebat,
762 2967 827 3016 ut
853 2980 918 3017 eo
961 2962 1137 3017 etiam
1186 2961 1279 3017 die
1331 2964 1705 3017 convenirent
1750 2964 1821 3017 ad

158 3057 508 3108 sanctorum
562 3066 885 3120 pauperum
917 3049 1398 3105 sublevationem.
1431 3051 1617 3116 Quaari
1649 3051 1823 3107 etiam

154 3145 384 3213 potest,
417 3154 596 3209 quare
628 3155 741 3193 non
765 3138 925 3193 omni
948 3139 1182 3204 die,aut
1204 3141 1663 3212 temporejussit
1699 3140 1824 3195 fieri

156 3227 465 3286 collectas.
496 3227 738 3293 Idcirco,
769 3228 905 3299 quia
938 3234 1172 3282 noverat
1200 3229 1359 3299 quod
1387 3234 1442 3283 et
1483 3229 1671 3299 magis
1706 3228 1824 3284 col-

1906 644 2159 711 dalizati,
2191 647 2505 701 deteriores
2536 645 2937 701 redderentur.
2974 639 3039 694 Et
3082 639 3189 693 hoc
3233 641 3341 701 est,
3391 634 3546 704 quod

1906 735 2018 790 ait:
2054 737 2191 791 Nolo
2224 752 2312 791 vos
2333 753 2481 791 nunc
2510 742 2567 791 in
2592 735 2833 789 transitu
2859 730 3042 787 videre
3062 746 3082 791 ;
3115 744 3186 783 ne
3211 729 3355 782 forte
3375 743 3553 782 causa

1906 822 2153 891 itineris,
2186 832 2244 880 et
2275 842 2388 880 non
2441 824 2737 891 manendi,
2770 822 3064 876 videretur
3113 817 3184 872 ad
3226 832 3324 872 eos
3376 814 3555 870 decli-

1908 928 2097 968 nasse.
2134 915 2260 969 Alio
2291 931 2423 970 vero
2454 931 2652 974 sensu.
2695 914 2835 967 dum
2887 927 2949 965 se
2994 906 3386 963 Macedoniam
3433 921 3558 976 per-

1908 1004 2157 1059 transire
2196 1003 2354 1069 dicit,
2390 1010 2446 1058 et
2474 1003 2629 1075 apud
2660 1000 2988 1058 Corinthios
3018 998 3116 1053 diu
3152 1011 3411 1058 manere.
3471 995 3551 1049 la-

1909 1096 2099 1148 tenter
2126 1092 2256 1148 illos
2286 1093 2506 1162 laudat,
2539 1098 2594 1147 et
2623 1092 2767 1147 istos
2794 1087 3182 1161 reprehendit,
3207 1102 3271 1141 ac
3292 1085 3339 1141 si
3368 1083 3552 1139 dicat:

1913 1182 1975 1236 In
2010 1182 2409 1237 Macedoniam
2432 1181 2823 1254 pertransibo;
2850 1179 2988 1251 quia
3011 1175 3154 1232 nihil
3179 1175 3290 1231 tale
3312 1178 3402 1229 est
3418 1172 3553 1239 illis,

1914 1274 1979 1323 ut
2008 1286 2187 1324 causa
2217 1270 2544 1341 corrigendi
2575 1285 2812 1325 necesse
2843 1268 2918 1322 sit
2952 1263 3186 1321 morari.
3230 1263 3398 1333 Apud
3457 1276 3558 1317 vos

1914 1358 2101 1414 multa
2130 1364 2287 1423 sunt,
2322 1376 2449 1430 quae
2483 1360 2823 1432 corrigenda
2856 1361 3027 1423 sunt;
3061 1359 3117 1410 et
3145 1354 3274 1408 ideo
3306 1350 3556 1417 manebo,

1912 1447 1999 1502 vel
2032 1454 2184 1503 certe
2216 1448 2485 1504 hiemabo.

1985 1537 2300 1608 Sequitur:
2336 1540 2501 1609 Spero
2533 1544 2716 1593 autem
2761 1552 2852 1591 me
2886 1537 3240 1607 aliquantum
3296 1529 3561 1601 temporis

1914 1644 2138 1682 manere
2174 1628 2321 1699 apud
2360 1645 2473 1693 vos,
2530 1634 2640 1683 etc.
2700 1626 3108 1682 Animadverte
3167 1636 3343 1693 quam
3390 1622 3561 1674 caute

1918 1717 2252 1787 promiserit
2282 1717 2398 1772 illis
2430 1718 2721 1772 diutinam
2740 1712 3245 1786 suiprsesentiam;
3272 1708 3557 1765 aitenim:

1918 1806 1977 1860 Si
2005 1807 2267 1861 Dominus
2296 1809 2629 1878 permiserit.
2663 1807 2773 1862 Sed
2829 1820 3011 1876 quare
3064 1802 3174 1857 sub
3226 1802 3389 1855 tanta
3434 1813 3569 1853 cau-

1918 1894 2073 1950 tela?
2090 1896 2463 1961 Videlicet,ut
2482 1897 2529 1951 si
2555 1897 2625 1950 ad
2646 1912 2743 1951 eos
2766 1891 3213 1963 venisset,etdiu
3230 1886 3567 1951 mansisset,

1918 1984 2309 2056 intelligerent
2340 1986 2535 2041 divina
2564 1985 3002 2057 dispensatione
3028 1986 3224 2038 actum
3259 1979 3473 2043 fuisse;
3520 1974 3571 2031 si

1918 2090 2051 2128 vero
2085 2091 2199 2129 non
2233 2076 2505 2139 venissct,
2568 2074 2844 2129 similiter
2893 2072 3091 2127 divina
3133 2065 3571 2140 dispensatione

1922 2167 2118 2217 actum
2150 2163 2559 2236 intelligerent,
2583 2168 2638 2218 et
2657 2180 2770 2218 non
2790 2160 3086 2233 Apostolo,
3114 2158 3213 2215 sed
3238 2156 3349 2212 sibi
3373 2155 3567 2225 impu-

1922 2256 2131 2307 tarent.
2166 2254 2295 2308 Haec
2324 2254 2500 2308 etiam
2532 2252 2759 2308 cautela
2790 2250 2957 2307 nobis
2989 2247 3450 2305 commendatur.
3468 2244 3570 2299 Ss-

1924 2340 2151 2411 quitur:
2206 2344 2542 2398 Permanebo
2603 2343 2818 2414 Ephesi,
2877 2344 2986 2395 etc.
3047 2336 3271 2403 Quare?
3324 2335 3564 2397 Ostium,

1922 2429 2136 2501 inquit,
2169 2437 2424 2502 apertum
2452 2436 2690 2497 est.etc.,
2712 2430 2880 2502 quasi
2905 2429 3124 2483 diceret
3148 2443 3160 2481 :
3189 2423 3374 2479 Multa
3397 2420 3573 2477 corda

1926 2520 2213 2589 ardentia,
2248 2526 2305 2576 et
2338 2518 2731 2576 desiderantia
2763 2519 2937 2573 fidem
2997 2516 3069 2571 ad
3132 2510 3572 2585 suspiciendam

1923 2608 2321 2681 evangelicam
2355 2610 2683 2664 doctrinam
2716 2611 2918 2680 parata
2945 2609 3107 2662 sunt.

2000 2715 2277 2787 Sequitur
2304 2734 2315 2771 :
2349 2716 2451 2772 Sed
2480 2716 2787 2771 adversarii
2818 2713 2997 2768 multi.
3022 2712 3192 2781 Nam,
3226 2709 3379 2765 sicut
3405 2704 3577 2761 multi

1930 2805 2185 2875 Spiritus
2217 2806 2405 2860 sancti
2438 2804 2625 2877 gratia
2662 2805 3058 2859 incitabantur
3087 2801 3157 2857 ad
3192 2796 3573 2863 credendum,

1929 2894 2012 2948 ita
2043 2894 2208 2948 multi
2242 2895 2577 2949 daemonum
2611 2893 2914 2957 instinctu,
2947 2891 3018 2946 ad
3058 2886 3571 2963 ,persequendum.

1930 2984 2161 3037 Ostium
2194 2983 2407 3054 quippe
2437 2983 2561 3053 ipse
2590 2989 2678 3039 est
2723 2984 2822 3053 qui
2856 2982 3033 3035 dicit:
3068 2982 3176 3048 Ego
3204 2994 3328 3033 sum
3375 2976 3577 3031 ostium

1934 3072 2109 3138 (Joan.
2136 3089 2188 3135 x,
2219 3074 2279 3137 7,
2308 3073 2385 3141 9),
2420 3077 2533 3126 etc.
2573 3089 2585 3136 ;
2619 3076 2675 3125 et
2696 3072 2855 3126 item:
2881 3072 3043 3126 Nemo
3072 3070 3220 3125 venit
3242 3067 3317 3123 ad
3338 3067 3580 3131 Patrem,

1933 3161 2047 3213 nisi
2073 3175 2176 3229 per
2200 3176 2284 3214 me
2313 3160 2490 3230 (Joan.
2524 3177 2641 3227 xxv,
2670 3160 2747 3228 6).
2799 3160 2947 3225 Quid
3010 3164 3101 3213 est
3159 3173 3323 3227 ergo,
3369 3155 3584 3218 dicere,

1933 3250 2141 3303 ostium
2196 3249 2341 3303 mihi
2398 3257 2643 3320 apertum
2684 3256 2780 3316 est,
2836 3247 2948 3303 nisi
2983 3246 3112 3302 aliis
3142 3246 3338 3300 verbis
3370 3242 3584 3298 dicere.

157 3319 468 3389 “geretur:
502 3320 558 3405 ei
587 3317 782 3371 minus
813 3320 1083 3387 gravaret
1119 3334 1222 3387 Per
1274 3317 1573 3374 ίηῖθτνθυα
1600 3324 1820 3390 temPO‘
1851 3301 1895 3371 α
1934 3337 2110 3393 Sinus
2133 3337 2339 3392 divinas
2374 3301 2761 3393 miserstionis
2791 3337 3019 3391 laxatus
3035 3334 3431 3405 estsuscipere
3460 3348 3581 3387 cre-

163 3422 321 3462 rum.
358 3404 665 3476 Sequitur:
705 3405 1085 3477 Unusquisque
1116 3405 1263 3476 apud
1278 3423 1335 3461 se
1350 3413 1535 3478 ponat,
1562 3407 1669 3463 hoc
1711 3412 1819 3476 est,

166 3496 222 3552 in
257 3498 482 3551 secreto
512 3493 772 3549 thesauri
805 3493 897 3549 sui
954 3494 1271 3550 recondens.
1324 3496 1392 3550 Et
1440 3497 1578 3567 quia
1625 3497 1826 3552 volun-

167 3583 387 3640 tarium
417 3599 634 3638 munus
664 3587 887 3638 certum
919 3588 1007 3638 est
1038 3588 1151 3639 Deo
1181 3601 1310 3640 esse
1341 3591 1665 3657 acceptum,
1691 3587 1821 3642 ideo

171 3674 227 3729 in
260 3688 469 3729 eorum
502 3671 699 3745 posuit
728 3672 988 3740 arbitrio,
1044 3673 1277 3729 dicens:
1333 3676 1493 3742 Quod
1540 3677 1650 3731 sibi
1695 3677 1823 3747 pla-

171 3763 364 3817 cuerit.

240 3866 552 3939 Sequitur:
590 3867 651 3922 Ut
679 3882 787 3921 non
819 3883 943 3921 cum
971 3884 1186 3935 venero,
1240 3874 1369 3923 tunc
1398 3870 1634 3927 collecta
1664 3873 1821 3941 ﬁant.

170 3954 345 4010 Multa
377 3970 612 4027 quoque
642 3961 807 4010 erant
837 3955 989 4010 inter
1017 3972 1115 4011 eos
1160 3956 1535 4030 corrigenda;
1592 3963 1649 4013 et
1695 3959 1824 4015 ideo

176 4044 419 4111 monuit,
454 4048 518 4099 ut
547 4043 711 4115 prius
736 4043 1168 4117 colligerentur,
1190 4062 1260 4100 ne
1280 4045 1337 4100 in
1360 4044 1477 4100 illis
1500 4047 1824 4119 occupatis,

171 4150 291 4206 qua
324 4134 675 4206 corrigenda
707 4139 893 4201 erant,
929 4134 1236 4205 corrigere,
1273 4152 1387 4189 non
1422 4140 1638 4206 posset.
1691 4136 1824 4191 Cum

170 4228 352 4279 autem
379 4239 624 4294 presens
655 4225 834 4293 fuero,
866 4228 977 4278 etc.
1013 4222 1161 4280 Nota
1192 4223 1330 4296 quia
1362 4223 1421 4278 in
1482 4226 1824 4282 eorumdem

178 4312 367 4384 posuit
394 4311 659 4378 arbitrio,
695 4315 781 4380 ut,
814 4328 967 4384 quos
1009 4311 1123 4383 ipsi
1174 4314 1507 4383 probarent,
1539 4313 1673 4368 illos
1721 4330 1827 4385 per

178 4402 453 4474 epistolas
465 4400 1057 4457 mitteretJerusalem
1080 4402 1334 4471 perferre
1357 4400 1650 4458 collectas.
1670 4403 1823 4466 Qua-

186 4496 347 4547 tenus
367 4490 683 4563 dupliciter
703 4490 854 4561 grati
876 4488 1249 4556 baberentur,
1266 4496 1322 4545 et
1345 4507 1657 4546 munerum
1683 4493 1823 4547 assi-

186 4581 473 4653 gnatione,
506 4584 564 4635 et
593 4578 976 4650 epistolamm
1006 4579 1533 4635 commendatione.

1930 3426 2180 3482 dentes?
2211 3426 2522 3499 Sequitur:
2558 3428 2617 3482 Si
2666 3428 2879 3482 venerit
2912 3424 3242 3489 Timotheus,
3276 3426 3385 3477 etc.
3444 3420 3579 3475 Pro-

1932 3516 2094 3571 misit
2126 3533 2324 3582 suum,
2358 3517 2629 3587 promisit
2658 3522 2713 3571 et
2744 3514 3033 3571 Timothei
3068 3515 3417 3569 adventum:
3451 3510 3577 3582 ipse

1930 3605 2086 3661 enim
2122 3623 2234 3660 non
2268 3611 2392 3661 erat
2415 3606 2514 3671 ibi,
2573 3605 2712 3677 quia
2768 3604 2989 3660 missus
3049 3604 3239 3658 fuerat
3298 3601 3370 3655 ad
3429 3599 3574 3655 alias

1934 3695 2261 3762 Ecclesiae;
2296 3700 2578 3751 venturus
2606 3700 2800 3750 tamen
2833 3700 2956 3750 erat
3007 3692 3376 3749 Corinthum.
3430 3691 3577 3746 Nam

1933 3784 2074 3853 quia
2098 3784 2408 3855 episcopus
2440 3788 2565 3839 erat
2595 3793 2651 3839 et
2710 3783 2909 3855 magni
2970 3782 3160 3837 meriti
3219 3783 3582 3853 cooperator,

1932 3872 2265 3941 Apostolus,
2300 3874 2429 3926 ideo
2462 3871 2783 3942 plurimum
2817 3870 3103 3927 sollicitus
3135 3874 3259 3925 erat
3306 3887 3409 3941 pro
3468 3867 3591 3935 illo,

1934 3974 2006 4013 ne
2040 3960 2186 4014 forte
2217 3965 2320 4013 aut
2370 3959 2869 4031 pseudoapostoli,
2929 3964 3030 4013 aut
3084 3958 3235 4014 male
3285 3959 3588 4014 credentes

1933 4046 2179 4103 insidias
2209 4046 2293 4102 illi
2325 4052 2739 4118 praepararent,
2765 4052 2822 4102 et
2843 4046 3415 4117 laqueumincideret
3435 4062 3587 4101 mor-

1932 4137 2029 4191 tis.
2058 4136 2366 4207 Sequitur:
2403 4136 2548 4206 0pus
2597 4137 2741 4191 enim
2805 4136 3026 4190 Domini
3071 4141 3371 4198 operatur;
3416 4150 3483 4188 ac
3534 4133 3585 4189 si

1934 4226 2189 4281 diceret:
2221 4224 2414 4291 Illum,
2445 4226 2545 4297 qui
2576 4224 2723 4280 tanti
2759 4224 2951 4279 meriti
2985 4222 3297 4293 estquanti
3329 4225 3587 4293 etego,et

1934 4317 2034 4388 qui
2066 4315 2437 4386 coapostolus
2466 4331 2633 4371 meus
2663 4318 2771 4381 est,
2795 4312 3041 4385 dignum
3070 4315 3158 4368 est
3183 4316 3245 4367 ut
3269 4310 3588 4367 honorifice

1934 4405 2298 4477 suscipiatis.

2004 4495 2314 4566 Sequitur:
2373 4493 2626 4548 Deducite
2676 4496 2867 4548 autem
2914 4493 3080 4547 illum
3134 4494 3197 4546 in
3250 4506 3411 4562 pace,
3454 4494 3587 4560 etc.,

1935 4584 2104 4655 quasi
2137 4583 2353 4639 diceret
2380 4600 2392 4638 :
2424 4582 2614 4652 Illum,
2641 4598 2816 4654 quem
2847 4598 2978 4637 cum
3002 4582 3281 4637 fratribus
3311 4580 3589 4637 omnibus

250 4687 556 4760 Sequitur:
589 4685 738 4755 Quod
768 4686 820 4740 si
848 4684 1077 4756 dignum
1105 4666 1301 4755 fuerit,
1336 4691 1400 4741 ut
1438 4691 1489 4742 et
1542 4702 1637 4755 ego
1685 4704 1826 4744 eam.
1862 4673 1908 4737 D
1938 4677 2227 4745 ϐκδρθθίον
2258 4677 2315 4726 et
2346 4671 2445 4760 (illi
2480 4675 2651 4760 ιεηῒεε
2683 4675 2771 4726 εει
2794 4670 3183 4760 θίξθίξοῄίθιίίεᾳ
3208 4672 3451 4760 dignum
3476 4672 3585 4760 est.

190 4781 289 4832 etc.
321 4778 391 4833 Et
419 4780 509 4831 est
541 4790 788 4831 sensus:
824 4773 883 4830 Si
919 4772 1172 4829 multum
1190 4773 1497 4831 collectum
1522 4777 1715 4841 fuerit,
1739 4777 1829 4832 di-

191 4882 361 4936 gnum
392 4865 501 4920 erit
531 4867 597 4919 ut
628 4869 685 4918 et
723 4879 828 4936 ego
878 4878 1029 4927 eam,
1083 4862 1222 4934 quia
1272 4865 1436 4920 decet
1484 4867 1827 4940 epiSCOpum

194 4954 367 5010 multa
396 4970 596 5009 secum
625 4952 867 5021 deferre,
901 4957 967 5008 ut
998 4951 1319 5008 multorum
1360 4953 1558 5025 inopia
1598 4963 1831 5013 susten-

194 5046 353 5098 tetur.
387 5040 591 5098 Mecum
621 5042 765 5113 (669)
798 5041 979 5107 ibunt,
1026 5042 1189 5108 dicit,
1231 5048 1295 5098 ut
1315 5043 1563 5101 laetiores
1602 5047 1833 5113 fierent,

195 5128 321 5187 dum
353 5149 417 5188 se
443 5147 579 5188 cum
617 5130 887 5203 episcopo
937 5131 1225 5202 proﬁcisci
1282 5133 1488 5189 debere
1540 5137 1833 5193 audirent.

196 5218 486 5292 Sequitur:
523 5221 761 5275 Veniam
788 5228 977 5276 autem
1021 5220 1090 5275 ad
1144 5237 1254 5291 vos,
1302 5227 1409 5278 etc.
1468 5222 1834 5292 Notandum,

1941 4767 2005 4817 ut
2019 4778 2133 4817 non
2157 4760 2348 4816 solum
2366 4758 2684 4815 honoriﬁce
2707 4756 3065 4829 suscipiatis,
3091 4759 3189 4813 sed
3217 4762 3281 4812 ut
3301 4757 3584 4811 comitatu

1940 4851 2012 4906 ad
2044 4865 2137 4904 me
2167 4846 2489 4914 deducatis,
2526 4852 2588 4902 ut
2618 4846 2677 4902 in
2710 4861 2851 4921 pace
2867 4847 3079 4901 veniat.

2011 4958 2154 5028 (670)
2189 4955 2502 5027 Sequitur:
2536 4955 2609 5010 De
2670 4954 2864 5027 Apollo
2924 4956 3108 5009 autem
3155 4952 3356 5027 fratres
3414 4950 3586 5021 (671),

1940 5054 2128 5101 notum
2159 5046 2303 5103 vobis
2332 5045 2496 5117 facio,
2530 5050 2641 5100 etc.
2674 5044 2779 5101 His
2812 5058 3069 5113 namque
3108 5040 3297 5097 verbis
3335 5038 3597 5098 ostendit

1944 5135 2254 5205 Apostolus
2283 5151 2344 5190 se
2376 5132 2720 5192 satisfacere
2779 5129 3039 5185 voluisse
3086 5128 3356 5200 precibus
3394 5126 3598 5184 Corin-

1944 5223 2225 5281 thiorum.
2262 5222 2595 5278 Manifestat
2620 5227 2826 5284 etiam,
2858 5217 3126 5288 quamvis
3167 5217 3415 5271 latenter
3461 5218 3606 5287 quia
