3990 5306
402 398 514 460 411

1419 406 1759 472 ATTONIS
1804 407 2392 473 VEBCELLENSIS
2436 408 2791 472 EPISCOPI

3692 404 3823 468 412

403 532 600 605 potius
631 532 704 589 ad
738 533 978 606 ipsum;
1011 541 1301 609 quatenus
1333 537 1454 594 hinc
1485 539 1809 603 audientes.
1862 558 2041 613 quare
2072 546 2128 612 Α
2230 542 2542 613 Sequitur:
2600 542 2859 598 Salutant
2902 556 2994 598 vos
3049 555 3235 597 omnes
3308 539 3579 598 Ecclesia
3650 539 3824 598 Asiae.

403 621 701 678 distulerit
750 625 821 679 ad
878 642 977 681 eos
1032 628 1247 695 venire,
1298 628 1709 701 intelligerent,
1762 631 2046 698 videlicet,

406 712 562 784 quod
587 713 838 769 audierit
858 714 1011 771 inter
1030 733 1127 772 eos
1147 717 1567 787 dissensiones,
1596 725 1652 774 et
1674 721 1974 789 scandala;
1994 728 2051 777 et

403 802 622 857 idcirco
654 801 772 859 haec
804 804 1215 877 intelligentes,
1251 824 1390 863 suos
1422 825 1646 865 errores
1668 812 2045 883 corrigerent,

403 909 661 963 suosque
690 894 866 948 etiam
898 911 1090 951 mores
1121 902 1434 964 mutarent,
1469 906 1525 954 et
1555 900 1926 956 Timotheum
1961 919 2049 956 ve-

404 981 660 1037 nientem
695 982 1015 1039 honoriﬁce
1037 986 1425 1057 susciperent,
1451 994 1533 1055 ut,
1561 1006 1786 1044 reverso
1808 1006 1872 1044 eo
1897 992 2049 1046 bona

402 1069 472 1125 de
505 1068 619 1124 illis
654 1076 946 1139 narrante,
984 1073 1137 1129 idem
1159 1074 1364 1146 Apollo
1387 1076 1750 1133 occasionem
1773 1079 1949 1133 eundi
1974 1080 2045 1134 ad

400 1174 499 1214 eos
526 1165 801 1215 sumeret.

473 1249 619 1319 (672)
650 1249 955 1320 Sequitur:
997 1252 1237 1321 Vigilate.
1276 1254 1399 1310 Non
1433 1260 1551 1311 tam
1581 1258 2044 1329 corporis,quam

399 1337 595 1410 potius
609 1339 823 1395 mentis
840 1341 1006 1395 docet
1021 1342 1296 1414 vigiliam.
1322 1345 1630 1415 Sequitur:
1658 1348 1875 1401 Sta/ein
1917 1349 2042 1418 fide.

399 1430 532 1482 Haec
563 1428 717 1483 enim
750 1432 869 1483 tam
901 1428 1019 1485 illis
1051 1432 1321 1487 convenit
1344 1434 1441 1504 qui
1466 1440 1842 1501 recesserant,
1866 1454 2041 1509 quam

399 1516 493 1572 his
527 1516 624 1588 qui
660 1516 716 1571 in
741 1518 941 1574 eadem
970 1528 1431 1591 permanserant.
1460 1525 1767 1595 Sequitur:
1801 1527 2046 1582 Viriliter

399 1608 561 1677 agite.
593 1606 708 1662 Viri
732 1623 964 1679 quoque
986 1609 1043 1664 in
1067 1610 1249 1665 sacris
1274 1611 1592 1683 Scripturis
1616 1630 1716 1684 pro
1753 1616 2040 1685 perfectis,

400 1694 675 1752 mulieres
697 1713 799 1768 pro
821 1697 1178 1769 imperfectis
1202 1701 1384 1772 accipi
1408 1701 1631 1757 solent:
1656 1708 1711 1758 et
1732 1704 1859 1759 ideo
1880 1705 2040 1775 dicit,

397 1785 654 1851 viriliter,
689 1803 825 1853 non,
852 1803 1011 1843 more
1042 1788 1378 1855 mulierum,
1418 1792 1721 1859 enerviter,
1757 1810 1821 1847 ac
1853 1794 2041 1849 molli-

397 1879 513 1929 ter:
550 1874 969 1945 Confortamini,
1003 1877 1111 1932 hoc
1140 1886 1249 1945 est,
1282 1879 1339 1934 in
1369 1896 1435 1934 ea
1467 1881 1598 1949 ﬁde,
1633 1899 1697 1936 ac
1730 1883 1853 1954 ipse
1896 1884 2041 1937 invi-

398 1979 523 2019 cem
539 1964 893 2020 consolando
909 1967 1478 2024 corroboramini.Ad
1496 1969 1615 2025 haec
1629 1972 1799 2026 etiam
1816 1972 2041 2041 attinet,

398 2053 552 2123 quod
577 2053 867 2124 sequitur:
900 2054 1097 2112 Omnia
1118 2062 1297 2113 vestra
1318 2060 1379 2113 in
1397 2060 1667 2115 charitate
1684 2061 1847 2129 ﬁant:
1876 2062 2042 2132 quasi

396 2141 664 2197 dixisset:
689 2142 1102 2216 Unusquisque
1126 2163 1239 2201 non
1254 2165 1420 2202 suam
1437 2147 1808 2204 solummodo
1822 2155 2044 2220 quaerat

396 2228 669 2297 salutem,
702 2233 802 2287 sed
828 2234 1074 2290 fratrum
1106 2238 1391 2291 omnium.

466 2320 614 2389 (673)
644 2320 946 2391 Sequitur:
982 2323 1217 2379 Obsecro
1245 2334 1425 2380 autem
1456 2342 1562 2393 vos,
1596 2331 1820 2397 /ratres,
1868 2333 2042 2386 nostis

394 2407 615 2462 domum
668 2412 982 2480 Stephants,
1042 2420 1092 2467 et
1147 2416 1459 2486 Fortunati,
1514 2422 1621 2471 etc.
1680 2418 1747 2472 Hi
1809 2436 2042 2491 quoque

388 2497 662 2568 primitiae
693 2499 915 2556 Achaia:
945 2500 1243 2572 dicuntur,
1279 2504 1417 2575 quia
1446 2505 1617 2576 primi
1649 2522 1716 2561 ex
1758 2525 1824 2563 ea
1854 2511 2041 2565 credi-

395 2586 609 2641 derunt
628 2604 640 2642 :
674 2588 737 2643 in
758 2589 1133 2646 ministerium
1152 2594 1318 2647 etiam
1331 2603 1644 2651 sanctorum
1656 2599 1707 2652 si
1722 2599 1861 2669 ipsos
1883 2601 2039 2655 ordi~

392 2679 682 2743 noverunt,
716 2676 854 2749 quia
885 2685 1155 2751 suppteto
1186 2698 1293 2736 sua
1315 2700 1673 2757 suorumque
1697 2689 2040 2744 necessitate

394 2780 641 2837 quaeque
664 2766 875 2823 habere
902 2774 1192 2840 poterant,
1208 2774 1565 2844 pauperibus
1587 2793 1825 2848 erogare
1848 2779 2040 2834 decre-

393 2858 615 2909 verant.
643 2855 707 2909 In
735 2872 800 2913 eo
826 2873 980 2924 vera,
1000 2860 1156 2929 quod
1190 2860 1347 2929 dicit,
1372 2867 1432 2917 ut
1462 2868 1516 2918 et
1546 2881 1633 2919 vos
1662 2868 1867 2922 subditi
1894 2870 2035 2934 sitis,

396 2947 663 2998 nontam
732 2960 831 3000 eos
892 2947 1180 3018 subditos,
1232 2967 1411 3021 quam
1473 2954 1666 3024 potius
1716 2955 2037 3013 imitatores

393 3047 619 3097 eorum,
654 3037 716 3088 ut
747 3034 891 3090 alios
917 3037 1186 3093 subditos
1220 3038 1495 3109 habeant,
1520 3048 1698 3115 Optat.
1726 3046 2035 3117 Sequitur:

395 3118 607 3177 Gaudeo
638 3130 823 3179 autem
854 3126 910 3179 in
940 3130 1240 3197 praesentia
1262 3132 1571 3202 Stephants,
1606 3138 1711 3188 etc.
1741 3135 1838 3189 Isti
1881 3136 2037 3191 enim

393 3208 473 3279 id,
508 3212 660 3282 quod
692 3213 888 3269 decrat
916 3214 1053 3287 illis,
1089 3218 1479 3288 praedicando,
1511 3226 1567 3277 et
1598 3222 1655 3277 in
1688 3225 1801 3279 ﬁne
1832 3225 2038 3280 conﬁr-

2160 626 2415 703 Dign’um
2449 632 2665 703 quippe
2696 637 2804 699 est,
2834 635 2899 685 ut
2927 630 3194 703 specialis
3218 629 3476 689 Ecclesia
3496 647 3529 685 a
3551 630 3819 703 generali

2158 720 2442 792 suscipiat
2472 720 2905 776 salutationem.
2942 721 3249 775 Praemissa
3279 720 3537 792 generali
3583 718 3819 775 saluta-

2157 810 2333 876 tione,
2370 810 2680 880 subjunxit
2710 809 3045 882 specialem.
3080 810 3378 881 Sequitur:
3416 809 3679 864 Salutant
3724 824 3820 864 vos

2156 899 2392 953 multum
2422 899 2479 953 in
2506 900 2739 954 Domino
2761 898 2982 970 Aquila,
3005 907 3055 954 et
3080 899 3359 967 Priscilla,
3381 902 3490 953 etc.
3517 897 3623 952 Isti
3646 898 3814 952 enim

2157 988 2404 1042 maritus
2434 993 2490 1043 et
2520 1006 2663 1043 uxor
2692 988 3050 1059 intelligendi
3087 992 3242 1043 sunt.
3282 988 3346 1042 Hi
3395 987 3573 1042 etiam
3623 985 3815 1041 Paulo

2156 1078 2452 1147 conjuncti
2483 1082 2763 1143 erant;et
2795 1078 2933 1149 quia
2992 1093 3217 1148 magna;
3274 1077 3431 1145 ﬁdei,
3483 1076 3819 1147 magnique

2155 1171 2321 1220 erant
2352 1166 2563 1233 meriti,
2596 1166 2725 1221 ideo
2758 1166 3168 1222 salutationem
3202 1182 3407 1221 eorum
3439 1164 3688 1220 direxit:
3710 1164 3817 1218 do-

2156 1255 2460 1309 mesticam
2492 1255 2725 1311 illorum
2758 1255 3065 1311 ecclesiam
3097 1270 3195 1311 eos
3227 1254 3501 1326 appellat,
3536 1254 3642 1325 qui
3686 1258 3809 1308 tam

2153 1346 2494 1400 eorumdem
2529 1344 2829 1413 doctrinis,
2864 1361 3041 1416 quam
3074 1349 3134 1399 et
3163 1342 3460 1399 alimoniis
3498 1346 3808 1399 sustenta-

2156 1432 2392 1487 bantur.

2226 1523 2530 1593 Sequitur:
2586 1524 2844 1578 Salutant
2902 1540 2991 1579 vos
3035 1525 3240 1593 fratres
3286 1537 3489 1578 omnes.
3547 1520 3806 1593 Dignum

2153 1618 2305 1667 certe
2334 1617 2442 1677 est,
2476 1618 2539 1666 ut
2568 1613 2640 1667 ab
2672 1612 2945 1667 omnibus
2999 1611 3277 1667 fratribus
3336 1610 3467 1666 aliis
3524 1610 3806 1664 omnibus

2152 1700 2429 1755 salutatio
2447 1701 2751 1773 dirigatur,
2773 1700 2950 1767 idest,
2973 1700 3133 1757 salus
3155 1705 3406 1771 optetur.
3434 1703 3573 1754 Post
3593 1714 3799 1754 omnes

2153 1805 2385 1860 quoque
2416 1788 2818 1855 salutationes,
2852 1789 3158 1860 subjunxit
3210 1793 3270 1843 et
3316 1804 3506 1851 suam,
3562 1786 3798 1842 dicens:

2150 1879 2424 1933 Salutatio
2447 1894 2571 1933 mea
2617 1896 2787 1933 manu
2842 1878 3028 1934 Pauli.
3080 1881 3264 1943 Quam
3324 1876 3561 1948 propria
3619 1892 3801 1930 manu

2154 1968 2485 2035 conﬁrmat,
2516 1984 2653 2023 cum
2684 1967 3016 2038 subjunxit:
3052 1967 3113 2023 Si
3133 1968 3253 2038 quis
3281 1984 3397 2021 non
3425 1975 3581 2021 amat
3610 1966 3807 2021 Domi-

2153 2073 2287 2111 num
2315 2060 2493 2113 Iesum
2546 2057 2839 2122 Christum,
2866 2062 2973 2113 etc.
3014 2056 3237 2123 Quibus
3268 2055 3458 2111 verbis
3509 2071 3611 2110 eos
3675 2070 3804 2125 per-

2151 2146 2315 2212 cutit,
2349 2147 2447 2217 qui
2482 2163 2678 2201 amore
2708 2146 3015 2201 hominum
3048 2144 3240 2214 divisi,
3274 2144 3372 2200 alii
3403 2144 3682 2213 Petriani,
3704 2142 3799 2198 alii

2152 2234 2416 2290 Pauliani
2441 2236 2803 2290 dicebantur.
2829 2235 3131 2293 Anathema
3161 2234 3436 2290 Hebraeus
3458 2249 3654 2289 sermo
3680 2238 3801 2299 est;

2152 2324 2565 2396 interpretatur
2597 2330 2791 2381 autem
2823 2325 3107 2395 perditus,
3140 2324 3258 2380 sive
3288 2322 3536 2378 alienus.
3600 2327 3802 2378 Maron

2151 2414 2290 2469 Atha
2320 2430 2474 2480 vero,
2507 2431 2623 2469 non
2686 2419 2805 2468 tam
2858 2414 3152 2480 Hebraeus,
3205 2430 3383 2484 quam
3432 2416 3634 2484 Syrus.
3690 2412 3797 2467 Sed

2151 2507 2386 2575 propter
2415 2502 2627 2575 lingua:
2660 2502 2943 2558 unitatem
2976 2503 3097 2557 ﬁeri
3134 2506 3343 2574 potest,
3378 2504 3442 2556 ut
3472 2500 3520 2557 si
3560 2517 3796 2572 compo-

2151 2590 2328 2647 situm
2363 2591 2573 2663 lingua:
2608 2592 2890 2647 unitatem
2924 2592 3045 2646 ﬁeri
3076 2596 3288 2663 potest,
3334 2594 3400 2645 ut
3455 2589 3505 2645 si
3550 2606 3796 2661 compo-

2150 2682 2328 2737 situm
2360 2698 2429 2737 ex
2464 2681 2699 2736 Hebreo
2730 2686 2786 2736 et
2841 2686 3002 2753 Syro,
3060 2684 3117 2736 et
3171 2680 3628 2750 interpretetur:
3689 2680 3792 2734 Do-

2150 2772 2331 2826 minus
2352 2778 2540 2826 noster
2560 2772 2739 2826 venit:
2772 2774 2835 2825 ut
2863 2770 2940 2825 sit
2969 2786 3211 2825 sensus:
3247 2769 3303 2823 Si
3334 2769 3467 2839 quis
3496 2785 3614 2823 non
3640 2772 3795 2823 amat

2147 2861 2478 2925 Dominum,
2513 2859 2589 2915 sit
2618 2858 2953 2924 anathema,
2987 2860 3188 2914 Maran
3218 2858 3399 2913 Atha:
3434 2858 3546 2913 hoc
3578 2862 3690 2926 est,
3740 2857 3796 2912 in

2149 2951 2401 3005 adventu
2433 2948 2591 3003 illius
2622 2948 2700 3003 sit
2730 2948 3012 3020 perditus,
3038 2952 3095 3003 et
3125 2947 3469 3002 aconsortio
3493 2948 3795 3018 justorum

2149 3038 2763 3096 alienatus.Adventus
2778 3036 2994 3109 quippe
3010 3037 3058 3107 ej
3070 3035 3315 3102 us,sicut
3327 3036 3793 3108 eritgloriﬁcatio

2148 3128 2460 3193 honorum,
2492 3127 2574 3181 ita
2594 3126 2702 3181 erit
2725 3130 2781 3181 et
2810 3125 3218 3182 condemnatio
3250 3125 3563 3181 malorum.
3601 3126 3667 3180 Et
3693 3126 3792 3181 hoc

2148 3235 2264 3273 non
2288 3216 2544 3288 optantis
2567 3220 2696 3271 voto
2719 3215 2859 3271 dicit
2878 3214 3216 3287 Apostolus,
3240 3215 3340 3270 sed
3367 3216 3566 3287 potius
3582 3215 3791 3286 Spiritu

394 3300 586 3379 nando
619 3301 1059 3375 suppleverunt.
1087 3306 1395 3377 Sequitur:
1430 3312 1749 3380 Refecerunt
1789 3315 1939 3367 enim
1986 3323 2037 3370 ει
2070 3305 2112 3372 C
2152 3304 2540 3378 praedicentis.
2563 3305 2870 3376 Sequitur:
2898 3306 3092 3362 Gratia
3112 3305 3338 3360 Domini
3355 3306 3475 3360 Jesu
3500 3305 3789 3359 vobiscum.

390 3404 576 3444 meum
632 3393 915 3461 spiritum,
949 3394 1087 3464 quia
1115 3412 1478 3467 quaecunque
1510 3399 1655 3453 mihi
1708 3405 2037 3458 necessaria

390 3478 1233 3543 sunt,subministraverunt:et
1255 3490 1513 3556 vestrum,
1531 3489 1807 3559 quoniam
1832 3496 2033 3547 vestrae

390 3566 695 3622 charitatis
726 3585 905 3624 causa
932 3570 1040 3625 hoc
1074 3578 1339 3643 egerunt.
1375 3575 1688 3647 Sequitur:
1725 3579 2037 3651 Cognoscite

391 3669 519 3725 ergo
549 3656 646 3725 qui
673 3655 940 3727 ejusmodi
967 3668 1128 3728 sunt;
1162 3660 1269 3717 hoc
1302 3667 1407 3729 est,
1434 3665 1730 3733 honorate,
1756 3668 2032 3725 honorem

393 3742 731 3815 impcndite.
757 3746 979 3809 Quibus
1010 3749 1200 3805 verbis
1231 3753 1505 3824 ostendit,
1542 3756 1694 3826 quod
1730 3756 1810 3822 hi,
1845 3759 1945 3829 qui
1976 3760 2035 3815 iu

391 3832 651 3888 Ecclesia
681 3835 921 3905 majoris
951 3838 1129 3893 studii
1164 3846 1320 3908 sunt,
1354 3842 1439 3897 vel
1471 3849 1643 3911 certe,
1672 3850 1735 3900 ut
1773 3848 2034 3918 doceant,

392 3919 485 4011 vel
507 3926 570 3975 ut
589 3939 697 3977 sua
719 3924 1074 3997 pauperibus
1097 3929 1378 3997 tribuant,
1406 3935 1617 4005 majori
1640 3934 1855 3992 honore
1876 3938 2036 4011 digni

395 4009 647 4065 habendi
681 4018 817 4068 sunt
846 4032 859 4082 ;
896 4018 1049 4072 unde
1080 4018 1233 4074 idem
1267 4020 1401 4076 alibi
1431 4038 1443 4079 :
1474 4023 1791 4097 Presbyteri
1827 4009 2042 4098 duplici

394 4099 595 4156 honore
623 4102 779 4174 digni
806 4104 1108 4162 habeantur
1136 4110 1180 4180 (1
1214 4111 1347 4165 Tim.
1386 4129 1434 4180 ν,
1468 4114 1576 4180 17),
1609 4119 1716 4169 etc.

466 4226 619 4370 (672;
652 4229 735 4284 In.
772 4242 967 4303 autog.
996 4249 1182 4307 marg.
1207 4234 1302 4290 hic
1324 4234 1538 4307 legitur
1554 4254 1679 4310 cap.
1724 4240 1965 4296 LXVIII.

468 4299 594 4369 (673
648 4300 711 4354 In
745 4307 922 4370 autog
953 4320 1136 4370 marg.
1172 4306 1267 4361 hic
1301 4306 1514 4370 legitur
1544 4326 1670 4370 cap.
1706 4312 1892 4367 LXIX.

468 4299 616 4370 (673)
648 4300 711 4354 In
745 4299 1267 4377 autog'margihic
1301 4299 1514 4379 legitur
1544 4299 1670 4382 cap.
1706 4312 1892 4367 LXIX.

2148 3396 2213 3450 Et
2244 3400 2333 3451 est
2363 3410 2602 3449 sensus:
2636 3399 2753 3449 Iloc
2784 3398 2939 3465 opto,
2973 3398 3037 3449 ut
3067 3392 3367 3466 illagratia
3388 3393 3465 3448 sit
3489 3394 3787 3449 vobiscum

2146 3487 2283 3555 quia
2314 3484 2488 3539 creati
2520 3483 2683 3551 estis,
2718 3499 2950 3554 quaque
2978 3483 3156 3539 etiam
3188 3482 3497 3554 redempti.

2216 3573 2527 3645 Sequitur:
2556 3572 2808 3626 Charitas
2837 3588 2959 3627 mea
2986 3588 3113 3627 cum
3143 3573 3393 3628 omnibus
3424 3572 3598 3629 vobis.
3657 3571 3796 3627 Cha-

2147 3661 2289 3717 ritas
2322 3677 2554 3733 quoque
2587 3658 2749 3715 Pauli
2774 3665 2899 3715 erat
2919 3660 3004 3716 sic
3024 3660 3270 3716 aliorum
3294 3666 3495 3733 optare
3516 3660 3791 3727 salutem,

2148 3750 2646 3823 quemadmodum
2680 3766 2847 3804 suam
2867 3750 3034 3821 (671i).
3060 3751 3129 3805 Et
3148 3749 3298 3816 ideo,
3326 3752 3382 3804 in
3407 3750 3631 3806 Christo
3650 3752 3795 3817 Iesu,

2148 3840 2312 3912 quasi
2349 3839 2607 3894 diceret:
2641 3840 2718 3893 Ea
2746 3838 3025 3894 charitate
3081 3856 3184 3894 vos
3232 3838 3475 3911 diligite,
3525 3856 3647 3910 qua
3694 3855 3796 3913 ego

2146 3946 2249 3985 vos
2282 3927 2499 4000 diligo;
2532 3927 2641 3983 hoc
2672 3933 2779 3999 est,
2813 3932 2876 3983 ut
2932 3944 3047 3984 non
3099 3928 3293 3983 solum
3346 3933 3634 3991 vestram,
3706 3929 3801 3984 sed

2148 4016 2411 4073 omnium
2446 4017 2792 4072 desideretis
2826 4016 3099 4073 salutem.
3132 4016 3322 4080 Amen,
3340 4034 3533 4073 sermo
3558 4022 3655 4073 est
3673 4034 3806 4074 con-

2148 4105 2519 4170 ﬁrmationis,
2556 4121 2670 4176 quo
2704 4105 2901 4159 omnia
2922 4106 3230 4161 conﬁrmat
3251 4106 3583 4178 superiora.

2683 4194 2849 4263 Finit,
2884 4196 2986 4250 Deo
3031 4196 3263 4266 gratias.

2223 4317 2378 4387 (674)
2411 4317 2473 4372 In
2506 4321 2703 4389 autog.
2737 4334 2923 4390 marg.
2955 4317 3051 4373 hic
3082 4317 3298 4391 legitur
3327 4334 3456 4392 cap.
3506 4320 3674 4377 LXX.

396 4415 3809 4463 Μ

916 4528 1528 4626 EPISTULA
1598 4532 2179 4633 SECUNDA
2246 4540 2412 4633 AD
2477 4540 3273 4636 COBINTHIOS.

946 4813 1474 4873 ARGUMENTUM.

468 4899 623 4954 Beati
656 4898 819 4955 Pauli
852 4904 1095 4974 apostoli
1130 4908 1447 4962 secundam
1477 4908 1796 4981 Epistolam
1829 4910 1900 4965 ad
1936 4910 2041 4965 Co-

394 4987 647 5044 rinthios
676 4988 904 5060 lecturi,
940 4993 1087 5049 scire
1118 4995 1401 5051 debemus
1449 4997 1832 5052 intentionem
1882 4999 2042 5054 illius

2066 4825 2114 4889 D
2146 4839 2347 4879 corum
2378 4828 2462 4879 est
2494 4839 2649 4891 vere,
2680 4826 3052 4897 perfectoque
3093 4830 3272 4881 Deum
3307 4841 3504 4891 nosse,
3536 4830 3645 4881 aut
3677 4826 3808 4882 dili-

2153 4929 2287 4986 gere
2314 4931 2325 4968 :
2364 4914 2469 4969 hoc
2496 4917 2602 4981 est,
2626 4914 2935 4986 perpaucis
2958 4918 3047 4969 est
3064 4918 3398 4987 praeceptum
3418 4915 3651 4971 Domini
3673 4916 3809 4972 luei-

2148 5002 2280 5057 dum
2315 5003 2642 5057 illuminans
2671 5004 2853 5059 oculos
2884 5004 3051 5071 (Psal.
3086 5020 3243 5073 xvm,
3276 5002 3329 5074 9)
3358 5021 3370 5071 ;
3430 5003 3487 5058 id
3540 5010 3632 5059 est
3680 5021 3811 5077 per-

394 5081 698 5147 penetrare
731 5097 835 5135 nos
870 5099 1059 5151 posse,
1084 5084 1131 5137 si
1158 5101 1263 5139 nos
1286 5101 1417 5139 cum
1442 5085 1537 5140 illo
1562 5087 1899 5158 peregrinos
1916 5105 2043 5144 esse
2151 5092 2323 5163 pauci
2356 5096 2512 5159 sunt,
2544 5092 2643 5162 qui
2677 5092 2759 5147 ita
2791 5093 3039 5164 perfecte
3078 5092 3260 5148 Deum
3311 5098 3694 5163 cognoscant,
3752 5096 3814 5148 ut
