3990 5306
171 421 277 484 M3

712 419 1125 486 EXPOSITIO
1169 424 1246 485 IN
1293 422 1726 485 EPlS'l‘OLAS
1771 419 2028 485 PAULI.
2062 453 2139 469 —
2177 424 2256 485 IN
2302 423 2553 489 EPIST.
2597 424 2650 486 Il
2696 424 2800 486 AD
2844 421 3020 486 COR.

3450 420 3574 481 414

236 554 387 628 (676)
416 555 545 612 Hac
576 573 809 630 quoque
840 557 1098 629 Epistola
1125 562 1543 614 testamentum
1576 555 1676 614 Dei
1698 559 1806 625 est,
1838 556 1893 623 Α
1928 556 2050 630 qui,
2082 574 2217 614 cum
2251 558 2322 614 ad
2354 558 2609 631 aliquem
2642 555 3049 613 ecclesiasticas
3099 553 3401 627 dignitatis
3430 570 3571 627 gra-

172 650 224 703 et
257 646 445 702 multa
478 646 536 701 in
560 664 629 703 ea
657 647 755 703 Dei
783 648 1120 704 testimonia
1140 650 1529 704 continentur.
1566 648 1651 703 Illi
1679 664 1814 719 ergo

172 736 382 808 quibus
414 742 504 792 est
534 743 885 809 praeceptum
909 738 1139 794 Domini
1173 737 1436 793 lucidum
1472 738 1815 794 illuminans

171 825 386 891 oculos,
421 830 477 881 et
507 827 607 898 qui
642 827 947 899 requirunt
970 833 1385 884 testamentum
1418 828 1539 895 Dei,
1565 834 1622 883 et
1654 829 1813 883 testi-

171 914 364 971 monia
392 917 540 982 ejus,
568 918 784 987 quique
807 917 983 972 etiam
1015 935 1183 973 suam
1212 923 1539 989 agnoscunt
1561 918 1814 989 peregri-

171 1005 483 1069 nationem,
517 1005 697 1075 huius
734 1012 982 1077 possunt
1011 1008 1269 1078 Apostoli
1294 1013 1597 1079 penetrare
1620 1006 1812 1063 inten-

172 1094 403 1164 tionem,
439 1094 718 1165 quoniam
748 1095 888 1151 alibi
917 1112 1155 1167 corpore
1197 1097 1556 1163 detinentur,
1588 1102 1644 1152 et
1673 1097 1812 1152 alibi

172 1188 359 1239 mente
386 1182 777 1256 delectantur,
796 1186 1299 1257 quemadmodum
1318 1187 1443 1257 ipse
1473 1186 1808 1257 Apostolus.

167 1275 526 1345 Quapropter
554 1273 658 1345 illi,
694 1275 795 1346 qui
844 1291 1105 1347 corpore,
1139 1280 1195 1330 et
1246 1280 1438 1330 mente
1472 1278 1692 1331 mundo
1722 1276 1809 1331 in-

167 1362 405 1427 haerent,
438 1363 804 1434 impossibile
853 1368 961 1433 est,
995 1369 1059 1419 ut
1088 1364 1275 1436 ipsius
1324 1365 1591 1437 Apostoli
1622 1366 1808 1421 inten-

163 1452 377 1507 tionem
411 1457 715 1524 penetrare
748 1453 996 1525 possint.

226 1539 433 1596 Sciens
464 1545 659 1597 autem
692 1542 1008 1613 Apostolus
1039 1560 1230 1609 suam,
1267 1560 1443 1614 quam
1476 1544 1544 1598 ad
1580 1543 1808 1613 plebem

162 1628 593 1686 Corinthiorum
626 1632 1051 1703 corrigendam,
1071 1638 1307 1705 propter
1328 1632 1543 1688 multos
1573 1632 1808 1688 illorum

162 1734 409 1789 errores,
444 1719 685 1787 dixerat,
722 1721 1035 1792 profecisse
1082 1720 1415 1792 epistolam,
1468 1726 1636 1793 parat
1664 1720 1805 1775 diri-

162 1823 289 1879 gere
322 1808 644 1863 secundam
676 1810 747 1865 ad
779 1810 1275 1866 corroborandum
1301 1828 1504 1866 eorum
1536 1810 1806 1865 obedien-

1924 647 2065 701 dum
2131 648 2492 719 perveniunt,
2538 653 2595 703 et
2654 664 2754 719 per
2800 645 2997 701 omnia
3053 644 3413 700 voluntatem
3470 642 3570 700 Dei

1925 736 2247 809 adimplere
2291 738 2549 803 student,
2585 738 2655 792 ad
2705 736 2977 791 eumdem
3027 734 3220 789 divina
3270 734 3567 791 voluntate

1924 826 2150 883 venisse
2181 828 2454 883 credendi
2487 838 2644 883 sunt.

1994 946 2316 1015 Sequitur:
2375 946 2437 999 Et
2489 944 2801 999 Timotheus
2845 945 3039 1013 frater.
3094 940 3569 996 Animadverten-

1922 1033 2087 1099 dum,
2108 1033 2245 1105 quia
2274 1050 2336 1089 se
2364 1031 3119 1104 Apostolum,Timotheum
3144 1031 3381 1084 fratrem
3405 1028 3568 1095 dicit,

1923 1123 2201 1193 quoniam
2252 1124 2423 1179 ambo
2476 1124 2643 1192 servi,
2695 1122 2868 1177 ambo
2895 1119 3141 1193 apostoli
3174 1137 3186 1185 ;
3222 1119 3324 1174 sed
3373 1124 3569 1172 tamen

1922 1228 2036 1266 non
2065 1212 2241 1267 unius
2284 1212 2607 1284 dignitatis.
2640 1211 2791 1266 Illud
2844 1210 3019 1265 etiam
3071 1208 3396 1271 sciendum,
3430 1206 3571 1277 quia

1920 1299 2014 1355 hic
2028 1301 2340 1372 separatim
2371 1301 2745 1357 Timotheum
2765 1300 3061 1364 nominat;
3088 1296 3567 1369 Philippensibus

1920 1389 2203 1457 scribens,
2238 1390 2347 1444 sibi
2370 1390 2697 1461 conjungit,
2720 1396 2776 1445 et
2804 1390 3010 1445 ambos
3041 1403 3236 1443 servos
3266 1390 3448 1440 vocat.
3473 1384 3566 1440 Sic

1919 1478 2073 1533 enim
2097 1479 2178 1534 ait
2210 1495 2225 1534 :
2258 1481 2468 1534 Paulus
2483 1483 2534 1534 et
2563 1479 2869 1535 Timotheus
2882 1480 3027 1534 servi
3045 1477 3249 1533 Christi
3262 1476 3410 1531 Jesu.
3434 1475 3566 1531 Ideo

1919 1568 2039 1623 haec
2070 1568 2187 1640 egit
2216 1568 2527 1640 Apostolus
2568 1570 2707 1640 quia
2756 1568 2838 1622 illi
2874 1568 2932 1622 in
2964 1566 3127 1622 nullo
3175 1564 3565 1630 deviaverant,

1918 1660 1974 1711 et
2003 1662 2308 1729 propterea
2333 1662 2495 1712 tanta
2516 1658 2833 1713 auctoritas
2851 1674 2965 1711 non
2998 1660 3123 1712 erat
3142 1654 3226 1709 eis
3260 1658 3563 1709 montran-

1918 1746 2039 1799 da:
2076 1746 2168 1801 isti
2218 1763 2372 1811 vero,
2424 1746 2581 1818 quia,
2614 1746 2673 1801 in
2725 1746 2927 1800 multis
2976 1746 3326 1809 erraverant,
3382 1742 3568 1797 multa

1918 1833 2035 1890 illis
2063 1840 2186 1890 erat
2206 1835 2523 1891 auctoritas
2545 1835 3021 1891 demonstranda.
3045 1832 3193 1889 Nota
3223 1831 3568 1903 etiam,quia

360 1896 459 1995 It8_
481 1902 676 1995 tame?
724 1899 1259 1995 confortatﬂeowm
1294 1899 1713 1995 οῒῖῗδδίθοίίδων
1745 1904 1809 1954 ut
1836 1923 1887 1990 B
1916 1940 2049 1979 cum
2082 1925 2181 1979 illo
2204 1925 2408 1980 scribit
2438 1924 2779 1989 secundam,
2804 1939 2904 1995 per
2924 1938 3100 1993 quem
3133 1896 3422 1976 direxerat
3444 1896 3565 1987 pri-

160 1985 396 2041 illorum
427 1987 663 2043 denotet
693 1990 1261 2061 contumaciam,qui
1294 1990 1486 2044 adhuc
1518 2005 1657 2045 suos
1680 2006 1807 2060 pra-

160 2091 253 2130 vos
280 2081 457 2131 actus
489 2077 777 2151 corrigere
828 2078 1153 2135 noluerant.
1189 2079 1338 2134 Illud
1388 2084 1585 2134 tamen
1618 2078 1804 2134 scien-

162 2164 324 2231 dum,
352 2165 491 2236 quia
523 2167 633 2222 hac
664 2184 763 2239 spe
795 2168 1135 2225 sublevatus
1166 2174 1255 2225 est
1300 2168 1633 2240 Apostolus,
1667 2168 1809 2240 quia

166 2254 381 2310 audivit
414 2271 514 2311 eos
544 2256 797 2313 maxime
826 2274 895 2313 ea
944 2260 1264 2314 correxisse
1296 2276 1422 2330 quas
1454 2259 1703 2314 attinent
1733 2258 1804 2313 ad

172 2345 445 2411 ordinem,
478 2349 536 2401 et
559 2345 903 2417 dignitatem
927 2347 1380 2403 ecclesiasticam
1408 2366 1420 2403 :
1450 2353 1504 2404 et
1529 2349 1657 2404 ideo
1688 2365 1804 2404 non

166 2433 481 2501 difﬁdebat,
517 2438 577 2489 ut
610 2434 890 2505 paulatim
930 2452 1129 2492 eorum
1186 2438 1615 2509 corrigerentur
1644 2438 1801 2493 vitia.

159 2521 326 2587 Nam,
361 2522 499 2594 quia
530 2524 749 2591 omnia,
782 2542 907 2595 quas
940 2527 1011 2581 ad
1042 2526 1306 2581 ordinem
1338 2526 1803 2583 ecclesiasticum

155 2610 427 2679 attinent,
481 2619 870 2681 correxerant,
905 2633 1041 2688 spes
1090 2616 1340 2671 dabatur
1386 2615 1689 2688 apostolis,
1740 2620 1805 2672 ut

151 2698 292 2756 vitia
323 2706 382 2757 et
412 2718 602 2759 mores
629 2720 829 2759 corum
857 2704 915 2758 in
948 2707 1141 2761 futuro
1174 2704 1620 2777 corrigerentur.

220 2790 739 2848 Festinavit‘etiam
765 2793 915 2849 hanc
931 2793 1046 2849 illis
1066 2794 1381 2849 secundam
1406 2794 1655 2866 dirigere
1679 2795 1802 2867 Epi-

146 2877 389 2945 stolam,
408 2881 686 2951 quoniam
713 2882 771 2935 in
796 2882 986 2952 prima
1005 2881 1212 2937 durius
1230 2883 1464 2937 fuerunt
1493 2883 1796 2955 increpati,

140 2966 524 3039 nimiumque
553 2970 913 3025 contristati:
947 2975 1259 3042 quatenus,
1284 2972 1426 3025 dum
1450 2987 1511 3025 se
1541 2973 1612 3026 ab
1645 2980 1797 3042 Apo-

136 3056 299 3112 stolo
333 3056 495 3128 diligi
542 3058 834 3125 audirent,
866 3075 1005 3131 erga
1051 3060 1234 3114 bonos
1264 3065 1429 3115 actus
1474 3060 1799 3116 devotiores

132 3146 381 3211 fierent,
413 3150 470 3200 et
500 3146 557 3200 in
609 3147 798 3202 fructu
848 3149 1197 3219 poenitentiae
1245 3150 1608 3220 proficerent,
1651 3167 1795 3221 quo-

133 3233 313 3289 niam
347 3250 479 3289 vera
509 3236 849 3306 pcenitentia
870 3242 959 3292 est
990 3238 1210 3293 malum
1245 3240 1527 3308 deserere,
1558 3240 1797 3296 interve-

135 3322 351 3378 niente
366 3322 583 3377 dolore.
614 3328 746 3379 Hinc
772 3330 967 3381 tamen
989 3328 1239 3383 maxime
1258 3345 1435 3383 causa
1456 3328 1564 3383 fuit
1585 3329 1798 3385 descri-

138 3410 353 3475 bendi,
380 3427 447 3466 ac
468 3410 753 3483 dirigendi
772 3415 1126 3484 Epistolam;
1153 3418 1292 3489 quia
1313 3418 1577 3474 doctores
1598 3434 1801 3474 eorum

144 3517 254 3573 pro
289 3498 542 3556 aliorum
594 3502 848 3573 peccatis
895 3505 1101 3561 durius
1132 3506 1366 3562 fuerant
1412 3508 1713 3580 increpati,
1746 3513 1804 3563 et

147 3589 415 3646 multum
448 3591 795 3647 contristati.
820 3593 928 3657 Qui
958 3593 1135 3650 etiam
1168 3612 1238 3651 ne
1269 3596 1495 3664 durius,
1533 3602 1633 3653 aut
1655 3615 1805 3670 aegre

151 3679 398 3744 ferrent,
430 3695 492 3734 se
522 3679 716 3751 ipsum
750 3680 866 3737 illis
915 3686 1220 3755 proposuit
1248 3685 1601 3757 exemplum,
1635 3688 1805 3760 quasi

151 3767 405 3824 dixisset
438 3783 451 3823 :
484 3768 607 3825 Non
640 3770 871 3839 durius,
904 3789 1018 3828 non
1050 3790 1199 3845 aegre
1229 3774 1512 3841 feratis,si
1544 3793 1647 3847 pro
1670 3776 1809 3831 alio-

156 3874 287 3913 rum
321 3859 577 3929 peccatis
627 3858 821 3915 fuistis
872 3860 1193 3933 increpati;
1228 3880 1362 3918 cum
1410 3880 1517 3936 ego
1549 3865 1807 3935 quotidie

151 3947 411 4003 diversis
444 3947 739 4019 periculis,
772 3965 839 4004 ac
870 3951 1042 4005 morti
1075 3952 1431 4021 subjaceam.
1467 3952 1575 4015 Qui
1607 3953 1803 4021 etiam,

150 4041 215 4093 ut
235 4052 302 4092 se
322 4037 659 4093 ostenderet
679 4038 829 4093 bona
850 4039 921 4093 de
943 4038 1061 4095 illis
1084 4040 1410 4107 sentire,sic
1432 4058 1674 4096 exorsus
1696 4045 1805 4109 est,

148 4126 616 4197 dicens:(CAp.I.)
634 4128 846 4183 Paulus
863 4127 1545 4201 apostolus.Jamjamque
1566 4146 1808 4186 securus

147 4216 218 4271 de
246 4231 463 4271 eorum
494 4215 889 4284 conversione,
920 4222 977 4273 et
1022 4219 1449 4286 emendatione,
1483 4236 1546 4275 se
1576 4236 1810 4291 quoque

147 4303 524 4376 Apostolum,
548 4322 661 4360 non
684 4310 878 4362 tamen
898 4312 1169 4363 vocatum
1194 4307 1356 4365 dicit.
1373 4309 1520 4364 Nam
1553 4308 1691 4380 quia
1710 4310 1809 4364 de-

149 4394 480 4459 viaverunt,
512 4397 780 4450 vocatum
802 4396 1115 4452 audierunt
1147 4414 1159 4453 :
1193 4398 1425 4470 et,quia
1454 4416 1515 4453 se
1544 4414 1810 4454 correxe-

153 4488 317 4549 runt,
352 4483 728 4541 solummodo
784 4486 1031 4557 apostoli
1064 4486 1314 4542 audiunt
1343 4488 1511 4558 (677).
1546 4488 1599 4543 Is
1629 4487 1809 4554 enim,

154 4578 219 4629 ut
248 4573 347 4630 sui
380 4573 749 4645 apostolatus
781 4576 1186 4631 auctoritatem
1216 4576 1607 4642 conﬁrmaret,
1638 4581 1696 4632 et
1727 4593 1813 4631 ra-

1920 2030 2099 2068 mam.
2130 2015 2318 2079 Quare
2367 2013 2534 2067 haec?
2564 2011 2863 2077 Videlicet,
2898 2017 2961 2065 ut
3011 2010 3342 2065 ostenderet
3384 2008 3563 2079 quod,

1914 2102 2015 2157 illo
2049 2108 2342 2168 narrante,
2370 2104 2522 2157 bona
2552 2102 2622 2157 de
2654 2101 2797 2171 ipsis
2828 2098 3097 2155 audierit.

1988 2217 2307 2289 Sequitur:
2353 2218 2601 2273 Ecclesia:
2654 2218 2768 2284 Dei,
2822 2221 2929 2271 etc.
2982 2214 3295 2271 Corinthus
3346 2216 3563 2268 metro-

1916 2307 2065 2379 polis
2096 2312 2184 2363 est
2227 2307 2458 2361 Achaia:
2508 2305 2835 2378 provinciis,
2870 2309 2928 2359 et
2982 2303 3129 2371 ideo,
3163 2304 3303 2357 dum
3355 2300 3561 2357 scribit

1916 2396 2187 2453 Ecclesiae
2219 2395 2675 2460 Corinthiorum,
2709 2393 2911 2449 scribit
2943 2398 3000 2448 et
3046 2392 3225 2446 totius
3256 2390 3563 2462 provinciae

1915 2484 2366 2541 habitatoribus.
2403 2485 2642 2557 Propter
2672 2484 2791 2538 haec
2821 2487 2878 2537 et
2906 2481 3245 2551 subjunxit:
3280 2480 3424 2533 Cum
3442 2494 3565 2532 san-

1914 2578 2015 2631 ctis
2046 2576 2318 2641 omnibus,
2354 2579 2463 2629 etc.
2500 2578 2769 2627 Attamen
2800 2571 2944 2625 illud
2979 2575 3067 2625 est
3097 2568 3565 2625 animadverten-

1913 2666 2158 2737 dum,qu
2169 2682 2263 2720 are
2276 2662 2592 2719 Ecclesiam
2607 2661 3041 2717 Corinthiorum
3056 2656 3564 2714 sanctisomnibus

1904 2754 2167 2825 junxerit
2193 2772 2206 2822 ;
2239 2753 2526 2818 videlicet,
2555 2752 2691 2824 quia
2714 2750 2935 2806 audivit
2965 2765 3064 2805 eos
3082 2746 3416 2819 proiecisse.
3436 2743 3561 2799 Alio

1910 2858 2042 2898 vero
2084 2860 2283 2909 sensu,
2318 2842 2472 2913 quod
2526 2841 2627 2908 ait,
2661 2857 2781 2894 cum
2826 2839 3024 2893 sanctis
3069 2837 3339 2901 omnibus,
3374 2837 3567 2906 potest

1910 2932 2132 2986 dictum
2166 2932 2312 3003 (678)
2347 2932 2416 2986 de
2448 2929 2869 2998 sacerdotibus,
2898 2943 3149 2999 quorum
3184 2925 3439 2998 primum
3474 2926 3566 2978 est

1906 3020 2172 3075 invocare
2188 3036 2397 3075 nomen
2422 3019 2665 3073 Domini.
2682 3018 2935 3085 Nam,ne
2957 3016 3289 3071 viderentur
3309 3031 3342 3069 a
3364 3012 3563 3069 minus

1906 3108 2366 3181 intelligentibus
2415 3108 2813 3179 praetermissi,
2849 3124 2983 3161 cum
3026 3106 3275 3161 fuissent
3326 3104 3563 3158 nomine

1908 3197 2175 3252 Ecclesiae
2208 3196 2635 3268 comprehensi,
2662 3196 2790 3251 ideo
2815 3196 3119 3266 subjunxit
3148 3212 3160 3247 :
3198 3194 3333 3249 Cum
3360 3194 3563 3247 sanctis

1830 3286 1875 3356 α
1913 3285 2184 3339 omnibus.
2245 3282 2526 3338 Similiter
2577 3281 3050 3353 Philippensibus
3098 3280 3382 3347 scribens,
3434 3280 3564 3333 ait:

1908 3375 2043 3430 Cum
2071 3375 2361 3445 episcopis,
2384 3378 2437 3427 et
2466 3372 2803 3427 diaconibus.
2821 3370 3097 3443 Sequitur
3129 3386 3141 3425 :
3177 3368 3367 3425 Gratia
3387 3368 3560 3435 vobis,

1911 3469 2021 3519 etc.
2057 3462 2248 3518 Unum
2298 3467 2385 3518 est
2416 3479 2564 3534 Opus
2613 3461 2819 3525 Patris,
2852 3464 2908 3515 et
2938 3459 3065 3515 Filii
3093 3484 3107 3526 ;
3143 3464 3446 3531 propterea
3476 3458 3561 3512 di-

1914 3553 1993 3608 cit
2027 3570 2039 3606 :
2073 3553 2111 3608 A
2141 3554 2244 3607 Deo
2275 3554 2458 3617 Patre,
2490 3554 2544 3605 et
2573 3552 2633 3605 in
2662 3551 2892 3605 Domino
2920 3552 3045 3606 Iesu
3078 3548 3310 3605 Christo.

1986 3678 2133 3749 (679)
2186 3676 2464 3749 Sequitur
2515 3692 2526 3731 :
2578 3674 2906 3731 Benedictus
2951 3675 3110 3742 Deus,
3142 3674 3271 3729 'etc.
3324 3671 3563 3729 Talibus

1913 3766 2105 3821 verbis
2134 3770 2355 3821 textum
2378 3782 2494 3820 sua:
2526 3763 2795 3836 Epistolas
2823 3779 3136 3836 aggressus
3158 3766 3246 3819 est
3274 3762 3562 3819 ordinare.

1916 3854 2024 3912 Ubi
2060 3855 2403 3921 notandum,
2433 3854 2573 3925 quia
2611 3870 2770 3909 more
2799 3853 2970 3909 solito
3020 3852 3362 3925 mysterium
3396 3855 3567 3907 recta;

1918 3942 2049 3997 ﬁdei
2083 3946 2412 3997 monstrare
2443 3941 2688 3996 curavit.
2726 3942 3012 4013 Loquitur
3040 3941 3197 3996 enim
3228 3941 3300 3997 de
3330 3946 3443 3996 Deo
3468 3941 3567 3995 Pa-

1917 4035 2024 4101 tre,
2057 4036 2115 4084 et
2143 4030 2312 4085 donis
2344 4029 2552 4100 ipsius,
2585 4035 2643 4084 et
2673 4030 2921 4085 Domino
2950 4030 3090 4084 Jesu
3121 4030 3370 4095 Christo,
3404 4029 3565 4086 locu-

1916 4124 2087 4175 turus
2118 4118 2393 4189 deinceps
2443 4118 2513 4172 de
2560 4118 2781 4188 Spiritu
2836 4121 3058 4187 sancto,
3110 4118 3378 4188 quamvis
3416 4123 3475 4173 et
3504 4118 3565 4173 in

1919 4208 2088 4264 donis
2118 4207 2306 4279 ipsius
2332 4206 2584 4277 Spiritus
2607 4210 2849 4261 sanctus
2868 4204 3243 4275 intelligatur.
3274 4206 3435 4270 Quod
3462 4221 3565 4261 au-

1914 4301 2032 4352 tem
2061 4295 2202 4351 dicit
2234 4312 2246 4350 :
2282 4294 2603 4351 Benedictus
2652 4299 2817 4361 Deus,
2849 4298 2899 4349 et
2946 4295 3130 4363 Pater,
3164 4298 3297 4359 etc.,
3330 4293 3563 4350 duobus

1918 4386 2107 4443 modis
2136 4388 2326 4456 potest
2356 4383 2639 4455 distingui
2660 4387 2716 4438 et
2744 4382 3011 4455 intelligi.
3039 4382 3363 4438 Benedictus
3394 4387 3565 4452 Deus,

1919 4492 2112 4531 rerum
2144 4479 2367 4528 creator
2395 4472 2681 4543 omnium,
2702 4472 2803 4543 qui
2835 4476 2923 4526 est
2951 4476 3001 4527 et
3031 4473 3443 4533 PatereDomini
3466 4487 3568 4527 no-

1916 4565 2021 4618 stri
2046 4568 2183 4619 Jesu
2205 4564 2411 4617 Christi
2438 4580 2451 4629 ;
2484 4562 2595 4617 hoc
2625 4566 2733 4632 est,
2767 4561 3049 4627 Verbum,
3073 4562 3226 4631 quod
3260 4564 3383 4616 erat
3413 4561 3568 4617 Deus

156 4667 277 4719 tam
300 4663 569 4735 ejusdem
592 4664 939 4735 dignitatem
954 4682 1081 4721 esse
1103 4666 1807 4737 monstraret,subjunxit:

1923 4652 1981 4707 in
2012 4652 2296 4723 principio
2327 4651 2479 4722 apud
2534 4651 2783 4706 Patrem.
2816 4650 2922 4705 Sed
2954 4650 3063 4706 hoc
3115 4667 3229 4706 non
3264 4650 3395 4705 ideo
3426 4649 3569 4705 dici-

157 4758 265 4809 Per
292 4754 631 4809 voluntatem
662 4755 779 4810 Dei.
826 4754 972 4810 Nam
1024 4771 1138 4810 non
1169 4771 1395 4819 omnes,
1429 4756 1528 4827 qui
1562 4754 1810 4827 apostoli

160 4841 461 4909 dicuntur,
493 4860 596 4915 per
623 4842 980 4899 voluntatem
1014 4844 1109 4899 Dei
1144 4848 1302 4899 sunt.
1340 4843 1469 4899 Sive
1499 4844 1648 4913 ideo,
1692 4846 1810 4915 Dei,

159 4936 224 4988 ut
254 4933 592 4989 ostenderet
615 4949 677 4989 se
705 4950 819 4989 non
852 4931 1045 4988 solum
1069 4933 1139 4988 ab
1170 4933 1404 4989 homine
1424 4934 1651 4990 Christo
1673 4951 1812 5005 apo-

163 5021 383 5078 stolum
414 5022 769 5093 factum,sed
801 5020 979 5077 etiam
1012 5038 1045 5076 a
1074 5022 1321 5078 Deo.Sic
1352 5022 1526 5077 etiam
1560 5023 1684 5096 ipse
1711 5023 1811 5078 Dei

1924 4758 2077 4807 mus,
2112 4746 2176 4796 ut
2206 4740 2359 4795 alius
2391 4741 2467 4795 sit
2515 4756 2708 4795 sermo
2741 4739 3091 4811 suscipiens,
3123 4744 3181 4795 et
3212 4738 3362 4794 alius
3394 4737 3568 4794 homo

1922 4835 2267 4902 susceptus;
2301 4829 2401 4884 sed
2431 4830 2665 4900 propter
2688 4827 3124 4884 distinctionem
3157 4832 3572 4897 natura3,nunc

1923 4921 2211 4985 excelsus,
2245 4935 2398 4973 nunc
2447 4917 2690 4973 humilis
2743 4916 3110 4989 praedicatur.
3145 4920 3312 4972 Pater
3352 4915 3573 4969 miseri-

1922 5009 2254 5066 cordiarum.
2288 5009 2435 5065 Nota
2461 5006 2602 5077 quia
2631 5024 2664 5062 a
2695 5022 2754 5061 re
2786 5005 3062 5077 ipsa,hoc
3092 5004 3286 5069 est,ab
3317 5002 3448 5074 ipsa
3469 5019 3578 5059 sua

164 5110 347 5166 Filius
379 5090 905 5182 loquitur’Judais.
940 5110 1158 5177 omnia,
1189 5112 1399 5184 inquit,
1433 5128 1558 5182 qm
1584 5090 1814 5185 ’ριαείεα
1919 5100 2251 5155 intentione
2282 5096 2546 5185 inchoat,
2580 5097 2787 5151 dicens
2823 5110 2835 5147 :
2871 5096 3040 5149 Pater
3068 5090 3577 5185 misericordiarum

165 5203 287 5238 κιαι
333 5200 389 5240 Α
441 5202 580 5242 ιηητή
625 5216 839 5246 ιηηηρν
884 5200 1062 5248 (Ιοαη-
1110 5218 1231 5250 vm-
1264 5202 1375 5252 29l.
1413 5201 1628 5256 Paulus
1676 5217 1812 5257 vero

1924 5194 2237 5259 quatenus.
2270 5190 2411 5242 dum
2446 5183 2529 5238 illi
2567 5186 2839 5240 audirent
2870 5188 3050 5237 Deum
3077 5197 3189 5236 non
3221 5177 3412 5235 solum
3444 5195 3582 5239 esse
