3990 5306
346 391 466 452 415

1367 404 1707 469 ATTONIS
1752 402 2339 469 VERGELLENSIS
2382 402 2738 467 EPISCOPI

3646 400 3779 462 416.

347 528 754 588 Animadverte
777 533 955 591 etiam
988 538 1125 609 quia
1156 556 1269 595 non
1304 540 1710 597 misericordiae
1742 542 1995 607 Patrem,
2026 547 2079 613 Α
2111 539 2267 610 quia,
2289 538 2441 594 sicut
2468 555 2647 595 causa
2664 537 2872 595 salutis
2894 554 3132 595 suorum
3159 536 3490 595 auditorum
3514 536 3770 593 tribula-

350 620 449 674 sed
484 620 1019 681 misericordiarum
1072 644 1198 684 esse
1247 631 1408 698 dicit,
1442 632 1662 687 scilicet
1712 632 1849 702 quia
1881 647 1994 684 non

351 708 543 766 solum
575 711 633 767 in
670 714 1020 786 baptismate
1054 724 1285 789 peccata
1319 723 1582 793 remittit,
1608 724 1706 777 sed
1740 722 1911 776 etiam
1939 721 1996 773 in

352 799 735 871 pmnitudine,
772 808 827 858 et
874 806 1064 860 cordis
1114 810 1497 878 contritione;
1533 812 1651 866 sive
1698 812 1836 883 quia
1884 826 1997 864 non

350 887 541 943 solum
580 896 813 961 peccata
862 894 1127 961 dimittit,
1163 900 1262 954 sed
1296 905 1349 955 et
1382 901 1613 972 pristini
1663 902 1880 974 gradus
1913 900 1998 953 di-

352 976 632 1047 gnitatem
667 981 891 1050 reddit;
926 984 1046 1039 sive
1089 986 1225 1056 quia
1279 1006 1392 1043 non
1426 990 1623 1055 unius,
1657 994 1757 1045 aut
1787 1005 1997 1060 pauco-

353 1082 505 1136 rum,
540 1069 641 1124 sed
675 1070 1017 1143 multorum,
1052 1075 1169 1131 imo
1216 1079 1479 1135 omnium
1514 1084 1883 1151 peccatorum
1915 1085 2003 1133 est

354 1156 657 1213 relaxator.

429 1246 705 1317 Sequitur
741 1267 752 1305 :
782 1252 846 1306 Et
880 1254 1015 1309 Deus
1066 1257 1227 1311 totius
1276 1259 1684 1314 consolationis.
1722 1257 2002 1313 Animad-

357 1341 511 1390 verte
536 1337 694 1407 quia,
729 1356 861 1395 cum
899 1347 1038 1399 Deus
1067 1348 1235 1400 totius
1255 1348 1643 1403 consolationis
1674 1348 1832 1413 dicit,
1854 1345 2001 1400 mul-

358 1426 448 1480 tas
498 1426 622 1481 vult
673 1431 980 1487 ostendere
1046 1434 1476 1507 tribulationes,
1540 1437 1815 1509 quoniam
1878 1435 2001 1490 alia

359 1518 517 1580 sunt,
549 1533 676 1587 quas
707 1535 739 1573 a
763 1519 931 1575 malis
962 1521 1321 1594 hominibus,
1351 1526 1475 1581 aliis
1499 1544 1648 1591 vero,
1684 1543 1810 1597 quae
1835 1524 2005 1579 adia-

358 1603 489 1659 bolo
521 1605 870 1663 inferuntur.
907 1616 1033 1680 Ipse
1079 1631 1352 1684 namque,
1387 1616 1525 1687 quia
1575 1618 1646 1670 ab
1678 1616 1771 1669 his
1814 1613 2017 1668 omni»

359 1693 469 1748 bus
500 1693 727 1763 liberat,
759 1698 888 1755 ideo
919 1702 1072 1757 Deus
1103 1704 1285 1759 totius
1315 1704 1733 1760 consolationis
1763 1721 1891 1759 esse
1922 1703 2006 1757 di-

358 1782 527 1839 citur.
564 1787 728 1851 Quod
761 1805 894 1843 mox
942 1792 1295 1859 manifestat,
1331 1811 1463 1848 cum
1515 1794 1819 1865 subjunxit
1851 1810 1862 1846 :
1900 1794 2005 1861 Qui

356 1874 671 1928 consolatur
693 1892 791 1930 nos
824 1878 879 1931 in
913 1882 1068 1935 omni
1094 1883 1457 1939 tribulatione
1486 1889 1694 1939 nostra.
1728 1882 2001 1939 Consola-

357 1963 454 2014 tur
484 1960 698 2034 quippe
727 1982 866 2021 suos
897 1985 1074 2025 causa
1117 1971 1324 2027 salutis
1354 1973 1623 2028 aliorum.
1658 1974 1726 2027 Et
1757 1972 1863 2027 hoc
1894 1975 2004 2037 est,

362 2051 514 2120 quod
548 2053 631 2107 ait
662 2071 675 2108 :
713 2056 775 2110 Ut
808 2060 1079 2126 possimus
1120 2066 1174 2115 et
1205 2064 1309 2132 ipsi
1360 2064 1630 2120 consolari
1678 2078 1782 2128 eos,
1819 2063 1913 2132 qui
1944 2063 2001 2115 in

360 2141 519 2194 omni
543 2156 798 2210 pressura
828 2150 975 2201 sunt.
1009 2150 1157 2203 Sane
1205 2151 1508 2206 sciendum
1556 2152 1693 2223 quia
1721 2153 1834 2205 duo
1867 2154 2006 2204 sunt

358 2244 572 2299 genera
598 2232 993 2289 tribulationis
1017 2253 1029 2291 ς
1050 2255 1234 2294 unum
1267 2240 1720 2312 videlicet,quod
1747 2257 1780 2294 a
1810 2256 2005 2312 perse-

360 2318 684 2385 cutoribus,
709 2326 764 2375 et
785 2324 1146 2393 quibuslibet
1165 2328 1333 2383 malis
1351 2328 1691 2384 hominibus
1722 2328 2003 2395 infertur;

361 2406 609 2462 alterum
641 2426 771 2466 vero
803 2428 1010 2483 genus,
1043 2416 1194 2485 quod
1223 2434 1291 2472 ex
1335 2418 1690 2489 panitudine
1724 2418 2003 2473 nascitur.

360 2499 479 2550 Hoc
510 2513 740 2568 quoque
790 2517 901 2556 non
953 2503 1149 2560 minus
1198 2505 1318 2573 illo,
1355 2508 1631 2579 quoniam
1678 2506 1821 2560 illud
1871 2522 2005 2560 cum

361 2584 562 2640 lintitia
609 2587 743 2642 ferri
776 2594 1001 2661 potest;
1049 2594 1156 2648 hoc
1204 2612 1358 2661 vero,
1392 2600 1676 2666 quantum
1727 2612 1841 2649 non
1894 2593 2008 2650 nisi

368 2690 500 2729 cum
532 2676 771 2733 tristitia
793 2678 1076 2749 habetur;
1113 2683 1268 2755 quia,
1292 2685 1433 2739 dum
1467 2685 1638 2740 homo
1672 2685 2009 2740 recordatur

361 2781 603 2821 suorum
636 2774 1136 2844 peccatorum,pro
1155 2774 1236 2828 eis
1271 2774 1438 2829 timet
1467 2772 2007 2845 puniri.Apostolici

364 2870 594 2927 quoque
625 2857 752 2925 viri,
787 2860 915 2914 ideo
948 2878 981 2915 a
1021 2862 1416 2930 tribulatione,
1453 2881 1579 2935 quis
1611 2880 1641 2917 a
1677 2866 2007 2933 persecuto-

362 2944 525 3000 ribus
557 2946 933 3015 inferebatur,
967 2949 1385 3021 liberabantur,
1419 2956 1484 3006 ut
1524 2951 1654 3006 aliis
1687 2951 1917 3006 afﬂictis
1950 2949 2007 3003 in

364 3034 719 3104 paenitudine
751 3039 1205 3094 consolationem
1241 3046 1480 3112 possent
1530 3041 2004 3096 subministrare.

363 3127 432 3178 Et
460 3124 569 3180 hoc
599 3131 687 3181 est
715 3129 866 3200 quod
902 3129 1062 3197 dicit,
1096 3138 1157 3186 ut
1192 3132 1469 3201 possimus
1500 3140 1550 3187 et
1598 3133 1705 3203 ipsi
1735 3130 2012 3186 consolari

364 3229 477 3281 eas,
509 3218 616 3270 etc.
649 3241 661 3283 ;
695 3233 759 3271 ac
788 3218 833 3274 si
868 3218 1083 3275 diceret
1117 3238 1130 3276 :
1165 3221 1294 3276 Ideo
1324 3220 1645 3275 liberamur
1673 3238 1707 3275 a
1737 3235 2007 3291 persecu-

2109 630 2343 694 bantur,
2367 628 2447 682 sic
2480 633 2535 683 et
2564 645 2763 684 eorum
2791 645 2968 684 causa
2988 628 3193 683 salutis
3221 628 3292 683 ab
3323 628 3546 683 eisdem
3577 626 3766 681 tribu-

2110 716 2426 772 lationibus
2449 719 2826 786 eruebantur,
2850 723 2907 772 et
2936 716 3059 772 suis
3083 717 3475 772 reddebantur
3502 735 3515 783 ;
3555 721 3776 787 quate—

2110 823 2222 861 nus
2254 807 2363 877 ipsi
2398 807 2451 860 in
2490 807 2601 861 fide
2650 808 3182 861 corroborarentur.
3220 805 3366 860 Illud
3398 822 3539 860 sane
3574 806 3775 861 scien-

2111 897 2272 965 dum,
2302 896 2439 966 quia
2471 902 2805 951 sanctorum
2838 897 3281 967 praedicatorum
3306 895 3778 963 afflictio,tribu-

2112 985 2275 1050 latio,
2297 1002 2362 1039 ac
2394 986 2609 1056 passio,
2635 986 2976 1041 scandalum
2996 989 3220 1057 poterat
3239 1002 3368 1040 esse
3385 983 3731 1039 auditorum
3758 1002 3772 1051 ;

2112 1075 2270 1146 quia,
2303 1075 2444 1129 dum
2480 1092 2618 1130 suos
2650 1077 2914 1131 doctores
2943 1076 3216 1131 videbant
3243 1074 3297 1131 vi
3333 1090 3671 1145 oppressos,
3704 1089 3779 1127 ac

2114 1164 2365 1221 diversis
2398 1164 2684 1221 laceratos
2715 1164 3134 1233 tormentis,illi
3157 1163 3516 1236 quoque,qui
3545 1162 3776 1217 inﬁrmi

2114 1259 2280 1308 erant
2310 1252 2368 1307 in
2403 1254 2536 1323 fide,
2571 1254 2951 1309 scandalizari
2986 1258 3291 1326 poterant;
3324 1269 3390 1308 eo
3421 1252 3577 1323 quod
3614 1252 3777 1322 ipso-

2114 1360 2243 1397 rum
2282 1342 2733 1413 promissionem
2766 1346 3068 1398 crederent
3107 1345 3448 1397 frustratam
3486 1360 3498 1396 :
3530 1346 3774 1396 econtra

2112 1431 2196 1486 illi
2231 1435 2330 1503 qui
2355 1434 2481 1503 jam
2514 1434 2867 1488 corroborati
2902 1437 3070 1488 erant
3099 1433 3157 1486 in
3192 1432 3321 1499 fide,
3347 1432 3488 1486 dum
3513 1447 3615 1486 eos
3649 1430 3769 1502 pati

2113 1523 2445 1593 cernebant,
2481 1524 2763 1593 optabant
2814 1540 2875 1579 se
2929 1523 3117 1578 socios
3148 1523 3271 1578 fieri
3303 1520 3766 1576 tribulationum

2113 1628 2178 1665 ac
2206 1610 2567 1683 passionum,
2595 1618 2656 1667 ut
2680 1618 2917 1683 possent
2945 1630 3072 1669 esse
3095 1616 3392 1668 consortes
3414 1609 3770 1666 consolatio-

2114 1700 2205 1757 nis
2232 1718 2243 1755 :
2278 1702 2346 1755 Et
2376 1701 2503 1756 ideo
2535 1702 2678 1756 dicit
2712 1719 2723 1757 :
2759 1703 2891 1774 Spes
2942 1709 3133 1757 nostra
3161 1703 3325 1771 ﬁrma
3352 1707 3434 1757 est
3465 1717 3564 1772 pro
3594 1700 3768 1755 vobis.

2115 1792 2202 1855 Et,
2235 1791 2401 1862 quasi
2426 1791 2881 1864 interrogassent
2906 1810 3031 1864 quas
3060 1797 3149 1847 est
3178 1808 3312 1862 spes
3343 1796 3445 1846 tua
3472 1791 3641 1844 ﬁrma
3666 1806 3772 1861 pro

2115 1879 2302 1949 nobis,
2337 1882 2649 1952 respondet
2678 1883 2802 1951 ipse
2836 1900 2848 1936 :
2883 1882 3121 1937 Scientes
3151 1883 3435 1953 quoniam,
3458 1882 3603 1934 sicut
3635 1880 3775 1934 socii

2112 1972 2431 2040 passionum
2474 1973 2632 2035 estis,
2666 1976 2773 2025 etc.
2804 1988 2817 2035 ;
2850 1971 3019 2042 quasi
3070 1970 3200 2025 aliis
3230 1969 3422 2025 verbis
3471 1968 3723 2024 dixisset
3754 1984 3769 2022 :

2114 2059 2272 2113 Adeo
2306 2058 2456 2111 firmi
2493 2076 2702 2112 sumus
2730 2058 2801 2113 de
2832 2058 3018 2127 vobis,
3046 2062 3109 2111 ut
3137 2057 3445 2113 credamus
3479 2054 3622 2126 quia
3655 2070 3770 2109 non

2116 2146 2306 2202 solum
2331 2148 2403 2202 de
2433 2147 2650 2203 nostris
2686 2148 3162 2203 tribulationibus
3194 2163 3305 2201 non
3341 2144 3773 2201 scandalizabi-

2116 2236 2282 2301 mini,
2318 2238 2414 2291 sed
2451 2236 2644 2307 potius
2676 2237 3008 2308 gaudebitis
3030 2237 3219 2292 socios
3249 2252 3351 2291 vos
3385 2235 3507 2290 fieri
3544 2234 3771 2305 passio-

2119 2342 2283 2391 num,
2318 2330 2381 2379 nt
2428 2326 2664 2397 possitis
2692 2342 2841 2393 esse,
2876 2330 2932 2381 et
2975 2324 3409 2381 consolationis.
3445 2323 3596 2379 Illud
3632 2338 3774 2377 sane

2116 2416 2442 2482 sciendum,
2479 2415 2615 2487 quia
2640 2415 2747 2470 hoc
2777 2432 2890 2471 non
2914 2415 3107 2470 solum
3140 2414 3239 2469 illo
3270 2420 3535 2485 tempore
3557 2412 3772 2492 ageba-

2115 2509 2230 2570 tur,
2259 2505 2358 2559 sed
2394 2510 2449 2559 et
2480 2522 2636 2560 nunc
2658 2506 2870 2575 agitur.
2895 2504 3064 2560 Verbi
3100 2504 3287 2576 gratia
3318 2520 3330 2558 ε
3355 2508 3444 2558 est
3473 2502 3694 2574 aliquis
3712 2501 3768 2555 in

2117 2593 2372 2648 Ecclesia
2424 2597 2575 2648 recte
2625 2595 2886 2662 credens,
2920 2600 3189 2665 recteque
3234 2592 3553 2659 vivens,cui
3590 2592 3639 2646 si
3668 2590 3772 2645 ali-

2118 2699 2243 2753 quae
2277 2682 2543 2737 accidant
2565 2682 2994 2748 tribulationes,
3017 2682 3473 2755 persecutiones,
3489 2686 3545 2736 et
3566 2681 3768 2734 adver-

2119 2772 2339 2839 sitates,
2375 2771 2481 2842 illi,
2517 2772 2616 2843 qui
2650 2772 2706 2825 in
2759 2772 3001 2827 ecclesia
3032 2771 3250 2826 inﬁrmi
3281 2775 3439 2839 sunt,
3472 2771 3617 2824 dum
3652 2769 3769 2824 haec

2118 2861 2334 2929 vident,
2367 2861 2548 2916 vitam
2584 2860 2765 2927 illius,
2800 2878 2977 2932 quam
3012 2862 3174 2933 prius
3204 2859 3561 2915 venerationi
3596 2860 3771 2914 habeo

2120 2951 2279 3017 bant,
2314 2951 2611 3022 despectui
2642 2951 2866 3005 ducunt
2898 2967 2910 3004 :
2944 2951 3097 3023 quod
3146 2951 3216 3005 de
3248 2949 3453 3005 amicis
3482 2950 3594 3003 Job
3628 2948 3774 3019 legi-

2117 3043 2215 3093 tur
2244 3043 2441 3094 actum
2470 3056 2483 3094 :
2518 3040 2625 3111 ipsi
2653 3040 2809 3095 enim
2834 3040 3018 3095 sancti
3042 3038 3328 3105 vixerunt,
3352 3043 3409 3093 et
3429 3038 3541 3093 Job
3575 3047 3771 3093 sancte

2118 3129 2305 3185 vivere
2338 3130 2731 3195 crediderunt,
2778 3129 2963 3183 donec
2994 3144 3337 3200 percussum
3370 3144 3506 3183 eum
3541 3144 3660 3182 non
3692 3127 3772 3181 vi-

2125 3220 2374 3286 derunt;
2409 3235 2541 3273 mox
2573 3234 2705 3272 vero
2738 3222 2804 3272 ut
2831 3221 3112 3284 tentatus,
3140 3232 3480 3288 percussus,
3506 3221 3563 3271 et
3594 3216 3775 3270 omni-

366 3303 614 3371 toribus,
649 3310 712 3361 ut
740 3307 903 3363 vobis
934 3309 1165 3364 afﬂictis
1207 3309 1666 3365 consolationem
1719 3306 2011 3363 submini-
2044 3293 2091 3358 C
2122 3309 2234 3364 bus
2266 3312 2355 3363 est
2385 3308 2806 3379 temporalibus
2838 3305 3009 3361 bonis
3040 3307 3316 3373 nudatus,
3349 3306 3406 3360 in
3431 3306 3775 3377 increpatio-

365 3396 641 3461 stremus,
691 3397 1064 3451 ostendentes
1112 3398 1266 3468 quod
1313 3398 1466 3452 Deus
1516 3397 1811 3452 neminem
1857 3396 1916 3451 in
1948 3412 2012 3451 se

365 3482 753 3549 credentium,
785 3484 926 3539 velit
956 3486 1160 3556 perire.

434 3570 714 3642 Sequitur
770 3590 783 3627 :
848 3574 1124 3642 Quoniam
1178 3578 1322 3630 sicut
1388 3576 1680 3630 abundant
1732 3576 2012 3647 passiones

366 3657 573 3714 Christi
604 3660 665 3714 in
695 3662 869 3729 nobis,
905 3668 1013 3717 etc.
1046 3662 1204 3719 Talis
1248 3670 1339 3719 est
1369 3680 1599 3729 sensus,
1635 3665 1803 3734 quasi
1835 3662 2011 3718 dixis-

369 3752 459 3804 set
493 3766 506 3813 ;
537 3748 802 3804 Christus
854 3757 1049 3807 autem
1099 3754 1155 3807 in
1206 3754 1481 3808 omnibus
1535 3752 2014 3808 tribulationibus

371 3851 627 3907 praesens
677 3838 846 3894 nobis
894 3842 1080 3906 adest,
1114 3859 1216 3913 pro
1266 3845 1437 3913 cujus
1486 3859 1683 3897 amore
1737 3842 2015 3913 patimur,

374 3940 542 3997 opem
575 3942 693 3981 suae
742 3928 1134 3987 miserationis
1185 3932 1518 4005 indulgens,
1552 3936 1623 3986 et'
1654 3936 1916 4003 potenter
1944 3930 2015 3984 ab

374 4015 519 4085 ipsis
553 4016 1032 4077 tribulationibus
1052 4038 1262 4077 eruens
1284 4038 1295 4077 :
1319 4039 1452 4077 nam
1477 4024 1669 4093 quota
1691 4025 2020 4092 persecuto—

378 4103 540 4159 ribus
572 4104 919 4178 ingeruntur
948 4110 1273 4180 passiones,
1301 4115 1385 4165 tot
1416 4128 1449 4165 a
1477 4110 1702 4165 Christo
1735 4109 2018 4164 adminis-

378 4198 609 4250 trantur
633 4198 1092 4263 consolationes;
1131 4201 1288 4254 unde
1325 4199 1632 4254 Psalmista
1664 4214 1676 4253 :
1711 4198 2021 4253 Secundum

374 4284 787 4341 multitudinem
831 4289 1087 4343 dolorum
1130 4290 1300 4355 (Psal.
1333 4304 1490 4354 xcm,
1526 4288 1634 4357 19),
1667 4291 1775 4341 etc.
1811 4285 2023 4356 Sequi.-

375 4378 472 4428 tur
505 4390 517 4427 :
551 4376 680 4429 Sive
709 4386 895 4430 autem
924 4378 1280 4445 tribulamur,
1296 4393 1397 4448 pro
1426 4385 1600 4431 vestra
1632 4374 2020 4445 tribulatione,

374 4469 427 4518 et
453 4464 646 4533 salute,
681 4470 788 4519 ets.
826 4466 977 4521 Sane
1008 4467 1355 4533 notandum,
1391 4465 1528 4537 quia
1557 4464 1904 4536 generaliter
1932 4463 2023 4518 lo-

377 4549 583 4620 quitur
625 4552 938 4623 Apostolus
988 4570 1001 4607 :
1054 4558 1110 4608 et
1156 4555 1276 4609 haec
1324 4554 1539 4609 locutio
1571 4553 1859 4626 generalis
1912 4558 2019 4620 est,

2120 3412 2252 3451 nem
2277 3399 2689 3467 proruperunt,
2707 3396 3011 3450 credentes
3032 3396 3162 3465 ejus
3184 3396 3335 3450 bona
3357 3411 3471 3450 non
3491 3411 3625 3449 vere
3645 3410 3773 3448 esse

2120 3485 2292 3549 bona,
2328 3486 2431 3540 sed
2480 3482 2779 3538 simulata.
2815 3484 2943 3537 Haec
2991 3484 3169 3539 etiam
3222 3500 3376 3539 nunc
3408 3484 3466 3538 in
3520 3482 3775 3537 Ecclesia

2121 3574 2347 3628 actitari
2369 3572 2575 3628 solent.
2601 3573 2964 3643 Quapropter
2985 3576 3302 3627 monentur
3322 3572 3403 3637 bi,
3427 3572 3530 3643 qui
3552 3571 3777 3626 infirmi

2123 3666 2262 3717 sunt
2292 3663 2351 3716 in
2384 3662 2516 3729 ﬁde,
2551 3666 2616 3716 ut
2646 3662 2788 3715 adeo
2819 3666 3084 3717 crescant
3113 3662 3169 3715 in
3195 3678 3281 3729 ea,
3315 3665 3371 3716 et
3401 3661 3785 3716 corroboren-

2122 3758 2239 3822 tur,
2273 3756 2562 3823 quatenus
2619 3754 2771 3806 recte
2830 3751 3133 3806 credentes
3183 3751 3410 3822 possint
3461 3751 3662 3805 dicere
3710 3750 3778 3803 de

2125 3841 2241 3896 illis
2275 3858 2286 3895 ε
2322 3842 2451 3912 Spes
2476 3844 2664 3896 nostra
2692 3843 2857 3911 ﬁrma
2883 3849 2958 3894 est
2980 3855 3081 3911 pro
3112 3839 3283 3903 vobis,
3317 3844 3424 3894 etc.

2199 3932 2346 4003 (681)
2376 3931 2640 3986 Nolumus
2686 3938 2870 3985 autem
2902 3945 2989 3984 vos
3036 3930 3315 3999 ignorare,
3365 3932 3476 3983 etc.
3511 3930 3781 3999 Coeperat

2126 4020 2436 4091 Apostolus
2467 4019 2850 4089 semetipsum
2899 4034 3219 4089 proponere
3247 4016 3583 4089 exemplum
3633 4017 3778 4085 suis,

2130 4108 2267 4180 quia
2298 4108 2548 4162 nimium
2586 4107 2815 4161 fuerant
2844 4104 3160 4177 redarguti,
3185 4110 3243 4161 et
3275 4105 3582 4176 increpati,
3616 4110 3677 4159 et
3708 4105 3778 4159 ob

2129 4198 2239 4252 hoc
2296 4195 2622 4251 contristati
2673 4213 2685 4249 :
2740 4200 2797 4248 et
2856 4194 3047 4249 adhuc
3105 4194 3164 4250 in
3222 4200 3409 4265 ccepta
3454 4194 3782 4249 intentione

2131 4302 2526 4357 perseverans,
2543 4284 2682 4339 dicit
2706 4300 2717 4338 :
2753 4284 3013 4339 Nolumus
3038 4299 3128 4339 vos
3152 4286 3436 4357 ignorare,
3458 4288 3572 4339 etc.
3601 4301 3614 4350 ;
3642 4299 3784 4353 qua-

2132 4375 2181 4430 si
2214 4375 2429 4429 diccret
2460 4391 2471 4428 :
2507 4376 2694 4440 Quare
2724 4389 2874 4445 aegre
2904 4374 3054 4428 ferre
3084 4373 3327 4438 debetis,
3360 4372 3410 4427 si
3439 4389 3545 4445 pro
3579 4389 3783 4444 pecca-

2132 4465 2208 4519 tis
2239 4464 2490 4519 aliorum
2518 4464 2658 4519 estis
2691 4463 3008 4535 redarguti,
3042 4479 3175 4518 cum
3207 4478 3313 4534 ego
3360 4478 3540 4517 causa
3569 4462 3787 4517 salutis

2132 4553 2380 4609 aliorum
2416 4553 2661 4607 diversis
2686 4551 3166 4608 tribulationibus
3186 4551 3461 4607 subditus
3490 4551 3786 4606 existam?

377 4640 518 4711 quia
565 4642 839 4697 omnibus
887 4644 1156 4699 convenit
1204 4644 1482 4716 apostolis
1530 4644 1670 4699 viris
1708 4662 1719 4700 :
1754 4643 1852 4698 sed
1886 4657 2021 4697 cum
2051 4664 2103 4728 Β
2135 4641 2204 4696 Ut
2231 4641 2314 4695 illi
2348 4642 2652 4696 audientes
2698 4641 3127 4708 erubescerent,
3158 4656 3275 4695 non
3308 4639 3597 4711 patientes
3632 4640 3787 4696 ferre

377 4729 539 4795 dicit,
569 4733 684 4786 sive
715 4732 1067 4801 tribu/amur,
1096 4750 1200 4805 pro
1248 4740 1419 4789 vestra
1450 4734 1825 4809 tribulatione,
1858 4736 1909 4787 et
1931 4748 2022 4786 sa-

378 4819 511 4885 lute,
581 4822 1074 4894 subaudiendum,
1151 4824 1508 4878 tribulamur.
1562 4821 2022 4877 Tribulabantur

378 4924 632 4981 namque
663 4928 696 4966 a
727 4913 1153 4982 persecutione,
1187 4929 1363 4984 quam
1418 4912 1786 4984 patiebantur
1815 4926 2020 4964 omnes

378 5000 682 5046 nnnstnlini
714 5002 818 5046 viri
880 5017 1051 5046 nausa
1110 5002 1319 5046 salutis:
1353 5018 1592 5046 annrnm
1648 5001 2017 5046 auditorum:

2133 4732 2587 4802 increpationem
2621 4731 2711 4785 sui
2746 4729 3031 4802 magistri.

2202 4822 2351 4875 Asia.
2388 4820 2586 4874 Asiam
2621 4821 2905 4874 minorem
2939 4818 3264 4890 intelligere
3292 4819 3601 4874 debemus.
3636 4818 3786 4875 Dicit

2133 4911 2289 4966 enim
2320 4910 2683 4981 Augustinus
2716 4924 2730 4964 :
2761 4909 2819 4964 Si
2853 4909 2925 4964 ad
2969 4923 3282 4962 numerum
3335 4908 3575 4975 referas,
3609 4907 3787 4963 tertia

2133 5016 2268 5046 nars
2286 5002 2375 5046 est
2394 4998 2593 5046 mundi
2626 5015 2640 5046 :
2673 4998 2720 5046 si
2745 4999 2813 5046 ad
2837 4996 3325 5046 magnitudinem-
3347 4997 3633 5046 medietas
3661 5001 3784 5046 est:
