3990 5306
164 414 273 472 417

722 406 1137 469 EXPOSITIO
1182 405 1259 463 IN
1308 399 1731 463 EPISTOLAS
1779 396 2035 459 PAULI.
2070 430 2148 442 ——
2177 402 2254 461 IN
2301 406 2549 468 EPIST.
2584 410 2637 470 ll
2680 412 2782 472 AD
2828 416 3004 477 COR.

3449 428 3565 487 418

164 531 1815 615 ciam,(683),etc.:etdictaestaquadamfemina,nomine
1844 524 2254 599 Aliberentur,
2290 541 2343 591 et
2393 538 2658 598 liberatis
2704 546 2926 616 gratias
2982 550 3091 605 Deo
3146 554 3378 613 referre.
3419 558 3565 615 Nam

164 633 317 699 Asia,
344 648 475 703 quae
498 630 650 702 apud
679 630 957 699 antiquos
988 626 1303 699 imperium
1332 624 1519 679 tenuit
1540 620 1811 683 Orientis,

165 728 217 778 et
268 722 709 792 interpretatur,
742 717 915 783 elata,
948 717 1068 772 sive
1116 715 1357 770 elevata.
1412 714 1479 767 Et
1527 712 1677 765 bene
1732 708 1810 762 ibi

166 810 304 867 talia
336 810 557 881 patitur
576 807 909 879 Apostolus,
934 805 1073 877 quia
1100 804 1369 875 superbis
1397 800 1699 856 humilitas
1722 813 1811 852 ec-

170 898 501 957 clesiastica
534 897 695 970 pacis
725 896 1015 952 conditur.

241 1006 515 1074 Quoniam
557 1020 727 1075 supra
771 1000 993 1057 modum
1028 1000 1247 1067 gravati
1274 1012 1482 1058 sumus,
1516 998 1626 1049 etc.
1660 991 1816 1045 Adeo

176 1100 297 1154 orta
328 1096 519 1151 fuerat
551 1091 879 1165 persecutio
911 1090 1193 1144 adversus
1222 1085 1515 1158 apostolos
1554 1099 1619 1138 eo
1666 1086 1819 1135 tem-

180 1202 332 1258 pore,
353 1190 417 1239 ut
437 1184 507 1240 de
534 1184 654 1238 vita
685 1178 989 1253 temporali
1016 1179 1425 1249 desperarent;
1458 1180 1515 1229 et
1547 1174 1653 1227 hoc
1684 1174 1772 1225 est
1806 1185 1818 1223 :

179 1274 351 1330 Taedet
380 1288 478 1328 nos
511 1274 706 1328 vivere.
742 1269 845 1326 Sed
876 1270 984 1340 ipsi
1014 1269 1072 1322 in
1101 1267 1257 1321 nobis
1286 1267 1441 1335 ipsis,
1490 1268 1600 1317 etc.
1654 1261 1822 1323 Quae-

178 1364 426 1419 rendum
458 1365 549 1418 est
577 1358 751 1433 quale
774 1373 1122 1430 responsum
1147 1356 1386 1410 dederat
1415 1353 1500 1407 eis
1534 1366 1713 1416 mors,
1735 1345 1823 1402 vel

178 1452 352 1523 quale
401 1453 537 1508 dare
586 1452 793 1523 potest.
852 1448 1184 1518 Responsum
1229 1445 1422 1498 mortis
1478 1440 1823 1505 habuerant,

177 1543 316 1615 quia
339 1540 605 1597 destituti
632 1539 892 1593 humano
915 1534 1150 1602 solatio,
1172 1534 1433 1589 divinum
1457 1526 1826 1585 solummodo

175 1631 611 1703 exspectabant.
649 1630 713 1685 Ut
758 1644 871 1682 non
916 1628 1091 1681 simus
1131 1623 1357 1694 ﬁdentes
1382 1624 1442 1675 in
1472 1619 1646 1675 nobis.
1684 1618 1829 1672 Bene

177 1722 321 1778 dicit
355 1737 469 1775 non
502 1719 747 1774 fidentes
780 1731 909 1771 esse
942 1716 1000 1769 in
1034 1712 1389 1784 semetipsis,
1425 1709 1562 1781 quia
1602 1706 1689 1760 illi
1734 1720 1827 1759 so-

177 1813 298 1868 lent
330 1808 585 1874 liberari,
612 1808 711 1880 qui
741 1806 801 1860 in
831 1807 1072 1861 Domino
1095 1803 1455 1857 confidentes
1479 1798 1827 1854 redduntur.

176 1901 276 1958 Sed
331 1904 391 1955 in
430 1900 679 1965 Domino,
713 1900 811 1969 qui
839 1897 1066 1951 suscitat
1094 1897 1359 1948 mortuos.
1394 1890 1547 1944 Adeo
1579 1899 1831 1955 namque

1928 622 2117 717 omnis
2140 622 2473 699 inﬁrmitas,
2498 638 2599 686 aut
2621 635 2942 692 debilitatio
2972 639 3029 693 in
3053 642 3239 712 capite
3263 649 3563 717 consistit;

1922 712 1996 775 et,
2033 710 2081 763 si
2119 716 2336 782 gaudet
2368 733 2549 773 unum
2584 724 2937 793 membrum,
2972 710 3341 801 congaudent
3368 710 3565 794 omnia

1926 800 2210 855 membra.

1995 890 2135 944 Nam
2189 894 2369 962 gloria
2418 902 2605 953 nostra
2654 900 2767 957 haec
2817 914 2914 971 est,
2948 907 3003 961 id
3056 915 3161 979 est,
3196 915 3566 971 testimonium

1926 983 2267 1037 canscientiae
2298 989 2518 1042 nostrae.
2554 989 2686 1044 ldeo
2722 991 2841 1047 haec
2874 995 3121 1066 dicebat,
3156 1002 3294 1069 quia
3324 1018 3565 1059 securus

1930 1067 2001 1121 de
2028 1085 2135 1124 sua
2155 1073 2510 1130 conscientia
2531 1079 2833 1135 existebat.
2859 1084 2984 1138 Non
3012 1067 3368 1146 enimvcausa
3399 1092 3571 1158 lucri,

1932 1162 2033 1211 aut
2049 1161 2305 1229 appetitu
2325 1162 2593 1220 humanae
2615 1167 2804 1225 laudis
2822 1175 3298 1242 praedicabat,sed
3315 1181 3573 1236 ofticium

1934 1246 2025 1300 sui
2075 1251 2437 1319 apostolatus
2485 1256 2782 1326 implebat.
2817 1262 2963 1333 (685)
3009 1265 3075 1319 Et
3105 1264 3224 1322 haec
3252 1284 3356 1323 vox
3389 1271 3574 1341 perfe-

1936 1341 2163 1392 etorum
2189 1344 2311 1408 est;
2342 1344 2499 1399 unde
2525 1353 2857 1414 monentur,
2882 1357 2944 1405 ut
2974 1352 3056 1408 ita
3074 1354 3258 1411 vivere
3281 1359 3576 1427 studeant,

1939 1429 2002 1521 ut
2030 1425 2149 1481 hac
2180 1429 2301 1500 rite,
2320 1430 2509 1488 dicere
2540 1438 2786 1506 possint.
2812 1443 2878 1494 Et
2909 1442 3048 1513 quid
3077 1445 3429 1516 appellasset
3458 1425 3581 1521 glo-

1936 1521 2083 1570 riam
2118 1534 2308 1589 suam,
2346 1521 2550 1593 incipit
2581 1528 2975 1597 manifestare,
3008 1533 3251 1591 dicendo
3285 1553 3297 1591 :
3346 1539 3495 1605 Quod
3520 1540 3581 1594 in

1937 1606 2306 1676 simplicitate,
2339 1616 2392 1664 et
2420 1613 2752 1687 sinceritate,
2786 1623 2890 1673 etc.
2917 1619 3271 1692 Simplicitas
3300 1626 3454 1682 enim
3487 1644 3581 1683 ca-

1940 1699 2027 1749 ret
2051 1698 2207 1751 omni
2233 1699 2591 1773 duplicitate,
2607 1710 2663 1759 et
2684 1705 2987 1764 sinceritas
3009 1712 3165 1766 omni
3189 1716 3579 1787 corruptione.

1940 1784 2042 1839 His
2068 1786 2297 1841 duabus
2323 1790 2634 1848 virtutibus
2652 1798 2955 1853 contraries
2973 1806 3112 1855 sunt
3128 1803 3255 1857 dure
3275 1784 3497 1875 pestes;
3521 1807 3577 1861 id

1943 1880 2050 1966 est,
2076 1875 2387 1966 duplicitas
2417 1885 2472 1933 et
2504 1884 2816 1955 corruptio.
2850 1887 2938 1957 Et,
2973 1894 3035 1943 ut
3067 1894 3397 1949 ostenderet
3426 1898 3581 1966 quod

178 1998 318 2047 0mg
370 1990 601 2044 fuerant
648 1962 1103 2059 peﬁecutiones,
1157 1986 1222 2037 ut
1272 1979 1490 2052 emptio
1539 1977 1823 2047 ipsorum,
1854 1962 1905 2029 B
1938 1962 2063 2019 ista}
2083 1964 2209 2059 duae
2235 1967 2479 2024 virtutes
2504 1988 2617 2025 non
2650 1972 2710 2026 in
2742 1976 3032 2046 sapientia
3053 1980 3268 2035 carnali
3298 1983 3580 2038 consiste-

179 2078 553 2137 resuscitatio
583 2077 893 2131 diceretur.
922 2077 981 2127 In
1013 2089 1127 2144 quo
1159 2070 1361 2126 conﬁsi
1394 2070 1608 2131 essent,
1643 2062 1828 2118 mani-

183 2172 361 2226 festat
391 2166 695 2224 subdendo
720 2182 731 2219 :
769 2164 875 2232 Qui
903 2163 967 2219 de
996 2163 1163 2217 tantis
1189 2159 1449 2231 periculis
1477 2155 1681 2227 eripuit
1712 2167 1830 2220 nos,

185 2264 234 2315 et
259 2259 449 2319 eruit;
483 2256 540 2311 id
574 2260 685 2320 est,
711 2271 823 2310 non
854 2252 1043 2308 solum
1067 2252 1138 2305 de
1172 2246 1499 2321 praeteritis,
1523 2244 1622 2300 sed
1656 2241 1831 2297 etiam

194 2349 258 2404 de
282 2345 677 2419 praesentibus
706 2342 973 2398 liberavit
1006 2359 1017 2395 :
1055 2345 1111 2395 et
1142 2338 1281 2411 quia
1310 2338 1485 2392 etiam
1519 2335 1588 2430 de
1621 2329 1833 2430 futuris

185 2436 415 2507 liberat,
448 2432 755 2504 subjunxit
791 2450 803 2487 :
851 2432 1124 2498 Quoniam
1173 2433 1225 2482 et
1272 2426 1459 2517 adhuc
1476 2424 1698 2517 eripiet.
1734 2423 1834 2517 llis

180 2527 379 2583 verbis
401 2523 659 2581 ostendit
687 2538 749 2577 se
770 2521 963 2576 adhuc
993 2533 1327 2591 passurum,
1350 2520 1407 2571 et
1430 2513 1626 2567 divina
1646 2513 1838 2580 gratia

178 2621 519 2682 eruturum,
543 2611 836 2684 quomodo
870 2609 1227 2672 manifestat,
1248 2602 1635 2675 adjuvantibus
1665 2598 1837 2654 etiam

176 2706 353 2761 vobis.
390 2703 491 2758 His
522 2701 713 2757 verbis
752 2700 1008 2756 ostendit
1056 2715 1116 2753 se
1164 2697 1223 2751 in
1274 2694 1470 2749 labore
1519 2692 1783 2745 futurum
1820 2701 1832 2738 :

174 2811 322 2850 nam
354 2792 474 2846 illis
506 2790 864 2859 adjutorium
898 2803 1133 2842 necesse
1165 2790 1254 2840 est
1283 2784 1515 2850 inferre,
1541 2777 1642 2850 qui
1672 2776 1730 2830 in
1762 2775 1840 2829 la-

174 2885 325 2939 bore
357 2880 693 2936 consistunt
720 2895 733 2933 :
767 2876 1038 2948 qualiter,
1064 2873 1458 2934 manifestant,
1484 2884 1617 2923 cum
1649 2865 1791 2920 dicit
1823 2882 1834 2918 :

172 2974 241 3028 In
276 2972 556 3025 oratione.
590 2966 698 3022 Ubi
730 2965 1078 3029 ostenditur,
1113 2962 1252 3032 quia
1281 2958 1534 3015 multum
1568 2954 1716 3009 valet
1747 2970 1840 3007 as-

174 3061 368 3116 sidua
398 3056 604 3111 oratio.
638 3055 800 3119 Quod
835 3069 947 3108 non
980 3053 1172 3107 solum
1206 3050 1324 3117 hic,
1359 3048 1456 3102 sed
1504 3045 1681 3100 etiam
1737 3041 1840 3095 ali-

172 3151 241 3205 bi
268 3145 712 3202 manifestatur.
732 3141 967 3215 Legitur
988 3141 1165 3206 enim,
1184 3139 1339 3211 quod
1360 3141 1562 3191 Petrus
1585 3131 1844 3188 oratione

171 3238 483 3292 liberatus
513 3232 722 3288 fuisset
752 3232 822 3287 de
853 3246 1080 3286 carcere
1114 3247 1126 3285 :
1178 3245 1312 3283 nam
1355 3229 1434 3281 ita
1468 3223 1683 3279 dicitur
1716 3237 1728 3275 :
1778 3221 1846 3273 Et

1942 2060 2086 2122 rent,
2123 2055 2250 2110 ideo
2283 2059 2587 2127 subjunxit
2620 2078 2631 2115 :
2665 2064 2778 2117 Non
2814 2066 2869 2118 in
2902 2069 3173 2136 sapientia
3200 2074 3436 2125 carnali.
3471 2074 3580 2128 Sed

1946 2142 2042 2197 ubi
2076 2145 2428 2212 manifestat,
2455 2150 2655 2205 dicens
2680 2167 2691 2206 :
2726 2157 2791 2206 In
2820 2157 3001 2224 gratia
3030 2160 3150 2212 Dei.
3175 2158 3245 2213 Et
3270 2159 3364 2214 bis
3393 2162 3585 2217 verbis

1942 2233 2131 2303 tangit
2151 2233 2317 2289 illum
2342 2253 2794 2309 sensum,quem
2818 2245 2994 2299 latius
3017 2246 3071 2299 in
3097 2248 3588 2322 praecedentiEpi-

1944 2326 2092 2376 stola
2109 2330 2947 2399 exposuerat.lteprebenderat
2963 2335 3117 2389 enim
3139 2339 3589 2409 pseudoaposto-

1946 2411 2051 2476 los,
2077 2412 2176 2482 qui
2207 2430 2385 2468 causa
2405 2416 2547 2471 lucri
2584 2420 2997 2489 praedicabant,
3021 2428 3077 2478 et
3109 2426 3382 2481 timentes
3405 2429 3585 2483 offen-

1946 2501 2082 2555 dere
2127 2520 2426 2573 personas,
2459 2506 2641 2562 Deum
2680 2509 2973 2566 hominem
3007 2514 3246 2581 factum,
3280 2521 3482 2572 natum
3532 2524 3589 2573 et

1948 2607 2187 2660 passum
2215 2595 2523 2663 negabant.
2558 2596 2798 2653 Nolebat
2820 2601 2973 2655 enim
3000 2603 3313 2673 Apostolus
3343 2623 3375 2659 a
3396 2606 3591 2661 Corin-

1949 2679 2087 2733 thiis
2110 2682 2390 2752 accipere,
2406 2701 2476 2738 ne
2498 2686 2710 2741 similis
2728 2688 2844 2744 illis
2865 2690 3176 2758 videretur,
3192 2711 3443 2766 quorum
3466 2703 3591 2751 erat

1948 2770 2351 2839 reprehensor,
2377 2773 2515 2837 sive,
2541 2792 2612 2829 ne
2642 2775 2970 2834 libertatem
2994 2782 3331 2854 increpandi
3357 2786 3588 2841 amitte-

1949 2864 2062 2925 ret;
2088 2864 2143 2913 ct
2167 2862 2319 2931 quod
2345 2862 2416 2915 ab
2439 2862 2567 2917 aliis
2583 2864 2852 2921 Ecclesiis
2875 2870 3213 2941 accipiebat,
3230 2890 3262 2926 a
3278 2874 3589 2929 Corinthiis

1952 2948 2208 3017 accipere
2233 2949 2480 3004 nolebat.
2497 2952 2565 3005 Et
2584 2952 2713 3007 ideo
2735 2955 2962 3011 dicebat
2979 2976 2990 3012 :
3006 2960 3389 3017 Abundantius
3404 2967 3589 3018 autem

1950 3036 2019 3090 ad
2052 3052 2158 3090 vos.
2188 3037 2253 3089 Et
2282 3038 2421 3107 quia
2451 3041 2523 3095 ab
2554 3040 2685 3095 aliis
2715 3045 3055 3116 accipiebat,
3079 3049 3308 3105 dicebat
3334 3068 3348 3106 :
3371 3053 3433 3106 In
3462 3069 3591 3120 gra-

1953 3127 2031 3178 tia
2054 3125 2151 3179 Dei
2178 3130 2485 3181 conversati
2510 3144 2697 3184 sumus
2718 3148 2738 3191 ;
2769 3137 2825 3187 et
2854 3135 2993 3203 quia
3022 3137 3094 3191 ab
3125 3137 3254 3193 istis
3278 3157 3415 3208 non,
3439 3141 3593 3196 dice-

1957 3216 2097 3269 bat:
2151 3216 2529 3272 Abundantius
2574 3219 2643 3273 ad
2689 3236 2795 3276 vos.
2832 3222 3072 3279 Nolebat
3113 3227 3267 3281 enim
3310 3230 3595 3301 accipere,

171 3328 398 3381 Petrus
442 3322 666 3392 quidem
709 3319 1032 3375 servabatur
1079 3321 1136 3373 in
1184 3332 1401 3373 carcere
1446 3314 1579 3385 (Act.
1632 3328 1730 3377 xu,
1763 3311 1821 3377 5)

1958 3321 2028 3358 ne
2057 3305 2222 3360 daret
2252 3306 2614 3363 occasionem
2649 3310 2992 3383 accipiendi,
3015 3313 3136 3370 sive
3168 3332 3238 3370 ne
3269 3315 3596 3374 libertatem

174 3418 304 3470 etc.
334 3415 400 3465 In
423 3426 538 3481 quo
570 3410 717 3464 facto
749 3413 1061 3463 monentur
1090 3405 1481 3471 sublimiores,‘
1506 3407 1572 3457 ut
1599 3418 1711 3456 non
1742 3400 1841 3454 de-

179 3504 518 3575 dignentur
540 3499 904 3553 orationibus
927 3497 1220 3552 minorum
1244 3493 1556 3563 sublevari,
1575 3507 1708 3546 cum
1732 3491 1845 3544 iste

178 3596 377 3648 tantae
401 3588 761 3643 auctoritatis
784 3604 900 3643 non
920 3586 1366 3657 dedignabatur.
1385 3583 1525 3649 Quis
1542 3581 1697 3636 enim
1724 3585 1847 3634 tan-

178 3687 256 3738 ιω
292 3677 715 3737 auctoritatis?
745 3676 973 3731 Nullus.

263 3789 329 3844 Ut
367 3802 438 3840 ex
462 3786 765 3839 multarum
786 3786 1035 3855 personis
1065 3784 1353 3854 facierum,
1386 3783 1501 3852 ejus
1533 3780 1701 3849 (684),
1736 3782 1844 3832 etc.

190 3880 256 3933 In
292 3875 657 3944 quibusdam
688 3872 1118 3943 exemplaribus
1139 3870 1433 3926 invenitur
1460 3886 1527 3924 ex
1546 3869 1850 3922 multarum

183 3981 564 4039 personarum
591 3967 861 4035 facierum
882 3979 902 4023 ,·
936 3962 991 4015 in
1028 3962 1406 4032 quibusdam,
1438 3976 1506 4014 ex
1551 3958 1853 4011 multarum

184 4057 388 4128 facie:
440 4054 500 4108 in
551 4053 929 4124 quibusdam,
978 4068 1046 4106 ex
1090 4052 1393 4105 multarum
1442 4048 1707 4117 personis.
1742 4045 1852 4100 Sed

184 4144 333 4201 talis
356 4147 453 4198 est
475 4159 705 4211 sensus,
727 4142 782 4195 id
806 4146 925 4195 est:
954 4141 1031 4195 Ex
1054 4140 1375 4195 multorum
1399 4138 1706 4193 hominum
1724 4152 1859 4190 con-

188 4238 405 4295 ventu,
434 4232 575 4286 dum
609 4248 641 4286 a
670 4229 1149 4285 tribulationibus
1170 4230 1494 4283 liberamur
1524 4225 1711 4298 gratia
1730 4224 1853 4288 Dei,

188 4329 247 4379 et
277 4320 730 4392 vobismetipsis
763 4319 1081 4385 reddimur,
1105 4336 1203 4391 per
1229 4319 1449 4384 mullos,
1471 4316 1559 4372 vel
1594 4334 1626 4370 a
1659 4314 1858 4369 multis

191 4417 404 4485 grates
429 4410 754 4465 referantur
768 4412 899 4463 Deo.
923 4408 1048 4462 Alio
1072 4425 1271 4474 sensu,
1293 4408 1432 4461 dum
1457 4405 1661 4461 multis
1684 4421 1860 4459 causa

192 4500 422 4557 salutis
445 4499 674 4553 illorum
700 4497 1019 4566 reddimur,
1045 4501 1101 4551 et
1126 4501 1328 4551 nostra
1351 4494 1755 4566 praedicatione
1783 4492 1852 4546 ad

196 4591 386 4647 fidem
430 4588 743 4653 trahimus,
778 4603 879 4658 per
929 4584 1168 4651 multos,
1201 4584 1287 4639 vel
1338 4602 1370 4638 a
1418 4582 1618 4638 multis
1668 4585 1860 4654 grates

1951 3395 2292 3465 increpandi
2327 3396 2642 3453 amitteret.

2026 3505 2344 3576 Sequitur:
2394 3507 2508 3561 Non
2558 3508 2675 3562 alia
2723 3511 3043 3581 scripsimus
3095 3514 3239 3568 vobis
3269 3515 3438 3584 (686),
3485 3520 3600 3576 etc.

1956 3594 2057 3648 His
2075 3594 2263 3648 verbis
2288 3612 2399 3649 non
2420 3595 2533 3650 alia
2554 3614 2615 3652 se
2631 3599 2941 3670 Apostolus
2960 3603 3264 3673 scripsisse
3283 3605 3601 3677 significat;

1957 3701 2135 3754 quam
2169 3700 2295 3754 qua
2328 3685 2438 3754 ipsi
2480 3687 2715 3758 scriptis
2745 3691 2872 3760 ejus
2902 3690 3184 3761 legerant,
3217 3698 3273 3748 et
3304 3694 3471 3749 factis
3502 3710 3599 3751 co-

1958 3777 2305 3843 gnoverant:
2332 3774 2422 3827 his
2442 3793 2695 3847 namque
2717 3778 2946 3834 duobus
2970 3781 3202 3837 indiciis
3226 3783 3611 3853 uniuscujus-

1960 3878 2073 3931 que
2113 3862 2359 3927 devotio,
2393 3870 2448 3917 et
2496 3866 2855 3935 propositum
2910 3870 3338 3927 manifestatur.
3374 3872 3435 3926 In
3488 3887 3607 3944 quo
3706 3908 3715 3919 ί

1962 3950 2110 4004 facto
2137 3956 2446 4005 monentur
2467 3953 2890 4022 praedicatores,
2910 3961 2973 4009 ut
3001 3974 3231 4028 semper
3256 3977 3321 4015 ea
3341 3961 3608 4026 doceant,

1962 4044 2019 4094 et
2041 4054 2208 4109 agere
2238 4040 2533 4104 studeant,
2560 4059 2685 4111 qua:
2718 4044 2788 4095 ad
2823 4042 3073 4099 salutem
3108 4064 3349 4102 suorum
3375 4050 3611 4105 audito-

1965 4146 2095 4182 rum
2132 4128 2446 4183 sufficiant.

2037 4237 2345 4305 Sequitur:
2381 4237 2544 4307 Spero
2576 4247 2756 4293 autem
2781 4240 2920 4311 quod
2944 4256 3108 4311 usque
3140 4244 3197 4296 in
3222 4242 3388 4311 ﬁnem
3417 4258 3612 4314 cogno-

1966 4332 2146 4391 scetis,
2197 4331 2304 4381 etc.
2363 4330 2522 4381 Hanc
2554 4327 2775 4384 scilicet
2804 4346 2964 4406 spem
3008 4347 3075 4385 ex
3122 4347 3322 4386 eorum
3356 4331 3613 4403 sumpsit

1970 4416 2343 4472 correctione.
2374 4418 2655 4472 Audierat
2684 4419 2838 4473 enim
2872 4418 3001 4475 illos
3032 4436 3099 4475 ea
3139 4422 3391 4477 maxime
3421 4436 3611 4477 corre-

1970 4507 2145 4576 xisse,
2177 4524 2303 4577 quae
2346 4508 2416 4561 ad
2448 4507 2906 4563 ecclesiasticum
2940 4509 3185 4565 attinent
3216 4511 3501 4566 ordinem.
3536 4510 3619 4565 Ex

1973 4613 2089 4667 qua
2121 4596 2493 4659 correctione,
2520 4612 2621 4666 spe
2652 4603 2980 4669 assumpta,
3008 4600 3280 4655 credebat
3304 4617 3401 4656 eos
3433 4601 3494 4655 in
3528 4601 3617 4653 fu-

196 4680 559 4736 referantur.
610 4676 713 4731 His
770 4675 961 4730 verbis
1020 4674 1275 4730 ostendit
1330 4672 1667 4745 Apostolus,
1724 4670 1822 4742 qui

1972 4690 2101 4739 turo
2136 4686 2311 4739 etiam
2343 4689 2547 4738 caetera
2578 4686 2882 4758 corrigere.
2911 4689 3271 4760 Quapropter
3300 4688 3418 4742 ait:
3450 4692 3620 4758 Spero

198 4784 392 4825 causa
426 4765 631 4821 salutis
663 4764 895 4819 illorum
932 4762 1353 4833 liberabantur,
1388 4778 1636 4833 quorum
1688 4761 1863 4815 etiam

200 4874 391 4914 causa
444 4855 869 4910 efficiebantur.
926 4854 997 4907 Et
1045 4870 1178 4907 cum
1240 4852 1511 4923 superius
1573 4851 1863 4906 dixisset:

201 4946 622 5011 Adiuvantibus
652 4945 799 4999 vobis
830 4945 891 4997 in
923 4945 1192 5011 oratione,
1225 4947 1282 4997 et
1314 4958 1468 4995 nunc
1514 4940 1655 4995 dicit
1689 4957 1700 4996 :
1756 4946 1867 4995 Per

201 5038 415 5092 multos
447 5037 642 5104 gratia:
668 5037 929 5105 agantur,
957 5033 1292 5087 manifestat
1323 5047 1383 5087 se
1414 5028 1579 5093 velle,
1610 5036 1695 5095 ut,
1721 5030 1865 5084 dum

206 5125 291 5179 illi
324 5124 390 5178 in
426 5123 797 5178 tribulatione
828 5121 1244 5188 detinerentur,
1278 5125 1509 5177 orarent
1539 5125 1603 5175 ut
1646 5120 1867 5175 libera-

1753 5210 1865 5246 [uta

207 5219 426 5246 mulus.
498 5217 550 5246 ni
600 5210 858 5246 "han-aiio
933 5216 1125 5246 (νῇοῦοο
1181 5216 1288 5246 hnn
1342 5210 1695 5246 raros-nonin»

1976 4773 2115 4846 quod
2140 4790 2307 4846 usque
2340 4776 2393 4827 in
2440 4775 2605 4843 ﬁnem
2635 4776 2979 4846 cognoscetis.
3012 4776 3206 4831 Potest
3234 4780 3291 4830 et
3320 4776 3391 4829 ad
3425 4776 3621 4846 ipsum

1976 4864 2196 4929 referri,
2232 4864 2383 4936 quod
2418 4864 2519 4929 ait,
2551 4879 2729 4933 spero,
2764 4869 2897 4929 etc.,
2932 4867 2995 4916 ut
3025 4864 3103 4918 sit
3132 4881 3340 4919 sensus
3375 4881 3385 4917 :
3443 4866 3623 4933 Spero

1978 4954 2128 5024 quod
2158 4954 2213 5008 in
2238 4959 2423 5025 coepto
2452 4955 2773 5024 proposito,
2806 4969 2979 5022 quem
3011 4958 3066 5006 et
3095 4952 3347 5023 scriptis,
3371 4956 3429 5005 et
3455 4951 3626 5005 factis

1978 5045 2318 5114 agnovistis,
2346 5061 2436 5098 me
2468 5060 2708 5115 quoque
2742 5056 2930 5111 usque
2958 5040 3016 5093 in
3049 5040 3221 5095 finem
3246 5038 3629 5108 cognoscetis.

1980 5133 2111 5199 Sed,
2139 5134 2186 5188 si
2220 5136 2287 5189 ad
2324 5132 2453 5188 illos
2487 5132 2771 5201 refertur,
2797 5132 3065 5201 provocat
3092 5144 3191 5182 eos
3218 5125 3311 5178 his
3340 5126 3530 5180 verbis
3562 5127 3637 5181 ad

1984 5222 2417 5246 ,κη-’.ημΑ--..ιζω
2454 5222 2654 5246 Law..-»
2774 5220 2816 5246 αξ
2855 5220 3039 5246 αηιηηι
3074 5214 3138 5246 ns"
3178 5230 3238 5246 an
3300 5216 3351 5246 οὗ
3405 5213 3524 5246 :noo
3570 5214 3641 5246 λα
