3990 5306
420 348 538 406 M9

1437 337 1773 399 ATTUNIS
1822 334 2408 397 VERCELLENSlS
2456 334 2807 397 EPISCOPI

3716 336 3828 395 430

428 477 599 547 caput
628 475 685 529 in
714 471 998 528 sacrificio
1023 470 1386 527 offerebatur.
1404 470 1659 524 Caudam
1683 460 1881 532 Simul,
1906 472 1960 523 et
1982 484 2071 523 ca-
2101 470 2155 535 Α
2185 466 2414 522 levitate
2439 468 2522 522 uti
2548 469 2810 534 videtur;
2840 466 2939 522 sed
2968 482 3073 539 ego
3098 483 3243 522 usus
3267 484 3382 522 non
3405 482 3538 523 sum
3575 465 3825 533 levitate,

424 568 529 637 put
577 564 633 618 in
687 562 972 619 sacriticio
1013 561 1236 630 offerre,
1271 565 1359 614 est
1388 559 1607 614 bonum
1640 575 1787 630 opus
1818 560 2068 628 cmptum

424 654 830 726 perseverante
857 650 970 705 ﬁne
999 648 1310 720 complere.
1336 648 1498 705 Unde
1529 652 1585 702 et
1609 646 1889 702 Dominus
1915 664 1927 701 :
1965 646 2073 713 Qui

420 741 855 815 perseveraverit
876 738 1089 810 (Matth.
1114 756 1167 807 x,
1192 738 1303 809 22),
1327 742 1435 793 etc.
1460 737 1620 803 Quod
1654 742 1846 791 autem
1875 735 2069 807 sequi-

422 837 561 888 tur:
595 831 741 886 Sicut
772 834 824 884 et
852 828 1171 899 cognovistis
1200 844 1269 883 ex
1294 832 1474 898 parte,
1506 827 1553 880 si
1587 827 1656 880 ad
1690 841 1859 880 suam
1892 825 2067 879 refer-

423 924 520 976 tur
541 935 869 991 personam,
886 918 1014 973 ideo
1036 917 1195 986 dicit,
1213 916 1353 987 quia
1377 914 1598 970 nullius
1620 913 1875 968 hominis
1900 912 2066 968 meri-

418 1015 545 1065 tum
569 1008 628 1063 in
657 1007 765 1063 hac
785 1008 902 1062 vita
924 1007 994 1061 ad
1022 1007 1314 1077 integrum
1348 1005 1479 1075 quis
1502 1020 1851 1074 cognoscere
1880 1002 2065 1069 valet;

421 1100 490 1155 ad
516 1099 634 1154 haec
656 1098 828 1153 etiam
859 1095 1114 1167 respicit,
1145 1096 1297 1165 quod
1324 1094 1402 1149 ait
1426 1110 1438 1147 :
1476 1093 1536 1147 In
1558 1093 1645 1147 die
1663 1094 1897 1161 Domini,
1922 1097 2063 1159 etc.;

421 1188 470 1245 si
494 1192 687 1243 autem
716 1187 786 1241 ad
810 1185 1139 1242 Corinthios
1163 1185 1429 1253 refertur,
1454 1182 1582 1237 ideo
1614 1199 1682 1238 ex
1712 1186 1875 1254 parte
1904 1181 2063 1247 dicit,

423 1278 561 1350 quia
593 1278 719 1348 jam
752 1274 939 1330 multa
969 1276 1355 1328 correxerunt.
1492 1262 1495 1265 ’

494 1365 771 1437 Sequitur
802 1380 814 1419 :
868 1364 1009 1432 Quia
1056 1362 1235 1433 gloria
1264 1364 1440 1417 vestra
1468 1377 1678 1431 sumus,
1710 1364 1819 1415 etc.
1857 1358 2066 1431 Agnito

422 1454 684 1529 Apostoli
708 1454 937 1522 affectu,
962 1452 1364 1525 gloriabantur
1384 1451 1442 1504 in
1474 1467 1538 1505 eo
1561 1448 1869 1515 Corinthii,
1898 1449 2066 1520 quasi

420 1546 479 1601 in
512 1544 838 1601 clarissimo
872 1546 1051 1615 patre,
1084 1546 1140 1596 et
1170 1539 1581 1612 probatissimo
1610 1538 1912 1610 magistro.
1938 1538 2067 1609 Ipse

420 1633 881 1707 quoque,agnita
898 1647 1098 1686 eorum
1117 1628 1829 1699 obedientia,gloriabatur
1844 1627 1902 1681 in
1926 1627 2063 1697 illis,

419 1724 588 1795 quasi
618 1722 675 1775 in
710 1720 931 1775 devotis
955 1718 1111 1788 filiis,
1136 1724 1192 1772 et
1222 1717 1653 1784 obedientibus,
1680 1722 1851 1787 atque
1885 1716 2064 1771 hone-

2182 557 2321 628 quia
2352 556 2662 612 utilitatem
2694 558 2984 629 praeposui
3015 555 3317 613 voluntati.
3349 556 3493 611 Nam
3528 572 3717 628 quare
3760 557 3825 611 ad

2179 662 2276 701 eos
2294 663 2407 701 non
2430 647 2670 713 venerit,
2686 663 3024 719 quanquam
3048 646 3313 715 latenter,
3328 646 3591 702 ostendit
3609 650 3827 715 tamen,

2179 736 2331 806 quod
2367 752 2479 789 non
2512 736 2583 790 ad
2617 753 2699 800 se,
2733 736 2834 791 sed
2868 738 2933 790 ad
2968 734 3098 790 illos
3130 736 3449 790 attinuerit.

2247 825 2521 895 Sequitur
2555 840 2567 878 :
2624 826 2728 879 Aut
2774 841 2890 895 quae
2925 826 3115 895 cogito,
3148 824 3443 879 secundum
3471 840 3712 880 carnem
3743 840 3825 879 co-

2176 914 2334 981 gito?
2364 914 2508 967 Non.
2545 914 2612 967 Et
2648 918 2737 969 est
2782 930 2992 968 sensus
3025 930 3037 968 :
3094 912 3197 968 Ille
3226 914 3553 968 secundum
3587 930 3825 969 carnem

2178 1003 2504 1073 cogitando,
2541 1004 2694 1074 quod
2729 1002 3016 1074 promisit,
3050 1018 3164 1057 non
3197 1002 3420 1073 implet,
3453 1003 3553 1075 qui
3588 1008 3694 1057 aut
3726 1002 3828 1058 aJi-

2176 1093 2347 1162 cujus
2395 1107 2653 1162 personae
2700 1092 3089 1157 veneratione,
3124 1096 3224 1145 aut
3273 1090 3418 1146 lucri
3451 1091 3696 1158 terreni,
3731 1098 3827 1147 aut

2176 1179 2491 1251 cujuslibet
2520 1182 2812 1248 vanitatis,
2847 1180 2933 1237 vel
2978 1180 3227 1237 levitatis
3272 1196 3451 1236 causa
3489 1181 3691 1236 diﬂ'ert
3720 1182 3824 1236 im-

2177 1268 2334 1341 plere
2357 1269 2513 1341 quod
2545 1268 2849 1342 promisit:
2886 1269 3169 1342 spiritalis
3199 1274 3454 1340 econtra,
3481 1269 3827 1342 spiritaliter

2176 1359 2507 1430 cogitando,
2533 1377 2645 1415 non
2679 1359 2883 1431 implet
2912 1360 3066 1431 quod
3099 1360 3389 1430 promisit,
3413 1359 3553 1430 quia
3585 1360 3820 1430 profun-

2176 1447 2308 1503 dius
2334 1447 2556 1519 aliquid
2582 1448 2653 1503 de
2676 1447 2864 1503 salute
2886 1448 3091 1503 anima:
3117 1446 3417 1520 intelligit;
3443 1453 3502 1503 et
3517 1448 3653 1503 ideo
3677 1448 3825 1503 utili-

2175 1541 2353 1593 tatem
2379 1536 2661 1591 voluntati
2685 1538 2989 1609 praeponit.
3012 1536 3155 1592 Nam
3180 1536 3412 1593 carnale
3432 1541 3540 1605 est,
3565 1537 3823 1593 volunta-

2173 1630 2291 1680 tem
2350 1625 2608 1691 utilitati,
2660 1625 2923 1697 spiritale
2970 1642 3127 1692 vero,
3175 1625 3488 1681 utilitatem
3533 1626 3816 1682 voluntati

2177 1732 2527 1787 praeponere.
2550 1717 2914 1787 QuaprOpter
2938 1715 3269 1787 intelligens
3289 1715 3611 1787 Apostolus
3633 1717 3817 1788 magis

417 1812 523 1868 stis
545 1808 866 1881 discipulis.
894 1807 1156 1880 Magistri
1179 1823 1315 1878 ergo
1338 1812 1478 1861 tunc
1503 1811 1641 1861 sunt
1660 1804 1845 1877 gloria
1868 1805 2064 1859 subdi-
2096 1843 2141 1907 B
2176 1805 2246 1858 ad
2268 1821 2470 1859 eorum
2496 1806 2738 1860 attinere
2766 1804 3037 1871 salutem,
3063 1806 3110 1859 si
3140 1821 3252 1860 non
3280 1806 3499 1861 veniret
3530 1806 3604 1861 ad
3639 1821 3815 1878 ipsos,

416 1908 632 1969 torum,
666 1915 799 1954 cum
832 1902 1001 1953 tanta
1033 1900 1168 1952 sunt
1201 1894 1523 1951 sanctitatis
1556 1900 1612 1949 et
1647 1894 1859 1964 meriti,
1895 1899 1959 1947 ut
1988 1895 2060 1948 ab
2096 1892 2141 1907 ⁵¹
2170 1893 2297 1949 ideo
2332 1892 2559 1948 distulit
2589 1893 2801 1949 venire.

416 1989 673 2046 Ecclesia
688 1986 1041 2044 venerationi
1063 1985 1408 2040 habeantur.
1433 1982 1739 2039 Auditores
1761 2000 1895 2038 vero
1919 1988 2059 2038 tunc

416 2079 606 2153 gloria
635 2080 774 2133 sunt
804 2075 1243 2147 magistrorum,
1276 2090 1409 2128 cum
1461 2073 1543 2127 ita
1572 2071 1908 2127 obedientes
1939 2071 2060 2126 exi-

416 2174 601 2235 stunt,
630 2172 694 2222 ut
714 2183 815 2238 per
836 2163 1133 2235 singulare
1160 2162 1499 2219 obedientiaa
1520 2161 1738 2215 bonum
1773 2178 1806 2215 a
1832 2160 2059 2216 cunctis

413 2262 781 2314 venerentur.
805 2255 1165 2324 Quapropter
1191 2251 1459 2321 utrisque
1487 2266 1723 2305 necesse
1754 2254 1862 2319 est,
1887 2254 1950 2305 ut
1979 2251 2061 2305 ita

414 2348 603 2402 vivere
634 2344 925 2409 studeant,
960 2346 1251 2412 quatenus
1283 2339 1392 2393 sibi
1436 2339 1680 2393 invicem
1716 2338 1902 2411 gloria
1933 2355 2059 2394 esse

417 2438 654 2508 queant.
680 2433 791 2488 Sed
826 2431 1056 2503 quando
1088 2430 1209 2484 haec
1230 2428 1414 2501 gloria
1448 2428 1965 2483 manifestabitur?
1998 2430 2060 2483 In

414 2525 505 2580 die
524 2524 746 2580 Domini
772 2521 947 2577 nostri
964 2520 1089 2574 Jesu
1120 2518 1362 2579 Christi;
1394 2517 1451 2572 id
1484 2523 1591 2583 est,
1616 2517 1675 2571 in
1710 2517 1801 2571 die
1825 2518 2055 2586 judicii.

416 2613 499 2670 Ibi
517 2612 672 2668 enim
688 2628 817 2683 quae
833 2608 1007 2663 fuerit
1023 2607 1287 2663 omnium
1307 2606 1756 2678 praedicatorum
1772 2606 2055 2672 doctrina,

412 2708 469 2760 et
490 2700 857 2758 subditorum
880 2696 1229 2761 obedientia,
1254 2695 1755 2750 manifestabitur:
1787 2696 2059 2763 Quoniam

413 2792 555 2848 nihil
601 2792 709 2847 erit
759 2796 1020 2861 opertum,
1074 2785 1215 2856 quod
1260 2801 1371 2840 non
1427 2784 1694 2839 reveletur
1742 2784 1948 2854 (Matth.
2001 2802 2055 2855 x,

412 2882 526 2952 26),
563 2885 672 2936 etc.

484 2969 762 3042 Sequitur
792 2984 805 3023 :
840 2971 905 3023 Et
933 2968 992 3022 in
1020 2966 1120 3019 hac
1149 2962 1474 3033 conﬁdentia
1504 2964 1839 3045 votui_prius
1870 2966 2059 3018 venire

414 3060 487 3118 ad
516 3075 626 3131 vos,
659 3064 767 3114 etc.
800 3056 857 3111 Si
889 3057 957 3111 ad
993 3054 1296 3126 superiora
1324 3053 1445 3107 haec
1480 3052 1771 3107 sententia
1799 3052 2055 3124 respicit,

417 3152 488 3207 de
511 3149 633 3223 spei
654 3144 1009 3205 confidentia
1030 3143 1205 3209 dicit;
1230 3143 1277 3197 si
1302 3145 1496 3197 autem
1522 3141 1591 3196 ad
1622 3140 1913 3207 inferiora,
1931 3158 2057 3212 quae

2242 1983 2521 2054 Sequitur
2554 2000 2567 2037 :
2621 1985 2684 2039 Ut
2732 1986 2781 2038 si
2823 1984 2967 2055 apud
3005 1999 3090 2039 me
3120 1984 3256 2051 EST,
3288 1988 3341 2039 et
3370 1983 3553 2040 NON?
3581 1986 3812 2041 Subau-

2170 2072 2347 2139 ditur,
2373 2090 2509 2129 non.
2540 2074 2605 2127 Et
2629 2078 2717 2129 est
2746 2089 2957 2129 sensus
2981 2091 2993 2127 :
3018 2073 3184 2145 Apud
3210 2073 3343 2129 illos
3365 2078 3453 2130 est
3473 2078 3573 2140 est,
3602 2080 3657 2130 et
3685 2093 3808 2145 non,

2171 2163 2292 2233 qui,
2326 2163 2478 2234 quod
2530 2163 3025 2218 manifestandum
3058 2166 3148 2217 est
3178 2179 3293 2218 non
3327 2163 3731 2231 manifestam,
3758 2172 3812 2222 et

2169 2252 2271 2323 qui
2301 2250 2661 2306 voluntatem
2695 2251 2932 2307 utilitati
2966 2256 3326 2324 praeponunt.
3360 2253 3528 2323 Apud
3561 2270 3657 2309 me
3687 2271 3810 2310 vero

2169 2359 2283 2396 non
2315 2346 2403 2396 est
2432 2350 2529 2411 est,
2554 2349 2603 2396 et
2633 2357 2743 2396 non
2768 2358 2788 2402 ;
2820 2342 2959 2412 quia
2981 2340 3143 2396 nulla
3172 2339 3421 2409 falsitas,
3446 2342 3612 2398 nulla
3633 2350 3812 2400 muta-

2170 2429 2367 2485 bilitas
2397 2448 2408 2497 ;
2444 2435 2499 2485 et
2549 2431 2689 2500 quia
2737 2447 2852 2485 non
2886 2447 3091 2485 sumus
3123 2428 3286 2485 vobis
3318 2432 3571 2488 mentiti.
3608 2437 3809 2489 Beatus

2168 2537 2319 2592 papa
2349 2519 2662 2590 Gregorius
2694 2520 2765 2574 de
2798 2519 2906 2574 hoc
2953 2518 3077 2574 loco
3109 2519 3301 2575 taliter
3328 2520 3615 2592 loquitur,
3648 2526 3807 2595 quasi

2166 2608 2410 2663 dixisset
2441 2626 2452 2663 :
2488 2608 2653 2679 Apud
2682 2624 2773 2663 me
2796 2624 2910 2663 non
2934 2613 3021 2663 est
3041 2613 3125 2663 est
3152 2618 3203 2665 et
3232 2625 3378 2670 non;
3410 2609 3519 2666 hoc
3540 2617 3653 2680 est,
3676 2629 3808 2668 aura

2169 2696 2574 2753 mutabilitatis
2606 2714 2719 2751 non
2754 2713 3003 2769 moveor,
3040 2697 3179 2769 quia
3208 2697 3456 2753 levitatis
3504 2700 3649 2755 vitio
3699 2718 3803 2757 non

2168 2787 2507 2843 succumbo.

2237 2876 2559 2947 Sequitur:
2614 2876 2816 2930 Fidelis
2871 2876 3027 2930 Deus.
3081 2875 3314 2943 Fidelis,
3360 2875 3632 2951 inquam,
3676 2881 3802 2951 quia

2166 2983 2283 3021 non
2316 2971 2405 3021 est
2434 2965 2588 3037 apud
2622 2981 2756 3020 eum
2787 2968 2867 3019 est
2893 2973 2944 3020 et
2971 2980 3101 3020 non.
3136 2965 3281 3021 Nota
3310 2967 3468 3037 quia,
3497 2968 3645 3023 dum
3677 2970 3802 3025 dicit

2169 3053 2559 3118 ﬁdelem,vult
2580 3054 2882 3108 ostendere
2904 3070 2985 3119 se,
3006 3070 3261 3125 suosque
3278 3054 3506 3111 similes
3530 3072 3663 3113 esse
3686 3060 3802 3114 tide-

2171 3142 2254 3197 les
2284 3160 2297 3197 :
2331 3159 2397 3197 ac
2429 3142 2477 3198 si
2509 3142 2702 3196 dicat:
2737 3140 2795 3196 Si
2826 3139 2925 3196 ille
2957 3141 3166 3209 ﬁdelis,
3200 3159 3335 3214 ergo
3368 3143 3569 3201 ﬁdeles
3601 3151 3658 3202 et
3689 3164 3803 3214 nos,

416 3241 513 3306 sit,
539 3212 692 3294 idem
716 3235 990 3293 ostendit.
1023 3234 1083 3289 Ut
1111 3230 1428 3299 secundum,
1452 3230 1661 3300 inquit,
1685 3232 1927 3299 gratiam
1958 3229 2059 3285 ha-
2089 3212 2132 3279 C
2172 3248 2274 3304 per
2303 3248 2450 3301 quos
2488 3231 2613 3302 ipse
2656 3229 2935 3301 loquitur.
2970 3232 3037 3285 Et
3084 3232 3211 3287 ideo
3259 3212 3571 3303 subjunxit
3602 3253 3618 3290 :
3673 3212 3808 3304 Quia

418 3329 637 3384 beretis.
669 3324 831 3389 Quod
863 3338 993 3378 vero
1035 3320 1196 3387 dicit,
1232 3318 1572 3383 secundam,
1605 3318 1833 3373 duobus
1867 3318 2057 3374 modis

384 3480 391 3489 ,
414 3420 605 3489 potest
627 3411 890 3483 intelligi.
914 3409 1165 3464 Primam
1189 3407 1403 3478 quippe
1428 3405 1761 3460 habuerunt
1783 3406 1839 3460 in
1866 3423 2056 3463 susce-

386 3572 389 3573 ν
416 3505 611 3578 ptione
635 3500 919 3574 Epistolas,
945 3497 1261 3553 secundam
1294 3495 1573 3550 haberent
1605 3494 1661 3548 in
1694 3495 1822 3563 ejus
1853 3511 2053 3567 corpo-

413 3592 520 3649 rali
553 3588 876 3664 praesentia.
902 3585 1159 3658 Epistola
1187 3585 1315 3653 ejus
1346 3583 1537 3655 imago
1571 3582 1714 3649 fuit;
1751 3584 2057 3654 praesentia

416 3680 696 3753 corporis,
729 3678 943 3733 veritas
971 3694 983 3743 ;
1020 3680 1076 3729 et
1104 3675 1230 3729 ideo
1263 3672 1361 3744 qui
1395 3678 1781 3743 susceperunt
1810 3689 1944 3727 eum
1993 3673 2052 3728 in

414 3764 1202 3836 similitudine,suseiperent
1227 3778 1356 3816 eum
1385 3761 1441 3815 in
1460 3758 1858 3815 veritate.Alio
1882 3762 2052 3817 modo

413 3859 664 3933 primam
680 3856 925 3929 gratiam
940 3848 1573 3920 habuerunt,quoniam
1593 3848 1756 3920 prius
1771 3866 1837 3903 eu
1848 3866 1903 3904 n1
1918 3866 2053 3905 cum

413 3946 627 4021 gaudio
651 3945 1126 4014 susceperunt,et
1147 3939 1215 3995 ad
1242 3936 1709 4010 praedicationem
1731 3937 1919 4009 ipsius
1936 3955 2053 3994 cre-

412 4037 729 4103 diderunt;
766 4032 1083 4090 secundam
1134 4028 1379 4101 gratiam
1428 4026 1729 4093 haberent,
1762 4027 1812 4080 si
1862 4026 2051 4082 denuo

410 4123 790 4198 corporaliter
820 4138 953 4177 eum
987 4118 1372 4188 susciperent.
1404 4114 1587 4176 Quam
1620 4114 1745 4184 ipse
1776 4115 2050 4179 ostendit,

410 4232 545 4270 cum
569 4210 1013 4286 dispositionem
1047 4222 1215 4261 suam
1249 4203 1468 4259 eisdem
1504 4202 1877 4256 manifestare
1908 4202 2052 4257 inci-

409 4303 496 4373 pit
521 4321 533 4357 :
570 4303 631 4356 Et
657 4318 759 4372 per
782 4316 890 4368 vos,
919 4296 1131 4368 inquit,
1158 4294 1397 4350 transire
1426 4292 1485 4345 in
1509 4290 1917 4361 Macedoniam,
1942 4296 2048 4347 etc.

411 4389 629 4459 Magna:
661 4401 915 4457 namque
946 4381 1268 4455 dignitatis,
1305 4378 1516 4449 meriti,
1560 4394 1624 4433 ac
1671 4379 1869 4450 gratiae
1925 4396 2052 4435 esse

410 4477 881 4549 praedicerentur,
912 4473 961 4528 si
983 4471 1173 4541 toties,
1202 4474 1258 4524 et
1287 4467 1489 4524 tandiu
1513 4466 1771 4538 Apostoli
1797 4485 2050 4540 prasen-

405 4566 489 4621 tia
529 4565 983 4637 perfruerentur.

478 4654 789 4726 Sequitur:
826 4652 957 4706 Cum
988 4650 1101 4706 hau:
1130 4664 1253 4720 ergo
1286 4648 1598 4715 voluissem,
1632 4648 1888 4717 nunquid
1917 4647 2050 4702 levi-

410 4746 518 4799 tate
538 4759 667 4799 usus
697 4759 817 4796 sum
843 4745 866 4794 ?
895 4737 1490 4794 Animadvertendum
1515 4740 1622 4802 est,
1647 4736 1781 4806 quia
1804 4740 2050 4806 Aposto-

404 4830 498 4887 lus
531 4832 880 4903 promiserat
912 4846 972 4885 se
1002 4833 1311 4884 venturum
1344 4826 1413 4881 ad
1447 4842 1581 4893 eos;
1630 4826 1728 4878 sed
1761 4824 1899 4895 quia
1931 4841 2045 4879 non

403 4920 579 4990 venit,
613 4937 685 4976 ne
716 4920 1005 4975 videretur
1034 4918 1093 4971 in
1137 4916 1357 4971 malum
1389 4912 1673 4967 mendacii
1706 4913 2043 4980 incurrisse,

401 5007 610 5079 incipit
637 5008 888 5063 levitatis
914 5006 1116 5061 vitium
1151 5012 1393 5075 tergere,
1422 5006 1478 5055 et
1508 5000 1635 5055 ideo
1668 5000 1804 5054 dicit
1841 5019 1852 5056 :
1885 5004 2048 5057 Nun-

404 5096 535 5165 quid
560 5096 781 5153 levitate
801 5113 929 5152 usus
951 5112 1071 5150 sum
1088 5098 1112 5147 .9
1133 5090 1493 5147 Subauditur
1513 5104 1621 5142 non
1643 5105 1660 5141 :
1683 5088 1851 5158 quasi
1874 5088 2048 5145 dixis-

405 5188 495 5239 set
517 5182 644 5240 aliis
667 5185 858 5241 verbis
882 5202 895 5240 :
923 5184 1042 5250 Ille,
1062 5182 1160 5252 qui
1184 5196 1299 5235 non
1326 5177 1531 5249 implet
1554 5177 1706 5247 quod
1736 5176 2044 5247 promittit,

2162 3336 2337 3376 sermo
2366 3326 2569 3388 noster,
2598 3322 2693 3390 qui
2721 3322 2784 3389 fit
2805 3321 2951 3391 (687)
2980 3321 3126 3391 apud
3154 3336 3265 3389 vos,
3301 3327 3413 3377 etc.
3438 3323 3660 3389 Quibus
3683 3342 3804 3381 ver-

2164 3410 2256 3465 bis
2288 3426 2455 3465 suam
2479 3409 2806 3464 doctrinam
2833 3409 3089 3464 ostendit
3112 3425 3242 3465 esse
3272 3426 3468 3467 veram
3497 3430 3511 3480 ;
3547 3414 3691 3485 quia
3720 3414 3809 3471 do-

2165 3500 2349 3554 ctrina
2380 3497 2664 3569 Apostoli,
2697 3497 2963 3552 doctrina
2991 3504 3079 3553 est
3108 3499 3359 3555 Domini.

2234 3588 2511 3659 Sequitur
2543 3603 2556 3640 :
2617 3587 2713 3640 Dei
2760 3587 2910 3640 enim
2956 3587 3135 3643 Filius
3165 3588 3429 3645 Dominus
3456 3595 3621 3646 Jesus
3655 3592 3805 3648 Chri-

2164 3681 2297 3741 stus,
2321 3678 2417 3747 qui
2468 3678 2527 3729 in
2556 3676 2700 3729 vobis
2716 3674 3046 3745 praedicatus
3069 3680 3167 3746 est,
3192 3682 3298 3732 etc.
3324 3677 3589 3734 Primum
3620 3680 3682 3736 in
3706 3681 3804 3737 hoc

2165 3765 2289 3821 loco
2319 3763 2693 3836 quaarendum
2726 3768 2814 3818 est
2846 3763 2978 3835 quis
3008 3765 3085 3819 sit
3122 3765 3233 3820 iste
3260 3765 3551 3835 Silvanus,
3584 3769 3677 3825 vel
3711 3786 3808 3826 cur

2162 3854 2238 3909 sit
2265 3852 2570 3908 Timotheo
2602 3851 2969 3923 praepositus.
3005 3852 3273 3909 Silvanus
3311 3838 3475 3911 enini
3518 3857 3651 3929 ipse
3708 3863 3809 3926 est,

2161 3944 2259 4014 qui
2292 3947 2349 3998 et
2379 3942 2563 3998 Sileas
2597 3941 2771 4013 (688),
2804 3941 3022 4013 quippe
3052 3942 3111 3996 in
3141 3943 3380 4000 Actibus
3410 3947 3813 4017 apostolorum

2162 4034 2496 4103 frequenter
2526 4034 3021 4085 commemoratur
3055 4047 3067 4085 :
3115 4031 3186 4087 de
3219 4048 3334 4103 quo
3366 4035 3545 4089 etiam
3578 4034 3814 4109 legitur,

2160 4120 2299 4192 quia
2321 4120 2390 4174 de
2415 4118 2795 4191 Jerosolymis
2819 4118 3076 4175 directus
3099 4125 3189 4175 est
3212 4121 3283 4176 ab
3308 4123 3597 4194 apostolis
3615 4128 3816 4182 Antio-

2159 4208 2352 4263 chiam
2385 4224 2518 4262 cum
2552 4207 2813 4278 epistolis
2847 4210 2983 4276 (Act.
3018 4226 3109 4276 xv,
3142 4210 3260 4281 27),
3293 4216 3533 4283 propter
3564 4214 3815 4271 diversi-

2159 4302 2337 4353 tatem
2378 4296 2663 4363 ciborum,
2697 4300 2754 4350 et
2804 4300 2866 4350 ut
2920 4296 3128 4367 legalia
3178 4314 3355 4354 onera
3402 4317 3436 4355 a
3488 4304 3818 4360 cervicibus

2159 4387 2411 4442 auferret
2466 4384 2850 4440 credentium.
2902 4384 3071 4455 Nam,
3122 4387 3272 4442 sicut
3322 4388 3535 4445 Saulus
3593 4392 3815 4449 indicat

2158 4474 2527 4542 Paulum,sic
2549 4478 2605 4528 et
2635 4472 2904 4529 Silvanus
2935 4474 3170 4530 Sileam.
3200 4476 3263 4530 lli
3291 4494 3524 4550 quoque
3554 4481 3671 4535 viri
3701 4498 3814 4538 non

2083 4580 2126 4645 ι)
2159 4564 2348 4620 solum
2371 4562 2710 4628 Corinthiis,
2736 4564 2835 4619 sed
2870 4568 2925 4619 et
2952 4563 3579 4625 Thessalonicensibus
3603 4571 3814 4642 praedi-

2163 4656 2455 4708 caverunt.
2492 4652 2600 4707 Sed
2634 4652 2841 4724 quaerit
2870 4653 3012 4708 forte
3042 4653 3257 4725 aliquis
3291 4670 3303 4709 :
3357 4659 3547 4721 Quare
3597 4665 3726 4716 tam
3756 4660 3811 4715 in

2162 4742 2289 4809 hac,
2326 4758 2499 4812 quam
2537 4745 2593 4796 et
2636 4740 2695 4795 in
2735 4740 2837 4796 illa
2869 4741 3122 4814 Epistola
3148 4742 3416 4799 Silvanus
3447 4750 3814 4819 praponitur

2161 4829 2468 4885 Timotheo
2490 4829 2517 4883 ?
2548 4830 2778 4885 Noverit
2818 4829 2933 4901 ille,
2969 4830 3067 4902 qui
3099 4831 3207 4886 hoc
3237 4834 3466 4903 quaerit,
3502 4837 3654 4907 quia
3684 4838 3813 4894 ideo

2158 4919 2305 4974 forte
2338 4919 2715 4991 praeponitur,
2751 4920 3029 4991 quoniam
3062 4920 3224 4990 prius
3253 4923 3558 4995 Apostolo,
3594 4931 3657 4983 et
3688 4928 3813 4998 ejus

2159 5007 2555 5081 praadicationi
2588 5007 2838 5073 inhaesit,
2872 5013 2929 5063 et
2976 5008 3139 5081 prius
3180 5010 3368 5065 factus
3398 5017 3486 5067 est
3518 5017 3816 5088 particeps

2158 5097 2287 5166 ejus
2308 5095 2704 5150 tribulationis
2730 5111 2742 5149 :
2778 5097 2933 5167 quod
2955 5102 3013 5152 et
3042 5097 3187 5153 liber
3209 5099 3490 5155 Actorum
3517 5103 3818 5175 apostolo-

2156 5200 2288 5240 rum
2308 5184 2662 5239 manifestat.
2681 5184 2916 5256 Legitur
2935 5186 3113 5254 enim,
3129 5186 3287 5258 quia,
3303 5203 3436 5243 cum
3460 5197 3820 5263 susceptum
