3990 5306
136 424 236 483 421

678 369 1086 483 EXPOSITIO
1130 421 1208 481 IN
1255 419 1683 482 EPISTOLAS
1731 420 1989 482 PAULI.
2022 447 2101 466 —-
2143 421 2218 481 IN
2255 420 2497 484 EPIST.
2544 424 2597 484 II
2644 426 2747 485 AD
2792 429 2970 489 COR.

3406 437 3524 498 422

138 554 380 613 ofﬁcium
411 553 692 610 voluisset
722 570 996 627 peragere
1026 554 1352 626 assumpsit
1397 554 1611 609 Sileam
1674 572 1757 610 se-
1793 558 1847 622 Α
1879 554 1967 609 sui
2002 554 2115 609 fide
2145 557 2518 625 consociavit,
2554 560 2611 613 in
2643 576 2751 615 uno
2784 561 3023 628 homine,
3052 566 3260 632 faciens
3309 586 3523 639 pacem-

138 661 257 700 cum
289 644 446 713 (ACL,
477 660 561 707 xv,
597 644 705 713 40).
738 647 873 698 Post
904 644 1009 698 hac
1043 642 1275 715 legitur,
1310 643 1610 714 quia,cum
1646 661 1768 715 per-

139 739 424 807 agrassent
437 732 1047 804 Syriam(lbid.,4l),et
1063 732 1324 787 Ciliciam
1351 734 1767 787 confirmantes

134 822 428 888 Ecclesiae,
461 827 745 876 venerunt
776 822 1023 877 Derben.
1067 827 1175 877 etc.
1230 822 1576 877 Timotheus
1608 838 1763 891 vero,

135 927 479 984 quamquam
512 910 583 965 ah
616 909 892 981 Apostolo
924 910 1001 965 sit
1030 910 1337 965 ordinatus
1370 911 1765 983 episcopus,et

140 1000 373 1057 multum
408 1000 480 1054 ab
512 1015 577 1053 eo
608 999 894 1067 laudetur,
926 1000 1131 1053 merito
1166 1005 1359 1055 tamen
1392 1000 1764 1071 supponitur.

138 1094 240 1145 lste
268 1089 443 1143 etiam
475 1088 615 1143 ordo
637 1093 902 1143 servatur
927 1088 985 1142 in
1018 1087 1305 1144 Ecclesia:
1340 1089 1619 1160 quoniam
1642 1088 1765 1159 epi-

136 1178 273 1249 scopi
298 1177 475 1246 juxta
504 1193 677 1232 suum
705 1177 972 1232 ordinem
1004 1178 1172 1232 sedes
1203 1178 1421 1232 habent

195 1266 455 1323 Christus
476 1266 654 1338 igitur
686 1267 781 1321 Dei
818 1266 1000 1322 Filius
1033 1284 1146 1321 non
1196 1267 1370 1322 habet
1423 1251 1501 1322 esi
1528 1272 1597 1322 ει·
1634 1284 1766 1335 ηοη,

133 1356 401 1429 quoniam
432 1354 596 1410 nulla
623 1359 713 1410 est
740 1356 799 1409 in
818 1354 916 1411 illo
932 1355 1346 1426 falsitas,nulla
1367 1357 1540 1411 etiam
1575 1362 1767 1412 muta-

135 1446 314 1503 bilitas
331 1444 514 1511 ,sicut
536 1443 817 1516 scriptum
842 1449 957 1500 est:
983 1444 1137 1515 Apud
1166 1461 1325 1515 quem
1342 1460 1452 1500 non
1483 1450 1764 1500 esttrans-

132 1535 345 1590 mutatio
378 1534 520 1605 (Jac.
558 1534 597 1600 l,
634 1533 746 1604 17),
776 1537 864 1588 etc
914 1532 1015 1587 Sed
1044 1532 1179 1588 EST
1226 1535 1287 1587 in
1342 1534 1441 1588 illo
1499 1534 1649 1598 fuit;
1708 1533 1764 1587 id

132 1628 227 1690 est,
257 1621 398 1695 quia
428 1627 628 1677 manet
656 1621 717 1676 in
748 1637 813 1677 eo
860 1620 1205 1677 inconvulsa
1245 1622 1477 1691 veritas,
1541 1622 1765 1677 incom-

135 1712 423 1768 mutabilis
462 1712 713 1781 bonitas,
748 1711 909 1767 Unde
940 1715 995 1765 et
1024 1711 1095 1765 ad
1129 1710 1364 1782 Moysen
1422 1710 1599 1764 dicit:
1658 1711 1766 1779 Ego

130 1818 239 1857 sum
267 1802 362 1873 qui
394 1816 519 1855 sum
551 1799 742 1870 (Exod.
769 1816 851 1865 III,
889 1800 993 1869 14).
1045 1804 1151 1854 etc.
1188 1798 1273 1853 llli
1328 1798 1543 1870 quippe
1599 1816 1765 1853 vera-

134 1892 261 1947 citer
312 1896 409 1946 est
450 1906 597 1958 esse,
631 1889 722 1944 cui
780 1906 893 1943 non
926 1888 1112 1956 aliter,
1146 1895 1247 1943 aut
1285 1886 1651 1942 dissimiliter
1680 1891 1769 1941 est
1797 1929 1844 1993 B

134 1996 264 2045 esse,
298 1978 407 2033 sed
442 1977 548 2031 hoc
573 1976 657 2031 illi
688 1981 779 2032 est
807 1991 955 2042 esse,
984 1976 1085 2047 qui
1116 1981 1240 2042 est;
1279 1980 1553 2031 creaturae
1613 1992 1767 2046 vero,

135 2066 257 2137 quia
285 2081 407 2119 non
440 2080 473 2119 a
502 2080 563 2119 se
592 2063 809 2118 habent
837 2077 987 2126 esse,
1020 2063 1093 2117 ab
1124 2062 1223 2118 illo
1240 2062 1553 2131 accipiunt,
1582 2067 1643 2117 ut
1666 2080 1768 2134 pro

136 2153 353 2211 modulo
390 2169 496 2209 suo
529 2168 656 2208 esse
687 2151 933 2223 possint.
972 2151 1059 2206 Illi
1090 2168 1245 2224 ergo,
1266 2153 1357 2207 cui
1400 2169 1514 2207 non
1546 2156 1634 2207 est
1664 2152 1769 2207 ali-

136 2248 225 2312 ter,
256 2247 353 2299 aut
387 2240 755 2296 dissimiliter
780 2256 928 2307 esse,
962 2241 1061 2296 sed
1092 2240 1150 2294 id
1180 2244 1267 2295 est
1295 2239 1381 2295 illi
1413 2257 1562 2308 esse,
1614 2241 1767 2312 quod

142 2338 233 2398 est,
259 2349 371 2388 non
408 2330 567 2386 aliud
599 2334 687 2385 est
717 2329 1096 2401 contrarium,
1131 2330 1242 2385 nisi
1277 2328 1444 2400 illud,
1466 2330 1619 2401 quod
1654 2348 1767 2386 non

142 2426 232 2476 est.
262 2420 563 2487 Quocirca,
595 2418 747 2475 sicut
778 2435 950 2474 omne
979 2419 1198 2475 bonum
1234 2420 1306 2474 ab
1341 2419 1437 2475 illo
1469 2426 1578 2487 est,
1615 2421 1693 2474 ita
1715 2425 1771 2475 et

136 2526 307 2581 omne,
340 2510 502 2582 quod
535 2508 880 2564 naturaliter
910 2512 1017 2578 est,
1070 2510 1141 2564 ab
1200 2508 1297 2565 illo
1356 2514 1481 2576 est;
1545 2527 1682 2581 ergo
1714 2516 1771 2565 et

130 2615 288 2655 omne
320 2600 545 2654 bonum
576 2598 648 2652 ab
674 2596 792 2653 illo-
819 2599 1000 2655 Item:
1036 2596 1238 2653 Omnis
1271 2599 1450 2671 igitur
1505 2604 1772 2654 creatura

128 2688 291 2754 bona,
353 2692 412 2744 et
468 2704 639 2743 omne
694 2688 914 2742 bonum
977 2704 1011 2742 a
1064 2687 1219 2756 Deo,
1279 2693 1336 2742 et
1384 2689 1576 2743 omnis
1609 2705 1769 2743 croa-

124 2782 251 2832 tura
281 2777 357 2833 ab
388 2775 490 2832 illo
522 2781 632 2831 est.
666 2776 867 2846 Itaque
900 2776 1224 2830 notandum
1255 2782 1343 2830 est
1374 2776 1532 2847 quia,
1584 2793 1770 2847 quan-

122 2871 241 2921 tum
275 2867 351 2920 ad
387 2864 757 2937 dignitatem,
791 2868 846 2917 et
882 2863 1212 2917 libertatem
1236 2864 1540 2918 doctorum
1566 2866 1774 2920 attinet

120 2972 231 3010 non
266 2954 447 3009 debet
478 2952 593 3007 illis
619 2968 749 3007 esse
775 2954 851 3007 est
871 2959 922 3006 et
948 2967 1081 3017 non,
1117 2952 1215 3005 sed
1252 2960 1331 3005 est
1357 2950 1417 3005 in
1476 2951 1593 3005 illis
1646 2969 1775 3008 esse

117 3044 331 3099 debet:
362 3041 473 3096 hoc
500 3046 608 3106 est,
643 3040 782 3110 quia
809 3056 923 3095 non
955 3039 1316 3095 voluntatem
1351 3040 1614 3104 utilitati,
1674 3041 1774 3096 sed

112 3132 445 3187 utilitatem
478 3128 690 3183 debent
719 3144 1051 3200 praponere
1106 3126 1414 3183 voluntati.
1474 3130 1570 3184 Dei
1619 3130 1775 3185 enim

110 3219 306 3276 Filius
335 3215 625 3271 Dominus
641 3215 815 3270 Jesus
835 3216 1101 3271 Christus
1116 3233 1229 3271 non
1247 3216 1423 3271 habet
1444 3220 1522 3271 est
1549 3224 1602 3272 et
1622 3234 1731 3273 non
1758 3234 1771 3284 ;

1878 642 1962 698 his
1995 644 2271 715 quilonge
2302 650 2526 710 sunt,.et
2559 648 2642 702 his
2673 652 2955 722 quiprope
2979 653 3117 722 (Ibid
3146 699 3161 723 ,
3201 655 3285 723 15,
3319 657 3429 729 17).

1947 732 2256 803 Sequitur:
2292 737 2353 789 Et
2382 738 2480 806 qui
2518 739 2677 791 unxit
2698 755 2794 793 nos
2826 741 2984 795 Deus.
3042 740 3217 797 Unxit
3246 760 3377 816 nos,
3435 747 3523 802 in-

1876 838 2074 893 quam,
2109 822 2462 889 coelestibus,
2496 829 2553 878 et
2584 826 2950 897 spiritalibus
2971 830 3164 898 donis,
3216 838 3273 887 et
3334 834 3524 891 chari-

1878 911 2186 977 smatibus,
2222 917 2284 966 ut
2314 928 2580 968 essemus
2610 932 2783 982 genus
2818 919 3069 987 electum,
3112 923 3295 991 regale
3346 940 3523 981 sacer-

1876 1001 2017 1056 tium
2046 1004 2093 1068 (1
2127 1003 2273 1055 Petr.
2310 1020 2370 1064 ιι,
2401 1004 2478 1069 9),
2512 1006 2835 1061 secundum
2870 1010 3023 1079 quod
3056 1011 3137 1065 ait
3171 1012 3526 1087 Petrusapo-

1878 1088 2084 1143 stolus.
2126 1089 2214 1143 llli
2248 1093 2627 1163 uamque,qui
2662 1093 2718 1147 in
2737 1093 2926 1149 Veteri
2951 1096 3323 1155 Testamento
3346 1120 3518 1176 unge-

1879 1176 2112 1241 bantur,
2144 1177 2406 1232 fidelium
2456 1182 2735 1251 gerebant
2790 1184 3058 1254 figuram.
3122 1188 3428 1260 Sequitur:
3460 1196 3528 1249 Et

1877 1265 1973 1335 qui
1999 1266 2241 1332 signavit
2270 1282 2386 1324 nos.
2422 1269 2538 1325 Hoc
2570 1269 2725 1324 enim
2760 1288 2861 1342 pro
2886 1289 3096 1343 magno
3121 1276 3264 1332 dixit
3290 1304 3304 1346 ;
3337 1280 3394 1336 id
3417 1288 3525 1349 est,

1877 1353 2209 1426 specialiter
2237 1360 2295 1410 et
2325 1358 2698 1429 singulariter
2740 1377 2855 1431 prae
2914 1364 3188 1421 omnibus
3246 1372 3527 1428 creaturis
3622 1384 3627 1391 '

1875 1441 2065 1514 elegit,
2101 1460 2166 1498 ac
2197 1444 2414 1500 dilexit.
2449 1447 2564 1502 Nos
2598 1464 2730 1503 vero
2758 1450 2909 1520 quod
2945 1450 3187 1509 charum
3240 1457 3530 1517 habemus

1876 1530 2202 1601 signamus.
2234 1532 2398 1600 Nota,
2433 1536 2586 1606 quod
2636 1535 2729 1589 his
2783 1538 2970 1593 verbis
3030 1557 3215 1598 unum
3271 1548 3532 1604 ostendit

1875 1635 2022 1689 opus
2054 1621 2261 1687 Patris,
2297 1627 2353 1676 et
2382 1622 2530 1688 Filii,
2565 1624 2844 1695 quoniam
2877 1642 2974 1682 eos
2991 1628 3158 1685 Pater
3183 1633 3527 1692 dicitur‘un-

1875 1722 2030 1777 gere,
2063 1720 2118 1763 et
2175 1710 2426 1782 signare,
2462 1729 2608 1783 quos
2657 1712 2836 1774 Filius
2885 1716 3098 1772 dicitur
3158 1723 3524 1783 confirmare.

1876 1796 2041 1867 Ergo,
2076 1814 2222 1868 quos
2255 1801 2563 1856 conﬁrmat
2593 1800 2772 1856 Filius
2830 1804 3136 1861 confirmat
3208 1815 3265 1865 et
3322 1817 3525 1884 Pater;

1876 1884 2029 1975 quia,
2064 1901 2210 1955 quos
2245 1888 2411 1958 ungit
2441 1895 2499 1943 et
2529 1889 2725 1961 signat
2768 1891 2956 1957 Pater,
3012 1897 3176 1967 ungit
3228 1904 3285 1953 et
3334 1903 3533 1975 signat

1880 1972 2097 2040 Filius;
2132 1980 2188 2029 et
2219 1976 2434 2047 quibus
2486 1976 2652 2033 Pater
2706 1979 2805 2033 dat
2862 1981 3145 2052 Spiritum
3197 1972 3528 2060 suum,‘dat

1879 2065 1934 2114 et
1964 2060 2166 2129 Filius,
2198 2064 2337 2135 quia
2365 2064 2569 2130 Patris,
2602 2071 2656 2120 et
2689 2067 2813 2121 Filii
2849 2085 3001 2125 unus
3034 2072 3307 2143 Spiritus.
3367 2078 3525 2136 Unde

1878 2148 2031 2203 idem
2064 2150 2123 2205 in
2158 2152 2412 2223 Epistola
2458 2155 2528 2209 ad
2588 2155 2913 2213 Romanos:
2976 2159 3037 2214 Si
3089 2178 3211 2232 quis
3258 2164 3527 2236 Spiritum

1881 2238 2082 2328 Christi
2109 2256 2219 2295 non
2259 2241 2436 2309 habet,
2472 2243 2561 2298 hic
2588 2261 2703 2298 non
2729 2250 2807 2299 est
2836 2248 2953 2317 ejus
3007 2252 3177 2319 (Rom.
3212 2271 3290 2308 vn
3322 2256 3397 2328 9).
3465 2260 3530 2315 Et

1879 2326 1987 2380 hoc
2018 2329 2364 2397 notandum,
2398 2331 2555 2402 quia,
2597 2350 2732 2387 cum
2762 2336 2833 2388 de
2866 2337 3216 2406 perfectione
3269 2326 3528 2404 hominis

1879 2416 2215 2486 loqueretur
2239 2420 2447 2491 (Ibid),
2480 2422 2659 2476 totius
2687 2423 2991 2480 Trinitatis
3016 2427 3147 2482 fecit
3171 2434 3527 2493 mentionem

1881 2506 2018 2575 quia
2048 2522 2283 2561 summa
2313 2509 2682 2579 perfectionis
2714 2510 2771 2565 in
2805 2512 3094 2570 Trinitate
3127 2519 3414 2578 consistit.

1956 2594 2269 2664 Sequitur:
2335 2601 2399 2653 Et
2456 2597 2607 2653 dedit
2644 2601 2842 2670 pignus
2893 2602 3155 2675 Spiritus,
3218 2613 3327 2665 etc.
3378 2616 3527 2669 Sane

1882 2684 2225 2749 notandum,
2255 2686 2394 2755 quia
2420 2686 2764 2759 pignuspro
2801 2706 2859 2745 re
2888 2692 3529 2769 credita,velpromissa

1882 2770 2089 2860 datur;
2124 2776 2181 2827 et
2211 2789 2342 2827 cum
2376 2791 2466 2829 res
2498 2777 2809 2846 promissa,
2841 2779 2928 2834 vel
2961 2782 3179 2838 credita
3239 2789 3527 2860 redditur,

1883 2859 2159 2949 recipitur
2188 2861 2423 2933 pignus.
2458 2863 2642 2918 Datur
2669 2866 2844 2921 etiam
2867 2868 3079 2940 pignus
3112 2888 3212 2942 pro
3236 2859 3530 2949 magnitu-

1885 2945 2017 3000 dine
2051 2948 2129 3001 rei
2162 2950 2513 3019 credita,vel
2540 2954 2983 3023 promissanbi
3007 2960 3250 3018 solerter
3270 2945 3532 3023 animad-

1885 3036 2247 3101 vertendum,
2281 3045 2565 3108 quantum
2597 3041 2832 3097 dabitur
2861 3044 3060 3102 electis
3103 3049 3229 3118 jam
3288 3052 3530 3110 immor-

1887 3119 2263 3184 talibus,cum
2290 3130 2515 3180 tantum
2528 3126 2920 3195 eistribuatur
2933 3135 3123 3190 adhuc
3141 3141 3489 3200 mortalibus
3514 3163 3528 3202 :

1886 3208 1995 3263 hoc
2026 3216 2132 3277 est,
2168 3220 2388 3284 quanta
2417 3217 2526 3271 erit
2555 3233 2777 3274 merces
2812 3225 2868 3274 et
2926 3227 3317 3283 remuneratio
3366 3234 3531 3303 regni

110 3309 246 3381 quia
280 3321 405 3361 non
437 3304 597 3359 aliud
626 3304 897 3372 vult,nisi
928 3306 1084 3376 quod
1120 3305 1261 3361 utile
1284 3310 1455 3371 est,et
1487 3306 1628 3362 utile
1649 3308 1770 3378 ejus

1892 3298 2164 3392 caelestis,
2197 3320 2328 3359 cum
2364 3304 2541 3360 etiam
2571 3323 2726 3362 nunc
2756 3312 2918 3364 tanta
2948 3313 3136 3383 gratia
3165 3318 3351 3372 sancti

115 3414 227 3453 non
262 3397 360 3451 est
394 3393 864 3459 coactum,veluti
899 3393 1194 3450 hominis:
1233 3410 1337 3449 nec
1369 3400 1456 3450 est
1472 3397 1646 3451 etiam
1672 3397 1779 3452 ali-

119 3485 255 3557 quid
280 3483 571 3538 adversus
592 3498 728 3537 eum
756 3499 850 3537 am
863 3481 1290 3554 bignum,sicut
1310 3485 1463 3553 apud
1490 3484 1775 3542 homines.

121 3575 181 3628 Et
203 3574 339 3628 ideo
374 3570 680 3642 subjungit
710 3569 1284 3642 Apostolus,dicens:
1320 3574 1584 3644 Quotquot
1627 3577 1779 3630 enim

119 3661 516 3734 promissione:
545 3660 643 3714 Dei
679 3664 808 3713 sunt
862 3662 923 3714 in
989 3660 1084 3714 illo
1143 3660 1299 3725 EST,
1356 3667 1463 3716 etc.
1500 3662 1659 3717 Talis
1691 3668 1780 3719 est

125 3768 355 3817 sensus,
393 3748 565 3820 quasi
594 3749 874 3803 dixisset:
908 3748 1113 3804 Omnis
1138 3749 1352 3804 veritas
1376 3750 1637 3805 Christus
1667 3756 1775 3818 est,

129 3849 177 3893 et
206 3840 322 3894 ideo
352 3853 459 3910 per
492 3840 672 3908 ipsum
701 3853 859 3892 amen
889 3838 1014 3902 Deo,
1047 3838 1185 3907 quia
1218 3854 1318 3908 per
1348 3838 1542 3909 ipsum
1586 3839 1777 3894 omnis

128 3928 371 3983 veritas:
412 3943 551 3980 nam
583 3943 752 3980 amen
784 3925 995 3979 veritas
1025 3924 1477 3995 interpretatur:
1527 3942 1652 3996 qua:
1682 3943 1777 3981 ve-

125 4017 257 4072 ritas
291 4032 400 4089 per
431 4014 730 4069 Christum
765 4019 851 4069 est
874 4013 1264 4079 manifestata,
1288 4018 1343 4067 et
1371 4014 1441 4067 ab
1500 4013 1778 4085 apostolis

125 4107 457 4176 praedicata,
491 4109 551 4159 et
581 4102 827 4158 diversis
850 4101 1057 4174 signis,
1092 4106 1148 4157 et
1171 4101 1472 4157 miraculis
1517 4107 1606 4157 est
1636 4119 1774 4158 con-

128 4196 373 4251 firmata.
409 4193 577 4257 Quod
610 4192 965 4264 omne,quod
996 4191 1263 4247 Christus
1287 4191 1555 4263 promisit
1574 4209 1775 4247 verum

128 4285 210 4352 sit,
241 4283 588 4356 impleatur,
620 4282 798 4352 hujus
829 4280 1128 4336 sententiae
1160 4280 1457 4336 conclusio
1489 4281 1624 4336 talis
1648 4298 1776 4337 esse

129 4379 326 4445 potest,
363 4372 538 4444 quasi
573 4371 852 4425 dixisset:
880 4369 1155 4424 Omnium
1188 4370 1647 4440 promissionum
1678 4387 1773 4426 ve-

130 4463 259 4519 ritas
289 4462 565 4519 Christus
596 4465 706 4526 est,
739 4477 866 4531 quae
899 4475 1001 4531 per
1031 4476 1135 4513 nos
1176 4459 1548 4530 praedicatur,
1583 4462 1771 4515 etim-

130 4549 294 4620 pletio
327 4550 628 4623 sequitur.
662 4546 907 4603 Pulchre
938 4546 1175 4618 quidem
1206 4547 1510 4618 subjunxit
1540 4548 1647 4602 :Ad
1665 4549 1778 4619 glo-

1889 3392 1986 3482 tus
2015 3390 2458 3482 administretur
2486 3394 2708 3451 electis.
2742 3398 2810 3452 Et
2839 3398 2946 3455 hoc
3006 3402 3332 3477 sciendum,
3370 3390 3534 3482 ‘quia

1890 3476 2018 3531 ideo
2051 3480 2264 3551 pignus
2297 3484 2485 3553 datur,
2523 3490 2585 3538 ut
2613 3486 2823 3541 certior
2851 3487 3026 3544 homo
3058 3476 3355 3551 reddatur.
3390 3476 3534 3556 Cra-

1889 3574 1971 3629 tia
2025 3589 2159 3644 ergo
2218 3571 2471 3642 Spiritus
2529 3574 2717 3629 sancti
2754 3576 2880 3631 ideo
2910 3578 3189 3636 tribuitur
3216 3584 3436 3656 electis,
3470 3593 3535 3646 ut

1888 3665 2161 3717 certiores
2194 3659 2310 3715 sint
2340 3661 2408 3715 de
2438 3663 2828 3733 promissione
2858 3668 3017 3739 regni
3051 3670 3322 3729 ccelestis.

1959 3752 2105 3821 (691)
2136 3748 2411 3819 Sequitur
2437 3766 2450 3815 ;
2485 3751 2592 3817 Ego
2621 3757 2804 3825 autem
2819 3759 3009 3810 testem
3030 3759 3217 3817 invoco
3238 3766 3534 3836 Deum,etc

1888 3839 2265 3893 Laboraverat
2282 3838 2593 3908 Apostolus
2607 3841 2801 3910 superi
2813 3849 2974 3909 us,ut
2988 3846 3206 3903 crimen
3227 3850 3480 3910 levitatis
3501 3872 3536 3909 a

1888 3942 1949 3980 se
1980 3928 2248 3997 tergeret,
2281 3929 2337 3977 et
2394 3942 2455 3979 se
2495 3926 2816 3985 immunem
2878 3948 2911 3985 a
2942 3936 3230 3990 mendacii
3291 3941 3535 3999 crimine

1886 4014 2235 4069 ostenderet.
2268 4014 2395 4066 lam
2424 4029 2579 4067 nunc
2608 4014 2811 4086 incipit
2843 4019 3215 4078 manifestare
3262 4042 3441 4095 quare
3462 4029 3534 4084 ad

1885 4119 1983 4158 eos
2018 4117 2132 4155 non
2160 4100 2399 4165 venerit,
2434 4117 2566 4155 cum
2599 4102 2774 4157 dicit:
2809 4106 2915 4174 Ego
2967 4117 3149 4163 autem
3207 4116 3395 4168 testem
3445 4119 3534 4170 in-
3630 4164 3639 4169 .

1884 4207 2031 4257 voco,
2059 4194 2166 4245 etc.
2203 4188 2424 4254 Quibus
2454 4190 2646 4244 verbis
2675 4192 2931 4247 ostendit
2980 4196 3133 4266 quod
3194 4215 3307 4253 non
3358 4218 3534 4272 penes

1885 4297 2041 4345 eum,
2076 4278 2173 4333 sed
2208 4294 2353 4349 pene
2411 4277 2542 4333 illos
2602 4278 2794 4344 fuerit,
2857 4284 3008 4352 quod
3072 4285 3143 4340 ad
3206 4303 3305 4343 eos
3362 4307 3533 4347 vene~

1885 4367 1962 4421 rit
1992 4366 2257 4422 Ostendit
2281 4364 2475 4429 etiam,
2511 4383 2643 4421 cum
2676 4366 2851 4423 dicit:
2888 4374 3123 4427 Parcens
3148 4375 3316 4445 vobis,
3378 4380 3532 4451 quod

1889 4455 2055 4509 multi
2083 4459 2248 4509 erant
2304 4455 2608 4511 incorrecti
2658 4457 2812 4512 inter
2840 4474 2960 4525 eos,
2995 4478 3244 4532 quorum
3302 4474 3536 4539 peccata

1886 4544 2134 4599 necdum
2166 4548 2331 4599 erant
2360 4548 2590 4600 excocta
2612 4547 2973 4617 paenitudine
2998 4567 3011 4605 :
3038 4561 3397 4628 quapropter
3417 4575 3532 4614 non

131 4641 261 4695 riam
291 4643 391 4697 Dei
417 4640 568 4709 (689)
599 4656 612 4705 ;
648 4637 925 4709 quoniam
959 4635 1210 4691 multum
1242 4637 1313 4691 ad
1364 4635 1611 4708 gloriam
1672 4638 1774 4693 Dei
1806 4654 1852 4718 ῃ
1885 4632 2041 4687 venit
2071 4633 2140 4686 ad
2172 4650 2291 4700 eos,
2323 4637 2387 4686 ut
2419 4633 2533 4689 illis
2560 4634 2774 4706 locum,
2808 4641 2864 4692 et
2920 4642 3154 4712 tempus
3214 4647 3533 4715 paenitendi

134 4731 347 4797 attinet,
380 4730 431 4785 si
466 4727 670 4784 omnia
700 4728 769 4781 ab
802 4725 923 4790 illo,
955 4730 1011 4781 et
1041 4740 1143 4797 per
1168 4722 1499 4793 illum,etin
1522 4725 1622 4781 illo
1646 4742 1776 4783 esse

134 4823 469 4885 noscuntur,
503 4822 562 4871 et
591 4815 1019 4887 intelliguntur.

196 4910 509 4979 Sequitur:
543 4907 649 4974 Qui
680 4914 861 4961 autem
889 4903 1185 4973 conﬁrmat
1201 4919 1301 4959 nos
1328 4904 1630 4971 vobiscum,
1674 4907 1776 4962 Do-

138 4997 311 5053 minus
342 4995 592 5053 Christus
623 4994 791 5066 (690),
844 4993 1213 5060 subauditur,
1277 4998 1400 5049 est:
1460 4993 1567 5048 iste
1621 4996 1775 5051 enim

142 5082 402 5141 Hebraeus
426 5089 572 5152 erat,
587 5088 643 5139 et
672 5085 945 5155 gentibus
975 5081 1342 5153 loquebatur.
1368 5088 1512 5155 Ergo
1528 5082 1663 5138 talis
1690 5088 1777 5140 est

140 5187 335 5206 Gonni-In
361 5192 373 5205 ο
414 5172 699 5206 “Amiano
730 5172 992 5206 (II-vniafnn
1015 5176 1097 5206 ou}
1155 5172 1251 5206 ηιιῖ
1288 5188 1390 5206 nna
1423 5176 1475 5206 of
1507 5190 1604 5206 una
1638 5173 1772 5206 ἶηηη

1889 4721 2251 4785 concederet,
2286 4725 2576 4791 quatenus
2634 4740 2766 4778 cum
2819 4727 3059 4794 veniret,
3121 4747 3235 4785 non
3295 4733 3535 4788 haberet

1889 4811 2043 4882 quod
2078 4814 2354 4881 parceret.
2388 4810 2534 4864 Nam
2570 4816 2633 4864 ut
2664 4812 2783 4868 haec
2815 4816 3032 4871 arctius
3064 4833 3266 4875 eorum
3325 4820 3534 4875 menti-

1887 4899 1998 4954 bus
2028 4898 2369 4962 inculcaret,
2404 4904 2610 4954 testem
2650 4905 2827 4956 Deum
2860 4902 2918 4956 in
2950 4904 3208 4962 animam
3240 4926 3446 4974 suam;
3477 4907 3537 4962 id

1890 4992 2000 5054 est,
2034 5004 2210 5059 super
2240 4987 2520 5051 animam,
2556 4989 2873 5046 invocavit.
2935 4996 2999 5046 Et
3058 4993 3208 5050 bene
3264 4995 3540 5067 quidem;

1890 5078 2028 5148 quia
2062 5078 2155 5132 Dei
2188 5077 2379 5135 solum
2410 5082 2500 5132 est
2532 5078 2740 5136 anima:
2773 5085 2995 5135 secreta
3050 5097 3421 5154 cognoscere,
3453 5097 3544 5134 se-

1892 5166 2148 5206 nnndnm
2176 5167 2328 5206 nnan
2365 5164 2650 5206 cru-inium
2684 5175 2769 5206 nat
2799 5183 2810 5194 ⁸
2839 5166 3022 5206 Πητηη
3068 5166 3225 5206 vin-Io}
3280 5172 3335 5206 in
3398 5167 3547 5206 fnnia
