3990 5306
439 350 558 408 423

1470 340 1801 403 ATTONlS
1847 339 2426 404 VERCELLENSIS
2471 344 2817 406 EPISCOPI

3732 356 3848 415 424

442 479 751 555 praesentia
780 478 1051 551 indignos
1072 476 1409 549 judicantes
1438 493 1450 541 ;
1486 474 1569 529 illi
1600 492 1753 542 vero,
1797 473 1893 544 qui
1921 476 2088 529 erant
2118 476 2169 540 Α
2203 478 2689 549 transgressione,
2723 497 2837 535 non
2869 478 3049 536 lzetari
3082 482 3153 537 de
3196 484 3545 541 succedente
3576 487 3855 543 emenda-

442 570 689 641 indigni,
722 570 802 624 ita
834 568 1136 623 studerent
1163 566 1355 621 vivere
1388 570 1679 637 quatenus
1709 564 1895 636 ipsius
1941 580 2083 635 prae—

442 660 635 717 sentia
664 657 823 729 digni
859 658 1079 712 tierent.

2199 563 2355 619 tione
2387 592 2399 631 ς
2418 584 2550 622 nam
2568 586 2683 624 non
2701 568 2890 625 minor
2911 570 3148 626 tristitia
3166 577 3255 627 est
3278 573 3349 628 de
3363 591 3479 629 non
3502 576 3857 632 succedente

2196 655 2807 728 emendatione,quam
2830 659 2900 713 de
2922 662 3563 733 trangressione.Quasi
3600 664 3854 725 diceret:

513 749 632 807 Non
655 750 789 819 quia
819 747 1134 801 dominatur
1162 745 1291 815 ﬁdei
1320 743 1649 809 vestrw,IIis
1674 742 1866 797 verbis
1898 745 2088 797 osten-
2112 740 2147 775 ‘
2197 741 2336 812 Ego,
2370 744 2467 814 qui
2503 746 2573 799 ab
2606 747 2895 803 extraneis
2928 749 3176 822 affligor,
3211 756 3267 807 et
3289 752 3506 819 tristor,
3556 752 3776 808 saltem
3804 755 3858 809 in

446 837 532 893 dit
590 834 899 909 Apostolus
948 850 1067 889 rem
1125 850 1253 888 esse
1309 832 1719 897 voluntariam,
1777 848 1891 885 non
1949 847 2085 885 coa-

444 932 600 983 ctam
631 944 644 992 ;
678 942 813 982 nam
835 928 1042 979 coactae
1066 922 1395 977 reinecesse
1409 927 1497 975 est
1518 920 1806 975 dominari
1835 939 1846 987 ;
1879 919 2085 974 volun-

442 1017 602 1072 tariaz
634 1031 765 1069 vero
795 1012 883 1069 vel
916 1016 1269 1084 spontaneis,
1301 1009 1476 1065 veluti
1507 1008 1661 1079 ﬁdei,
1698 1026 1811 1063 non
1845 1013 1931 1063 est
1987 1024 2085 1062 ne-

440 1122 603 1162 cesse
632 1103 1089 1159 dominationem
1122 1100 1433 1166 adhibere;
1469 1105 1523 1153 et
1555 1098 1681 1153 ideo
1740 1098 2083 1169 subjunxit:

438 1196 576 1252 Nam
603 1194 710 1265 ﬁde
728 1194 905 1255 statis,
940 1189 1108 1262 quasi
1141 1190 1355 1244 diceret
1382 1206 1394 1243 :
1425 1188 1549 1243 Non
1582 1192 1670 1242 est
1702 1204 1936 1242 necesse
1985 1188 2085 1241 do-

437 1284 821 1341 minationem
846 1278 1138 1336 adhibere.
1199 1277 1695 1349 quemadmodum
1756 1276 2087 1331 sacerdotes

437 1374 775 1430 Judmorum
808 1367 1266 1426 dominationem
1319 1368 1665 1422 exercebant
1722 1365 1781 1419 in
1830 1362 2084 1436 populo;

440 1479 577 1519 nam
611 1462 724 1516 ﬁde
754 1459 941 1515 statis.
975 1458 1100 1513 Non
1131 1455 1432 1527 longe,sed
1446 1455 1717 1526 adjutores
1744 1470 1934 1509 sumus
1954 1469 2089 1521 gau-

438 1552 522 1609 dii
550 1548 1129 1615 vestri.Quaerendum
1162 1551 1251 1601 est
1278 1560 1459 1615 quare
1487 1560 1548 1599 se
1578 1543 1733 1599 dicat
1762 1543 2087 1613 adjutorem

437 1641 635 1715 gaudii
651 1655 777 1696 esse
795 1654 929 1693 cum
943 1634 1212 1711 superius
1228 1633 1474 1687 nimium
1495 1650 1555 1687 se
1574 1632 1812 1687 dixisset
1827 1632 1883 1686 in
1900 1632 2089 1703 prima

436 1731 695 1802 Epistola
727 1726 1155 1782 contristatum.
1190 1723 1300 1779 Sed
1334 1722 1483 1790 ideo,
1516 1721 1654 1792 quia
1678 1721 1831 1776 sicut
1851 1719 2089 1775 tristitia

435 1825 524 1875 est
552 1820 609 1873 in
644 1834 804 1882 casu,
839 1816 921 1869 ita
951 1813 1156 1868 laetitia
1186 1817 1274 1867 est
1304 1812 1363 1865 in
1397 1810 1769 1875 correctione,
1792 1815 1849 1864 et
1879 1827 2082 1865 emen-

436 1907 687 1976 datione,
722 1904 889 1977 quasi
940 1903 1189 1957 diceret:
1252 1901 1397 1964 Quia
1455 1900 1753 1954 tristitiam
1816 1899 1993 1954 habui
2023 1900 2081 1952 in

435 1996 598 2052 vobis
631 1992 999 2054 cadentibus,
1032 1992 1258 2062 gaudeo
1281 1989 1443 2044 vobis
1475 1989 1937 2061 resurgentibus,
2000 2004 2088 2042 ex-

435 2085 825 2142 hortationem
847 2080 1263 2144 adhibendo,et
1284 2078 1565 2135 salutaria
1586 2079 1847 2133 antidota
1869 2077 2090 2131 submi-

436 2173 761 2231 nistrando.
798 2172 859 2227 In
893 2187 1007 2241 quo
1041 2170 1192 2223 facto
1226 2173 1540 2222 monentur
1568 2166 2002 2237 praedicatores,
2025 2170 2089 2219 ut

433 2265 558 2319 suis
573 2262 849 2317 studeant
866 2258 1308 2329 resurgentibus
1322 2257 1615 2327 adjutores
1628 2255 2087 2324 esse,scribendo

446 2351 827 2415 exhortando,
863 2353 918 2403 et
951 2346 1231 2401 salutaria
1285 2346 1546 2400 antidota
1594 2344 1923 2415 praebendo.
1952 2344 2090 2397 Nam

434 2441 540 2513 ﬁde
559 2442 735 2495 statis.
769 2438 935 2493 Hunc
966 2436 1121 2490 enim
1156 2434 1349 2490 locum
1383 2433 1617 2504 exponit
1667 2432 2001 2503 Gregorius,
2033 2436 2090 2486 et

434 2530 678 2586 alteram
692 2524 1070 2581 intentionem
1087 2522 1347 2595 Apostoli
1366 2522 1541 2576 fuisse
1559 2521 2089 2591 manit'estat,quasi

437 2620 687 2674 diceret:
715 2617 778 2670 In
811 2630 875 2670 eo
900 2614 1052 2685 quod
1089 2614 1201 2666 fide
1259 2611 1450 2675 statis,
1484 2610 1708 2665 similes
1766 2628 1864 2665 vos
1918 2611 2087 2665 nobis

438 2725 567 2764 esse
596 2703 1026 2779 cognoscimus.
1062 2700 1534 2756 Obliviscebatur
1565 2699 1720 2755 enim
1775 2698 2087 2771 Apostolus

434 2797 728 2868 prioratus
759 2792 851 2848 sui
865 2790 1271 2847 auctoritatem
1300 2806 1312 2855 ;
1332 2789 1486 2843 unde
1503 2805 1563 2842 se
1580 2785 1881 2858 parvulum
1898 2786 2085 2841 nomi-

435 2891 535 2940 nat
564 2884 623 2938 in
656 2879 1349 2954 sequentibus,dicendo:
1387 2883 1674 2947 Tanquam
1701 2875 2089 2947 paruuli/"acti

429 2990 621 3031 sumus
650 2975 710 3027 in
738 2970 916 3026 medio
943 2969 1108 3024 vestri
1138 2969 1185 3038 (ι
1213 2967 1384 3021 Thess:
1414 2983 1474 3031 ιι,
1506 2967 1601 3035 7),·
1633 2970 1687 3020 et
1712 2985 1731 3019 .-
1762 2966 1865 3020 Nos
1902 2970 2087 3020 autem

431 3080 609 3121 servos
639 3072 837 3117 vestros
862 3062 937 3128 (II
972 3060 1091 3115 Cor.
1126 3074 1202 3123 ιν,
1230 3058 1288 3125 5)
1316 3074 1328 3124 ;
1358 3056 1634 3127 quoniam
1664 3056 1863 3111 deerat
1891 3054 2082 3125 culpa.

430 3156 758 3226 Apparente
786 3167 917 3205 vero
948 3147 1142 3219 culpa,
1176 3145 1265 3201 sui
1316 3146 1612 3216 prioratus
1671 3145 2078 3199 auctoritatem

2194 830 2381 898 vobis,
2416 833 2593 888 veluti
2626 840 2788 907 pater
2816 836 2872 891 in
2910 837 3069 903 filiis,
3123 840 3505 911 requiescam.
3540 842 3617 896 De
3666 842 3858 913 quibus

2195 924 2518 990 Oportuerat
2542 940 2628 979 me
2653 924 3154 995 gaudere.Duobus
3180 928 3373 983 modis
3394 934 3744 1000 oportuerat
3772 947 3857 986 me

2196 1010 2490 1077 gaudere:
2527 1014 2597 1067 de
2628 1014 2791 1069 vobis
2824 1015 2880 1069 in
2914 1023 3098 1087 coepto
3134 1016 3428 1087 proposito
3458 1019 3855 1089 permanenti-

2197 1096 2327 1166 bus,
2364 1099 2483 1154 sive
2516 1102 2585 1155 de
2617 1103 2781 1156 vobis
2816 1104 3264 1175 corrigentibus,
3298 1110 3349 1161 et
3373 1108 3851 1174 emendantibus.

2199 1186 2489 1255 Conﬁdens
2520 1206 2663 1254 sum,
2698 1196 2805 1246 etc.
2839 1192 3077 1248 Duobus
3109 1195 3297 1249 modis
3329 1196 3634 1250 confidens
3674 1213 3810 1251 sum
3838 1214 3850 1259 ;

2197 1274 2335 1343 quia
2368 1276 2542 1331 credo
2574 1277 2916 1351 intelligere,
2950 1286 3089 1336 tunc
3120 1287 3377 1337 vestrum
3436 1288 3666 1339 rectum
3726 1300 3851 1340 esse

2194 1362 2499 1433 gaudium,
2533 1366 2582 1419 si
2616 1382 2706 1421 me
2728 1368 2991 1424 sentiatis
3019 1370 3309 1441 gaudere;
3344 1371 3465 1426 sive
3494 1372 3729 1427 confido
3776 1372 3854 1430 ita

2197 1452 2359 1524 diligi
2390 1470 2423 1507 a
2452 1454 2635 1521 vobis,
2674 1460 2733 1510 ut
2764 1474 2961 1512 meum
2991 1458 3273 1529 gaudium
3303 1465 3564 1517 vestrum
3596 1478 3726 1519 esse
3759 1462 3849 1517 de-

2197 1541 2431 1611 putetis.

2270 1631 2406 1684 Nam
2438 1646 2507 1685 ei:
2536 1634 2715 1687 multa
2743 1634 3127 1705 tribulatione,
3162 1642 3272 1694 etc.
3307 1638 3405 1694 [iis
3434 1640 3630 1697 verbis
3657 1645 3850 1696 oeten-

2202 1718 2285 1773 dit
2316 1736 2430 1789 quo
2463 1720 2692 1787 all‘ectu,
2726 1728 2781 1776 et
2812 1739 2926 1794 quo
2950 1722 3145 1780 amore
3171 1742 3309 1798 erga
3338 1726 3673 1783 Corinthios
3702 1730 3849 1785 deti-

2204 1814 2458 1863 neretur.
2494 1808 2758 1864 Ostendit
2787 1812 2943 1866 enim
2979 1814 3131 1883 quod
3169 1814 3731 1889 nullaangustia.vel
3758 1819 3853 1872 tri-

2200 1895 2421 1951 bulatio
2454 1914 2585 1951 eum
2620 1915 2653 1952 a
2682 1900 3004 1956 Corinthiis
3020 1920 3287 1973 separare
3302 1908 3848 1976 posset.Permultas

2198 1986 2488 2057 tacrymas.
2523 1988 2709 2051 Quare
2740 2005 2840 2061 per
2870 1989 3085 2045 multas
3125 1992 3479 2061 manifestat,
3512 1994 3755 2051 dicens:
3792 1995 3848 2051 L't

2197 2090 2304 2129 non
2335 2078 2757 2144 contristemini,
2785 2083 2892 2133 etc.
2923 2104 2937 2147 ;
2968 2080 3136 2150 quasi
3159 2081 3376 2137 diceret
3400 2100 3413 2136 :
3440 2082 3583 2139 Nolo
3601 2100 3703 2139 vos
3723 2100 3849 2139 con-

2197 2164 2447 2232 tristare,
2480 2167 2581 2220 sed
2614 2168 2919 2223 ostendere
2950 2184 3124 2239 quam
3152 2169 3495 2226 charitatem
3518 2170 3768 2227 habeam
3792 2174 3845 2227 in

2196 2254 2382 2321 vobis,
2418 2259 2480 2308 ut
2511 2256 2568 2309 in
2600 2257 3843 2327 abundantioresollicitudine,abundantio-

2195 2358 2316 2396 rem
2352 2342 2687 2417 intelligetis
2718 2346 3086 2401 charitatem.
3124 2347 3188 2401 Et
3219 2347 3327 2403 hoc
3361 2348 3642 2420 est,quod
3666 2348 3840 2405 dicit:

2197 2432 2578 2487 Abundantius
2610 2436 2670 2487 in
2693 2435 2857 2489 vobis.

2266 2524 2330 2576 Si
2359 2524 2484 2594 quis
2511 2528 2693 2578 autem
2722 2527 3115 2591 constristavit,
3149 2530 3258 2579 etc.
3287 2526 3396 2580 Sed
3419 2540 3603 2597 quare
3626 2526 3769 2580 dicit
3791 2542 3845 2581 se

2199 2611 2820 2676 contristatum,etnon
2840 2614 3254 2669 contristatum
3280 2612 3306 2665 ?
3327 2613 3487 2668 Talis
3507 2618 3600 2668 est
3618 2631 3833 2669 sensus

2198 2699 2363 2771 quasi
2398 2701 2650 2754 diceret:
2686 2703 3057 2757 Contristatis
3088 2718 3201 2767 me,
3234 2706 3424 2756 etnon
3460 2703 3847 2767 contristatis,

2198 2788 2335 2858 quia
2364 2789 2526 2842 vobis
2559 2791 3100 2860 peccantibus,data
3130 2794 3217 2845 est
3241 2789 3383 2844 mihi
3409 2791 3642 2846 occasio
3666 2792 3843 2847 incre-

2198 2878 2371 2946 pandi
2400 2896 2413 2943 ;
2447 2883 2737 2948 quatenus
2773 2896 2902 2933 mea
2931 2879 3247 2950 increpatio
3277 2883 3334 2934 et
3366 2879 3694 2935 invectione
3734 2896 3833 2935 me-

2193 2965 2367 3021 liores
2399 2967 2795 3022 efﬁceremini.
2832 2967 2898 3022 Et
2926 2967 3033 3023 hoc
3090 2968 3345 3039 exponit,
3408 2984 3544 3023 cum
3608 2968 3750 3023 dicit
3776 2986 3836 3023 ex

2192 3060 2347 3128 parte
2368 3074 2386 3117 ,'
2419 3057 2585 3128 quasi
2618 3057 2808 3112 dicat:
2860 3062 2922 3111 In
2981 3062 3210 3113 tantum
3272 3073 3365 3112 me
3425 3058 3827 3114 contristastis.

2194 3149 2481 3213 quantum
2515 3144 2829 3213 cecidistis,
2862 3152 2919 3200 et
2944 3146 3226 3201 damnum
3258 3146 3575 3202 habuistis.
3622 3148 3687 3203 Ut
3738 3164 3830 3203 non

432 3219 787 3307 recordatur,
819 3238 1063 3293 dicendo
1092 3254 1103 3290 :
1140 3234 1280 3303 Quid
1310 3235 1474 3289 vultis
1496 3234 1620 3287 ἰι-[η
1653 3236 1808 3303 virga
1860 3235 2072 3287 veniam
2106 3219 2147 3285 C
2184 3249 2416 3287 onerent
2439 3248 2624 3287 omnes
2654 3250 2762 3288 vos.
2798 3239 2929 3288 Uuaa
2962 3242 3155 3307 partes
3185 3240 3369 3301 erant,
3404 3253 3522 3290 una
3554 3241 3740 3301 stans,
3785 3243 3833 3292 et

429 3330 499 3385 ad
527 3346 616 3385 vos
648 3329 690 3399 (l
714 3329 834 3382 (lor.
862 3343 937 3395 ιν,
960 3326 1072 3391 21),
1106 3330 1213 3377 etc.
1241 3322 1345 3377 Ubi
1382 3322 1519 3377 dicit
1553 3322 1677 3392 ipse
1740 3321 2075 3393 Gregorius,

430 3419 569 3491 quia
598 3423 739 3471 tunc
757 3430 1030 3471 summus
1046 3412 1209 3467 locus
1225 3416 1377 3466 recte
1396 3411 1636 3481 regitur,
1655 3426 1719 3464 cu
1733 3427 1786 3463 m
1805 3410 2079 3481 praelatus

432 3508 622 3579 magis
651 3504 805 3559 vitiis
845 3518 1021 3573 quam
1038 3499 1313 3555 fratribus
1332 3500 1757 3554 dominatur.[n
1790 3515 1903 3569 quo
1931 3498 2079 3553 facto

430 3600 745 3652 monentur
770 3591 1147 3665 praelati.cum
1175 3589 1409 3659 culpam
1436 3588 2080 3659 parantreprebendere

427 3686 509 3741 ita
538 3684 677 3739 vitia
704 3682 917 3737 feriant
942 3696 1042 3751 per
1072 3678 1409 3750 displinam,
1436 3682 1724 3747 quatenus
1781 3692 1883 3746 per
1913 3681 2079 3730 natu-

425 3792 550 3831 ram
582 3771 807 3828 similes
827 3787 888 3825 se
910 3785 1037 3824 esse
1060 3772 1409 3839 cognoscant
1434 3784 1445 3833 ;
1475 3782 1607 3819 nam
1635 3770 1773 3819 natu
1789 3782 1852 3819 ra
1874 3781 2080 3819 omnes

426 3864 682 3935 aequales
702 3858 1029 3931 genuit,sed
1052 3856 1207 3928 quod
1230 3872 1383 3911 unus
1400 3854 1563 3909 alteri
1580 3854 2084 3926 przefertur,culpa

432 3952 585 4008 fecit.
620 3950 782 4007 Unde
815 3963 1048 4003 necesse
1080 3950 1189 4014 est,
1226 3949 1289 3998 ut
1321 3943 1541 4016 praelati
1575 3943 1741 3999 bonis
1769 3961 1829 3999 se
1860 3943 2082 3999 similes

427 4057 558 4098 esse
577 4039 869 4113 praebeant
885 4055 898 4105 ;
916 4034 1083 4092 malis
1104 4050 1236 4089 vero
1255 4033 1544 4104 prioratus
1568 4034 1656 4088 sui
1679 4034 2082 4088 auctoritatem

426 4130 755 4187 ostendant.
808 4127 965 4182 Hanc
1024 4124 1305 4180 intellexit
1359 4123 1746 4177 intentionem
1822 4120 2081 4192 Apostoli

435 4220 649 4286 fuisse;
683 4218 781 4289 qui
807 4233 1013 4272 sensus
1038 4211 1415 4268 inconvulsus
1438 4226 1472 4265 a
1492 4210 1829 4264 doctoribus
1858 4213 1945 4263 est
1960 4226 2085 4264 ser-

432 4308 680 4363 vandus.

508 4395 653 4465 (692)
686 4394 819 4448 CAP.
851 4391 1148 4462 1|.)Statui
1177 4392 1378 4453 autem,
1412 4390 1518 4441 etc.
1549 4404 1561 4453 ;
1616 4386 1669 4440 id
1728 4389 1818 4440 est
1874 4385 2085 4446 delibo-

434 4484 579 4547 ravi,
611 4488 667 4537 et
686 4480 1042 4536 decrevi.llis
1071 4478 1270 4534 verbis
1301 4476 1553 4532 ostendit
1574 4475 1725 4546 apud
1756 4491 1817 4529 se
1849 4474 2083 4545 quidem

430 4589 531 4629 eos
564 4569 715 4626 nolle
737 4568 1067 4625 contristari
1098 4567 1238 4634 ;sed
1270 4564 1433 4631 velle,
1467 4568 1543 4653 ut
1583 4563 1694 4635 ipsi
1722 4652 1725 4653 ν
1755 4564 2080 4630 tristentur,
2110 4590 2158 4653 D

427 4666 485 4717 et
514 4660 902 4732 corrigantur,
928 4661 1237 4728 quatenus,
1268 4656 1390 4726 ipse
1420 4652 1682 4717 veniens,
1715 4652 1772 4707 in
1806 4653 1891 4707 eis
1923 4654 2078 4725 quod

428 4748 877 4822 reprehenderet
906 4763 1019 4801 non
1051 4746 1310 4800 haberet.
1346 4744 1405 4799 Si
1433 4743 1587 4798 enim
1644 4758 1758 4812 ego,
1817 4745 2079 4798 contristo

425 4854 534 4906 vos,
570 4835 1138 4893 etc.Contristaverat
1161 4834 1318 4888 enim
1340 4849 1440 4887 eos
1472 4831 1529 4886 in
1570 4830 1757 4901 prima
1780 4831 2078 4902 Epistola;

425 4942 582 4981 nunc
603 4924 739 4979 dicit
767 4941 779 4979 :
814 4924 872 4979 Si
903 4939 996 4994 ego
1025 4924 1290 4977 contristo
1320 4938 1448 4983 vos;
1473 4921 1571 4975 sed
1604 4919 1739 4973 talis
1787 4924 1877 4974 est
1946 4936 2076 4975 sen-

424 5032 565 5070 sus:
595 5016 734 5079 Vos,
768 5012 869 5085 qui
902 5029 993 5068 me
1040 5009 1417 5075 contristatis,
1474 5008 1758 5071 cadendo,
1816 5009 2077 5078 poteritis

428 5120 520 5157 me
548 5101 861 5168 laetiﬁcare,
897 5100 1275 5171 resurgendo.
1309 5098 1371 5151 Et
1398 5097 1495 5152 hoc
1511 5098 1691 5167 ipsum
1712 5099 1912 5167 scripsi
1927 5098 2076 5153 vobis

428 5188 754 5259 Scripserat
783 5191 939 5245 enim
972 5190 1029 5243 in
1054 5188 1245 5260 prima
1266 5184 1519 5257 Epistola
1543 5205 1556 5249 ς
1583 5184 1786 5239 scribit
1805 5186 1981 5240 etiam
2015 5187 2073 5241 in

426 5277 678 5306 nnnlinAn
736 5277 920 5306 noon-nn
956 5294 1043 5306 mn
1352 5291 1363 5301 θ
1404 5275 1463 5306 ΠΙ
1522 5289 1627 5306 mn“
1689 5290 1805 5306 nunn
1853 5290 2051 5306 ..ΛΜΛΜΛ

2189 3320 2367 3379 altera
2382 3322 2625 3389 cadens;
2646 3322 2745 3376 sed
2772 3324 3064 3379 stantibus
3079 3324 3306 3379 videzur
3324 3323 3834 3396 Apostolusloqui,

2190 3426 2337 3480 quos
2370 3426 2480 3464 non
2514 3415 2717 3464 onerat
2749 3427 2763 3476 ;
2799 3417 2855 3466 et
2886 3412 2935 3466 si
2968 3411 3096 3467 illos
3118 3430 3235 3468 non
3267 3418 3489 3482 onerat,
3515 3418 3721 3468 onerat
3748 3430 3838 3468 ca-

2190 3499 2413 3563 dentes,
2448 3497 2596 3565 ideo,
2632 3500 2769 3569 quia
2790 3517 2902 3571 quo
2928 3500 3115 3572 magis
3138 3500 3334 3572 plures
3356 3502 3429 3556 de
3452 3501 3713 3557 facinore
3746 3518 3839 3556 cu-

2182 3586 2428 3656 juslibet
2456 3587 2947 3653 scandalizentur,
2982 3606 3045 3644 eo
3077 3590 3312 3661 gravius
3342 3596 3612 3661 peccant.

2263 3675 2481 3746 Sit/[icit
2511 3677 2602 3731 illi
2633 3679 2729 3747 qui
2756 3678 3024 3747 ejusmodi
3059 3682 3154 3743 est,
3189 3687 3297 3734 etc.
3330 3682 3369 3735 A
3405 3680 3679 3736 Pluribus
3712 3680 3843 3736 dicit

2192 3764 2328 3835 quia
2350 3782 2382 3818 a
2404 3764 2605 3819 multis
2628 3765 2816 3820 fuerat
2836 3766 3164 3838 increpatus
3178 3771 3233 3821 et
3258 3768 3844 3839 objurgatus.0mnes

2193 3853 2345 3908 enim
2381 3871 2496 3909 uno
2518 3854 2714 3909 animo
2746 3860 3231 3911 consurrexerant
3251 3857 3318 3911 ad
3345 3858 3472 3927 ejus
3495 3857 3843 3930 increpatio-

2192 3960 2321 3997 nem
2355 3948 2411 3998 et
2467 3942 2903 4014 expulsionem:
2945 3948 3001 3998 et
3051 3943 3179 4000 ideo
3208 3944 3369 4015 dicit,
3403 3946 3637 4017 suﬁici;
3685 3953 3843 4020 quasi

2193 4032 2447 4091 diceret;
2478 4031 2707 4086 Sufﬁcit
2723 4032 2792 4086 ad
2809 4034 2937 4101 ejus
2963 4033 3842 4105 correptionem,expulsionem,

2194 4125 2250 4173 et
2280 4118 2701 4181 confusionem,
2736 4124 2793 4174 et
2822 4121 3314 4186 emendationem,
3362 4121 3499 4192 quia
3550 4140 3584 4176 a
3648 4122 3843 4179 multis

2193 4208 2583 4279 redarguitur,
2614 4207 2751 4278 quia
2780 4213 3008 4263 tantum
3037 4209 3169 4279 quis
3192 4210 3464 4266 abhorret
3486 4226 3674 4266 suum
3709 4212 3842 4267 deli-

2193 4302 2371 4357 ctum,
2405 4301 2690 4368 quantum
2723 4296 2867 4353 alios
2898 4298 3195 4370 cognoscit
3223 4299 3538 4355 abhorrere

2192 4388 2274 4442 Ita
2326 4395 2374 4441 et
2433 4376 2653 4441 econtra
2709 4388 2887 4455 magis
2942 4386 3155 4442 donetis
3212 4393 3320 4442 etc.
3372 4388 3551 4452 Quasi
3584 4388 3840 4443 diceret:

2193 4476 2354 4531 Sicut
2383 4492 2587 4530 omnes
2617 4492 2732 4528 uno
2764 4475 2961 4530 animo
2994 4475 3065 4529 ad
3096 4476 3225 4547 ejus
3255 4474 3666 4548 expulsionem
3685 4477 3841 4532 etin-

2191 4564 2579 4635 crepationem
2613 4564 2950 4618 surrexistis
2995 4563 3074 4618 ita
3131 4569 3365 4619 econtra
3415 4581 3629 4620 omnes
3690 4576 3841 4638 reque

2190 4651 2406 4721 animo,
2438 4651 2524 4706 vel
2559 4650 2765 4720 magis,
2799 4652 2870 4707 ad
2901 4652 3027 4721 ejus
3060 4652 3450 4724 receptionem
3481 4658 3541 4707 et
3574 4652 3837 4708 subleva-

2191 4740 2403 4794 tionem
2438 4742 2792 4813 consurgite,
2827 4746 2891 4795 ut
2918 4740 3095 4796 illud:
3130 4742 3261 4797 Nolo
3288 4749 3520 4797 mortem
3546 4743 3841 4813 peccatoris

2190 4830 2377 4883 Ezech.
2403 4846 2601 4899 xxxm,
2638 4831 2723 4900 ll)
2754 4848 2767 4896 ;
2801 4834 2858 4885 et
2889 4830 3217 4902 Quacunque
3274 4830 3408 4886 hora
3455 4836 3723 4902 peccator
3776 4828 3837 4884 ad

2188 4934 2274 4973 me
2298 4934 2587 4974 conversus
2616 4921 2785 4989 luerit
2816 4919 3005 4990 (Ibid.,
3039 4921 3146 4991 12),
3179 4924 3286 4974 etc.
3311 4919 3662 4991 Specialiter
3690 4918 3835 4975 enim

2187 5014 2325 5063 tunc
2356 5008 2671 5080 Apostolus
2702 5008 2868 5063 illum
2904 5014 3252 5081 praeceperat
3284 5008 3545 5080 ejici,qui
3598 5023 3834 5065 uxorem

2185 5103 2368 5168 patris
2400 5096 2712 5152 violaverat
2744 5100 2788 5168 (I
2818 5098 2938 5154 Cor.
2970 5116 3024 5159 v.
3061 5100 3132 5170 1).
3156 5098 3265 5153 Sed
3300 5102 3494 5153 tamen
3531 5098 3658 5153 haec
3720 5113 3836 5153 sen-

2184 5186 2366 5240 tentia
2394 5186 2463 5241 ad
2497 5202 2700 5241 omnes
2732 5188 2956 5253 attinet,
2990 5188 3086 5259 qui
3121 5192 3255 5241 tunc
3286 5184 3756 5257 expellebantur,
3785 5188 3835 5239 et

2184 5288 2337 5306 nnnn
2370 5272 2740 5306 nvnn‘lnnbnn
2794 5276 3045 5306 pinnnnnb
3090 5274 3240 5306 Ληῖνη
3306 5274 3468 5306 illum
3527 5274 3584 5306 ;n
3654 5274 3829 5306 τκ-ἶνηο
