3990 5306
141 366 246 443 es

692 382 1107 447 EXPOSITIO
1154 385 1229 445 IN
1277 385 1706 447 EPISTOLAS
1755 387 2114 447 PAULL—
2144 388 2221 449 IN
2266 389 2510 450 EPIST.
2558 390 2607 448 ll
2656 389 2755 448 AD
2800 390 2975 449 COR.

3418 392 3535 453 426

141 514 484 587 paenitentiae
520 514 763 571 fecisse:
801 533 957 585 nam,
993 517 1104 573 nisi
1137 517 1524 589 cognovisset,
1560 535 1776 589 nequa-
1809 520 1861 584 Α
1896 519 2216 589 periculum
2249 522 2446 592 instat,
2471 521 2634 578 valde
2656 521 2976 577 cavendum
3010 522 3116 591 est,
3141 522 3410 591 ut,juxta
3434 524 3532 578 Sa-

139 620 302 675 quam
336 604 594 676 recipere
616 605 900 676 jussisset
930 624 943 673 ;
976 624 1112 662 nam
1137 606 1475 678 poenitentia
1496 624 1620 679 quae
1644 624 1776 662 cum

137 691 321 749 dolore
354 694 527 749 fuerit
557 695 751 750 oblata
784 696 977 751 fructu
1010 715 1123 751 non
1156 697 1376 751 carebit
1408 714 1420 750 :
1467 697 1620 768 quod
1654 713 1776 751 ma-

137 782 436 838 nifestatur
469 785 525 838 in
568 785 739 839 David
777 789 832 839 et
862 785 921 839 in
956 786 1153 840 Achab
1177 786 1347 855 (693).
1378 791 1458 843 Ne
1487 787 1776 841 abundan-

136 874 249 926 tiori
277 875 515 927 tristitia
549 874 941 935 absorbeatur;
974 876 1142 946 quasi
1177 876 1394 931 diceret
1428 894 1439 929 :
1486 874 1777 946 Suscipite

137 959 311 1026 illum,
347 978 419 1015 ne
454 961 599 1015 forte
629 978 663 1015 a
704 961 905 1017 limine
936 962 1205 1017 Ecclesiae
1239 965 1532 1034 projectus
1575 963 1727 1017 dicat
1760 979 1773 1017 :

137 1049 246 1104 Jam
266 1049 406 1119 quia
433 1054 722 1119 proiectus
746 1068 777 1105 a
798 1049 1002 1105 limine
1020 1052 1286 1106 Ecclesiae
1311 1069 1465 1116 sum,
1483 1052 1775 1106 consortio

139 1140 408 1193 bonorum
435 1156 546 1194 non
574 1140 755 1201 fruor,
776 1140 845 1195 de
873 1158 977 1212 spe
999 1140 1319 1195 caelestium
1347 1142 1633 1195 donorum
1659 1157 1772 1195 non

134 1244 449 1297 praesumo;
484 1228 619 1300 quid
666 1234 864 1297 restat,
899 1229 1010 1284 nisi
1043 1229 1250 1284 saltem
1284 1229 1771 1284 delectationibus

134 1316 544 1387 temporalibus
565 1318 763 1371 fruar?
780 1316 945 1373 Unde
969 1318 1133 1373 valde
1152 1336 1387 1374 necesse
1405 1323 1495 1374 est
1517 1324 1580 1373 ut
1598 1336 1775 1374 causa

134 1404 339 1477 proprii
374 1405 567 1461 delicti
604 1407 768 1461 fratri
814 1408 1375 1476 condescendamus,
1411 1425 1481 1463 ne
1528 1407 1624 1463 ille
1672 1407 1773 1479 qui

130 1494 241 1549 ideo
265 1499 462 1550 fuerat
485 1496 704 1567 ejectus
736 1501 801 1550 ut
832 1497 1207 1567 reciperetur,
1231 1514 1347 1551 non
1380 1501 1667 1567 receptus,
1699 1497 1770 1551 ad

128 1583 548 1654 blasphemiam
573 1588 628 1639 et
650 1585 721 1639 ad
745 1584 1021 1640 barathra
1046 1585 1407 1641 infidelitatis
1429 1586 1770 1657 desperatus

130 1672 409 1727 trahatur.

183 1761 459 1833 Sequitur
492 1779 504 1817 :
557 1765 789 1834 Propter
829 1763 973 1835 quod
1001 1765 1240 1833 obsecro,
1273 1768 1381 1819 etc.
1414 1763 1766 1818 Charitatem

125 1850 246 1906 dicit
267 1851 439 1907 illam
464 1868 579 1922 qua
598 1852 958 1908 intellexerat
982 1868 1042 1907 se
1072 1852 1475 1907 remissionem
1496 1869 1768 1908 consecu-
1798 1890 1846 1955 Β

124 1945 229 1995 tum
245 1940 520 1996 omnium
537 1940 873 1995 delictorum
887 1941 1263 1996 .Cbaritatem
1277 1957 1410 1995 vero
1424 1943 1569 1995 conti
1582 1959 1770 1997 rmare

124 2029 169 2083 in
194 2028 317 2100 illo,
344 2034 433 2083 est
458 2028 730 2083 aﬁ'ectum
756 2030 989 2101 pietatis
1012 2030 1467 2100 ostendere,qua
1488 2033 1544 2084 et
1570 2031 1770 2086 remis-

128 2118 332 2173 sionem
368 2124 748 2189 peccatorum
784 2135 845 2173 se
877 2123 1255 2174 consecutum
1280 2123 1582 2190 agnoscat,
1609 2122 1666 2175 et
1697 2121 1768 2175 de

134 2224 217 2279 spe
243 2206 409 2278 regni
444 2206 696 2261 cmlestis
728 2212 1064 2278 praesumat.
1100 2206 1378 2277 Sequitur
1413 2226 1425 2263 :
1466 2208 1587 2262 Ideo
1618 2211 1763 2263 enim

137 2297 234 2352 hcce
250 2296 467 2368 scripsi,
490 2301 551 2350 ut
574 2312 892 2366 cognoscam
916 2298 1353 2368 experimentum
1374 2305 1628 2364 vestrum,
1654 2302 1761 2352 etc.

130 2381 216 2439 His
242 2385 435 2440 verbis
470 2385 722 2439 ostendit
774 2385 929 2457 quod
981 2386 1093 2457 ipsi
1134 2386 1261 2456 jam
1311 2391 1605 2457 conparant
1638 2403 1765 2442 esse

126 2474 448 2529 obedientes
483 2493 494 2529 :
553 2473 804 2529 maxime
853 2475 925 2529 ob
965 2474 1094 2541 hoc,
1128 2473 1268 2545 quia
1298 2491 1364 2529 ea
1394 2481 1764 2530 corrcxerant

119 2579 231 2632 quae
257 2564 327 2618 ad
366 2562 594 2618 cultum
627 2562 761 2618 ﬁdei
795 2567 853 2617 et
883 2563 1146 2617 ordinem
1179 2562 1641 2619 ecclesiasticum
1674 2568 1761 2619 at-

118 2652 392 2707 tinebant.
425 2653 495 2707 Et
544 2652 673 2707 ideo
721 2652 1016 2723 ascripsit,
1068 2659 1133 2707 ut
1182 2653 1363 2707 istum
1416 2654 1759 2725 reciperent,

114 2747 402 2812 quatenus
424 2740 695 2812 probaret
716 2742 763 2795 si
799 2742 855 2795 in
881 2742 1157 2795 omnibus
1180 2742 1516 2797 obedientes
1540 2747 1755 2810 essent,

112 2830 238 2901 quia
268 2829 375 2885 illa
402 2847 537 2884 vera
566 2834 653 2883 est
683 2829 1031 2895 obedientia,
1065 2844 1189 2897 quas
1238 2830 1296 2882 in
1347 2830 1507 2883 nullo
1556 2832 1754 2901 praeci-

110 2920 323 2990 pientis
358 2916 648 2973 voluntati
682 2918 917 2971 resistit.

169 3006 501 3077 Sequitur:
555 3004 614 3057 Si
661 3006 751 3059 cui
796 3005 1013 3075 aliquid
1064 3003 1300 3066 donatis,
1334 3008 1391 3059 et
1440 3008 1540 3059 rel.
1574 3006 1641 3061 Et
1670 3011 1759 3062 est

100 3112 318 3150 sensus
346 3110 359 3146 :
385 3092 564 3146 Vobis
590 3093 932 3163 rogantibus
954 3109 1057 3163 ego
1081 3092 1313 3157 donavi,
1337 3093 1559 3148 debetis
1580 3099 1635 3149 et
1654 3112 1754 3151 vos

100 3200 187 3239 me
226 3186 481 3253 rogante
512 3181 744 3236 donare.
771 3181 1085 3236 Sciendum
1118 3199 1258 3236 sane
1280 3182 1417 3252 quia
1450 3200 1562 3237 non
1595 3188 1755 3240 tanta

1888 607 2202 677 lomonem,
2235 627 2420 681 neque
2452 612 2521 666 ad
2554 613 2870 681 dexteram,
2904 625 3091 681 neque
3124 609 3195 664 ad
3228 610 3530 668 sinistram

1886 697 2249 754 declinemus
2280 701 2462 771 (Prov.
2498 718 2571 765 1v,
2603 704 2709 767 27;
2747 701 2874 755 Isai.
2907 718 3035 765 xxx,
3068 700 3180 767 21).

1958 787 2236 858 Sequitur
2266 805 2278 842 :
2331 790 2443 844 Non
2487 790 2634 843 enim
2674 793 2991 859 ignoramus
3022 788 3368 859 cogitationes
3394 791 3527 862 ejus.

1888 873 2051 930 Hunc
2078 875 2269 931 locum
2294 878 2501 933 beatus
2534 895 2682 949 papa
2705 877 3015 949 Gregorius
3042 879 3121 932 ita
3148 878 3401 950 exponit.
3436 880 3529 933 Di-

1886 964 1963 1017 cit
1995 965 2146 1019 enim
2185 984 2197 1020 :
2252 968 2341 1021 lla
2373 972 2511 1022 sunt
2542 966 2726 1021 hostis
2758 967 2980 1038 antiqui
3013 968 3305 1035 versutiae,
3339 973 3401 1023 ut
3430 986 3532 1040 per

1885 1052 2270 1109 immoderata
2295 1057 2446 1111 bona
2471 1055 2634 1110 fallat
2654 1056 2939 1110 incautos.
2965 1056 3110 1111 Nam
3136 1056 3267 1112 inde
3298 1057 3443 1112 solet
3470 1058 3530 1112 in

1884 1144 2054 1199 corde
2084 1144 2322 1198 alterius
2355 1144 2574 1199 malum
2608 1162 2882 1216 generare
2915 1145 3068 1209 rixae,
3095 1146 3248 1201 unde
3281 1145 3529 1202 alterum

1882 1232 2034 1286 videt
2068 1232 2395 1304 neglectum
2432 1234 2661 1304 pietatis
2693 1234 2919 1290 fecisse.
2954 1223 3239 1299 Quoniam
3282 1236 3531 1306 perfecte

1882 1320 2100 1375 bonum
2136 1338 2263 1377 esse
2294 1339 2407 1377 non
2444 1327 2651 1394 potest,
2678 1324 2828 1393 quod
2866 1323 2946 1377 ita
2977 1324 3191 1393 agitur,
3216 1323 3264 1378 si
3296 1341 3411 1379 non
3443 1328 3529 1379 at-

1882 1410 2083 1464 tendat
2103 1411 2256 1481 quod
2288 1410 2425 1465 mali
2456 1429 2523 1465 ex
2555 1410 2736 1467 altera
2767 1415 2928 1481 parte
2952 1411 3205 1466 oriatur:
3243 1411 3351 1468 nisi
3387 1412 3530 1468 forte

1881 1497 1994 1553 tale
2022 1499 2096 1553 sit
2120 1498 2264 1554 illud
2292 1500 2530 1568 bonum,
2556 1500 2710 1571 quod
2738 1500 2961 1571 absque
2985 1500 3224 1555 alterius
3251 1501 3527 1556 seandalo

1882 1587 2003 1642 fieri
2038 1606 2151 1643 non
2186 1590 2392 1660 possit,
2418 1594 2474 1643 et
2504 1606 2617 1644 non
2645 1588 2849 1643 fecisse
2872 1593 3170 1659 peccatum
3206 1589 3300 1644 sit.
3325 1590 3526 1645 Addu-

1879 1675 1957 1730 cit
1978 1678 2182 1732 beatus
2206 1696 2354 1750 papa
2374 1678 2687 1750 Gregorius
2716 1677 2881 1731 illum
2910 1678 3006 1748 qui
3032 1678 3249 1733 crimen
3278 1678 3523 1734 commi-

1879 1766 1955 1820 sit
1978 1767 2045 1819 ad
2070 1766 2492 1837 testimonium,
2508 1772 2565 1823 et
2585 1766 2857 1839 intelligit
2878 1782 3009 1821 eum
3028 1766 3280 1837 jussisse
3298 1768 3525 1823 tradere

1878 1854 2130 1922 diabolo,
2167 1856 2304 1910 dum
2348 1856 2621 1928 praecepit
2650 1856 2875 1911 Satanae
2907 1856 3155 1911 tradere.
3189 1856 3338 1911 Dicit
3366 1856 3525 1913 enim

1880 1944 2018 2016 quia
2050 1961 2262 2014 magna
2294 1945 2615 2017 magisterii
2648 1949 2771 2000 arte
2803 1950 2997 2000 actum
3029 1948 3137 2012 est,
3173 1951 3237 2000 ut
3285 1944 3379 2001 ille
3425 1964 3526 2001 co-

1878 2037 2043 2087 actus
2064 2034 2536 2089 substerneretur
2557 2034 2611 2088 in
2638 2034 2941 2105 pmna,qui
2967 2038 3173 2105 sponte
3192 2036 3525 2091 substratus

1877 2126 1965 2176 est
1995 2122 2051 2175 in
2084 2122 2278 2193 culpa,
2313 2126 2369 2176 et
2398 2122 2498 2193 qui
2530 2127 2732 2177 auctor
2775 2122 2884 2177 fuit
2933 2121 3167 2177 malitize
3223 2122 3280 2177 in
3331 2122 3525 2195 culpa,

1877 2215 2029 2266 esset
2058 2209 2355 2281 ﬂagellum
2389 2210 2711 2281 disciplinas
2743 2210 2799 2265 in
2845 2229 3032 2283 poena.
3068 2210 3315 2282 Exponit
3345 2212 3524 2266 etiam

1876 2300 2000 2370 ipse
2032 2317 2158 2371 quas
2190 2298 2329 2353 dicit
2355 2300 2671 2370 Apostolus
2708 2317 2718 2353 :
2773 2300 2835 2354 Si
2883 2302 2976 2354 cui
3023 2300 3289 2365 donastis,
3318 2303 3367 2354 et
3406 2317 3521 2370 ego,

1874 2389 2041 2458 quasi
2068 2388 2313 2444 dixisset
2344 2405 2356 2442 :
2391 2388 2613 2443 Vestris
2637 2389 2806 2443 bonis
2831 2388 3058 2442 actibus
3081 2405 3276 2442 meum
3304 2389 3521 2443 bonum

1874 2478 2172 2548 conjunxi,
2205 2478 2341 2548 quia
2374 2494 2570 2532 meum
2602 2494 2728 2533 esse
2760 2477 2907 2547 volo,
2942 2480 2990 2532 si
3042 2476 3181 2546 quid
3226 2475 3362 2531 boni
3393 2493 3517 2530 ero-

1872 2565 2021 2638 gatis
2054 2566 2223 2636 (694).

1942 2654 2251 2725 Sequitur:
2289 2657 2362 2710 Et
2393 2672 2506 2726 ego,
2531 2657 2580 2709 si
2608 2657 2700 2711 cui
2728 2656 2948 2719 donavi,
2973 2659 3107 2723 etc.,
3138 2652 3305 2725 quasi
3337 2653 3515 2708 dixis-

1870 2747 1992 2798 set:
2029 2744 2252 2798 Vestris
2275 2744 2444 2799 bonis
2478 2762 2672 2799 meum
2696 2745 2917 2799 bonum
2951 2742 3189 2811 sociavi,
3222 2742 3359 2814 quia
3382 2760 3512 2815 pro-

1866 2836 1994 2903 pter
2016 2847 2118 2886 vos
2148 2832 2558 2887 misericordiae
2591 2850 2737 2904 opus
2759 2832 3040 2904 impendi.
3067 2832 3131 2886 Et
3153 2837 3217 2887 ut
3243 2832 3509 2887 ostende-

1868 2926 1952 2973 ret
1983 2920 2081 2973 ubi
2115 2920 2235 2973 haec
2268 2922 2697 2992 compaginatio
2729 2922 2912 2989 fieret,
2937 2922 3262 2993 subjungit,
3286 2923 3350 2977 in
3374 2937 3506 2992 per-

1864 3023 1998 3061 sona
2030 3008 2254 3062 Christi.
2289 3010 2394 3063 Sed
2428 3010 2567 3079 quia
2599 3015 2823 3080 poterat
2854 3011 3066 3081 aliquis
3097 3011 3145 3065 ei
3179 3011 3369 3065 dicere
3405 3029 3417 3066 :
3462 3011 3506 3067 Ο

1864 3095 2154 3167 Apostole,
2183 3114 2363 3167 quare
2385 3102 2438 3150 te
2469 3098 2547 3151 ita
2570 3097 2868 3161 humilius,
2896 3115 3075 3168 quare
3098 3105 3151 3153 te
3177 3100 3253 3153 ita
3280 3100 3509 3169 subdis,

1866 3189 1929 3238 ut
1946 3184 2376 3240 Corinthiorum
2402 3185 2553 3240 bona
2572 3186 2687 3239 tuis
2709 3185 3024 3253 assimiles,
3040 3191 3094 3240 et
3111 3192 3211 3241 tua
3236 3186 3512 3243 illorum?

100 3271 472 3343 providentia
502 3276 624 3325 erat
657 3270 713 3324 in
747 3270 898 3337 istis,
935 3274 1154 3341 quanta
1186 3270 1243 3325 in
1276 3270 1571 3341 Apostolo.
1607 3271 1751 3328 Nam
1785 3255 1827 3321 C
1867 3271 1995 3327 ideo
2029 3274 2371 3345 subjunxit:
2405 3276 2482 3329 Ne
2510 3276 3007 3328 circumveniamur
3035 3292 3067 3329 a
3097 3274 3323 3331 Satana.
3348 3276 3417 3330 Et
3448 3280 3513 3332 ut

103 3362 239 3431 ipse,
269 3358 565 3431 quidquid
598 3359 824 3431 agebat,
852 3358 1191 3430 spiritaliter
1213 3360 1439 3432 agebat,
1465 3360 1601 3431 quia
1624 3362 1754 3433 Spi-

102 3450 205 3504 ritu
231 3452 446 3504 sancto
472 3446 677 3519 plenus
699 3451 857 3503 erat:
893 3448 989 3502 isti
1020 3464 1152 3503 vero
1185 3447 1589 3521 intelligebant
1620 3468 1751 3505 mox

102 3538 438 3593 donandum
464 3553 592 3591 esse
614 3538 767 3609 quod
792 3537 1105 3608 Apostolus
1131 3538 1393 3608 petebat;
1422 3556 1555 3593 nam
1582 3539 1629 3593 si
1658 3538 1751 3595 ille

103 3627 443 3699 rogantibus
476 3624 589 3679 illis
623 3624 878 3693 donavit,
906 3625 1091 3680 multo
1122 3626 1330 3697 magis,
1356 3625 1455 3683 illo
1488 3633 1747 3700 rogante,

102 3714 203 3786 ipsi
230 3715 565 3771 debuerant
595 3715 830 3769 donare.
867 3714 932 3768 Et
961 3714 1069 3769 hoc
1103 3716 1429 3781 sciendum,
1455 3718 1594 3787 quia
1627 3718 1749 3788 ipse

103 3805 443 3861 incitaverat
474 3820 573 3859 eos
606 3807 670 3858 ut
700 3803 977 3873 ejicerent
1005 3802 1171 3856 illum
1205 3804 1304 3873 qui
1338 3804 1558 3858 crimen
1591 3822 1749 3859 com-

104 3894 333 3950 miserat
367 3891 793 3963 fornicationis,
826 3897 884 3946 et
922 3896 985 3945 ut
1014 3890 1145 3945 duri
1177 3892 1459 3947 adversus
1493 3908 1627 3946 eum
1660 3910 1750 3948 es-

105 3986 240 4050 sent,
273 3987 331 4038 et
362 3982 496 4038 ideo
528 3985 646 4036 tam
683 3980 946 4035 studiose
986 3979 1228 4051 rogabat
1272 3984 1335 4034 ut
1386 3982 1752 4053 susciperent

105 4087 243 4127 eum.
278 4077 346 4127 Et
396 4070 542 4143 quia
588 4068 706 4124 illis
756 4068 1102 4141 rogantibus
1150 4068 1409 4136 donavit,
1442 4070 1569 4124 ideo
1611 4071 1752 4126 dicit

106 4170 304 4232 propter
349 4176 468 4217 vos.
504 4160 573 4215 Et
616 4162 679 4214 ut
722 4162 954 4231 gratum
1003 4174 1179 4213 suum
1218 4175 1365 4229 opus
1397 4159 1750 4225 ostenderet,

109 4248 250 4320 dicit,
272 4253 332 4305 in
364 4264 603 4321 persona
626 4247 864 4315 Christi,-
887 4248 985 4302 ubi
1014 4262 1189 4302 suum
1213 4263 1360 4317 opus
1386 4246 1596 4302 Christi
1622 4263 1750 4303 esse

112 4338 464 4405 monstravit,
501 4338 671 4407 cujus
701 4338 1056 4407 fungebatur
1090 4335 1397 4406 legatione.
1433 4335 1595 4391 Unde
1627 4337 1751 4408 ipse

112 4427 232 4482 dicit
271 4447 282 4484 :
338 4430 695 4499 Quaecunque
740 4426 1013 4481 solveritis
1063 4440 1227 4495 super
1281 4428 1489 4480 terram
1538 4426 1748 4492 (Matth.

112 4531 250 4582 xviii,
284 4519 395 4591 18),
452 4520 563 4572 etc.
622 4517 809 4580 Quare
864 4530 994 4569 vero
1047 4512 1347 4568 donaverit
1392 4513 1749 4580 manifestat,

1866 3367 2219 3417 monstraret
2251 3380 2428 3434 quam
2463 3368 2631 3418 acuto
2664 3364 2881 3419 mentis
2913 3381 3087 3419 sensu
3120 3380 3358 3437 sagaces
3391 3365 3513 3420 dia-

1862 3450 1980 3504 boli
2012 3451 2256 3506 insidias
2289 3456 2640 3523 penetraret,
2667 3452 2971 3522 subjunxit
2998 3470 3009 3507 :
3044 3454 3161 3508 Non
3182 3455 3332 3509 enim
3362 3456 3515 3525 igno-

1862 3557 2078 3611 ramus,
2103 3545 2213 3595 etc.
2246 3541 2311 3595 Et
2340 3547 2428 3596 est
2460 3559 2707 3597 sensus:
2742 3542 2857 3597 Deo
2892 3546 3127 3597 auctore
3147 3542 3301 3598 acuti
3334 3545 3511 3599 sudes

1862 3645 2089 3698 sumus,
2126 3629 2262 3700 quia
2312 3634 2481 3685 acuto
2512 3630 2725 3686 mentis
2758 3631 2990 3701 ingenio
3024 3649 3271 3703 sagaces.
3294 3632 3511 3689 diaboli

1861 3718 2106 3773 insidias
2137 3725 2533 3790 penetramus,
2567 3738 2638 3774 ne
2672 3721 2814 3775 forte
2848 3722 3001 3792 quod
3035 3723 3180 3777 bene
3219 3739 3387 3778 mens
3418 3724 3507 3778 in-

1861 3806 2054 3872 choat,
2088 3806 2214 3877 ipse
2265 3808 2321 3860 in
2371 3808 2604 3862 malitiae
2638 3809 2809 3863 tinem
2843 3816 3155 3865 convertat.
3190 3815 3319 3866 Haec
3351 3812 3507 3868 enim

1862 3895 1919 3947 in
1953 3893 2117 3948 libris
2151 3895 2471 3950 moralibus
2503 3896 2644 3950 dicit
2672 3897 2878 3951 beatus
2908 3915 3060 3968 papa
3089 3899 3421 3971 Gregorius,
3446 3900 3506 3956 in

1861 3982 1958 4038 lllo
1990 3982 2259 4037 videlicet
2292 3984 2435 4050 loco,
2472 3985 2572 4037 ubi
2605 3984 2816 4056 legitur
2851 4002 2861 4039 :
2914 3986 3221 4042 Absorbebit
3248 3990 3504 4059 ﬂuvium,

1858 4075 1910 4126 et
1938 4089 2047 4126 non
2081 4072 2379 4126 mirabitur
2408 4073 2553 4140 (Job.
2588 4089 2677 4139 XL,
2712 4072 2839 4144 18);
2888 4078 2945 4127 et
2991 4074 3163 4145 paulo
3215 4081 3344 4146 post
3376 4095 3388 4131 :
3443 4080 3508 4132 In

1859 4161 2030 4215 oculis
2077 4162 2192 4215 suis
2238 4160 2417 4231 capiet
2459 4176 2603 4231 eum,
2635 4164 2686 4215 et
2717 4161 2776 4214 in
2806 4162 3027 4216 sudibus
3058 4165 3171 4217 suis
3197 4163 3509 4236 per/brabit

1860 4266 2019 4304 nares
2067 4252 2181 4317 eius
2204 4249 2387 4320 (112111.,
2405 4250 2520 4320 19);
2546 4250 2643 4304 ubi
2668 4266 2769 4321 per
2790 4251 2964 4306 sudes
2981 4251 3367 4307 subtilissima
3389 4252 3512 4308 vult

1862 4338 2105 4410 intelligi
2141 4343 2480 4394 sanctorum
2512 4338 2777 4407 consilia,
2810 4345 2865 4396 et
2908 4357 3009 4411 per
3050 4357 3219 4397 nares
3252 4341 3510 4399 occultas

1861 4427 2077 4481 diaboli
2110 4426 2377 4483 insidias.

1931 4516 2078 4586 (695)
2113 4516 2435 4586 Sequitur:
2495 4516 2628 4571 Cum
2678 4520 2943 4573 venissem
2991 4524 3181 4575 autem
3224 4520 3506 4589 Troadem,

114 4603 232 4660 dum
257 4605 690 4678 subjunxit:Ne
706 4602 1748 4673 circumveniantur,inquit,aSatana.
1783 4624 1828 4688 Ι)
1862 4607 1969 4658 etc.
2006 4604 2173 4675 (696).
2225 4604 2436 4659 Narrat
2484 4605 2641 4660 enim
2688 4606 3000 4677 Apostolus
3048 4609 3363 4664 Corinthiis
3400 4609 3510 4664 iter

116 4692 408 4750 Sciendum
435 4711 567 4749 vero
592 4693 730 4765 quia
753 4691 1211 4748 circumvenitur
1242 4708 1275 4745 a
1304 4692 1516 4747 Satana
1544 4691 1630 4747 vel
1663 4692 1750 4747 ni-

120 4783 284 4839 mium
309 4782 618 4851 remissus,
644 4782 731 4838 vel
764 4782 1011 4837 nimium
1041 4796 1293 4836 severus.
1320 4781 1492 4835 Verbi
1525 4782 1747 4851 gratia:

120 4870 513 4929 suntnonnulli
531 4871 630 4943 qui
646 4872 767 4926 suis
782 4868 1750 4939 auditoribusvoluntviderilenes,

120 4958 297 5017 blandi
311 4967 367 5018 et
385 4960 645 5016 effabiles
660 4966 716 5014 et
733 4960 859 5016 ideo
874 4976 1076 5015 eorum
1092 4963 1281 5013 errata
1299 4976 1414 5014 non
1431 4961 1748 5031 corrigunt;

121 5046 171 5100 hi
194 5050 326 5106 tales
348 5068 381 5105 a
399 5051 620 5104 Satana
636 5049 1194 5104 circumveniuntur.
1213 5048 1363 5103 Sunt
1388 5049 1523 5102 item
1548 5049 1645 5121 qui
1671 5049 1753 5104 ni-

122 5137 223 5192 mio
241 5138 384 5212 legis
409 5137 534 5193 zelo
556 5139 781 5194 accensi
800 5140 945 5193 adeo
968 5144 1403 5207 persequuntur
1420 5155 1577 5206 suos,
1596 5144 1659 5194 ut
1680 5141 1750 5195 ad

124 5226 566 5299 desperationem
596 5229 935 5299 pertrahunt
960 5242 970 5278 :
1002 5229 1057 5279 et
1086 5225 1181 5279 isti
1214 5244 1247 5281 a
1270 5227 1487 5282 Satana
1508 5228 1753 5285 circum-

1863 4709 2058 4757 suum,
2082 4708 2214 4746 cum
2245 4692 2404 4759 dicit,
2434 4710 2558 4748 cum
2578 4696 2843 4749 venissem
2866 4696 3138 4750 Troadem.
3157 4697 3304 4751 Nam
3329 4713 3508 4768 quare

1861 4782 2102 4836 venerit.
2139 4780 2494 4836 manifestat.
2530 4782 2655 4835 Non
2686 4782 2955 4839 videlicet
2993 4801 3171 4840 causa
3212 4785 3506 4849 vanitatis,

1864 4870 1963 4924 sed
1990 4878 2217 4941 pr0pter
2236 4870 2595 4940 Evangelium
2615 4872 2839 4927 Christi.
2868 4873 2929 4926 In
2954 4889 3067 4944 quo
3092 4874 3240 4929 facto
3267 4888 3509 4928 monen-

1862 4964 1959 5013 tur
1982 4959 2409 5029 prazdicatores,
2436 4963 2499 5013 ut
2522 4976 2634 5013 non
2658 4961 2990 5018 discurrant
3013 4979 3190 5019 causa
3214 4958 3513 5024 vanitatis,

1866 5049 1964 5102 sed
2000 5066 2241 5104 suorum
2274 5049 2604 5103 auditorum
2639 5051 2866 5107 salutis.

1937 5137 2209 5208 Sequitur
2237 5156 2248 5192 :
2286 5138 2401 5193 Non
2431 5137 2601 5190 habui
2630 5144 2877 5212 requiem
2904 5139 3133 5208 spiritui
3159 5153 3296 5194 meo.
3332 5138 3523 5201 Quare

1870 5241 1982 5280 non
2014 5228 2286 5281 habuerit
2310 5226 2569 5297 requiem
2598 5231 2973 5285 manifestat:
3000 5242 3061 5278 eo
3085 5228 3225 5297 quod
3246 5243 3354 5281 non
3377 5226 3529 5278 inve-
