3990 5306
347 322 461 380 427

1365 321 1702 380 ATTONlS
1751 317 2336 381 VERCELLENSIS
2386 318 2736 380 EPISCUPI

3643 313 3750 374 428

345 451 668 524 plurimum
686 451 973 509 sollicitus
996 456 1117 508 erat
1140 470 1242 524 pro
1263 468 1360 508 eo:
1387 435 1663 523 quoniam
1686 453 1994 526 ignorabat
2022 454 2077 518 Α
2107 452 2279 524 digiis
2303 458 2390 508 est
2411 453 2842 524 confirmatum,
2859 449 2997 521 quia
3014 453 3160 503 Deus
3179 445 3490 502 invisibilis
3519 449 3762 518 prolitcr

349 546 544 596 utrum
580 557 864 614 prospera
898 543 967 596 de
999 541 1338 608 Corinthiis,
1372 560 1444 596 an
1493 545 1736 598 adversa
1767 542 2000 596 nuntia-

351 636 455 686 ret.
490 631 650 697 Quod
685 635 881 686 autem
915 632 1055 686 dicit
1087 648 1100 685 :
1136 633 1200 685 Et
1229 633 1424 686 ostium
1454 631 1594 686 mihi
1623 636 1872 698 apertum
1902 635 1999 694 est,

352 719 490 776 talis
511 724 599 776 est
625 737 855 790 sensus,
881 720 1049 790 quasi
1075 720 1318 775 dixisset
1340 719 1658 775 multorum
1694 721 2001 774 hominum

358 810 533 865 corda
557 814 758 881 parata
777 815 941 865 erant
966 810 1036 864 ad
1067 810 1420 865 credendum
1447 826 1460 864 :
1496 827 1631 865 nam
1661 827 1760 880 per
1786 811 2002 864 ostium

359 900 505 955 fides
527 899 902 971 designatur:
933 900 1087 954 unde
1111 899 1366 954 Joannes
1387 899 1444 952 in
1469 900 1812 971 Apocalypsi
1845 917 1856 953 ε
1887 898 2004 952 Vidi

359 991 560 1045 ostium
609 998 860 1058 apertum
908 991 967 1044 in
1018 990 1149 1044 caelo
1202 990 1381 1060 (Apoc.
1414 1006 1489 1053 1v,
1526 989 1594 1060 1).
1647 993 1755 1043 Per
1792 987 2001 1043 ccelum

360 1075 634 1143 Ecclesia,
658 1093 760 1148 per
781 1075 997 1130 ostium
1031 1077 1175 1130 fides
1197 1077 1556 1146 designatur.
1580 1077 1816 1130 Troada:
1845 1076 2001 1130 enim

360 1164 528 1220 multi
559 1169 724 1220 erant
753 1166 938 1236 parati
976 1167 1044 1220 ad
1074 1165 1450 1232 credendum,
1478 1167 1575 1220 sed
1609 1165 1806 1236 plures
1837 1168 2003 1218 erant

357 1254 456 1326 qui
479 1254 840 1310 credentium
859 1254 1226 1309 aemulatione
1244 1254 1517 1326 Apostolo
1545 1254 1920 1315 resistebant;
1949 1259 2005 1308 et

355 1344 483 1399 ideo
516 1345 774 1415 requiem
809 1361 920 1398 non
956 1343 1178 1409 habuit,
1203 1344 1340 1415 quia
1364 1349 1679 1415 utrumque
1704 1344 1995 1415 negotium

353 1434 501 1489 ferre
532 1449 648 1488 non
680 1432 876 1501 valuit,
911 1433 1019 1487 hoc
1051 1436 1157 1497 est,
1190 1437 1245 1486 et
1294 1450 1405 1487 non
1456 1433 1824 1488 credentibus
1859 1432 1997 1488 resi-

352 1524 523 1588 stere,
557 1525 612 1577 et
661 1522 961 1577 credentes
998 1521 1055 1576 in
1090 1521 1203 1576 {ide
1237 1522 1603 1576 confirmare.
1639 1522 2000 1593 Quapropter

349 1609 700 1665 valefaciens
731 1610 1132 1675 credentibus,
1166 1609 1384 1665 relictis
1416 1609 2000 1680 Troadensibus,sive

353 1698 644 1770 Trojanis,
677 1699 970 1771 profectus
1001 1703 1090 1754 est
1123 1699 1181 1753 in
1224 1699 1644 1763 Macedoniam,
1679 1699 1816 1770 quia
1863 1699 1997 1754 inde

351 1792 635 1844 venturus
661 1793 785 1844 erat
805 1788 992 1858 Titus,
1017 1792 1073 1842 et
1101 1787 1228 1859 ipsa
1255 1787 1636 1859 propinquior
1661 1794 1784 1842 erat
1805 1788 2000 1843 Corin-

352 1878 476 1932 tho.
509 1881 654 1933 Nam
688 1878 841 1949 quod
873 1876 988 1932 tale
1021 1876 1195 1932 fuerit
1224 1878 1350 1946 ejus
1383 1877 1510 1944 iter,
1544 1875 1691 1931 liber
1718 1880 1995 1931 Actorum

355 1966 753 2039 apostolorum
798 1966 1150 2021 manifestat.
1172 1965 1320 2020 Dicit
1358 1966 1512 2020 enim
1538 1965 1696 2038 quia,
1720 1983 1854 2020 cum
1879 1983 2002 2037 per-

355 2059 660 2128 agrassent
681 2055 948 2127 Mysiam,
965 2058 1248 2110 venerunt
1268 2055 1572 2120 Troadem,
1593 2059 1698 2108 etc.
1721 2056 1856 2125 (.‘lct.
1883 2071 1996 2121 xvr,

354 2145 426 2215 8).
465 2145 806 2200 Macedonia
834 2161 1086 2215 namque
1118 2143 1273 2215 regio
1320 2143 1428 2198 fuit
1459 2143 1765 2199 Alexandri
1801 2144 1997 2215 magni

357 2233 607 2304 Philippi
639 2232 763 2302 ﬁlii,
796 2249 922 2304 qua:
956 2232 1126 2304 plena
1156 2234 1338 2286 fertur
1383 2249 1511 2287 esse
1560 2232 1720 2287 venis
1768 2233 1893 2287 auri
1943 2237 2001 2288 et

354 2321 580 2394 argenti
606 2339 619 2389 ;
651 2321 832 2377 fertur
862 2325 919 2376 et
948 2321 1007 2375 in
1036 2337 1102 2376 ea
1131 2337 1258 2377 esse
1291 2338 1458 2376 mons
1489 2320 1792 2393 Olympus,
1829 2324 1997 2392 cujus

354 2411 754 2466 summitatem
787 2427 892 2465 nec
930 2410 1083 2465 venti
1115 2427 1219 2465 nec
1252 2410 1459 2482 pluvias
1493 2411 1746 2482 pulsant.

421 2499 737 2571 Sequitur:
789 2500 892 2555 Deo
935 2507 1120 2554 autem
1157 2501 1394 2570 gratias.
1430 2500 1659 2555 Dixerat
1702 2518 1763 2556 se
1815 2500 2002 2555 multa

354 2588 590 2661 quidem
613 2604 978 2661 perpessum,
999 2592 1054 2643 et
1075 2605 1232 2642 nunc
1253 2587 1473 2660 gratias
1500 2591 1610 2644 Deo
1633 2590 1770 2661 agit.
1798 2591 1858 2644 In
1886 2607 2000 2661 quo

352 2680 502 2734 facto
535 2695 643 2734 nos
675 2695 1001 2746 monemur,
1036 2683 1100 2732 ut
1147 2679 1217 2732 de
1269 2677 1543 2732 omnibus
1585 2682 1704 2732 tam
1741 2679 2000 2735 adversis

353 2785 529 2840 quam
553 2767 848 2840 prosperis
874 2767 1090 2840 gratias
1114 2766 1228 2822 Deo
1256 2783 1519 2838 agamus.
1543 2767 1670 2838 Egit
1697 2768 1848 2822 enim
1873 2784 2001 2840 gra-

355 2857 469 2912 tias
493 2861 624 2925 Deo,
650 2861 714 2912 ut
735 2856 868 2912 illos
896 2857 966 2911 ad
1001 2855 1384 2912 imitationem
1417 2856 1506 2910 sui
1531 2861 1887 2927 provocarat,
1913 2857 2001 2912 vel

362 2950 429 3002 ut
473 2962 572 3002 eos
617 2946 689 3000 ad
730 2945 930 3017 praelia
959 2949 1230 3001 armaret.
1265 2945 1541 3016 Sequitur
1576 2963 1587 3000 :
1643 2947 1748 3013 Qui
1793 2963 2004 3018 semper

356 3035 676 3106 triumphat
699 3050 797 3090 nos
817 3037 878 3090 in
899 3036 1110 3092 Christo
1132 3039 1284 3091 Jesu.
1313 3039 1423 3089 Deo
1455 3036 1672 3106 quippe
1696 3036 2001 3107 Apostolos

365 3127 426 3181 in
457 3123 688 3181 Christo
718 3124 1084 3196 triumphare
1113 3128 1219 3195 est,
1251 3123 1516 3179 videlicet
1545 3125 1602 3178 in
1649 3125 1760 3178 ﬁde
1792 3124 2004 3180 Christi

2115 540 2282 612 signa
2313 546 2368 595 et
2398 540 2680 612 prodigia,
2717 540 2783 594 ad
2821 537 3290 610 praedicationem
3326 552 3528 591 eorum
3563 536 3763 590 invisi-

2113 629 2309 684 biliter
2329 630 2692 684 credebatur.
2718 632 2784 682 Et
2808 627 2916 681 hoc
2938 627 3265 694 sciendum,
3290 625 3426 697 quia
3453 629 3766 681 consuetu-

2113 719 2311 774 dinem
2340 719 2485 791 legis
2511 716 3026 788 servatApostolus
3045 733 3056 770 :
3078 731 3212 770 nam
3240 715 3528 787 quidquid
3558 714 3616 767 in
3640 713 3765 784 lege

2113 808 2318 862 devota
2348 813 2540 862 mente
2570 808 2935 871 offerebatur,
2970 805 3028 859 in
3065 805 3299 860 odorem
3333 803 3763 859 suavissimum

2116 897 2356 951 Domino
2381 897 2740 951 adolebatur.
2765 894 3045 950 Similiter
3075 899 3131 949 et
3161 894 3317 948 fama
3347 893 3610 949 nominis
3643 891 3762 959 Dei,

2114 1004 2240 1058 quae
2273 1004 2306 1040 a
2327 985 2555 1041 Christo
2578 992 2665 1041 est
2697 984 3086 1049 manifestata,
3110 981 3278 1054 quasi
3308 983 3451 1038 odor
3476 981 3767 1036 suavissi-

2114 1093 2246 1130 mus
2272 1093 2371 1146 per
2392 1075 2700 1147 Apostolos
2722 1074 2891 1145 longe
2914 1073 3142 1143 lateque
3167 1073 3222 1126 in
3248 1072 3469 1126 mundo
3489 1086 3767 1142 asperge-

2113 1164 2284 1218 batur
2329 1170 2384 1218 et
2433 1163 2775 1235 respirabat.
2809 1162 3083 1232 Sequitur
3114 1177 3126 1213 :
3180 1161 3318 1227 Quia
3353 1158 3563 1214 Christi
3592 1159 3766 1214 bonus

2111 1254 2244 1308 odor
2271 1271 2459 1308 smnus
2495 1254 2615 1322 Deo,
2649 1256 2758 1307 etc.
2795 1251 2914 1320 Ille,
2949 1249 3047 1320 qui
3091 1250 3238 1304 bene
3279 1249 3350 1303 de
3401 1248 3636 1304 Christo
3671 1265 3763 1304 as-

2111 1343 2251 1396 serit
2287 1347 2343 1396 et
2373 1342 2569 1408 sentit,
2601 1340 2808 1394 Christi
2847 1340 3033 1394 bonus
3065 1338 3206 1392 odor
3235 1341 3343 1405 est,
3378 1347 3492 1392 ram
3532 1337 3621 1391 his
3669 1341 3767 1408 qui

2108 1432 2250 1485 salvi
2279 1433 2442 1502 ﬁunt,
2475 1447 2641 1503 quam
2673 1434 2722 1485 et
2759 1431 2844 1484 his
2875 1430 2970 1500 qui
2994 1431 3272 1499 pereunt;
3303 1427 3404 1497 qui
3435 1442 3575 1482 vero
3607 1427 3762 1482 mala

2109 1521 2178 1574 de
2203 1521 2327 1592 ipso
2356 1520 2505 1575 male
2534 1520 2726 1589 sentit,
2757 1517 2841 1574 vel
2867 1518 3094 1585 asserit,
3123 1517 3314 1572 malus
3336 1518 3479 1572 odor
3504 1521 3620 1583 est,
3641 1521 3760 1573 tam

2110 1609 2481 1665 credentibus
2504 1626 2681 1680 quam
2706 1611 2760 1663 et
2788 1624 2901 1663 non
2927 1607 3297 1662 credentibus
3321 1623 3334 1662 :
3361 1606 3762 1676 credentibus,

2110 1699 2248 1770 quia
2273 1699 2421 1754 male
2448 1700 2724 1766 credunt;
2759 1715 2874 1753 non
2908 1696 3298 1761 credentibus,
3323 1697 3459 1767 quia
3493 1713 3613 1751 non
3638 1712 3759 1751 cre-

2109 1787 2363 1842 dendum
2412 1805 2538 1844 esse
2588 1787 2939 1859 intelligunt.
2975 1787 3184 1841 Beatus
3223 1802 3356 1840 vero
3388 1786 3761 1858 Augustinus

2106 1877 2246 1930 dicit
2276 1877 2414 1948 quia
2436 1881 2687 1948 coeperat
2707 1875 3020 1947 Apostolus
3044 1875 3420 1930 manifestare
3449 1874 3563 1930 iter
3585 1891 3759 1931 suum

2066 2024 2080 2040 .
2106 1965 2448 2033 Corinthiis;
2473 1966 2681 2020 deinde
2702 1964 2956 2020 ostendit
2977 1963 3060 2018 eis
3083 1981 3144 2018 se
3169 1962 3352 2019 multa
3375 1980 3758 2035 perpessum;

2108 2054 2317 2110 deinde
2347 2055 2571 2127 gratias
2605 2055 2724 2126 agit
2745 2054 2880 2122 Deo,
2907 2053 3158 2109 maxime
3187 2053 3258 2108 ob
3293 2051 3422 2119 hoc,
3452 2053 3599 2123 quia
3627 2054 3758 2108 talis

2108 2143 2378 2198 inventus
2401 2149 2509 2211 est,
2529 2149 2595 2199 ut
2617 2145 2739 2214 ipse
2761 2142 3149 2214 triumpharet
3169 2158 3302 2198 eum
3328 2142 3385 2196 in
3410 2142 3647 2197 Christo
3668 2185 3682 2210 ,
3707 2149 3760 2198 et

2110 2237 2239 2305 post
2259 2233 2367 2288 hoc
2393 2233 2534 2287 dicit
2555 2233 2791 2288 odorem
2818 2231 3032 2287 notitiae
3057 2231 3155 2286 Dei
3181 2247 3281 2302 per
3303 2247 3365 2286 se
3387 2231 3759 2286 manifestari

2109 2321 2166 2374 in
2198 2321 2356 2375 omni
2387 2320 2534 2376 loco.
2569 2321 2674 2375 Ubi
2709 2320 3086 2391 quaerendum
3118 2320 3251 2390 quis
3283 2319 3361 2374 sit
3404 2319 3518 2374 iste
3550 2320 3758 2375 trium-

2109 2410 2284 2481 phus,
2308 2409 2394 2464 vel
2418 2411 2551 2481 quis
2575 2411 2651 2464 sit
2673 2411 2783 2465 iste
2809 2410 2968 2465 odor.
2997 2414 3111 2464 Iste
3134 2408 3371 2479 quidem
3394 2408 3759 2481 triumphus,

2110 2499 2229 2553 sive
2259 2499 2419 2564 odor,
2444 2498 2684 2553 victoria
2709 2504 3031 2570 martyrum
3055 2501 3162 2565 est,
3189 2501 3245 2552 et
3275 2498 3504 2552 cruoris
3529 2499 3764 2568 effusio,

2109 2593 2165 2643 et
2180 2587 2441 2659 ipsorum
2461 2588 2996 2658 constantia,quam
3016 2587 3156 2640 dum
3173 2585 3443 2642 infideles
3459 2587 3763 2652 videbant,

2109 2678 2470 2732 occasionem
2506 2676 2733 2732 dicendi
2767 2675 3165 2748 accipiebant;
3220 2675 3334 2730 nisi
3365 2691 3575 2730 verum
3610 2683 3766 2731 esset

2111 2765 2481 2838 Evangelium
2505 2765 2740 2834 Christi,
2766 2781 3138 2836 nequaquam
3160 2770 3282 2820 tam
3305 2770 3651 2820 constantes
3674 2782 3763 2820 es-

2111 2855 2316 2910 sentin
2345 2855 2643 2927 martyrio,
2660 2870 2846 2926 neque
2865 2861 3161 2909 tantorum
3183 2853 3490 2909 hominum
3518 2855 3762 2927 sanguis

2110 2944 2525 3011 effunderetur,
2551 2959 2739 3014 neque
2768 2948 2887 2997 tam
2919 2942 3184 2998 hilariter
3205 2943 3435 2998 diversa
3463 2948 3759 3000 tormenta

2111 3037 2466 3104 paterentur.
2500 3040 2581 3088 Ac
2628 3049 2730 3103 per
2769 3031 2878 3087 hoc
2909 3033 3269 3088 occasionem
3303 3033 3581 3088 credendi
3614 3034 3757 3088 acci-

2113 3123 2372 3193 piebant,
2397 3122 2648 3176 maxime
2679 3121 2750 3176 ob
2783 3121 2913 3192 hoc,
2937 3121 3076 3193 quia
3097 3138 3296 3177 eorum
3325 3122 3618 3178 confessio
3647 3139 3756 3178 non

363 3216 612 3272 victores
642 3215 902 3270 reddere.
930 3213 1076 3268 Nam
1109 3212 1219 3284 ipsi
1250 3213 1485 3284 quidem
1519 3229 1635 3267 non
1669 3213 1860 3268 solum
1891 3218 2008 3269 tro-
2040 3203 2083 3265 C
2123 3215 2247 3265 erat
2276 3210 2545 3278 delicata,
2578 3227 2692 3265 non
2725 3209 2944 3266 deliciis
2975 3211 3244 3277 afﬂuens,
3277 3211 3377 3266 sed
3411 3211 3472 3266 in
3507 3212 3678 3281 fame,
3711 3217 3765 3266 et

365 3319 577 3375 paaum,
597 3303 696 3358 sed
722 3306 778 3357 et
796 3302 1165 3372 triumphum
1187 3300 1246 3355 in
1270 3302 1382 3356 [ide
1404 3301 1614 3356 Christi
1641 3310 2007 3372 acceperunt.

365 3393 516 3448 Sane
537 3391 842 3445 sciendum
867 3389 1006 3460 quia
1027 3389 1180 3460 apud
1204 3388 1476 3459 antiquos
1500 3406 1713 3461 magna
1734 3390 2011 3447 distantia

363 3485 488 3535 erat
516 3479 667 3533 inter
698 3482 981 3548 tropaeum
1020 3482 1077 3532 et
1123 3478 1517 3548 triumphum.
1549 3478 1694 3534 Nam
1725 3485 2009 3552 tropaeum

363 3567 558 3622 Graeco
575 3567 748 3621 verbo
767 3565 978 3620 dicitur
991 3566 1061 3620 ab
1077 3565 1479 3632 insectatione,
1498 3568 1832 3639 triumphus
1851 3587 2008 3638 vero,

360 3657 434 3711 ab
457 3655 875 3722 exsultatione;
908 3655 1062 3709 unde
1085 3660 1140 3709 et
1165 3655 1503 3726 triumphus
1529 3656 1743 3711 dicitur
1763 3658 2009 3714 exsulta-

360 3745 463 3813 tio,
516 3750 574 3800 et
621 3743 1052 3816 triumphantes
1082 3744 1230 3816 (697)
1279 3743 1658 3799 exsultantes.
1705 3746 1762 3800 Si
1813 3752 2005 3803 autem

359 3850 551 3889 sermo
577 3833 820 3889 Latinus
839 3837 928 3888 est
948 3832 1302 3904 triumphus,
1330 3838 1395 3887 ut
1419 3835 1770 3904 quihusdam
1797 3837 2003 3908 placet,

358 3939 494 3995 ergo
543 3942 576 3979 a
614 3923 804 3978 tribus
834 3922 1148 3995 generibus
1179 3922 1422 3977 laudum
1455 3923 1692 3989 dicitur,
1725 3926 2005 3995 quoniam

358 4011 418 4066 hi
451 4013 551 4084 qui
583 4011 854 4067 inimicos
887 4027 1002 4067 non
1036 4011 1225 4066 solum
1253 4013 1554 4084 fugabant,
1580 4014 1678 4068 sed
1715 4015 1887 4069 etiam
1922 4015 2008 4070 in-

359 4099 728 4168 terimebant,
743 4100 1138 4156 laudabuntur
1156 4105 1274 4154 tam
1300 4118 1332 4156 a
1356 4101 1608 4156 ducibus
1628 4119 1804 4172 quam
1820 4121 1853 4157 a
1874 4120 2006 4158 con-

355 4189 606 4258 sulibus,
631 4206 856 4245 necnon
880 4195 938 4245 et
967 4208 999 4244 a
1030 4189 1199 4261 plebe
1226 4205 1238 4243 :
1275 4191 1374 4260 qui
1401 4190 1580 4244 etiam
1608 4191 1863 4261 palmam
1899 4209 2002 4246 au-

354 4295 511 4334 ream
535 4279 918 4350 accipiebant,
936 4278 1073 4350 quia
1092 4279 1325 4348 plenam
1347 4279 1650 4342 victoriam
1676 4279 1999 4349 habebant;

352 4363 437 4418 illi
470 4369 665 4420 autem
689 4365 788 4436 qui
813 4370 1115 4434 tropaeum,
1146 4364 1252 4419 hoc
1283 4370 1391 4436 est,
1416 4365 1800 4438 semiplenam
1823 4368 2000 4425 victo-

351 4452 500 4507 riam
528 4453 842 4522 habebant,
877 4470 1150 4509 coronam
1184 4471 1422 4510 auream
1456 4455 1838 4527 accipiebant.

420 4541 736 4611 Sequitur:
788 4545 851 4596 Et
899 4543 1113 4598 odorem
1160 4544 1372 4598 notitia:
1411 4560 1524 4599 suae
1569 4546 1890 4615 manifesta!
1940 4549 2000 4602 i—n
2032 4572 2074 4635 D

345 4632 502 4686 omni
531 4632 662 4686 loco.
693 4630 939 4686 Odorem
974 4633 1209 4703 quidem
1242 4633 1460 4688 famam
1497 4636 1753 4689 nominis
1780 4637 1997 4692 Christi

344 4719 620 4792 appellat,
649 4737 774 4792 quae
801 4721 1039 4792 pulchre
1063 4739 1166 4793 per
1187 4723 1423 4778 odorem
1451 4725 1828 4796 designatur;
1861 4744 1994 4782 nam

342 4825 434 4864 res
466 4811 655 4865 invisa
685 4812 859 4865 odore
891 4811 1258 4882 dignoscitur
1289 4830 1301 4868 :
1347 4813 1432 4867 sic
1463 4819 1518 4867 et
1550 4815 1706 4868 fama
1738 4815 1995 4870 nominis

340 4899 553 4954 Christi
582 4898 954 4956 invisibiliter
995 4901 1065 4955 ad
1112 4918 1283 4957 aures
1316 4903 1578 4972 pervenit
1608 4903 1993 4970 credentium,

2124 3299 2240 3364 siti,
2272 3304 2328 3354 et
2365 3298 2629 3370 reliquis.
2663 3299 2873 3370 Sicque
2901 3298 3075 3355 etiam
3107 3301 3251 3356 odor
3280 3299 3500 3356 notitias
3534 3300 3628 3356 Dei
3662 3315 3765 3372 per

2122 3388 2409 3442 mundum
2455 3388 2800 3460 respirabat.

2189 3477 2403 3532 Verum
2423 3478 2557 3548 quia
2578 3481 2804 3549 poterat
2820 3477 2952 3549 quis
2970 3477 3249 3550 apostolis
3266 3477 3764 3550 objicere,dicens:

2120 3567 2325 3634 Quare,
2363 3566 2410 3621 si
2441 3584 2541 3621 vos
2576 3569 2762 3622 bonus
2794 3568 2935 3621 odor
2978 3568 3121 3622 estis
3171 3567 3228 3622 in
3277 3569 3438 3622 omni
3471 3567 3624 3636 loco,
3659 3585 3768 3623 non

2119 3672 2321 3711 omnes
2354 3655 2649 3710 credunt?
2700 3654 2800 3710 Ille
2857 3673 2990 3711 vero
3045 3656 3236 3711 sciens
3281 3656 3389 3711 hoc
3437 3657 3554 3712 sibi
3600 3656 3769 3727 objici

2117 3761 2309 3815 posse,
2344 3746 2467 3816 ipse
2501 3744 2612 3799 sibi
2644 3745 2878 3816 objecit,
2912 3751 2969 3800 et
3007 3745 3293 3815 exposuit,
3326 3745 3530 3800 dicens
3563 3762 3578 3793 =
3637 3748 3768 3801 Aliis

2117 3834 2333 3904 quidem
2361 3833 2490 3889 odor
2518 3836 2708 3889 mortis
2739 3835 2798 3888 in
2825 3840 3077 3904 mortem,
3103 3839 3212 3888 etc.
3243 3852 3255 3902 ;
3290 3834 3459 3905 quasi
3491 3835 3762 3891 dixisset:

2117 3923 2159 3976 Ο
2193 3923 2498 3989 Corinthii,
2534 3940 2659 3990 nos,
2695 3923 2793 3994 qui
2828 3940 3058 3994 semper
3099 3923 3291 3978 bonus
3339 3924 3486 3979 odor
3535 3940 3764 3990 sumus,

2116 4013 2243 4065 aliis
2270 4016 2454 4066 tamen
2473 4014 2605 4067 odor
2630 4014 2826 4067 mortis
2852 4015 2911 4066 in
2940 4016 3190 4083 mortem,
3212 4013 3341 4068 aliis
3370 4016 3560 4068 autem
3580 4031 3765 4069 sumus

2112 4101 2245 4155 odor
2269 4103 2398 4157 vita?
2428 4103 2486 4155 in
2511 4103 2704 4156 vitam.
2729 4101 3012 4164 Quoniam
3040 4102 3277 4173 quidem
3301 4101 3556 4158 liberum
3578 4103 3765 4158 homi-

2115 4191 2288 4244 nibus
2335 4191 2539 4245 datum
2589 4195 2678 4245 est
2726 4190 3056 4259 arbitrium,
3098 4196 3162 4245 ut
3210 4191 3426 4246 bonum
3461 4209 3581 4247 non
3613 4196 3763 4248 esset

2112 4284 2399 4345 coactum,
2434 4279 2537 4334 sed
2568 4279 3003 4348 voluntarium;
3040 4281 3194 4352 quod
3243 4280 3355 4335 nisi
3403 4286 3581 4349 esset,
3627 4299 3760 4347 non,

2109 4370 2373 4441 inquam,
2409 4369 2554 4424 foret
2585 4369 2731 4441 (698)
2779 4369 2866 4425 vel
2919 4370 3076 4424 unde
3106 4370 3241 4425 boni
3274 4371 3534 4442 pramiis
3568 4387 3761 4426 remu-

2111 4458 2968 4530 nerarentursempiternis,vel
2995 4459 3131 4513 mali
3156 4459 3344 4530 poenis
3365 4458 3761 4530 plecterentur

2108 4547 2358 4602 aeternis.
2394 4549 2458 4602 Et
2509 4548 2724 4601 iterum
2761 4565 2772 4601 :
2829 4547 2965 4618 Nos,
3001 4547 3098 4618 qui
3134 4564 3366 4619 semper
3398 4548 3592 4603 bonus
3624 4550 3761 4604 odor

2107 4653 2334 4701 sumus,
2363 4654 2464 4707 pro
2488 4637 2624 4691 vitio
2653 4653 2766 4691 non
2791 4637 3262 4708 suscipientium,
3289 4637 3434 4692 odor
3462 4639 3676 4693 mortis
3705 4638 3758 4693 in

2107 4731 2374 4794 mortem,
2407 4742 2514 4795 pro
2559 4726 2772 4781 virtute
2804 4743 3012 4797 nempe
3044 4726 3516 4796 suscipientium,
3553 4744 3758 4782 sumus

2105 4815 2247 4869 odor
2276 4815 2402 4868 vitae
2434 4815 2492 4869 in
2525 4815 2699 4869 vitam
2729 4840 2742 4883 ;
2776 4820 3024 4869 mortem
3074 4831 3228 4883 vero,
3281 4819 3339 4869 et
3387 4815 3597 4887 vitam,
3646 4832 3755 4872 non

2107 4901 2286 4966 illam,
2321 4920 2438 4975 qua
2469 4905 2857 4960 communiter
2887 4904 3174 4958 morimur
3220 4908 3278 4958 et
3323 4903 3582 4960 vivimus
3625 4921 3753 4960 cum

340 4992 397 5042 et
427 4993 597 5056 Deus,
622 4990 722 5060 qui
747 4995 873 5044 erat
895 4989 1229 5060 invisibilis,
1251 5007 1351 5060 per
1379 4991 1733 5046 invisibilem
1762 4994 1994 5064 agnitus
2095 4992 2402 5062 jumentis,
2437 4998 2491 5047 et
2523 4993 2850 5064 pecoribus,
2889 4993 2989 5047 sed
3022 4992 3181 5047 illam
3217 4998 3490 5060 mortem,
3523 4995 3597 5050 de
3648 5010 3756 5066 qua

340 5081 429 5128 est
457 5079 950 5128 praedicationem.
991 5081 1102 5128 iste
1132 5094 1341 5128 nemne
1373 5079 1514 5128 odor
1562 5097 1661 5128 nar
1693 5080 1988 5128 Christum

2105 5082 2384 5128 scrinium
2419 5087 2507 5128 est.
2539 5099 2550 5128 τ
2606 5084 2819 5128 Anim/1.
2857 5097 2983 5128 mm?
3031 5083 3329 5128 mummmrit
3364 5083 3560 5128 (Lavit-
3594 5101 3644 5128 vi
3691 5083 3752 5128 ll.
