3990 5306
199 373 305 431 429

742 369 1158 431 EXPOSITIO
1204 371 1279 431 IN
1327 371 1752 436 EPISTOLAS
1798 375 2153 439 PAULL—
2184 378 2261 437 lN
2307 377 2554 439 EPIST.
2603 380 2653 439 11
2698 359 2800 439 ΑΒ
2845 381 3022 440 COlt.

3465 384 3583 442 430

197 509 326 569 tem,
353 505 485 570 etc.,
512 518 646 557 cum
680 509 735 558 et
764 501 835 558 de
864 501 1094 559 Christo
1134 503 1419 577 scriptum
1453 506 1531 562 sit
1565 523 1577 562 :
1611 509 1829 564 Positus
1861 511 1914 575 Α
1945 509 2098 580 quod
2129 508 2473 581 loquuntur,
2498 514 2900 567 verumtamen
2922 510 3215 567 humanos
3247 511 3466 570 favores
3495 514 3583 569 di-

198 598 273 648 est
302 592 388 646 hic
415 592 475 645 in
521 592 791 646 ruinam?
819 595 928 648 etc.
965 592 1115 664 (Luc.
1149 611 1211 659 ιι,
1243 594 1351 662 34ς
1382 598 1512 651 Isai.
1562 614 1682 661 vm,
1718 598 1830 662 14.)

198 681 332 745 Quid
363 679 537 736 etiam
572 679 785 734 mirum
818 678 866 735 si
903 681 975 736 de
1005 682 1287 753 apostolis
1316 684 1565 754 dicatur,
1588 690 1645 740 et
1673 684 1830 741 Chri-

197 776 295 837 sto,
326 785 456 824 cum
517 768 629 825 hoc
676 769 746 824 de
798 769 921 824 solo
970 770 1298 844 intelligere
1347 774 1688 845 possimus?
1732 775 1829 830 Sol

198 857 394 932 quippe
429 858 624 913 radios
656 875 796 913 suos
828 859 1107 914 diffundit
1130 877 1234 931 per
1264 861 1499 929 omnia;
1535 862 1832 920 illuminat

197 948 397 1005 scilicet
429 950 550 1001 tam
583 948 805 1003 munda
836 964 1012 1020 quam
1062 952 1117 1003 et
1147 950 1494 1019 immunda;
1528 950 1681 1007 lucet
1709 957 1830 1009 tam

199 1035 485 1095 odoriferis
518 1036 762 1092 ﬂoribus
792 1054 969 1109 quam
1011 1042 1069 1092 et
1097 1039 1452 1095 stercoribus
1485 1056 1497 1095 ε
1535 1047 1829 1097 verumta-

199 1144 313 1183 men
333 1125 482 1181 radii
500 1125 688 1197 ipsius
706 1144 822 1181 non
843 1127 1320 1197 coinquinentur.
1347 1129 1441 1184 Sic
1460 1134 1517 1184 et
1541 1130 1828 1203 Christus,

196 1215 282 1288 qui
315 1215 532 1270 mutari
565 1233 681 1270 non
712 1218 922 1288 potest,
955 1221 1065 1272 etc.
1101 1234 1114 1272 :
1149 1217 1200 1272 is
1222 1221 1434 1273 natura
1464 1221 1681 1275 mutari
1714 1237 1830 1275 non

193 1304 325 1361 valet
352 1322 365 1372 ;
399 1321 522 1359 non
546 1305 920 1360 credentibus
951 1308 1036 1360 est
1069 1305 1127 1360 in
1158 1306 1389 1362 ruinam
1416 1325 1430 1375 ;
1464 1309 1831 1365 credentibus

193 1411 326 1461 vero,
356 1393 425 1448 in
457 1392 965 1450 resurrectionem.
991 1394 1085 1450 Sic
1106 1393 1279 1450 etiam
1303 1396 1678 1469 apostoli,qui
1702 1399 1832 1469 ejus

190 1484 295 1539 vice
326 1483 663 1555 iunguntur
690 1501 702 1552 ;
736 1481 888 1554 aliis,
903 1483 1057 1539 sicut
1087 1483 1228 1540 dicit
1256 1485 1568 1557 Apostolus
1595 1502 1607 1542 :
1633 1485 1831 1543 Sumus

190 1573 303 1629 odor
345 1574 546 1628 mortis
594 1574 653 1627 in
700 1577 951 1639 mortem,
997 1574 1129 1628 aliis
1175 1574 1305 1629 odor
1351 1576 1480 1632 vitae
1524 1576 1587 1629 in
1636 1577 1826 1631 vitam.

195 1661 349 1729 Quasi
381 1661 603 1718 iterum
636 1661 882 1718 dixisset
903 1663 1065 1733 ipse:
1099 1662 1143 1718 Ο
1175 1662 1475 1730 Corinthii,
1501 1681 1616 1720 non
1640 1665 1828 1736 parvi-

196 1751 441 1824 pendetis
459 1771 476 1818 ;
497 1750 547 1806 si
567 1750 697 1806 aliis
716 1766 925 1807 sumus
942 1752 1086 1807 odor
1104 1751 1394 1823 mortis,in
1411 1758 1828 1823 mortem,etc.;

194 1841 476 1912 quoniam,
496 1840 608 1895 nisi
640 1856 746 1895 nos
779 1840 1252 1912 praedicaremus,
1275 1857 1379 1896 nec
1409 1841 1528 1896 vita
1551 1843 1825 1898 obedien-

193 1931 272 1984 τίω
295 1930 701 2001 bonos,neque
722 1946 881 1984 mors
906 1928 1311 1985 inobedientize
1333 1935 1678 2001 sequeretur
1699 1949 1825 1987 ma-

194 2020 284 2075 los.
308 2019 454 2075 Illud
482 2036 622 2074 sane
645 2017 1121 2090 sciendum,quia
1143 2019 1266 2090 ipse
1289 2036 1470 2075 sonus
1488 2020 1831 2093 evangelicae

198 2107 608 2179 pradicationis
654 2106 1114 2177 suscipientibus
1145 2108 1288 2163 odor
1338 2108 1467 2163 vitae
1512 2113 1637 2177 est;
1671 2111 1828 2181 quia,

202 2199 316 2253 dum
337 2215 473 2253 eum
496 2197 848 2267 suscipiunt,
866 2194 1179 2268 peripsum
1198 2196 1270 2251 ad
1295 2197 1470 2252 vitam
1493 2203 1827 2254 transeunt:

208 2304 303 2343 non
343 2286 805 2358 suscipientibus
858 2290 1051 2341 autem
1083 2286 1227 2341 odor
1272 2289 1362 2341 est
1409 2287 1627 2358 pestis;
1667 2287 1827 2359 quia,

200 2393 285 2433 ceu
313 2376 583 2432 homines
615 2392 716 2447 per
747 2379 973 2447 pestem
1002 2378 1313 2432 transeunt
1342 2377 1412 2431 ad
1447 2380 1716 2445 mortem,
1743 2376 1828 2433 sic

193 2469 239 2520 et
265 2464 363 2535 illi,
398 2465 503 2537 qui
536 2465 806 2521 auditum
836 2463 995 2520 verbi
1027 2464 1128 2520 Dei
1161 2481 1276 2520 non
1307 2464 1659 2538 suscipiunt,
1679 2484 1826 2522 mor-

188 2560 289 2613 tem
322 2555 433 2610 sibi
467 2558 768 2627 generant,
803 2558 859 2608 et
890 2553 961 2608 ad
992 2570 1121 2609 eum
1151 2557 1479 2610 transeunt.
1512 2546 1676 2611 Unde
1707 2555 1824 2611 Do-

185 2643 366 2700 minus
418 2661 522 2715 per
568 2642 925 2699 Ezechielem
960 2660 973 2697 :
1008 2642 1070 2698 Si
1114 2645 1561 2710 annuntiaveris,
1610 2643 1820 2715 inquit,

176 2735 333 2804 impio
361 2742 585 2805 peceata
614 2734 808 2804 ipsius,
840 2737 950 2786 etc.
983 2732 1196 2802 (Ezech.
1230 2749 1316 2796 ιιι,
1354 2734 1463 2802 19.)

230 2822 517 2895 Sequitur
550 2839 563 2877 :
597 2823 663 2876 Et
690 2822 769 2875 ad
798 2820 916 2877 hac
963 2826 1081 2890 quis
1114 2828 1227 2875 tam
1255 2821 1483 2875 idoneus
1509 2824 1533 2874 ?
1563 2821 1682 2877 Hoc
1712 2827 1820 2889 est,

160 2911 286 2983 quis
316 2912 398 2966 ita
463 2911 735 2975 idoneus,
769 2913 833 2963 ut
874 2908 1112 2963 odorem
1159 2908 1376 2962 notitiae
1408 2907 1511 2962 Dei
1546 2909 1820 2965 manifes-

151 3004 251 3070 tet,
304 2997 827 3070 quemadmodum
877 2995 1031 3051 nos?
1075 2996 1211 3061 Nos,
1269 2995 1533 3067 inquam,
1568 2998 1819 3067 pseudo-

159 3086 440 3161 apostoli,
480 3085 695 3156 quibus
726 3084 901 3139 fidem
934 3084 1383 3139 accomodastis.
1413 3083 1595 3139 Aliter
1633 3101 1645 3140 :
1680 3085 1819 3150 Quis

164 3185 285 3236 tam
318 3177 572 3231 idoneus
591 3175 662 3229 ad
694 3174 816 3229 haec
841 3177 864 3228 Ρ
891 3174 953 3228 Id
981 3172 1237 3244 est,quis
1266 3178 1438 3228 tantae
1465 3178 1554 3229 est
1570 3175 1817 3246 pruden-

1860 1886 1907 1949 B

1940 597 2085 653 vince
2117 599 2432 670 praesentiae
2466 602 2817 671 prmferunt;
2849 599 2979 655 ideo
3010 617 3125 656 non
3157 599 3348 655 solum
3382 601 3527 657 dixit
3566 618 3580 657 :

1942 692 2027 744 Ea:
2056 689 2179 754 Deo,
2213 688 2313 743 sed
2343 689 2520 751 etiam
2553 689 2779 745 addidit
2812 707 2824 744 :
2859 689 3052 745 Coram
3083 690 3207 745 Deo.
3231 687 3378 744 lllud
3408 689 3585 745 etiam

1940 776 2285 843 notandum,
2319 776 2459 847 quia
2490 777 2549 831 in
2582 777 2696 833 line
2740 777 2922 849 hujus
2952 776 3195 850 capituli
3244 776 3427 834 totius
3458 777 3585 833 Tri-

1940 865 2140 920 nitatis
2174 865 2238 920 lit
2267 864 2489 920 mentio
2523 882 2535 920 :
2567 882 2637 921 ea:
2682 867 2807 932 Deo,
2840 866 3028 922 sancti
3075 866 3366 938 Spiritus;
3398 883 3587 923 coram

1939 954 2066 1019 Deo,
2100 954 2289 1009 Patris
2316 972 2329 1022 ;
2360 957 2422 1008 in
2453 953 2683 1023 Christo,
2717 954 2864 1009 Filii.

2011 1045 2161 1116 (700)
2202 1047 2358 1112 (CAP.
2416 1043 2533 1113 III).
2583 1045 2886 1113 Incipimus
2929 1044 3146 1111 iterum,
3198 1048 3307 1100 etc.
3358 1044 3590 1101 Dixerat

1941 1132 2244 1203 superius:
2276 1134 2380 1188 Deo
2411 1137 2595 1187 autem
2626 1133 2966 1205 gratias,qui
2982 1149 3192 1204 semper
3220 1135 3589 1206 triumphavit

1939 1236 2055 1291 nos,
2089 1225 2146 1276 et
2192 1226 2420 1290 caetera,
2454 1238 2582 1292 quae
2634 1226 2980 1293 sequuntur,
3013 1239 3201 1294 usque
3248 1222 3349 1277 ubi
3399 1223 3583 1278 dicit:

1937 1314 2061 1367 Non
2089 1327 2278 1366 sumus
2307 1311 2682 1366 adulterantes
2711 1312 2933 1366 verbum
2963 1312 3077 1366 Dei.
3104 1311 3315 1367 Statim
3345 1312 3589 1383 subjun-

1938 1399 2022 1454 xit
2056 1417 2069 1454 :
2101 1401 2403 1470 Incipimus
2435 1401 2781 1470 iterum,etc.
2815 1400 3023 1471 Magna
3052 1400 3274 1455 dixerat
3293 1400 3585 1473 superius,

1939 1492 1996 1543 et
2025 1488 2140 1543 tale
2167 1487 2412 1559 aliquid,
2447 1492 2512 1542 ut
2543 1488 2734 1543 extolli
2776 1489 3072 1544 videretur
3105 1506 3117 1543 :
3151 1493 3208 1544 et
3238 1489 3366 1544 ideo
3397 1488 3539 1544 dicit
3571 1506 3585 1545 :

1937 1577 2238 1648 Ineipimus
2287 1578 2508 1643 iterum,
2541 1593 2614 1632 ne
2643 1576 2839 1632 extolli
2888 1577 3203 1643 videretur,
3237 1576 3405 1649 quasi
3433 1578 3588 1634 dice-

1940 1669 2026 1721 ret
2050 1683 2062 1721 :
2086 1665 2212 1721 Non
2238 1666 2365 1721 ideo
2388 1666 2781 1738 nosmetipsos
2803 1666 2967 1722 vobis
2992 1665 3325 1734 laudamus,
3348 1671 3413 1721 ut
3433 1682 3593 1722 com-

1940 1753 2206 1809 mendari
2236 1771 2270 1808 a
2297 1753 2464 1810 vobis
2495 1753 2765 1824 velimus,
2784 1755 2885 1810 sed
2911 1758 2975 1809 ut
3003 1772 3036 1809 a
3068 1752 3351 1809 falsorum
3383 1754 3596 1809 doctri-

1940 1860 2015 1898 na
2045 1841 2499 1898 subtrahamini.
2535 1843 2645 1898 Sed
2679 1860 2858 1914 quare
2888 1840 3050 1913 dicit,
3077 1845 3321 1899 iterum?
3351 1842 3498 1908 Quia
3525 1860 3594 1899 ea

1939 1932 2262 1987 intentione
2294 1931 2484 1987 multa
2514 1932 2738 1987 dixerat
2784 1932 2843 1986 in
2876 1932 3066 2001 prima
3107 1931 3384 2003 Epistola,
3415 1931 3473 1986 id
3504 1935 3594 1988 est

1938 2038 2052 2077 non
2082 2037 2208 2077 sum
2252 2022 2429 2083 liber;
2465 2026 2584 2089 aut,
2614 2021 2763 2077 solus
2801 2037 2917 2089 ego,
2948 2025 2999 2076 et
3044 2022 3347 2088 Barnabas,
3380 2025 3488 2076 etc.
3522 2021 3592 2076 Et

1938 2110 2070 2165 ideo
2096 2109 2255 2176 dicit,
2282 2112 2502 2180 iterum,
2531 2109 2702 2181 quasi
2732 2110 2986 2165 diceret:
3011 2109 3135 2164 Non
3167 2126 3346 2165 causa
3376 2114 3589 2164 nostra;

1938 2198 2133 2255 laudis
2150 2202 2415 2254 nostram
2437 2198 2842 2254 auctoritatem
2864 2198 3362 2266 ostendimus,sed
3384 2203 3587 2254 vestrae

1939 2286 2169 2355 salutis,
2197 2292 2262 2343 ut
2292 2286 2790 2360 pseudoapostoli,
2815 2287 3032 2360 quibus
3055 2288 3230 2343 ﬁdem
3261 2303 3589 2343 accommo-

1937 2376 2145 2443 dastis,
2165 2376 2387 2432 nullius
2409 2376 2772 2431 auctoritatis
2795 2392 2924 2432 esse
2945 2377 3352 2443 ostendantur,
3377 2378 3434 2431 et
3461 2374 3591 2432 illos

1937 2464 2301 2537 relinquatis,
2333 2469 2390 2520 et
2423 2481 2515 2520 me
2563 2464 2915 2536 sequamini.
2948 2463 3228 2520 Nonnulli
3266 2463 3588 2537 interroga-

1934 2554 2046 2609 tive
2077 2553 2279 2609 volunt
2305 2553 2460 2609 hunc
2489 2552 2686 2608 locum
2710 2570 2837 2609 esse
2868 2553 3397 2625 pronuntiandum,
3431 2553 3587 2624 quod

1933 2643 2097 2709 dicit,
2149 2645 2448 2715 incipimus
2502 2644 2671 2714 (701),
2705 2640 2813 2698 etc‘.
2865 2642 3117 2698 Maxime
3165 2643 3236 2698 ob
3284 2641 3416 2713 hoc,
3450 2641 3590 2714 quia

1931 2732 2240 2803 subjunxit
2286 2732 2649 2804 Apostolus:
2704 2732 2810 2786 Aut
2854 2732 3111 2803 nunquid
3154 2747 3392 2802 egemus,
3444 2731 3588 2785 sicut

1930 2821 2177 2891 quidam,
2208 2825 2340 2886 etc.,
2375 2837 2440 2876 ac
2471 2821 2519 2876 si
2547 2821 2800 2876 diceret:
2826 2820 2951 2875 Non
2982 2836 3243 2893 egemus.
3269 2818 3356 2875 Illi
3389 2818 3580 2890 enim,

1930 2924 2078 2977 quos
2109 2909 2317 2987 gratia,
2347 2908 2522 2974 fama,
2542 2925 2643 2963 seu
2672 2908 3042 2964 familiaritas
3068 2907 3582 2978 commendat,non

1927 2999 2100 3066 egent
2129 2995 2375 3050 aliorum
2428 2995 2690 3067 epistolis
2742 2997 3179 3065 commendari;
3230 2997 3577 3065 econtrario,

1927 3099 2075 3153 quos
2098 3083 2177 3137 nil
2209 3082 2323 3137 tale
2345 3083 2731 3150 commendat,
2755 3088 2945 3155 egent.
2970 3084 3228 3156 Apostoli
3251 3086 3577 3156 enim,quia

1925 3172 2134 3243 gratia,
2168 3171 2489 3243 patratione
2528 3170 2968 3239 miraculorum,
3002 3171 3215 3226 virtute
3244 3188 3568 3243 Signorum,

166 3273 280 3339 tiae,
311 3271 418 3324 aut
449 3263 873 3336 intelligentiae,
907 3267 972 3317 ut
1007 3262 1194 3335 possit
1234 3263 1610 3319 manifestare
1639 3280 1818 3335 quare
1850 3249 1892 3316 C
1930 3260 2262 3317 sinceritate
2280 3259 2705 3333 praedicationis
2723 3260 3429 3329 commendabantur,non
3443 3276 3570 3333 cge—

171 3361 235 3416 ad
266 3361 537 3414 nostram
587 3353 1057 3426 praedicationem
1087 3351 1184 3407 alii
1235 3353 1495 3421 credant,
1530 3351 1627 3408 alii
1658 3370 1773 3408 non
1803 3371 1816 3422 ;

175 3449 264 3505 alii
312 3445 521 3513 velint,
572 3447 631 3498 et
674 3443 937 3515 possint;
990 3440 1086 3497 alii
1139 3457 1243 3497 nec
1287 3440 1483 3510 velint,
1531 3457 1635 3496 nec
1685 3458 1816 3513 pos-

170 3536 362 3593 sint?
433 3534 479 3588 Ο
545 3533 742 3600 homo,
810 3535 873 3587 tu
941 3531 1075 3603 quis
1140 3548 1223 3597 es,
1294 3531 1394 3602 qui
1463 3531 1818 3603 respondeas

174 3630 275 3681 Deo
294 3625 326 3679 ‘3

240 3714 521 3786 Sequitur
553 3726 565 3766 :
597 3711 715 3766 Non
759 3725 947 3764 sumus
993 3708 1134 3764 sicut
1170 3709 1408 3779 plurimi
1452 3708 1820 3763 adulterantes

173 3805 387 3858 verbum
416 3802 536 3858 Dei.
557 3800 620 3854 In
652 3799 761 3853 hoc
793 3797 917 3853 loco
950 3797 1140 3868 tangit
1161 3795 1820 3868 pseudoapostolos,qui

174 3894 405 3948 verbum
438 3888 544 3946 Dei
594 3887 1005 3945 adulterabant
1038 3902 1049 3941 :
1084 3884 1198 3956 ipsi
1242 3901 1512 3956 namque,
1548 3882 1821 3939 derelicto

179 3981 324 4037 verbi
354 3979 461 4037 Dei
488 3994 688 4043 sensu,
706 3975 1034 4032 secundum
1058 3974 1386 4030 humanum
1417 3989 1657 4030 sensum
1677 3989 1820 4044 prm-

182 4070 447 4126 dicabant
481 4085 494 4122 :
530 4066 619 4122 vel
650 4069 803 4121 certe
832 4065 890 4119 in
922 4064 1050 4136 ipso
1088 4063 1261 4119 verbo
1293 4062 1394 4118 Dei
1427 4061 1613 4130 aliter,
1644 4078 1819 4133 quam

182 4163 309 4228 erat,
339 4157 699 4214 sentiebant.
733 4155 891 4210 Adeo
923 4155 1139 4227 quippe
1188 4156 1480 4208 amatores
1527 4157 1691 4208 erant
1720 4151 1822 4206 Ju-

184 4247 346 4303 daicaa
374 4250 572 4313 seetse,
606 4248 672 4299 ut
700 4243 853 4299 male
881 4244 952 4299 de
994 4241 1223 4297 Christo
1256 4241 1579 4310 sentirent;
1610 4244 1669 4296 et
1694 4238 1825 4295 ideo

188 4336 369 4393 minus
420 4339 597 4392 notos
628 4333 775 4406 (699)
806 4332 1079 4388 ostendit.
1118 4331 1261 4386 Item
1309 4331 1410 4401 qui
1461 4329 1690 4385 adulter
1714 4334 1824 4396 est,

186 4422 236 4479 in
264 4426 417 4481 coitu
451 4440 573 4480 non
606 4421 828 4496 prolem
874 4420 1143 4491 requirit,
1177 4419 1276 4474 sed
1305 4417 1661 4490 voluptatem
1695 4417 1825 4471 dili-

188 4514 262 4584 git
292 4533 305 4571 :
336 4531 475 4588 ergo
508 4513 597 4569 illi
652 4512 983 4568 adulterant
1024 4507 1264 4564 verbum
1304 4507 1425 4573 Dei,
1460 4506 1562 4579 qui
1609 4506 1667 4560 in
1701 4506 1827 4578 ipso

1928 3349 2070 3405 bant
2100 3350 2608 3405 commendatione
2635 3367 2648 3407 :
2680 3354 2916 3405 econtra
2946 3347 3439 3423 pseudoapostoli,
3469 3349 3570 3422 qui

1928 3437 2020 3493 his
2049 3438 2326 3494 omnibus
2349 3439 2644 3510 carebant,
2671 3438 3176 3494 commendatione
3206 3437 3472 3510 egebant.
3493 3438 3575 3495 De
3662 3442 3675 3453 '

1930 3527 2145 3583 talibus
2165 3528 2308 3583 dicit
2336 3528 2616 3583 Dominus
2640 3544 2652 3583 :
2683 3532 2780 3584 Va:
2800 3528 2966 3599 vobis,
2991 3528 3197 3585 Scriba:
3215 3527 3573 3597 etPharisaei,

1928 3619 2023 3687 qui
2050 3616 2321 3673 devoratis
2351 3619 2541 3673 domos
2560 3617 2857 3673 viduarum
2880 3618 3093 3688 (Matth.
3127 3635 3286 3687 XXIII,
3320 3618 3428 3687 14),
3463 3621 3576 3673 etc.

1927 3706 2077 3760 Sunt
2104 3706 2278 3763 etiam
2302 3705 2567 3762 nonnulli
2594 3705 3206 3779 presbyteri,episcopi
3241 3707 3299 3761 in
3322 3705 3581 3762 Ecclesia

1929 3795 2337 3859 consistentes,
2357 3812 2504 3866 quos
2534 3811 2723 3865 neque
2745 3797 3124 3867 fama,neque
3144 3795 3403 3851 doctrina
3427 3812 3580 3851 com-

1932 3883 2170 3937 mendat
2203 3900 2215 3937 :
2252 3888 2309 3938 et
2354 3883 2481 3938 ideo
2533 3883 2773 3938 alterius
2820 3883 2994 3938 laude
3040 3888 3230 3955 egent,
3287 3888 3579 3956 quatenus

1934 3971 2441 4026 commendentur.
2473 3971 2554 4025 Ad
2594 3987 2702 4039 vos,
2734 3978 2831 4026 aut
2860 3988 2931 4026 ea:
2976 3972 3152 4027 vobis.
3185 3973 3267 4027 Ad
3296 3989 3386 4028 vos
3416 3972 3579 4043 dicit,

1932 4060 2071 4131 quia
2120 4059 2368 4115 aliorum
2418 4058 2683 4131 epistolis
2721 4058 3036 4114 Corinthiis
3087 4061 3581 4115 commendaban-

1933 4154 2031 4204 tur
2064 4168 2075 4205 :
2109 4165 2178 4204 ea:
2206 4148 2376 4219 vobis,
2412 4148 2551 4220 quia
2580 4149 2652 4204 ab
2678 4148 2821 4219 ipsis
2852 4146 3005 4203 aliis.
3041 4148 3109 4203 Et
3137 4146 3231 4202 his
3262 4147 3454 4204 verbis
3485 4164 3580 4204 os-

1931 4239 2195 4294 tenditur
2224 4238 2363 4309 quia
2404 4237 2488 4292 illi
2518 4237 2634 4293 huc
2666 4236 2806 4293 illuc
2835 4237 3262 4304 discurrebant,
3294 4240 3584 4309 quatenus

1936 4346 2051 4385 non
2084 4327 2275 4384 solum
2327 4327 2712 4399 substantias,
2747 4328 2847 4383 sed
2879 4325 3056 4383 etiam
3087 4325 3338 4382 salutem
3387 4327 3585 4382 aufer-

1937 4422 2102 4486 rent;
2136 4417 2383 4489 apostoli
2409 4434 2541 4473 vero
2573 4433 2688 4473 non
2721 4418 2912 4473 solum
2935 4416 3298 4472 substantias
3331 4433 3447 4472 non
3475 4415 3585 4472 tol-

1936 4505 2152 4577 lebant,
2186 4508 2286 4563 sed
2318 4506 2492 4562 etiam
2526 4505 2776 4562 salutem
2802 4506 3141 4562 efferebant.

192 4617 295 4659 non
322 4604 461 4659 boni
495 4601 693 4675 operis
718 4603 942 4656 fructus
972 4597 1072 4655 sed
1104 4597 1378 4652 humanae
1406 4595 1599 4652 laudis
1630 4594 1825 4667 requi-
1860 4619 1907 4682 D
2010 4597 2253 4667 Epistola
2295 4604 2490 4650 nastra
2538 4612 2630 4651 vos
2675 4597 2828 4662 estis,
2861 4599 2971 4650 etc.
3006 4594 3265 4665 Epistola
3309 4594 3468 4682 enim
3502 4594 3585 4649 si-

194 4697 318 4747 runt
364 4694 538 4749 fetus.
574 4692 717 4746 Item
767 4688 1095 4745 adulterare
1140 4686 1382 4742 verbum
1431 4685 1532 4741 Dei
1572 4690 1679 4753 est,
1714 4702 1829 4741 non
1862 4681 1871 4682 ί
1940 4701 2123 4757 gnum
2157 4689 2247 4740 est
2277 4682 2505 4739 salutis.
2539 4684 2819 4739 Corinthii
2852 4698 3108 4754 namque
3136 4681 3399 4755 Epistola
3428 4685 3595 4737 erant

201 4777 289 4835 Dei
318 4781 544 4848 laudes,
579 4780 680 4836 sed
713 4796 830 4834 suae
864 4775 1162 4850 sapientiae
1192 4775 1640 4832 ostentationem
1674 4792 1829 4847 quie-

200 4884 327 4925 rere.

168 4982 173 4987 ·
265 4958 537 5032 Sequitur
566 4976 579 5015 :
611 4958 712 5014 Sed
740 4974 810 5013 ea:
836 4956 1184 5015 sinceritate;
1211 4953 1320 5011 hoc
1348 4957 1437 5011 est
1463 4970 1531 5009 ex
1551 4951 1834 5026 simplici-

211 5048 314 5101 tate
341 5054 395 5103 et
422 5048 616 5104 cordis
666 5048 935 5118 puritate.
968 5043 1046 5097 Ex
1077 5043 1414 5100 sinceritate
1466 5048 1523 5099 et
1552 5041 1837 5116 simplici-

1665 5150 1692 5164 Λ
1724 5131 1838 5164 “nn

267 5138 564 5164 ‘n-.A-L..m
596 5136 684 5164 ΙὶΑἶ
709 5134 858 5164 ΙΑι-ιιῖ
886 5136 975 5164 At."
1014 5131 1119 5164 Ιηηη
1171 5136 1323 5164 "I‘nl‘
1358 5133 1620 5164 ’.Λαπιθίας-

1943 4774 2003 4829 in
2035 4773 2308 4829 cordibus
2339 4771 2758 4846 apostolorum,
2791 4771 2932 4843 quia
2964 4770 3128 4844 jugis
3159 4774 3284 4827 erat
3312 4769 3597 4825 memoria

1945 4879 2146 4919 eorum
2174 4862 2234 4918 in
2256 4862 2421 4935 ipsis,
2441 4868 2498 4919 et
2516 4861 2916 4917 indesinenter
2935 4876 3139 4916 eorum
3161 4860 3413 4918 salutem
3435 4863 3598 4929 opta-

1948 4954 2093 5008 bant
2118 4969 2131 5019 ;
2166 4953 2321 5008 unde
2350 4951 2408 5006 in
2443 4952 2636 5023 prima
2665 4948 3332 5024 Epistola18ignaculum
3349 4948 3458 5001 mei
3478 4960 3607 5015 apo-

1948 5041 2178 5098 stolatus
2210 5058 2302 5097 vos
2330 5043 2461 5097 estis
2511 5041 2559 5112 (ι
2595 5038 2719 5095 Cor.
2754 5058 2831 5111 1x,
2860 5042 2938 5107 2).
2990 5042 3054 5090 Et
3084 5037 3237 5094 bene
3282 5034 3369 5089 illi
3400 5032 3605 5087 dicun-

1951 5135 2046 5164 ιιηι
2067 5145 2194 5164 anno
2217 5130 2469 5164 mnia-inin
2523 5144 2772 5164 nnnnnm
2798 5125 2954 5164 ἶιιηῖα
2977 5129 3063 5164 nat
3093 5123 3376 5164 mnmnrin
3400 5121 3455 5164 in
3481 5136 3611 5164 nnr-
