3990 5306
341 334 453 392 431

1340 327 1675 389 ATTONIS
1721 324 2305 387 VERCELLENSIS
2350 326 2705 388 EPISCOPI

3628 326 3739 386 432

343 461 794 536 praedicantibus
814 461 1215 517 credidissent.
1231 460 1379 530 Sive,
1402 460 1643 531 Epistola
1667 457 1879 513 Christi
1893 473 1984 512 vos
2012 460 2069 523 Α
2099 455 2257 511 niam
2290 456 2557 512 nonnulli
2579 473 2780 511 eorum
2811 456 2952 511 adeo
2969 460 3135 511 erant
3164 460 3461 511 amatnres
3483 455 3748 511 Judaica

341 555 469 608 estis
497 552 825 606 ministrata
852 567 887 606 a
909 540 1096 620 fnobis,
1130 548 1267 622 quia
1316 549 1485 604 nobis
1535 547 1986 620 praedicantibus

343 638 692 707 credidistis,
726 643 783 695 et
821 638 1101 710 Spiritum
1153 643 1419 694 sanctum
1454 636 1796 709 percepistis
1830 654 1843 693 ς
1879 650 1988 690 ηοη

341 736 678 796 atramento,
707 728 800 784 sed
829 729 1041 801 Spiritu
1074 729 1169 784 Dei
1219 729 1351 783 vivi.
1388 727 1491 783 Illa
1522 726 1677 782 enim
1712 743 1824 792 res,
1859 741 1987 797 quas

345 818 685 886 destruitur,
718 823 775 875 et
817 818 1178 885 obliteratur,
1213 820 1539 873 atramento
1587 816 1800 871 dicitur
1829 831 1985 870 com-

347 909 610 965 mendari
644 925 658 965 :
691 906 794 963 illa
840 924 974 964 vero
1023 924 1151 979 quea
1203 911 1419 975 manet,
1452 905 1673 978 Spiritu
1723 905 1819 959 Dei
1852 903 1984 958 vivi.

346 999 514 1055 Fides
544 998 722 1063 enim,
754 997 893 1069 quia
926 1002 1204 1069 perpetua
1233 1001 1343 1062 est,
1375 1001 1431 1051 et
1471 1012 1558 1063 ea,
1592 1011 1719 1067 quae
1747 995 1818 1049 ab
1850 1010 1987 1064 apo-

345 1086 511 1144 stolis
540 1087 1056 1160 promittebantur,
1089 1084 1307 1158 Spiritu
1342 1084 1437 1139 Dei
1471 1083 1983 1149 commendantur;

346 1176 611 1233 doctrina
636 1192 772 1233 vero
794 1174 1440 1249 pseudoapostolorum,
1466 1174 1607 1245 quia
1629 1171 1985 1237 transitoria,

345 1254 690 1323 atramento.
725 1264 826 1321 His
859 1263 1012 1320 enim
1043 1263 1234 1321 verbis
1278 1261 1615 1318 distantiam
1651 1261 1787 1314 facit
1835 1275 1989 1314 vero-

346 1374 479 1413 rum
510 1362 565 1412 et
620 1355 900 1411 falsorum
952 1354 1396 1427 praedicatorum
1450 1350 1616 1423 legis,
1666 1355 1721 1404 et
1768 1348 1986 1421 gratiae.

342 1449 462 1504 Non
491 1447 547 1502 in
580 1445 785 1502 tabulis
816 1443 1065 1516 lapideis.
1097 1443 1198 1499 His
1230 1442 1386 1498 enim
1428 1440 1619 1495 verbis
1650 1442 1811 1494 notat
1840 1440 1989 1510 Apo-

346 1534 533 1594 stolus
560 1534 768 1607 legem.
799 1533 979 1590 Vetus
1011 1548 1266 1604 namque
1286 1530 1377 1586 lex
1405 1529 1465 1585 in
1496 1527 1714 1584 tabulis
1744 1526 1990 1599 lapideis

344 1626 563 1699 scripta
586 1624 974 1697 fuit,quarum
998 1621 1200 1678 tractio
1223 1619 1598 1676 abolitionem
1619 1617 1823 1673 littera:
1848 1615 1992 1687 legis

346 1715 732 1789 significabat.
765 1714 835 1769 Et
873 1714 1019 1769 bene
1050 1711 1110 1767 in
1158 1711 1260 1766 tali
1292 1709 1597 1778 elemento,
1631 1708 1769 1779 quia
1816 1706 1896 1761 illi
1931 1707 1988 1761 in

347 1804 568 1861 duritia
593 1803 784 1860 cordis
816 1806 982 1859 erant
1009 1798 1292 1857 mansuri.
1317 1800 1427 1854 Sed
1464 1797 1727 1869 nunquid
1760 1795 1851 1851 lex
1880 1796 1990 1850 hoc

342 1893 578 1950 voluit?
606 1893 751 1949 Non.
784 1892 894 1948 Sed
941 1890 1080 1963 quia
1132 1890 1393 1945 futurum
1425 1891 1566 1958 erat,
1593 1885 1986 1958 ’portendeba-

342 1987 457 2040 tur.
486 1983 589 2040 Sed
618 1986 678 2037 in
698 1982 901 2038 tabulis
929 1980 1107 2037 cordis
1133 1978 1470 2034 carnalibus.
1503 1975 1757 2031 Tabulas
1789 1991 1989 2030 carna-

342 2074 426 2130 les
477 2072 733 2147 appellat
780 2070 1011 2127 tabulas
1072 2069 1285 2125 cordis.
1322 2068 1389 2122 Et
1440 2067 1623 2133 bene;
1665 2064 1803 2136 quia
1854 2080 1985 2118 caro

344 2163 541 2235 sentit,
575 2180 674 2219 cor
703 2160 999 2218 discernit.
1031 2160 1139 2214 Per
1173 2158 1282 2214 has
1314 2173 1448 2228 erge
1480 2153 1710 2210 tabulas
1758 2151 1984 2225 signiﬁ-

345 2255 588 2310 cabatur
614 2252 913 2318 meritum,
945 2254 1003 2304 et
1032 2246 1286 2321 dignitas
1318 2245 1575 2310 illorum,
1606 2242 1704 2314 qui
1739 2242 1795 2296 in
1828 2239 1986 2295 Chri-

343 2348 503 2400 stum
532 2346 702 2398 erant
729 2337 1026 2397 credituri.
1056 2336 1201 2392 Nam
1235 2332 1515 2389 distantia
1543 2336 1666 2387 erat
1690 2330 1844 2385 inter
1882 2329 1985 2384 hoc

342 2437 401 2491 et
430 2431 598 2489 illud.
630 2430 750 2487 Illis
782 2444 1035 2500 namque
1080 2425 1442 2482 extrinsecus
1491 2422 1629 2476 data
1659 2424 1747 2476 est
1776 2418 1887 2485 lex,
1921 2422 1987 2473 ut

342 2522 723 2590 terriﬁcaret;
757 2519 889 2574 istis
921 2515 1297 2585 intrinsecus,
1331 2517 1396 2568 ut
1419 2511 1789 2583 justilicaret.
1822 2508 1893 2563 Et
1917 2506 1985 2561 il-

342 2612 404 2686 li,
432 2611 695 2682 volendo,
742 2607 1009 2676 volendo,
1044 2604 1314 2673 nolendo,
1347 2603 1456 2657 sub
1506 2600 1629 2672 lege
1682 2604 1866 2665 erant,
1914 2613 1984 2652 ne

340 2700 725 2774 punirentur;
758 2697 859 2753 isti
896 2699 1104 2769 sponte
1133 2694 1242 2750 sub
1291 2692 1437 2765 lege,
1472 2694 1533 2745 ut
1558 2688 1981 2762 justiﬁcentur.

339 2794 430 2859 Et,
463 2790 615 2846 sicut
642 2787 861 2844 duritia
890 2785 1082 2842 cordis
1112 2782 1346 2839 illorum
1399 2779 1634 2836 nomine
1665 2777 1875 2849 lapidis
1910 2777 1983 2833 si-

338 2880 653 2951 gniﬁcatur
680 2877 796 2943 hic,
824 2876 906 2931 ita
934 2875 993 2930 in
1035 2871 1435 2945 sequentibus,
1471 2867 1706 2924 nomine
1750 2865 1982 2921 velami-

339 2967 454 3036 nis,
486 2966 711 3022 caecitas
742 2965 934 3021 cordis
964 2964 1247 3037 ipsorum.
1271 2961 1340 3015 Et
1369 2963 1597 3014 tantum
1620 2957 1799 3012 distat
1831 2957 1982 3011 inter

336 3056 509 3113 istius
538 3055 685 3130 legis
734 3054 1162 3128 praedicatores,
1193 3055 1250 3107 et
1294 3048 1475 3118 illius,
1510 3051 1797 3120 quantum
1829 3045 1981 3100 inter

2097 552 2286 611 sectae,
2330 550 2393 601 ut
2421 546 2606 617 legem
2639 544 2950 601 carnaliter
2978 546 3320 601 servandam
3352 546 3652 601 docerent.
3682 545 3749 601 Et

2098 640 2187 689 est
2217 652 2428 690 sensus
2475 636 2617 690 Novi
2648 635 3002 690 Testamenti
3054 652 3263 689 sumus
3311 633 3597 703 ministri,
3634 651 3751 689 non

2095 722 2342 791 Veteris,
2374 725 2528 779 sicut
2558 725 2803 796 Moyses,
2828 730 2927 779 aut
2957 724 3069 795 ipsi
3100 728 3260 790 sunt,
3283 723 3381 796 qui
3408 724 3601 796 legem
3624 740 3753 779 car-

2098 812 2307 869 naliter
2323 814 2532 869 docent
2549 830 2792 869 servare.
2818 814 3067 885 Ideoque
3089 813 3347 870 addidit:
3370 814 3493 870 Non
3521 814 3751 881 litterae,

2095 902 2188 957 sed
2213 904 2463 974 spiritus,
2495 901 2551 957 id
2600 907 2708 968 est,
2743 919 2856 957 non
2905 900 3051 974 legis
3081 901 3308 971 litterae,
3341 904 3440 959 sed
3497 903 3752 976 spiritus

2097 991 2295 1063 gratia?
2328 992 2663 1046 servientes.
2701 996 2887 1057 Quare
2921 1007 3035 1046 non
3056 991 3085 1047 ‘2
3114 992 3260 1057 Quia
3288 993 3495 1061 littera,
3534 993 3758 1065 inquit,

2097 1079 2307 1135 occidit.
2334 1081 2441 1135 Sed
2470 1080 2648 1152 qumri
2672 1084 2862 1152 potest
2887 1097 3067 1152 quare
3088 1080 3298 1136 dixerit
3319 1080 3577 1138 litteram
3601 1083 3760 1137 occi-

2098 1168 2253 1235 dere,
2290 1185 2423 1223 eum
2456 1168 2786 1239 adjunxerit
2814 1167 3203 1224 viviﬁcantem
3235 1169 3513 1242 spiritum
3534 1170 3563 1225 ?
3592 1171 3761 1227 Forte

2098 1256 2876 1330 dicitaliquis,propterillud
2899 1275 3081 1315 unum
3099 1260 3759 1332 Decalogijmandatum,

2100 1348 2251 1418 quod
2288 1348 2429 1402 dicit
2463 1365 2474 1402 :
2514 1347 2771 1403 Memento
2819 1352 2880 1403 ut
2921 1349 3167 1405 observes
3197 1350 3342 1405 diem
3384 1350 3622 1407 Sabbati
3640 1368 3662 1413 ;
3692 1368 3758 1408 eo

2100 1437 2274 1507 quod,
2299 1438 2399 1508 qui
2434 1435 2745 1493 carnaliter
2766 1436 3087 1494 Sabbatum
3106 1439 3393 1508 observat,
3417 1441 3714 1496 moriatur
3731 1440 3761 1495 ἵ

2100 1525 2207 1579 Sed
2243 1525 2375 1595 quis
2409 1528 2581 1580 tanta:
2613 1530 2703 1582 est
2731 1525 3058 1600 imperitiae,
3093 1533 3157 1584 ut
3185 1527 3343 1585 dicat
3370 1533 3619 1603 propter
3646 1529 3756 1587 hoc

2101 1630 2283 1668 unum
2316 1614 2659 1670 mandatum
2694 1613 2947 1672 lit-teram
2997 1617 3304 1673 occidere?
3332 1617 3484 1692 Ergo
3516 1623 3760 1692 propter

2098 1705 2279 1757 totam
2315 1701 2497 1775 legem
2533 1702 2641 1759 hoc
2692 1702 2851 1760 dicit.
2883 1705 3029 1761 Nam
3061 1706 3233 1779 quale
3278 1711 3388 1775 est,
3423 1709 3583 1780 quod
3615 1708 3755 1765 alibi

2101 1791 2242 1846 dicit
2273 1807 2286 1846 :
2325 1791 2825 1864 Concupiscentiam
2858 1796 3162 1850 nesciebam
3187 1796 3363 1867 (Rom.
3392 1815 3493 1867 v11,
3526 1798 3611 1870 7),
3642 1805 3752 1856 etc.

2101 1882 2392 1957 occasione
2420 1889 2602 1937 autem
2647 1887 2889 1955 accepta,
2918 1889 3218 1955 peccatum,
3250 1891 3388 1952 etc.,
3424 1887 3541 1943 tale
3571 1888 3754 1945 etiam

2096 1976 2204 2037 est,
2231 1971 2381 2043 quod
2408 1970 2936 2041 hiedicit,litteram
2958 1974 3239 2030 occidere.
3262 1975 3488 2032 Occidit
3508 1977 3752 2051 quippe,

2096 2060 2234 2131 quia
2266 2060 2465 2132 jubere
2514 2066 2724 2133 potest,
2758 2079 2873 2118 non
2905 2067 3099 2119 tamen
3141 2065 3366 2135 juvare.
3400 2065 3575 2134 Nam,
3606 2068 3748 2123 dum

2096 2150 2355 2221 praecipit
2386 2149 2605 2205 malum
2631 2168 2743 2205 non
2775 2167 2905 2207 esse
2935 2153 3250 2224 agendum.
3270 2155 3426 2225 quod
3458 2155 3678 2229 agitur,
3696 2163 3754 2214 et

2094 2240 2317 2294 bonum
2372 2240 2685 2311 agendum,
2719 2241 2873 2312 quod
2926 2258 3040 2297 non
3073 2242 3285 2314 agitur,
3318 2244 3557 2300 occidit.
3591 2246 3752 2303 Talis

2096 2344 2349 2398 namque
2370 2327 2459 2383 lex
2481 2329 2681 2383 debuit
2703 2329 2823 2384 dari
2850 2332 3120 2403 superbis
3139 2331 3199 2386 in
3222 2332 3346 2389 suis
3363 2334 3593 2391 viribus
3615 2353 3752 2392 con-

2095 2416 2433 2483 ﬁdentibus,
2468 2434 2691 2489 suoque
2739 2418 2916 2474 etiam
2970 2426 3179 2476 conatu
3210 2421 3424 2477 salvari
3457 2425 3750 2481 credenti-

2094 2506 2227 2573 bus,
2261 2510 2549 2577 quatenus
2597 2506 2705 2562 hac
2756 2507 2881 2581 lege
2929 2509 3208 2575 conclusi,
3242 2516 3421 2584 atque
3470 2515 3750 2571 coarctati

2094 2598 2355 2665 quaerent
2384 2595 2632 2667 gratiam
2687 2613 2804 2668 qua
2834 2596 3215 2654 salvarentur.
3249 2601 3456 2658 Littera
3499 2604 3751 2668 occidit;

2094 2683 2253 2754 quia,
2286 2684 2423 2739 dum
2478 2682 2847 2741 solummodo
2872 2686 3065 2757 jubet,
3100 2688 3412 2746 mortificat
3445 2709 3460 2747 :
3496 2692 3747 2763 spiritus

2093 2776 2288 2828 autem
2319 2772 2608 2841 vivificat;
2644 2774 2934 2846 quia,non
2968 2780 3193 2832 tantum
3218 2778 3532 2850 jubet,sed
3565 2783 3745 2840 etiam

2083 2861 2465 2935 juvat,'_ipsos
2495 2864 2709 2935 quippe
2762 2868 3092 2934 peccatores
3135 2867 3445 2938 justilicat.
3480 2869 3590 2928 Illa
3617 2876 3745 2927 tan-

2089 2956 2215 3006 tum
2249 2952 2597 3018 auditorem,
2635 2954 2753 3008 haec
2784 2952 2975 3025 magis
3001 2953 3265 3026 {requirit
3293 2958 3599 3016 factorem.

2161 3041 2308 3114 (702)
2328 3042 2601 3113 Sequitur
2622 3060 2634 3098 :
2661 3041 2820 3115 Quod
2836 3044 2888 3097 si
2908 3044 3244 3101 ministratio
3264 3049 3480 3117 mortis,
3502 3052 3617 3105 etc.
3645 3050 3742 3105 Hic

336 3146 467 3220 ipsa
496 3129 615 3201 duo
658 3145 1054 3201 Testamenta.
1105 3140 1268 3197 Unde
1298 3138 1358 3194 in
1408 3136 1788 3210 sequentibus
1839 3133 1981 3190 dicit
2015 3202 2052 3220 Α
2088 3129 2335 3220 Faustus
2367 3130 2723 3220 Manichaeus
2745 3131 2916 3203 erigit
2945 3135 3283 3206 aurem,qui
3306 3135 3498 3209 legem
3525 3138 3741 3195 malam

332 3202 648 3308 Apostolus
677 3234 866 3308 magis
905 3231 1251 3305 mysterium
1292 3202 1662 3301 praedicasse,
1696 3225 1978 3296 majorem
2011 3202 2053 3271 (Σ
2092 3218 2256 3287 dixit,
2290 3221 2433 3275 adeo
2466 3224 2526 3274 ut
2574 3219 2769 3291 ipsum
2818 3202 3075 3294 Moysem
3108 3202 3331 3279 malum
3363 3202 3618 3284 ‘diceret,
3647 3229 3742 3284 Αίι

336 3327 513 3384 etiam
546 3324 742 3397 Moyse
772 3323 1021 3396 gloriam
1050 3321 1284 3376 habere.

408 3466 731 3538 Sequitur:
781 3464 1069 3520 Fiduciam
1112 3463 1299 3517 autem
1346 3461 1513 3515 talem
1557 3459 1836 3525 habemus,
1869 3461 1979 3512 etc.

339 3555 578 3621 Qualem
622 3553 897 3610 fiduciam
931 3552 1171 3606 haberet
1217 3549 1288 3604 ad
1320 3549 1505 3603 Deum
1554 3563 1657 3619 per
1685 3547 1982 3603 Christum

346 3645 759 3715 ostendit,cum
782 3640 1125 3713 subjunxit:
1152 3639 1267 3694 Non
1291 3636 1430 3709 quod
1459 3638 1785 3707 sufﬁcientes
1813 3639 1987 3693 simus

343 3738 587 3805 cogitare
615 3732 964 3805 aliquid,etc.
989 3730 1140 3785 Sane
1161 3726 1634 3797 sciendum,quia
1659 3728 1983 3783 secundum

344 3826 495 3881 hanc
524 3821 829 3896 praesentis
860 3817 1140 3891 temporis
1170 3815 1634 3886 dispositionem,
1660 3815 1772 3870 nisi
1804 3832 1837 3871 a
1866 3817 1983 3873 Deo

343 3910 963 3987 regamur,subsistere
983 3924 1097 3964 non
1113 3905 1641 3980 possumus,multo
1657 3906 1851 3962 minus
1873 3906 1984 3968 sal,-

341 4003 464 4059 vari
498 4019 511 4058 :
544 4004 602 4057 et
628 4000 678 4057 si
705 3999 842 4057 boni
873 3997 1092 4071 aliquid
1125 3995 1439 4067 nequimus
1487 3994 1763 4066 cogitare,
1797 3995 1982 4051 multo

344 4092 541 4148 minus
570 4089 817 4164 operari,
848 4087 1167 4161 praesertim
1190 4102 1321 4139 cum
1352 4084 1479 4155 ipse
1507 4082 1662 4139 dicat
1694 4101 1707 4139 :
1741 4084 1871 4139 Sine
1899 4102 1986 4141 me

343 4181 489 4238 nihil
504 4182 732 4254 potestis
750 4181 932 4251 facere
954 4179 1137 4249 (Joan.
1160 4191 1250 4243 xv,
1272 4175 1350 4243 5).
1377 4173 1435 4227 Si
1466 4189 1599 4227 vero
1624 4172 1788 4227 nulla
1816 4175 1983 4229 nobis

343 4271 536 4328 inesse
567 4273 759 4343 potest
805 4266 1050 4323 facultas
1100 4264 1350 4333 alicujus
1380 4263 1546 4316 home
1593 4262 1981 4333 cogitationis,

346 4360 531 4415 multo
562 4359 758 4414 minus
809 4354 1058 4425 alicujus
1090 4352 1170 4406 rei
1222 4349 1612 4422 perfectionis.
1644 4351 1805 4415 Quod
1852 4368 1983 4407 vero

345 4447 532 4504 dicit:
566 4450 688 4502 Non
733 4443 873 4518 quod
916 4443 1247 4514 sufﬁcientes
1289 4455 1480 4507 simus,
1531 4443 1667 4509 etc.,
1712 4441 1848 4497 talis
1897 4447 1985 4498 est

343 4553 573 4604 sensus,
594 4535 763 4608 quasi
785 4531 1027 4589 dixisset
1050 4544 1063 4584 :
1087 4534 1202 4585 Nos
1225 4528 1413 4601 pauci,
1430 4533 1485 4584 et
1501 4529 1688 4584 idiotas
1711 4531 1781 4585 ad
1808 4531 1979 4586 {idem

343 4626 633 4682 mundum
656 4626 1006 4687 convertere,
1030 4636 1096 4674 ac
1114 4617 1344 4673 trahere
1366 4634 1477 4671 non
1507 4618 1982 4689 poteramus,nisi

342 4716 442 4773 illo
482 4715 743 4787 juvante.
777 4711 926 4767 Illud
974 4710 1147 4765 etiam
1199 4707 1807 4773 animadvertendum,
1843 4708 1984 4778 quia

342 4805 517 4860 verba
547 4801 830 4875 praemisit
875 4796 1244 4863 humilitatis,
1278 4811 1343 4850 eo
1377 4796 1529 4866 quod
1582 4801 1737 4851 esset
1766 4811 1981 4867 magna

338 4894 623 4951 dicturus.
655 4892 825 4957 Nam,
859 4888 995 4961 quia
1027 4902 1238 4958 magna
1267 4884 1431 4948 dixit,
1457 4888 1511 4938 et
1540 4884 1804 4939 dicturus
1834 4890 1977 4950 erat,

338 5001 408 5016 ..Α
443 4985 736 5016 ..ςληηηιηκ
764 4977 955 5016 nv+nll3
1011 4981 1063 5016 at
1097 4974 1387 5016 nr-nnrinm
1423 4988 1677 5016 nnmrprp.
1708 4972 1950 5016 olnrinm

2090 3308 2246 3364 enim
2278 3309 2436 3381 quia,
2469 3308 2581 3364 nisi
2613 3308 2704 3364 lex
2731 3308 2887 3365 mala
2914 3316 3089 3380 esset,
3123 3329 3237 3368 non
3269 3330 3397 3369 eam
3423 3317 3739 3389 Apostolus

2092 3397 2421 3453 ministram
2473 3398 2677 3455 mortis
2708 3404 2959 3455 vocaret.
3004 3400 3131 3472 Ipse
3165 3419 3297 3458 vero
3343 3421 3461 3461 non
3493 3407 3747 3463 attendit

2091 3487 2494 3555 intentionem,
2523 3504 2710 3560 neque
2730 3505 2973 3545 sensum
2992 3490 3251 3562 Apostoli
3276 3491 3585 3552 intellexit.
3599 3496 3745 3553 Nam

2094 3576 2191 3647 qui
2221 3575 2408 3647 legem
2442 3575 2770 3632 ministram
2801 3577 2942 3633 dicit
2974 3579 3374 3649 mortis,idem
3392 3583 3535 3639 alibi
3568 3584 3745 3641 dicit:

2093 3666 2204 3721 Lex
2233 3667 2458 3736 quidem
2486 3674 2674 3722 sancta
2705 3666 2879 3738 (Rom.
2912 3684 3011 3735 vn,
3047 3669 3156 3741 12),
3182 3673 3289 3725 etc.
3326 3688 3340 3727 :
3375 3674 3603 3745 quique
3632 3693 3746 3731 non

2093 3760 2181 3810 est
2210 3754 2323 3810 sibi
2374 3756 2720 3823 contrarius,
2754 3755 2889 3813 licet
2935 3757 3109 3813 verba
3140 3758 3292 3815 inter
3342 3776 3406 3816 se
3437 3761 3747 3821 dimicent.

2093 3845 2206 3900 Lex
2224 3844 2379 3900 enim
2400 3844 2529 3901 ideo
2553 3845 2907 3902 ministratio
2928 3846 3134 3903 mortis
3156 3847 3389 3921 dicitur,
3408 3852 3745 3923 quod,dum

2093 3938 2394 4005 peccatum
2426 3934 2783 4002 manifestat,
2806 3935 3276 4008 concupiscentia
3299 3946 3746 4012 augmentatur.

2091 4024 2231 4079 Tres
2264 4040 2519 4096 namque
2540 4028 2677 4079 sunt
2696 4024 2912 4097 gradus
2933 4040 2944 4078 :
2967 4029 3269 4097 peccatum
3302 4030 3588 4100 ostendit,
3617 4049 3755 4088 con-

2092 4113 2510 4184 cupiscentiam
2546 4117 2738 4185 auget,
2773 4130 3029 4185 suosque
3052 4115 3227 4170 etiam
3260 4116 3601 4189 cognitores
3620 4137 3748 4193 gra-

2092 4202 2220 4256 vius
2248 4201 2588 4273 delinquere
2610 4202 2746 4256 facit
2770 4218 2783 4269 ;
2805 4202 3081 4274 quoniam
3102 4203 3161 4258 in
3184 4205 3428 4262 scientia
3450 4209 3651 4279 major
3669 4214 3757 4267 est

2091 4289 2499 4362 transgressio.
2528 4289 2687 4345 Unde
2716 4290 2841 4362 ipse
2871 4289 3016 4347 alias
3046 4290 3187 4347 dicit
3220 4309 3234 4349 :
3273 4294 3373 4351 Ubi
3393 4312 3505 4351 non
3528 4302 3613 4353 est
3638 4299 3752 4365 lex,

2091 4398 2190 4436 nec
2212 4381 2594 4452 pramaricatio
2624 4379 2797 4450 (Rom.
2832 4397 2909 4450 IV,
2944 4381 3069 4449 15);
3106 4385 3164 4437 et
3208 4381 3339 4438 ideo
3368 4383 3516 4440 dicit
3549 4402 3563 4439 :
3602 4384 3755 4455 Quod

2091 4472 2141 4525 si
2168 4472 2359 4525 mortis
2389 4471 2724 4525 ministratio
2746 4471 2857 4541 fuit
2886 4471 2946 4524 in
2974 4469 3175 4541 gloria.
3197 4471 3267 4526 Et
3291 4472 3462 4543 quasi
3494 4473 3753 4531 interro-

2013 4573 2060 4637 ι)
2090 4566 2281 4631 gatus,
2316 4576 2443 4630 qua:
2490 4558 2663 4613 fuerit
2712 4558 2842 4630 ipsa
2890 4557 3096 4630 gloria,
3129 4561 3406 4628 ostendit,
3441 4564 3612 4618 itaut
3641 4580 3753 4620 non

2088 4656 2305 4719 possent
2330 4649 2439 4718 ﬁlii
2466 4649 2638 4703 Israel
2687 4647 2990 4716 intendere,
3021 4653 3130 4702 etc.
3167 4649 3328 4714 Quod
3364 4651 3512 4707 satis
3544 4658 3748 4725 aperte

2092 4737 2241 4792 liber
2266 4736 2443 4791 Exodi
2476 4737 2755 4802 declarat,
2781 4737 2981 4792 dicens
3014 4753 3025 4791 :
3065 4737 3207 4805 Quia
3237 4754 3306 4793 ea:
3338 4742 3615 4798 consortio
3634 4759 3748 4799 ser-

2092 4828 2267 4881 monis
2296 4826 2394 4881 Dei
2440 4825 2745 4895 clariﬁcata
2772 4830 2849 4881 est
2895 4828 3064 4893 facies
3109 4827 3281 4898 Moysi
3309 4828 3503 4899 (Exod.
3550 4847 3747 4901 xxxrv,

2088 4916 2200 4986 29),
2233 4920 2341 4970 etc.
2377 4916 2435 4970 Si
2467 4931 2601 4987 ergo
2636 4916 2757 4971 haec
2792 4916 2997 4971 mortis
3032 4915 3386 4973 ministratio
3419 4918 3552 4988 fuit,
3587 4920 3747 4976 mul-
