  <div class='ocr_page' id='page_1' title='image "/cluster/home/n/w/nwhite01/storage/ocr_20150623/134/hvd.32044015471741/216.png"; bbox 0 0 3990 5306; ppageno 0'>
   <div class='ocr_carea' id='block_1_1' title="bbox 165 445 283 507">
    <p class='ocr_par' dir='ltr' id='par_1_1' title="bbox 165 445 283 507">
     <span class='ocr_line' id='line_1_1' title="bbox 165 445 283 507; baseline -0.017 0"><span class='ocrx_word' id='word_1_1' title='bbox 165 445 283 507; x_wconf 68' lang='grc'>437</span> 
     </span>
    </p>
   </div>
   <div class='ocr_carea' id='block_1_2' title="bbox 727 439 3004 517">
    <p class='ocr_par' dir='ltr' id='par_1_2' title="bbox 727 439 3004 517">
     <span class='ocr_line' id='line_1_2' title="bbox 727 439 3004 517; baseline -0.002 -9"><span class='ocrx_word' id='word_1_2' title='bbox 727 445 1139 517; x_wconf 84' lang='lat' dir='ltr'>EXPOSI&#39;I‘lO</span> <span class='ocrx_word' id='word_1_3' title='bbox 1184 446 1263 508; x_wconf 86' lang='lat' dir='ltr'>IN</span> <span class='ocrx_word' id='word_1_4' title='bbox 1309 444 1736 508; x_wconf 85' lang='lat' dir='ltr'>EPISTOLAS</span> <span class='ocrx_word' id='word_1_5' title='bbox 1783 439 2043 504; x_wconf 86' lang='lat' dir='ltr'>PAULI.</span> <span class='ocrx_word' id='word_1_6' title='bbox 2071 443 2245 505; x_wconf 82' lang='grc' dir='ltr'><strong>-ΙΝ</strong></span> <span class='ocrx_word' id='word_1_7' title='bbox 2290 446 2541 509; x_wconf 88' lang='lat' dir='ltr'>EPlS&#39;l‘.</span> <span class='ocrx_word' id='word_1_8' title='bbox 2588 445 2639 507; x_wconf 93' lang='lat' dir='ltr'>ll</span> <span class='ocrx_word' id='word_1_9' title='bbox 2683 447 2785 507; x_wconf 88' lang='lat' dir='ltr'>AD</span> <span class='ocrx_word' id='word_1_10' title='bbox 2829 446 3004 508; x_wconf 83' lang='lat' dir='ltr'>COR.</span> 
     </span>
    </p>
   </div>
   <div class='ocr_carea' id='block_1_3' title="bbox 3449 451 3567 511">
    <p class='ocr_par' dir='ltr' id='par_1_3' title="bbox 3449 451 3567 511">
     <span class='ocr_line' id='line_1_3' title="bbox 3449 451 3567 511; baseline 0.017 -2"><span class='ocrx_word' id='word_1_11' title='bbox 3449 451 3567 511; x_wconf 71' lang='grc'>438</span> 
     </span>
    </p>
   </div>
   <div class='ocr_carea' id='block_1_4' title="bbox 167 577 3567 655">
    <p class='ocr_par' dir='ltr' id='par_1_4' title="bbox 167 577 3567 655">
     <span class='ocr_line' id='line_1_4' title="bbox 167 577 3567 655; baseline 0.001 -19"><span class='ocrx_word' id='word_1_12' title='bbox 167 580 417 649; x_wconf 80' lang='lat' dir='ltr'>Patrem,</span> <span class='ocrx_word' id='word_1_13' title='bbox 452 577 601 636; x_wconf 84' lang='lat' dir='ltr'>sicut</span> <span class='ocrx_word' id='word_1_14' title='bbox 632 579 756 655; x_wconf 90' lang='lat' dir='ltr'>ipse</span> <span class='ocrx_word' id='word_1_15' title='bbox 791 597 801 635; x_wconf 91' lang='lat'>:</span> <span class='ocrx_word' id='word_1_16' title='bbox 830 582 937 651; x_wconf 87' lang='lat' dir='ltr'>Qui</span> <span class='ocrx_word' id='word_1_17' title='bbox 966 582 1109 639; x_wconf 87' lang='lat' dir='ltr'>videt</span> <span class='ocrx_word' id='word_1_18' title='bbox 1138 598 1243 649; x_wconf 85' lang='lat' dir='ltr'>me,</span> <span class='ocrx_word' id='word_1_19' title='bbox 1286 581 1427 638; x_wconf 80' lang='lat' dir='ltr'>videt</span> <span class='ocrx_word' id='word_1_20' title='bbox 1484 584 1535 635; x_wconf 91' lang='lat' dir='ltr'>et</span> <span class='ocrx_word' id='word_1_21' title='bbox 1588 581 1807 635; x_wconf 82' lang='lat' dir='ltr'>Patrem</span> <span class='ocrx_word' id='word_1_22' title='bbox 1837 577 1891 643; x_wconf 80' lang='grc' dir='ltr'><strong>Α</strong></span> <span class='ocrx_word' id='word_1_23' title='bbox 1924 578 2256 646; x_wconf 80' lang='lat' dir='ltr'>Anxiamur,</span> <span class='ocrx_word' id='word_1_24' title='bbox 2278 582 2369 636; x_wconf 74' lang='lat' dir='ltr'>sed</span> <span class='ocrx_word' id='word_1_25' title='bbox 2399 598 2509 637; x_wconf 86' lang='lat' dir='ltr'>non</span> <span class='ocrx_word' id='word_1_26' title='bbox 2566 582 2950 643; x_wconf 83' lang='lat' dir='ltr'>destituimur;</span> <span class='ocrx_word' id='word_1_27' title='bbox 2982 581 3039 636; x_wconf 93' lang='lat' dir='ltr'>id</span> <span class='ocrx_word' id='word_1_28' title='bbox 3091 583 3180 638; x_wconf 91' lang='lat' dir='ltr'>est</span> <span class='ocrx_word' id='word_1_29' title='bbox 3230 586 3343 639; x_wconf 91' lang='lat' dir='ltr'>Deo</span> <span class='ocrx_word' id='word_1_30' title='bbox 3392 584 3567 641; x_wconf 87' lang='lat' dir='ltr'>relin-</span> 
     </span>
    </p>
   </div>
   <div class='ocr_carea' id='block_1_5' title="bbox 168 670 600 743">
    <p class='ocr_par' dir='ltr' id='par_1_5' title="bbox 168 670 600 743">
     <span class='ocr_line' id='line_1_5' title="bbox 168 670 600 743; baseline -0.005 -16"><span class='ocrx_word' id='word_1_31' title='bbox 168 671 346 743; x_wconf 85' lang='lat' dir='ltr'>(Joan.</span> <span class='ocrx_word' id='word_1_32' title='bbox 380 688 492 740; x_wconf 81' lang='lat' dir='ltr'>x1v,</span> <span class='ocrx_word' id='word_1_33' title='bbox 526 670 600 739; x_wconf 82' lang='lat'>9).</span> 
     </span>
    </p>
   </div>
   <div class='ocr_carea' id='block_1_6' title="bbox 236 777 1809 850">
    <p class='ocr_par' dir='ltr' id='par_1_6' title="bbox 236 777 1809 850">
     <span class='ocr_line' id='line_1_6' title="bbox 236 777 1809 850; baseline 0.001 -18"><span class='ocrx_word' id='word_1_34' title='bbox 236 778 353 833; x_wconf 82' lang='lat' dir='ltr'>Non</span> <span class='ocrx_word' id='word_1_35' title='bbox 384 780 534 833; x_wconf 86' lang='lat' dir='ltr'>enim</span> <span class='ocrx_word' id='word_1_36' title='bbox 561 780 916 850; x_wconf 80' lang='lat' dir='ltr'>nosmetipsos</span> <span class='ocrx_word' id='word_1_37' title='bbox 962 779 1347 849; x_wconf 76' lang='lat' dir='ltr'>praedicamus,</span> <span class='ocrx_word' id='word_1_38' title='bbox 1381 783 1489 834; x_wconf 87' lang='lat' dir='ltr'>etc.</span> <span class='ocrx_word' id='word_1_39' title='bbox 1520 803 1534 846; x_wconf 88' lang='lat'>;</span> <span class='ocrx_word' id='word_1_40' title='bbox 1593 777 1649 832; x_wconf 88' lang='lat' dir='ltr'>id</span> <span class='ocrx_word' id='word_1_41' title='bbox 1700 783 1809 847; x_wconf 87' lang='lat' dir='ltr'>est,</span> 
     </span>
    </p>
   </div>
   <div class='ocr_carea' id='block_1_7' title="bbox 168 868 1811 939">
    <p class='ocr_par' dir='ltr' id='par_1_7' title="bbox 168 868 1811 939">
     <span class='ocr_line' id='line_1_7' title="bbox 168 868 1811 939; baseline 0.001 -18"><span class='ocrx_word' id='word_1_42' title='bbox 168 873 402 939; x_wconf 85' lang='lat' dir='ltr'>propter</span> <span class='ocrx_word' id='word_1_43' title='bbox 431 884 558 931; x_wconf 91' lang='lat' dir='ltr'>nos,</span> <span class='ocrx_word' id='word_1_44' title='bbox 593 870 692 923; x_wconf 91' lang='lat' dir='ltr'>sed</span> <span class='ocrx_word' id='word_1_45' title='bbox 726 872 961 939; x_wconf 76' lang='lat' dir='ltr'>propter</span> <span class='ocrx_word' id='word_1_46' title='bbox 988 871 1172 925; x_wconf 87' lang='lat' dir='ltr'>Jesum</span> <span class='ocrx_word' id='word_1_47' title='bbox 1203 870 1520 931; x_wconf 84' lang='lat' dir='ltr'>Christum.-</span> <span class='ocrx_word' id='word_1_48' title='bbox 1586 868 1642 923; x_wconf 92' lang='lat' dir='ltr'>id</span> <span class='ocrx_word' id='word_1_49' title='bbox 1703 872 1811 935; x_wconf 87' lang='lat' dir='ltr'>est,</span> 
     </span>
    </p>
   </div>
   <div class='ocr_carea' id='block_1_8' title="bbox 170 957 1811 1030">
    <p class='ocr_par' dir='ltr' id='par_1_8' title="bbox 170 957 1811 1030">
     <span class='ocr_line' id='line_1_8' title="bbox 170 957 1811 1030; baseline 0 -20"><span class='ocrx_word' id='word_1_50' title='bbox 170 962 405 1027; x_wconf 84' lang='lat' dir='ltr'>propter</span> <span class='ocrx_word' id='word_1_51' title='bbox 435 972 693 1011; x_wconf 90' lang='lat' dir='ltr'>amorem</span> <span class='ocrx_word' id='word_1_52' title='bbox 719 957 942 1028; x_wconf 86' lang='lat' dir='ltr'>ipsius;</span> <span class='ocrx_word' id='word_1_53' title='bbox 987 958 1125 1029; x_wconf 82' lang='lat' dir='ltr'>quia</span> <span class='ocrx_word' id='word_1_54' title='bbox 1156 976 1270 1013; x_wconf 90' lang='lat' dir='ltr'>non</span> <span class='ocrx_word' id='word_1_55' title='bbox 1305 976 1483 1014; x_wconf 90' lang='lat' dir='ltr'>causa</span> <span class='ocrx_word' id='word_1_56' title='bbox 1529 962 1811 1030; x_wconf 60' lang='lat' dir='ltr'>quaestus,</span> 
     </span>
    </p>
   </div>
   <div class='ocr_carea' id='block_1_9' title="bbox 169 1045 1813 1121">
    <p class='ocr_par' dir='ltr' id='par_1_9' title="bbox 169 1045 1813 1121">
     <span class='ocr_line' id='line_1_9' title="bbox 169 1045 1813 1121; baseline -0.001 -20"><span class='ocrx_word' id='word_1_57' title='bbox 169 1045 249 1102; x_wconf 89' lang='lat' dir='ltr'>vel</span> <span class='ocrx_word' id='word_1_58' title='bbox 283 1045 433 1101; x_wconf 91' lang='lat' dir='ltr'>lucri</span> <span class='ocrx_word' id='word_1_59' title='bbox 455 1046 858 1118; x_wconf 61' lang='lat' dir='ltr'>praedicamus.</span> <span class='ocrx_word' id='word_1_60' title='bbox 884 1048 1108 1103; x_wconf 90' lang='lat' dir='ltr'>Pseudo</span> <span class='ocrx_word' id='word_1_61' title='bbox 1136 1066 1389 1121; x_wconf 79' lang='lat' dir='ltr'>namque</span> <span class='ocrx_word' id='word_1_62' title='bbox 1405 1048 1676 1119; x_wconf 72' lang='lat' dir='ltr'>apostoli,</span> <span class='ocrx_word' id='word_1_63' title='bbox 1704 1047 1813 1101; x_wconf 88' lang='lat' dir='ltr'>etsi</span> 
     </span>
    </p>
   </div>
   <div class='ocr_carea' id='block_1_10' title="bbox 171 1136 1815 1209">
    <p class='ocr_par' dir='ltr' id='par_1_10' title="bbox 171 1136 1815 1209">
     <span class='ocr_line' id='line_1_10' title="bbox 171 1136 1815 1209; baseline 0.001 -18"><span class='ocrx_word' id='word_1_64' title='bbox 171 1137 369 1191; x_wconf 84' lang='lat' dir='ltr'>Jesum</span> <span class='ocrx_word' id='word_1_65' title='bbox 404 1136 823 1207; x_wconf 55' lang='lat' dir='ltr'>praedicabant,</span> <span class='ocrx_word' id='word_1_66' title='bbox 857 1154 969 1192; x_wconf 90' lang='lat' dir='ltr'>non</span> <span class='ocrx_word' id='word_1_67' title='bbox 1002 1142 1195 1193; x_wconf 87' lang='lat' dir='ltr'>tamen</span> <span class='ocrx_word' id='word_1_68' title='bbox 1220 1143 1452 1209; x_wconf 82' lang='lat' dir='ltr'>propter</span> <span class='ocrx_word' id='word_1_69' title='bbox 1472 1156 1606 1193; x_wconf 90' lang='lat' dir='ltr'>eum</span> <span class='ocrx_word' id='word_1_70' title='bbox 1633 1157 1644 1205; x_wconf 92' lang='lat'>;</span> <span class='ocrx_word' id='word_1_71' title='bbox 1676 1138 1815 1208; x_wconf 89' lang='lat' dir='ltr'>quia</span> 
     </span>
    </p>
   </div>
   <div class='ocr_carea' id='block_1_11' title="bbox 172 1224 1813 1292">
    <p class='ocr_par' dir='ltr' id='par_1_11' title="bbox 172 1224 1813 1292">
     <span class='ocr_line' id='line_1_11' title="bbox 172 1224 1813 1292; baseline 0 -12"><span class='ocrx_word' id='word_1_72' title='bbox 172 1241 343 1280; x_wconf 88' lang='lat' dir='ltr'>causa</span> <span class='ocrx_word' id='word_1_73' title='bbox 374 1224 545 1292; x_wconf 90' lang='lat' dir='ltr'>lucri,</span> <span class='ocrx_word' id='word_1_74' title='bbox 578 1226 664 1279; x_wconf 86' lang='lat' dir='ltr'>vel</span> <span class='ocrx_word' id='word_1_75' title='bbox 717 1243 833 1280; x_wconf 67' lang='lat' dir='ltr'>suae</span> <span class='ocrx_word' id='word_1_76' title='bbox 882 1225 1073 1282; x_wconf 87' lang='lat' dir='ltr'>laudis</span> <span class='ocrx_word' id='word_1_77' title='bbox 1123 1229 1429 1283; x_wconf 81' lang='lat' dir='ltr'>docebant.</span> <span class='ocrx_word' id='word_1_78' title='bbox 1480 1231 1582 1284; x_wconf 84' lang='lat' dir='ltr'>Nos</span> <span class='ocrx_word' id='word_1_79' title='bbox 1633 1240 1813 1283; x_wconf 81' lang='lat' dir='ltr'>autem</span> 
     </span>
    </p>
   </div>
   <div class='ocr_carea' id='block_1_12' title="bbox 166 1315 1811 1385">
    <p class='ocr_par' dir='ltr' id='par_1_12' title="bbox 166 1315 1811 1385">
     <span class='ocr_line' id='line_1_12' title="bbox 166 1315 1811 1385; baseline 0 -14"><span class='ocrx_word' id='word_1_80' title='bbox 166 1316 311 1371; x_wconf 81' lang='lat' dir='ltr'>servi</span> <span class='ocrx_word' id='word_1_81' title='bbox 338 1324 564 1385; x_wconf 76' lang='lat' dir='ltr'>propter</span> <span class='ocrx_word' id='word_1_82' title='bbox 597 1315 895 1383; x_wconf 79' lang='lat' dir='ltr'>Christum,</span> <span class='ocrx_word' id='word_1_83' title='bbox 931 1322 1039 1371; x_wconf 88' lang='lat' dir='ltr'>etc.</span> <span class='ocrx_word' id='word_1_84' title='bbox 1068 1319 1263 1372; x_wconf 67' lang='lat' dir='ltr'>Tantae</span> <span class='ocrx_word' id='word_1_85' title='bbox 1292 1318 1645 1373; x_wconf 83' lang='lat' dir='ltr'>humilitatis</span> <span class='ocrx_word' id='word_1_86' title='bbox 1668 1322 1811 1381; x_wconf 85' lang='lat' dir='ltr'>erat,</span> 
     </span>
    </p>
   </div>
   <div class='ocr_carea' id='block_1_13' title="bbox 165 1405 1816 1477">
    <p class='ocr_par' dir='ltr' id='par_1_13' title="bbox 165 1405 1816 1477">
     <span class='ocr_line' id='line_1_13' title="bbox 165 1405 1816 1477; baseline -0.001 -16"><span class='ocrx_word' id='word_1_87' title='bbox 165 1410 223 1461; x_wconf 91' lang='lat' dir='ltr'>ut</span> <span class='ocrx_word' id='word_1_88' title='bbox 242 1421 480 1459; x_wconf 88' lang='lat' dir='ltr'>servum</span> <span class='ocrx_word' id='word_1_89' title='bbox 500 1421 561 1459; x_wconf 91' lang='lat' dir='ltr'>se</span> <span class='ocrx_word' id='word_1_90' title='bbox 577 1405 922 1459; x_wconf 84' lang='lat' dir='ltr'>nominaret.</span> <span class='ocrx_word' id='word_1_91' title='bbox 940 1406 1047 1459; x_wconf 84' lang='lat' dir='ltr'>Sed</span> <span class='ocrx_word' id='word_1_92' title='bbox 1075 1411 1129 1460; x_wconf 88' lang='lat' dir='ltr'>et</span> <span class='ocrx_word' id='word_1_93' title='bbox 1144 1422 1340 1460; x_wconf 84' lang='lat' dir='ltr'>servos</span> <span class='ocrx_word' id='word_1_94' title='bbox 1365 1407 1561 1477; x_wconf 86' lang='lat' dir='ltr'>posuit</span> <span class='ocrx_word' id='word_1_95' title='bbox 1582 1412 1816 1476; x_wconf 85' lang='lat' dir='ltr'>propter</span> 
     </span>
    </p>
   </div>
   <div class='ocr_carea' id='block_1_14' title="bbox 163 1493 1809 1565">
    <p class='ocr_par' dir='ltr' id='par_1_14' title="bbox 163 1493 1809 1565">
     <span class='ocr_line' id='line_1_14' title="bbox 163 1493 1809 1565; baseline -0.001 -16"><span class='ocrx_word' id='word_1_96' title='bbox 163 1494 496 1558; x_wconf 88' lang='lat' dir='ltr'>ministros;</span> <span class='ocrx_word' id='word_1_97' title='bbox 521 1493 1015 1557; x_wconf 89' lang='lat' dir='ltr'>sed,uthumilius</span> <span class='ocrx_word' id='word_1_98' title='bbox 1039 1493 1393 1565; x_wconf 82' lang='lat' dir='ltr'>loqueretur,</span> <span class='ocrx_word' id='word_1_99' title='bbox 1423 1494 1569 1548; x_wconf 74' lang='lat' dir='ltr'>dixit</span> <span class='ocrx_word' id='word_1_100' title='bbox 1592 1512 1809 1564; x_wconf 86' lang='lat' dir='ltr'>servos,</span> 
     </span>
    </p>
   </div>
   <div class='ocr_carea' id='block_1_15' title="bbox 163 1582 1811 1655">
    <p class='ocr_par' dir='ltr' id='par_1_15' title="bbox 163 1582 1811 1655">
     <span class='ocr_line' id='line_1_15' title="bbox 163 1582 1811 1655; baseline 0 -18"><span class='ocrx_word' id='word_1_101' title='bbox 163 1587 403 1655; x_wconf 88' lang='lat' dir='ltr'>propter</span> <span class='ocrx_word' id='word_1_102' title='bbox 425 1582 629 1637; x_wconf 87' lang='lat' dir='ltr'>Jesum</span> <span class='ocrx_word' id='word_1_103' title='bbox 664 1582 844 1650; x_wconf 89' lang='lat' dir='ltr'>dicit;</span> <span class='ocrx_word' id='word_1_104' title='bbox 880 1584 935 1638; x_wconf 91' lang='lat' dir='ltr'>id</span> <span class='ocrx_word' id='word_1_105' title='bbox 970 1589 1076 1649; x_wconf 84' lang='lat' dir='ltr'>est,</span> <span class='ocrx_word' id='word_1_106' title='bbox 1111 1590 1349 1655; x_wconf 87' lang='lat' dir='ltr'>propter</span> <span class='ocrx_word' id='word_1_107' title='bbox 1370 1601 1627 1639; x_wconf 87' lang='lat' dir='ltr'>amorem</span> <span class='ocrx_word' id='word_1_108' title='bbox 1651 1584 1811 1650; x_wconf 87' lang='lat' dir='ltr'>Jesu,</span> 
     </span>
    </p>
   </div>
   <div class='ocr_carea' id='block_1_16' title="bbox 160 1672 1811 1743">
    <p class='ocr_par' dir='ltr' id='par_1_16' title="bbox 160 1672 1811 1743">
     <span class='ocr_line' id='line_1_16' title="bbox 160 1672 1811 1743; baseline 0 -16"><span class='ocrx_word' id='word_1_109' title='bbox 160 1677 219 1727; x_wconf 91' lang='lat' dir='ltr'>ut</span> <span class='ocrx_word' id='word_1_110' title='bbox 232 1672 513 1727; x_wconf 82' lang='lat' dir='ltr'>ostendat</span> <span class='ocrx_word' id='word_1_111' title='bbox 527 1688 587 1726; x_wconf 91' lang='lat' dir='ltr'>se</span> <span class='ocrx_word' id='word_1_112' title='bbox 603 1689 717 1726; x_wconf 89' lang='lat' dir='ltr'>non</span> <span class='ocrx_word' id='word_1_113' title='bbox 732 1689 911 1727; x_wconf 87' lang='lat' dir='ltr'>causa</span> <span class='ocrx_word' id='word_1_114' title='bbox 925 1673 1343 1743; x_wconf 86' lang='lat' dir='ltr'>dignitatis,vel</span> <span class='ocrx_word' id='word_1_115' title='bbox 1363 1690 1562 1728; x_wconf 92' lang='lat' dir='ltr'>eorum</span> <span class='ocrx_word' id='word_1_116' title='bbox 1586 1674 1811 1727; x_wconf 73' lang='lat' dir='ltr'>nieritis</span> 
     </span>
    </p>
   </div>
   <div class='ocr_carea' id='block_1_17' title="bbox 169 1760 1813 1832">
    <p class='ocr_par' dir='ltr' id='par_1_17' title="bbox 169 1760 1813 1832">
     <span class='ocr_line' id='line_1_17' title="bbox 169 1760 1813 1832; baseline -0.001 -15"><span class='ocrx_word' id='word_1_117' title='bbox 169 1779 226 1817; x_wconf 90' lang='lat' dir='ltr'>se</span> <span class='ocrx_word' id='word_1_118' title='bbox 256 1778 498 1816; x_wconf 87' lang='lat' dir='ltr'>servum</span> <span class='ocrx_word' id='word_1_119' title='bbox 531 1760 883 1816; x_wconf 83' lang='lat' dir='ltr'>nominasse.</span> <span class='ocrx_word' id='word_1_120' title='bbox 917 1763 1027 1817; x_wconf 90' lang='lat' dir='ltr'>Sed</span> <span class='ocrx_word' id='word_1_121' title='bbox 1061 1762 1385 1825; x_wconf 89' lang='lat' dir='ltr'>sciendum,</span> <span class='ocrx_word' id='word_1_122' title='bbox 1437 1762 1575 1832; x_wconf 88' lang='lat' dir='ltr'>quia</span> <span class='ocrx_word' id='word_1_123' title='bbox 1628 1764 1813 1817; x_wconf 87' lang='lat' dir='ltr'>sancti</span> 
     </span>
    </p>
   </div>
   <div class='ocr_carea' id='block_1_18' title="bbox 177 1849 1817 1921">
    <p class='ocr_par' dir='ltr' id='par_1_18' title="bbox 177 1849 1817 1921">
     <span class='ocr_line' id='line_1_18' title="bbox 177 1849 1817 1921; baseline 0 -18"><span class='ocrx_word' id='word_1_124' title='bbox 177 1849 497 1921; x_wconf 83' lang='lat' dir='ltr'>aliquando</span> <span class='ocrx_word' id='word_1_125' title='bbox 528 1849 780 1904; x_wconf 88' lang='lat' dir='ltr'>honores</span> <span class='ocrx_word' id='word_1_126' title='bbox 813 1850 1128 1921; x_wconf 86' lang='lat' dir='ltr'>refugiunt,</span> <span class='ocrx_word' id='word_1_127' title='bbox 1163 1867 1233 1905; x_wconf 90' lang='lat' dir='ltr'>ne</span> <span class='ocrx_word' id='word_1_128' title='bbox 1264 1850 1654 1917; x_wconf 78' lang='lat' dir='ltr'>extollantur;</span> <span class='ocrx_word' id='word_1_129' title='bbox 1716 1850 1817 1904; x_wconf 90' lang='lat' dir='ltr'>ali-</span> 
     </span>
    </p>
   </div>
   <div class='ocr_carea' id='block_1_19' title="bbox 1926 669 3564 743">
    <p class='ocr_par' dir='ltr' id='par_1_19' title="bbox 1926 669 3564 743">
     <span class='ocr_line' id='line_1_19' title="bbox 1926 669 3564 743; baseline 0.005 -20"><span class='ocrx_word' id='word_1_130' title='bbox 1926 669 2253 740; x_wconf 89' lang='lat' dir='ltr'>quimur.In</span> <span class='ocrx_word' id='word_1_131' title='bbox 2278 671 2630 741; x_wconf 80' lang='lat' dir='ltr'>quibusdam</span> <span class='ocrx_word' id='word_1_132' title='bbox 2646 670 3076 743; x_wconf 83' lang='lat' dir='ltr'>exemplaribus</span> <span class='ocrx_word' id='word_1_133' title='bbox 3093 671 3413 728; x_wconf 89' lang='lat' dir='ltr'>invenitur:</span> <span class='ocrx_word' id='word_1_134' title='bbox 3440 674 3564 731; x_wconf 87' lang='lat' dir='ltr'>ino-</span> 
     </span>
    </p>
   </div>
   <div class='ocr_carea' id='block_1_20' title="bbox 1924 761 3564 833">
    <p class='ocr_par' dir='ltr' id='par_1_20' title="bbox 1924 761 3564 833">
     <span class='ocr_line' id='line_1_20' title="bbox 1924 761 3564 833; baseline 0.004 -19"><span class='ocrx_word' id='word_1_135' title='bbox 1924 761 2079 832; x_wconf 86' lang='lat' dir='ltr'>piam</span> <span class='ocrx_word' id='word_1_136' title='bbox 2115 761 2387 832; x_wconf 77' lang='lat' dir='ltr'>patimur,</span> <span class='ocrx_word' id='word_1_137' title='bbox 2415 763 2513 817; x_wconf 89' lang='lat' dir='ltr'>sed</span> <span class='ocrx_word' id='word_1_138' title='bbox 2540 780 2651 817; x_wconf 89' lang='lat' dir='ltr'>non</span> <span class='ocrx_word' id='word_1_139' title='bbox 2676 761 3070 827; x_wconf 88' lang='lat' dir='ltr'>destituimur,</span> <span class='ocrx_word' id='word_1_140' title='bbox 3094 762 3373 833; x_wconf 89' lang='lat' dir='ltr'>quoniam</span> <span class='ocrx_word' id='word_1_141' title='bbox 3396 780 3429 818; x_wconf 88' lang='lat' dir='ltr'>a</span> <span class='ocrx_word' id='word_1_142' title='bbox 3449 763 3564 821; x_wconf 91' lang='lat' dir='ltr'>Deo</span> 
     </span>
    </p>
   </div>
   <div class='ocr_carea' id='block_1_21' title="bbox 1922 851 2496 921">
    <p class='ocr_par' dir='ltr' id='par_1_21' title="bbox 1922 851 2496 921">
     <span class='ocr_line' id='line_1_21' title="bbox 1922 851 2496 921; baseline 0 -16"><span class='ocrx_word' id='word_1_143' title='bbox 1922 855 2153 921; x_wconf 86' lang='lat' dir='ltr'>pastore</span> <span class='ocrx_word' id='word_1_144' title='bbox 2178 851 2496 921; x_wconf 90' lang='lat' dir='ltr'>pascimur.</span> 
     </span>
    </p>
   </div>
   <div class='ocr_carea' id='block_1_22' title="bbox 1994 958 3567 1030">
    <p class='ocr_par' dir='ltr' id='par_1_22' title="bbox 1994 958 3567 1030">
     <span class='ocr_line' id='line_1_22' title="bbox 1994 958 3567 1030; baseline 0.003 -18"><span class='ocrx_word' id='word_1_145' title='bbox 1994 960 2431 1015; x_wconf 79' lang='lat' dir='ltr'>Persecutionem</span> <span class='ocrx_word' id='word_1_146' title='bbox 2456 960 2721 1030; x_wconf 74' lang='lat' dir='ltr'>patimur,</span> <span class='ocrx_word' id='word_1_147' title='bbox 2750 976 2783 1015; x_wconf 90' lang='lat' dir='ltr'>a</span> <span class='ocrx_word' id='word_1_148' title='bbox 2806 958 2999 1023; x_wconf 91' lang='lat' dir='ltr'>malis,</span> <span class='ocrx_word' id='word_1_149' title='bbox 3024 963 3079 1013; x_wconf 89' lang='lat' dir='ltr'>et</span> <span class='ocrx_word' id='word_1_150' title='bbox 3102 959 3293 1030; x_wconf 87' lang='lat' dir='ltr'>pravis</span> <span class='ocrx_word' id='word_1_151' title='bbox 3317 959 3567 1016; x_wconf 89' lang='lat' dir='ltr'>homini-</span> 
     </span>
    </p>
   </div>
   <div class='ocr_carea' id='block_1_23' title="bbox 1924 1048 3565 1120">
    <p class='ocr_par' dir='ltr' id='par_1_23' title="bbox 1924 1048 3565 1120">
     <span class='ocr_line' id='line_1_23' title="bbox 1924 1048 3565 1120; baseline 0.001 -17"><span class='ocrx_word' id='word_1_152' title='bbox 1924 1048 2034 1103; x_wconf 88' lang='lat' dir='ltr'>bus</span> <span class='ocrx_word' id='word_1_153' title='bbox 2064 1066 2077 1115; x_wconf 86' lang='lat'>;</span> <span class='ocrx_word' id='word_1_154' title='bbox 2109 1049 2201 1103; x_wconf 80' lang='lat' dir='ltr'>sed</span> <span class='ocrx_word' id='word_1_155' title='bbox 2256 1064 2365 1102; x_wconf 82' lang='lat' dir='ltr'>non</span> <span class='ocrx_word' id='word_1_156' title='bbox 2415 1048 2870 1119; x_wconf 85' lang='lat' dir='ltr'>derelinquimur,</span> <span class='ocrx_word' id='word_1_157' title='bbox 2907 1065 2939 1102; x_wconf 90' lang='lat' dir='ltr'>a</span> <span class='ocrx_word' id='word_1_158' title='bbox 2968 1048 3121 1103; x_wconf 89' lang='lat' dir='ltr'>Deo:</span> <span class='ocrx_word' id='word_1_159' title='bbox 3181 1048 3495 1120; x_wconf 84' lang='lat' dir='ltr'>dejicimur,</span> <span class='ocrx_word' id='word_1_160' title='bbox 3531 1068 3565 1105; x_wconf 89' lang='lat' dir='ltr'>a</span> 
     </span>
    </p>
   </div>
   <div class='ocr_carea' id='block_1_24' title="bbox 1924 1138 3566 1209">
    <p class='ocr_par' dir='ltr' id='par_1_24' title="bbox 1924 1138 3566 1209">
     <span class='ocr_line' id='line_1_24' title="bbox 1924 1138 3566 1209; baseline 0.001 -18"><span class='ocrx_word' id='word_1_161' title='bbox 1924 1138 2280 1209; x_wconf 88' lang='lat' dir='ltr'>potentibus,</span> <span class='ocrx_word' id='word_1_162' title='bbox 2316 1143 2373 1193; x_wconf 90' lang='lat' dir='ltr'>et</span> <span class='ocrx_word' id='word_1_163' title='bbox 2399 1138 2861 1205; x_wconf 88' lang='lat' dir='ltr'>sublimioribus,</span> <span class='ocrx_word' id='word_1_164' title='bbox 2900 1138 3360 1209; x_wconf 71' lang='lat' dir='ltr'>praecipitamur;</span> <span class='ocrx_word' id='word_1_165' title='bbox 3386 1138 3566 1195; x_wconf 90' lang='lat' dir='ltr'>veluti</span> 
     </span>
    </p>
   </div>
   <div class='ocr_carea' id='block_1_25' title="bbox 1924 1226 3568 1299">
    <p class='ocr_par' dir='ltr' id='par_1_25' title="bbox 1924 1226 3568 1299">
     <span class='ocr_line' id='line_1_25' title="bbox 1924 1226 3568 1299; baseline 0.002 -20"><span class='ocrx_word' id='word_1_166' title='bbox 1924 1226 2055 1297; x_wconf 86' lang='lat' dir='ltr'>quis</span> <span class='ocrx_word' id='word_1_167' title='bbox 2086 1228 2157 1281; x_wconf 89' lang='lat' dir='ltr'>de</span> <span class='ocrx_word' id='word_1_168' title='bbox 2190 1232 2405 1293; x_wconf 90' lang='lat' dir='ltr'>monte,</span> <span class='ocrx_word' id='word_1_169' title='bbox 2440 1228 2525 1281; x_wconf 88' lang='lat' dir='ltr'>vel</span> <span class='ocrx_word' id='word_1_170' title='bbox 2558 1228 2629 1281; x_wconf 93' lang='lat' dir='ltr'>de</span> <span class='ocrx_word' id='word_1_171' title='bbox 2656 1231 2824 1297; x_wconf 86' lang='lat' dir='ltr'>tecto,</span> <span class='ocrx_word' id='word_1_172' title='bbox 2880 1232 2945 1283; x_wconf 89' lang='lat' dir='ltr'>ut</span> <span class='ocrx_word' id='word_1_173' title='bbox 2992 1227 3424 1299; x_wconf 84' lang='lat' dir='ltr'>exstinguatur;</span> <span class='ocrx_word' id='word_1_174' title='bbox 3475 1227 3568 1284; x_wconf 91' lang='lat' dir='ltr'>sed</span> 
     </span>
    </p>
   </div>
   <div class='ocr_carea' id='block_1_26' title="bbox 1922 1316 3564 1386">
    <p class='ocr_par' dir='ltr' id='par_1_26' title="bbox 1922 1316 3564 1386">
     <span class='ocr_line' id='line_1_26' title="bbox 1922 1316 3564 1386; baseline 0.004 -20"><span class='ocrx_word' id='word_1_175' title='bbox 1922 1332 2029 1369; x_wconf 85' lang='lat' dir='ltr'>non</span> <span class='ocrx_word' id='word_1_176' title='bbox 2059 1317 2322 1385; x_wconf 82' lang='lat' dir='ltr'>perimus,</span> <span class='ocrx_word' id='word_1_177' title='bbox 2357 1316 2495 1385; x_wconf 86' lang='lat' dir='ltr'>quia</span> <span class='ocrx_word' id='word_1_178' title='bbox 2526 1333 2642 1371; x_wconf 91' lang='lat' dir='ltr'>non</span> <span class='ocrx_word' id='word_1_179' title='bbox 2692 1316 3089 1386; x_wconf 81' lang='lat' dir='ltr'>extinguimur</span> <span class='ocrx_word' id='word_1_180' title='bbox 3138 1333 3317 1371; x_wconf 88' lang='lat' dir='ltr'>causa</span> <span class='ocrx_word' id='word_1_181' title='bbox 3362 1322 3564 1372; x_wconf 67' lang='lat' dir='ltr'>vestras</span> 
     </span>
    </p>
   </div>
   <div class='ocr_carea' id='block_1_27' title="bbox 1924 1402 3567 1476">
    <p class='ocr_par' dir='ltr' id='par_1_27' title="bbox 1924 1402 3567 1476">
     <span class='ocr_line' id='line_1_27' title="bbox 1924 1402 3567 1476; baseline 0.002 -18"><span class='ocrx_word' id='word_1_182' title='bbox 1924 1402 2154 1459; x_wconf 89' lang='lat' dir='ltr'>salutis.</span> <span class='ocrx_word' id='word_1_183' title='bbox 2182 1405 2325 1458; x_wconf 89' lang='lat' dir='ltr'>Nam</span> <span class='ocrx_word' id='word_1_184' title='bbox 2342 1405 2495 1474; x_wconf 88' lang='lat' dir='ltr'>quod</span> <span class='ocrx_word' id='word_1_185' title='bbox 2510 1404 2603 1459; x_wconf 88' lang='lat' dir='ltr'>isti</span> <span class='ocrx_word' id='word_1_186' title='bbox 2631 1405 2907 1476; x_wconf 84' lang='lat' dir='ltr'>praedicta</span> <span class='ocrx_word' id='word_1_187' title='bbox 2928 1404 3125 1459; x_wconf 87' lang='lat' dir='ltr'>omnia</span> <span class='ocrx_word' id='word_1_188' title='bbox 3143 1405 3567 1461; x_wconf 87' lang='lat' dir='ltr'>sustinuissent</span> 
     </span>
    </p>
   </div>
   <div class='ocr_carea' id='block_1_28' title="bbox 1924 1493 3565 1567">
    <p class='ocr_par' dir='ltr' id='par_1_28' title="bbox 1924 1493 3565 1567">
     <span class='ocr_line' id='line_1_28' title="bbox 1924 1493 3565 1567; baseline 0.002 -20"><span class='ocrx_word' id='word_1_189' title='bbox 1924 1498 1979 1547; x_wconf 89' lang='lat' dir='ltr'>et</span> <span class='ocrx_word' id='word_1_190' title='bbox 2010 1493 2229 1548; x_wconf 88' lang='lat' dir='ltr'>alacres</span> <span class='ocrx_word' id='word_1_191' title='bbox 2260 1493 2461 1549; x_wconf 88' lang='lat' dir='ltr'>crediti</span> <span class='ocrx_word' id='word_1_192' title='bbox 2499 1494 2768 1563; x_wconf 85' lang='lat' dir='ltr'>fuissent,</span> <span class='ocrx_word' id='word_1_193' title='bbox 2804 1494 2950 1549; x_wconf 90' lang='lat' dir='ltr'>liber</span> <span class='ocrx_word' id='word_1_194' title='bbox 2970 1499 3247 1549; x_wconf 89' lang='lat' dir='ltr'>Actorum</span> <span class='ocrx_word' id='word_1_195' title='bbox 3269 1494 3565 1567; x_wconf 86' lang='lat' dir='ltr'>apostolo-</span> 
     </span>
    </p>
   </div>
   <div class='ocr_carea' id='block_1_29' title="bbox 1924 1583 3563 1653">
    <p class='ocr_par' dir='ltr' id='par_1_29' title="bbox 1924 1583 3563 1653">
     <span class='ocr_line' id='line_1_29' title="bbox 1924 1583 3563 1653; baseline 0.001 -17"><span class='ocrx_word' id='word_1_196' title='bbox 1924 1599 2053 1636; x_wconf 87' lang='lat' dir='ltr'>rum</span> <span class='ocrx_word' id='word_1_197' title='bbox 2088 1584 2443 1650; x_wconf 80' lang='lat' dir='ltr'>manifestat,</span> <span class='ocrx_word' id='word_1_198' title='bbox 2476 1583 2572 1636; x_wconf 92' lang='lat' dir='ltr'>ubi</span> <span class='ocrx_word' id='word_1_199' title='bbox 2608 1583 2853 1653; x_wconf 86' lang='lat' dir='ltr'>legitur:</span> <span class='ocrx_word' id='word_1_200' title='bbox 2889 1585 3043 1638; x_wconf 86' lang='lat' dir='ltr'>Ibant</span> <span class='ocrx_word' id='word_1_201' title='bbox 3086 1584 3384 1651; x_wconf 83' lang='lat' dir='ltr'>gaudentes</span> <span class='ocrx_word' id='word_1_202' title='bbox 3424 1584 3563 1653; x_wconf 86' lang='lat' dir='ltr'>(Act.</span> 
     </span>
    </p>
   </div>
   <div class='ocr_carea' id='block_1_30' title="bbox 1923 1671 3566 1745">
    <p class='ocr_par' dir='ltr' id='par_1_30' title="bbox 1923 1671 3566 1745">
     <span class='ocr_line' id='line_1_30' title="bbox 1923 1671 3566 1745; baseline 0.002 -21"><span class='ocrx_word' id='word_1_203' title='bbox 1923 1689 1975 1737; x_wconf 88' lang='lat' dir='ltr'>v,</span> <span class='ocrx_word' id='word_1_204' title='bbox 2012 1673 2237 1743; x_wconf 65' lang='lat' dir='ltr'>«il),etc.</span> <span class='ocrx_word' id='word_1_205' title='bbox 2267 1688 2277 1725; x_wconf 95' lang='lat'>:</span> <span class='ocrx_word' id='word_1_206' title='bbox 2309 1677 2363 1727; x_wconf 89' lang='lat' dir='ltr'>et</span> <span class='ocrx_word' id='word_1_207' title='bbox 2394 1672 2491 1726; x_wconf 87' lang='lat' dir='ltr'>ubi</span> <span class='ocrx_word' id='word_1_208' title='bbox 2525 1672 2760 1737; x_wconf 88' lang='lat' dir='ltr'>Paulus,</span> <span class='ocrx_word' id='word_1_209' title='bbox 2794 1677 2849 1727; x_wconf 87' lang='lat' dir='ltr'>et</span> <span class='ocrx_word' id='word_1_210' title='bbox 2876 1672 3081 1741; x_wconf 89' lang='lat' dir='ltr'>Sileas,</span> <span class='ocrx_word' id='word_1_211' title='bbox 3105 1689 3237 1727; x_wconf 89' lang='lat' dir='ltr'>cum</span> <span class='ocrx_word' id='word_1_212' title='bbox 3288 1671 3566 1745; x_wconf 83' lang='lat' dir='ltr'>ﬂagellati</span> 
     </span>
    </p>
   </div>
   <div class='ocr_carea' id='block_1_31' title="bbox 1925 1760 3566 1832">
    <p class='ocr_par' dir='ltr' id='par_1_31' title="bbox 1925 1760 3566 1832">
     <span class='ocr_line' id='line_1_31' title="bbox 1925 1760 3566 1832; baseline 0.001 -18"><span class='ocrx_word' id='word_1_213' title='bbox 1925 1760 2193 1829; x_wconf 82' lang='lat' dir='ltr'>fuissent,</span> <span class='ocrx_word' id='word_1_214' title='bbox 2219 1762 2351 1815; x_wconf 90' lang='lat' dir='ltr'>etin</span> <span class='ocrx_word' id='word_1_215' title='bbox 2377 1777 2667 1816; x_wconf 89' lang='lat' dir='ltr'>carcerem</span> <span class='ocrx_word' id='word_1_216' title='bbox 2696 1761 2884 1827; x_wconf 89' lang='lat' dir='ltr'>missi,</span> <span class='ocrx_word' id='word_1_217' title='bbox 2912 1765 2968 1815; x_wconf 89' lang='lat' dir='ltr'>et</span> <span class='ocrx_word' id='word_1_218' title='bbox 2984 1762 3159 1831; x_wconf 86' lang='lat' dir='ltr'>pedes</span> <span class='ocrx_word' id='word_1_219' title='bbox 3180 1777 3382 1817; x_wconf 91' lang='lat' dir='ltr'>eorum</span> <span class='ocrx_word' id='word_1_220' title='bbox 3408 1760 3566 1832; x_wconf 88' lang='lat' dir='ltr'>ligno</span> 
     </span>
    </p>
   </div>
   <div class='ocr_carea' id='block_1_32' title="bbox 1926 1848 3563 1916">
    <p class='ocr_par' dir='ltr' id='par_1_32' title="bbox 1926 1848 3563 1916">
     <span class='ocr_line' id='line_1_32' title="bbox 1926 1848 3563 1916; baseline -0.001 -11"><span class='ocrx_word' id='word_1_221' title='bbox 1926 1850 2010 1906; x_wconf 85' lang='lat' dir='ltr'>vel</span> <span class='ocrx_word' id='word_1_222' title='bbox 2044 1868 2218 1906; x_wconf 89' lang='lat' dir='ltr'>nervo</span> <span class='ocrx_word' id='word_1_223' title='bbox 2250 1850 2500 1906; x_wconf 90' lang='lat' dir='ltr'>fuissent</span> <span class='ocrx_word' id='word_1_224' title='bbox 2522 1850 2768 1916; x_wconf 84' lang='lat' dir='ltr'>astricti,</span> <span class='ocrx_word' id='word_1_225' title='bbox 2788 1849 3116 1915; x_wconf 89' lang='lat' dir='ltr'>alacriores,</span> <span class='ocrx_word' id='word_1_226' title='bbox 3141 1854 3193 1904; x_wconf 88' lang='lat' dir='ltr'>et</span> <span class='ocrx_word' id='word_1_227' title='bbox 3216 1848 3467 1904; x_wconf 84' lang='lat' dir='ltr'>laetiores</span> <span class='ocrx_word' id='word_1_228' title='bbox 3492 1849 3563 1903; x_wconf 86' lang='lat' dir='ltr'>ad</span> 
     </span>
    </p>
   </div>
   <div class='ocr_carea' id='block_1_33' title="bbox 161 1937 3566 2018">
    <p class='ocr_par' dir='ltr' id='par_1_33' title="bbox 161 1937 3566 2018">
     <span class='ocr_line' id='line_1_33' title="bbox 161 1937 3566 2018; baseline -0 -25"><span class='ocrx_word' id='word_1_229' title='bbox 161 1938 401 2010; x_wconf 82' lang='lat' dir='ltr'>quando</span> <span class='ocrx_word' id='word_1_230' title='bbox 414 1937 1529 2010; x_wconf 81' lang='lat' dir='ltr'>requiruntutimitentur,utApostolus</span> <span class='ocrx_word' id='word_1_231' title='bbox 1544 1939 1808 1993; x_wconf 88' lang='lat' dir='ltr'>hic.Nam</span> <span class='ocrx_word' id='word_1_232' title='bbox 1844 1954 1890 2018; x_wconf 83' lang='lat' dir='ltr'>B</span> <span class='ocrx_word' id='word_1_233' title='bbox 1926 1939 2108 1994; x_wconf 90' lang='lat' dir='ltr'>Deum</span> <span class='ocrx_word' id='word_1_234' title='bbox 2134 1939 2493 1993; x_wconf 87' lang='lat' dir='ltr'>laudandum</span> <span class='ocrx_word' id='word_1_235' title='bbox 2518 1938 2700 1993; x_wconf 88' lang='lat' dir='ltr'>relicti</span> <span class='ocrx_word' id='word_1_236' title='bbox 2723 1937 3067 1993; x_wconf 83' lang='lat' dir='ltr'>existebant.</span> <span class='ocrx_word' id='word_1_237' title='bbox 3092 1937 3311 2010; x_wconf 82' lang='lat' dir='ltr'>Semper</span> <span class='ocrx_word' id='word_1_238' title='bbox 3333 1939 3566 2008; x_wconf 87' lang='lat' dir='ltr'>mortiﬁ-</span> 
     </span>
    </p>
   </div>
   <div class='ocr_carea' id='block_1_34' title="bbox 165 2027 1812 2099">
    <p class='ocr_par' dir='ltr' id='par_1_34' title="bbox 165 2027 1812 2099">
     <span class='ocr_line' id='line_1_34' title="bbox 165 2027 1812 2099; baseline 0 -18"><span class='ocrx_word' id='word_1_239' title='bbox 165 2043 296 2081; x_wconf 90' lang='lat' dir='ltr'>cum</span> <span class='ocrx_word' id='word_1_240' title='bbox 334 2042 398 2080; x_wconf 90' lang='lat' dir='ltr'>se</span> <span class='ocrx_word' id='word_1_241' title='bbox 428 2042 683 2093; x_wconf 88' lang='lat' dir='ltr'>servum,</span> <span class='ocrx_word' id='word_1_242' title='bbox 710 2031 767 2081; x_wconf 88' lang='lat' dir='ltr'>et</span> <span class='ocrx_word' id='word_1_243' title='bbox 797 2027 855 2081; x_wconf 91' lang='lat' dir='ltr'>in</span> <span class='ocrx_word' id='word_1_244' title='bbox 881 2028 1263 2098; x_wconf 87' lang='lat' dir='ltr'>sequentibus</span> <span class='ocrx_word' id='word_1_245' title='bbox 1296 2028 1603 2099; x_wconf 84' lang='lat' dir='ltr'>parvulum</span> <span class='ocrx_word' id='word_1_246' title='bbox 1626 2028 1812 2081; x_wconf 90' lang='lat' dir='ltr'>nomi-</span> 
     </span>
    </p>
   </div>
   <div class='ocr_carea' id='block_1_35' title="bbox 169 2114 1813 2189">
    <p class='ocr_par' dir='ltr' id='par_1_35' title="bbox 169 2114 1813 2189">
     <span class='ocr_line' id='line_1_35' title="bbox 169 2114 1813 2189; baseline 0.001 -18"><span class='ocrx_word' id='word_1_247' title='bbox 169 2121 277 2185; x_wconf 87' lang='lat' dir='ltr'>net,</span> <span class='ocrx_word' id='word_1_248' title='bbox 315 2114 456 2169; x_wconf 89' lang='lat' dir='ltr'>alibi</span> <span class='ocrx_word' id='word_1_249' title='bbox 486 2115 656 2171; x_wconf 88' lang='lat' dir='ltr'>dicit:</span> <span class='ocrx_word' id='word_1_250' title='bbox 690 2118 752 2172; x_wconf 90' lang='lat' dir='ltr'>ln</span> <span class='ocrx_word' id='word_1_251' title='bbox 782 2133 886 2188; x_wconf 84' lang='lat' dir='ltr'>quo</span> <span class='ocrx_word' id='word_1_252' title='bbox 907 2120 1029 2189; x_wconf 75' lang='lat' dir='ltr'>quis</span> <span class='ocrx_word' id='word_1_253' title='bbox 1047 2118 1242 2183; x_wconf 83' lang='lat' dir='ltr'>audet,</span> <span class='ocrx_word' id='word_1_254' title='bbox 1270 2119 1328 2171; x_wconf 83' lang='lat' dir='ltr'>in</span> <span class='ocrx_word' id='word_1_255' title='bbox 1354 2119 1675 2188; x_wconf 76' lang='lat' dir='ltr'>insipientia</span> <span class='ocrx_word' id='word_1_256' title='bbox 1696 2116 1813 2172; x_wconf 83' lang='lat' dir='ltr'>dico</span> 
     </span>
    </p>
   </div>
   <div class='ocr_carea' id='block_1_36' title="bbox 169 2204 1811 2278">
    <p class='ocr_par' dir='ltr' id='par_1_36' title="bbox 169 2204 1811 2278">
     <span class='ocr_line' id='line_1_36' title="bbox 169 2204 1811 2278; baseline 0.001 -18"><span class='ocrx_word' id='word_1_257' title='bbox 169 2207 233 2277; x_wconf 90' lang='lat' dir='ltr'>(ll</span> <span class='ocrx_word' id='word_1_258' title='bbox 260 2206 391 2260; x_wconf 88' lang='lat' dir='ltr'>Cor.</span> <span class='ocrx_word' id='word_1_259' title='bbox 426 2222 502 2269; x_wconf 82' lang='lat' dir='ltr'>XI,</span> <span class='ocrx_word' id='word_1_260' title='bbox 533 2206 623 2275; x_wconf 79' lang='grc'>21)</span> <span class='ocrx_word' id='word_1_261' title='bbox 656 2220 669 2259; x_wconf 90' lang='lat'>:</span> <span class='ocrx_word' id='word_1_262' title='bbox 705 2204 803 2259; x_wconf 93' lang='lat' dir='ltr'>ubi</span> <span class='ocrx_word' id='word_1_263' title='bbox 835 2206 1010 2260; x_wconf 90' lang='lat' dir='ltr'>etiam</span> <span class='ocrx_word' id='word_1_264' title='bbox 1029 2206 1167 2261; x_wconf 91' lang='lat' dir='ltr'>dicit</span> <span class='ocrx_word' id='word_1_265' title='bbox 1189 2222 1249 2261; x_wconf 90' lang='lat' dir='ltr'>se</span> <span class='ocrx_word' id='word_1_266' title='bbox 1268 2223 1455 2278; x_wconf 89' lang='lat' dir='ltr'>usque</span> <span class='ocrx_word' id='word_1_267' title='bbox 1486 2206 1556 2260; x_wconf 90' lang='lat' dir='ltr'>ad</span> <span class='ocrx_word' id='word_1_268' title='bbox 1576 2206 1811 2261; x_wconf 88' lang='lat' dir='ltr'>tertium</span> 
     </span>
    </p>
   </div>
   <div class='ocr_carea' id='block_1_37' title="bbox 172 2295 1814 2367">
    <p class='ocr_par' dir='ltr' id='par_1_37' title="bbox 172 2295 1814 2367">
     <span class='ocr_line' id='line_1_37' title="bbox 172 2295 1814 2367; baseline 0 -16"><span class='ocrx_word' id='word_1_269' title='bbox 172 2295 382 2351; x_wconf 78' lang='lat' dir='ltr'>ccelum</span> <span class='ocrx_word' id='word_1_270' title='bbox 414 2300 669 2367; x_wconf 88' lang='lat' dir='ltr'>raptum.</span> <span class='ocrx_word' id='word_1_271' title='bbox 703 2297 890 2360; x_wconf 88' lang='lat' dir='ltr'>Quare</span> <span class='ocrx_word' id='word_1_272' title='bbox 920 2296 1050 2361; x_wconf 90' lang='lat' dir='ltr'>hoc,</span> <span class='ocrx_word' id='word_1_273' title='bbox 1085 2297 1197 2352; x_wconf 87' lang='lat' dir='ltr'>nisi</span> <span class='ocrx_word' id='word_1_274' title='bbox 1233 2303 1296 2351; x_wconf 88' lang='lat' dir='ltr'>ut</span> <span class='ocrx_word' id='word_1_275' title='bbox 1328 2296 1695 2351; x_wconf 85' lang='lat' dir='ltr'>imitaretur?</span> <span class='ocrx_word' id='word_1_276' title='bbox 1747 2297 1814 2351; x_wconf 89' lang='lat' dir='ltr'>Et</span> 
     </span>
    </p>
   </div>
   <div class='ocr_carea' id='block_1_38' title="bbox 177 2383 1808 2455">
    <p class='ocr_par' dir='ltr' id='par_1_38' title="bbox 177 2383 1808 2455">
     <span class='ocr_line' id='line_1_38' title="bbox 177 2383 1808 2455; baseline 0 -16"><span class='ocrx_word' id='word_1_277' title='bbox 177 2384 521 2451; x_wconf 85' lang='lat' dir='ltr'>notandum,</span> <span class='ocrx_word' id='word_1_278' title='bbox 554 2384 694 2455; x_wconf 90' lang='lat' dir='ltr'>quia</span> <span class='ocrx_word' id='word_1_279' title='bbox 722 2383 849 2438; x_wconf 91' lang='lat' dir='ltr'>ideo</span> <span class='ocrx_word' id='word_1_280' title='bbox 883 2400 945 2439; x_wconf 89' lang='lat' dir='ltr'>se</span> <span class='ocrx_word' id='word_1_281' title='bbox 966 2384 1187 2453; x_wconf 88' lang='lat' dir='ltr'>laudat,</span> <span class='ocrx_word' id='word_1_282' title='bbox 1215 2392 1280 2439; x_wconf 91' lang='lat' dir='ltr'>ut</span> <span class='ocrx_word' id='word_1_283' title='bbox 1304 2384 1483 2440; x_wconf 89' lang='lat' dir='ltr'>falsos</span> <span class='ocrx_word' id='word_1_284' title='bbox 1506 2385 1773 2439; x_wconf 85' lang='lat' dir='ltr'>excludat</span> <span class='ocrx_word' id='word_1_285' title='bbox 1797 2401 1808 2438; x_wconf 91' lang='lat'>:</span> 
     </span>
    </p>
   </div>
   <div class='ocr_carea' id='block_1_39' title="bbox 170 2473 1525 2539">
    <p class='ocr_par' dir='ltr' id='par_1_39' title="bbox 170 2473 1525 2539">
     <span class='ocr_line' id='line_1_39' title="bbox 170 2473 1525 2539; baseline 0 -11"><span class='ocrx_word' id='word_1_286' title='bbox 170 2491 324 2539; x_wconf 72' lang='lat' dir='ltr'>nam,</span> <span class='ocrx_word' id='word_1_287' title='bbox 360 2474 411 2528; x_wconf 89' lang='lat' dir='ltr'>si</span> <span class='ocrx_word' id='word_1_288' title='bbox 438 2490 499 2529; x_wconf 91' lang='lat' dir='ltr'>se</span> <span class='ocrx_word' id='word_1_289' title='bbox 527 2473 827 2538; x_wconf 88' lang='lat' dir='ltr'>tacuisset,</span> <span class='ocrx_word' id='word_1_290' title='bbox 857 2474 990 2529; x_wconf 89' lang='lat' dir='ltr'>illos</span> <span class='ocrx_word' id='word_1_291' title='bbox 1038 2476 1525 2531; x_wconf 87' lang='lat' dir='ltr'>commendasset.</span> 
     </span>
    </p>
   </div>
   <div class='ocr_carea' id='block_1_40' title="bbox 234 2581 1810 2651">
    <p class='ocr_par' dir='ltr' id='par_1_40' title="bbox 234 2581 1810 2651">
     <span class='ocr_line' id='line_1_40' title="bbox 234 2581 1810 2651; baseline 0 -16"><span class='ocrx_word' id='word_1_292' title='bbox 234 2582 515 2649; x_wconf 81' lang='lat' dir='ltr'>Quoniam</span> <span class='ocrx_word' id='word_1_293' title='bbox 544 2581 703 2645; x_wconf 86' lang='lat' dir='ltr'>Deus,</span> <span class='ocrx_word' id='word_1_294' title='bbox 736 2583 833 2651; x_wconf 86' lang='lat' dir='ltr'>qui</span> <span class='ocrx_word' id='word_1_295' title='bbox 862 2581 1005 2636; x_wconf 71' lang='lat' dir='ltr'>dixit</span> <span class='ocrx_word' id='word_1_296' title='bbox 1036 2582 1101 2636; x_wconf 84' lang='lat' dir='ltr'>de</span> <span class='ocrx_word' id='word_1_297' title='bbox 1155 2584 1411 2647; x_wconf 79' lang='lat' dir='ltr'>tenebris,</span> <span class='ocrx_word' id='word_1_298' title='bbox 1472 2586 1579 2636; x_wconf 89' lang='lat' dir='ltr'>etc.</span> <span class='ocrx_word' id='word_1_299' title='bbox 1627 2583 1810 2636; x_wconf 91' lang='lat' dir='ltr'>Tene-</span> 
     </span>
    </p>
   </div>
   <div class='ocr_carea' id='block_1_41' title="bbox 167 2668 1809 2742">
    <p class='ocr_par' dir='ltr' id='par_1_41' title="bbox 167 2668 1809 2742">
     <span class='ocr_line' id='line_1_41' title="bbox 167 2668 1809 2742; baseline -0.002 -17"><span class='ocrx_word' id='word_1_300' title='bbox 167 2671 301 2725; x_wconf 90' lang='lat' dir='ltr'>bras</span> <span class='ocrx_word' id='word_1_301' title='bbox 318 2671 499 2725; x_wconf 88' lang='lat' dir='ltr'>corda</span> <span class='ocrx_word' id='word_1_302' title='bbox 519 2668 883 2725; x_wconf 85' lang='lat' dir='ltr'>infidelitatis</span> <span class='ocrx_word' id='word_1_303' title='bbox 908 2670 1180 2742; x_wconf 87' lang='lat' dir='ltr'>appellat,</span> <span class='ocrx_word' id='word_1_304' title='bbox 1208 2688 1333 2741; x_wconf 69' lang='lat' dir='ltr'>quis</span> <span class='ocrx_word' id='word_1_305' title='bbox 1355 2671 1467 2742; x_wconf 90' lang='lat' dir='ltr'>ipsi</span> <span class='ocrx_word' id='word_1_306' title='bbox 1510 2670 1809 2742; x_wconf 86' lang='lat' dir='ltr'>quoniam,</span> 
     </span>
    </p>
   </div>
   <div class='ocr_carea' id='block_1_42' title="bbox 166 2758 1812 2828">
    <p class='ocr_par' dir='ltr' id='par_1_42' title="bbox 166 2758 1812 2828">
     <span class='ocr_line' id='line_1_42' title="bbox 166 2758 1812 2828; baseline 0.002 -16"><span class='ocrx_word' id='word_1_307' title='bbox 166 2759 221 2813; x_wconf 88' lang='lat' dir='ltr'>in</span> <span class='ocrx_word' id='word_1_308' title='bbox 254 2758 604 2813; x_wconf 80' lang='lat' dir='ltr'>infidelitate</span> <span class='ocrx_word' id='word_1_309' title='bbox 656 2760 965 2827; x_wconf 89' lang='lat' dir='ltr'>manendo,</span> <span class='ocrx_word' id='word_1_310' title='bbox 1011 2760 1379 2828; x_wconf 88' lang='lat' dir='ltr'>habuerunt;</span> <span class='ocrx_word' id='word_1_311' title='bbox 1420 2760 1617 2814; x_wconf 88' lang='lat' dir='ltr'>lumen</span> <span class='ocrx_word' id='word_1_312' title='bbox 1678 2776 1812 2815; x_wconf 89' lang='lat' dir='ltr'>vero</span> 
     </span>
    </p>
   </div>
   <div class='ocr_carea' id='block_1_43' title="bbox 165 2847 1808 2919">
    <p class='ocr_par' dir='ltr' id='par_1_43' title="bbox 165 2847 1808 2919">
     <span class='ocr_line' id='line_1_43' title="bbox 165 2847 1808 2919; baseline 0 -17"><span class='ocrx_word' id='word_1_313' title='bbox 165 2847 455 2919; x_wconf 82' lang='lat' dir='ltr'>spiritalis</span> <span class='ocrx_word' id='word_1_314' title='bbox 472 2847 869 2918; x_wconf 67' lang='lat' dir='ltr'>intelligentiae</span> <span class='ocrx_word' id='word_1_315' title='bbox 894 2848 1217 2901; x_wconf 86' lang='lat' dir='ltr'>doctrinam</span> <span class='ocrx_word' id='word_1_316' title='bbox 1233 2848 1467 2902; x_wconf 84' lang='lat' dir='ltr'>dicit.Et</span> <span class='ocrx_word' id='word_1_317' title='bbox 1481 2854 1567 2903; x_wconf 86' lang='lat' dir='ltr'>est</span> <span class='ocrx_word' id='word_1_318' title='bbox 1581 2865 1808 2904; x_wconf 87' lang='lat' dir='ltr'>sensus:</span> 
     </span>
    </p>
   </div>
   <div class='ocr_carea' id='block_1_44' title="bbox 164 2935 1813 3006">
    <p class='ocr_par' dir='ltr' id='par_1_44' title="bbox 164 2935 1813 3006">
     <span class='ocr_line' id='line_1_44' title="bbox 164 2935 1813 3006; baseline 0 -16"><span class='ocrx_word' id='word_1_319' title='bbox 164 2941 244 2991; x_wconf 90' lang='lat' dir='ltr'>De</span> <span class='ocrx_word' id='word_1_320' title='bbox 276 2936 374 2991; x_wconf 82' lang='lat' dir='ltr'>his</span> <span class='ocrx_word' id='word_1_321' title='bbox 402 2935 659 2991; x_wconf 88' lang='lat' dir='ltr'>tenebris</span> <span class='ocrx_word' id='word_1_322' title='bbox 681 2935 924 2999; x_wconf 77' lang='lat' dir='ltr'>dixit,id</span> <span class='ocrx_word' id='word_1_323' title='bbox 944 2940 1051 3000; x_wconf 91' lang='lat' dir='ltr'>est,</span> <span class='ocrx_word' id='word_1_324' title='bbox 1084 2936 1266 3004; x_wconf 85' lang='lat' dir='ltr'>jussit</span> <span class='ocrx_word' id='word_1_325' title='bbox 1300 2936 1497 2989; x_wconf 89' lang='lat' dir='ltr'>lumen</span> <span class='ocrx_word' id='word_1_326' title='bbox 1532 2936 1813 3006; x_wconf 89' lang='lat' dir='ltr'>spiritalis</span> 
     </span>
    </p>
   </div>
   <div class='ocr_carea' id='block_1_45' title="bbox 162 3024 1817 3095">
    <p class='ocr_par' dir='ltr' id='par_1_45' title="bbox 162 3024 1817 3095">
     <span class='ocr_line' id='line_1_45' title="bbox 162 3024 1817 3095; baseline -0.002 -16"><span class='ocrx_word' id='word_1_327' title='bbox 162 3024 449 3079; x_wconf 68' lang='lat' dir='ltr'>doctrinas</span> <span class='ocrx_word' id='word_1_328' title='bbox 473 3039 746 3078; x_wconf 88' lang='lat' dir='ltr'>emanare</span> <span class='ocrx_word' id='word_1_329' title='bbox 766 3043 779 3089; x_wconf 87' lang='lat'>;</span> <span class='ocrx_word' id='word_1_330' title='bbox 799 3024 920 3078; x_wconf 86' lang='lat' dir='ltr'>sive</span> <span class='ocrx_word' id='word_1_331' title='bbox 944 3024 1013 3077; x_wconf 90' lang='lat' dir='ltr'>de</span> <span class='ocrx_word' id='word_1_332' title='bbox 1033 3024 1510 3078; x_wconf 72' lang='lat' dir='ltr'>tenebrislitterae</span> <span class='ocrx_word' id='word_1_333' title='bbox 1532 3024 1817 3095; x_wconf 82' lang='lat' dir='ltr'>legis,spi-</span> 
     </span>
    </p>
   </div>
   <div class='ocr_carea' id='block_1_46' title="bbox 160 3109 1819 3181">
    <p class='ocr_par' dir='ltr' id='par_1_46' title="bbox 160 3109 1819 3181">
     <span class='ocr_line' id='line_1_46' title="bbox 160 3109 1819 3181; baseline -0.002 -13"><span class='ocrx_word' id='word_1_334' title='bbox 160 3111 408 3168; x_wconf 89' lang='lat' dir='ltr'>ritalem</span> <span class='ocrx_word' id='word_1_335' title='bbox 440 3109 881 3181; x_wconf 84' lang='lat' dir='ltr'>intelligentiam</span> <span class='ocrx_word' id='word_1_336' title='bbox 902 3111 1085 3181; x_wconf 87' lang='lat' dir='ltr'>jussit</span> <span class='ocrx_word' id='word_1_337' title='bbox 1116 3112 1443 3181; x_wconf 89' lang='lat' dir='ltr'>procedere.</span> <span class='ocrx_word' id='word_1_338' title='bbox 1470 3114 1674 3176; x_wconf 78' lang='lat' dir='ltr'>Quare,</span> <span class='ocrx_word' id='word_1_339' title='bbox 1701 3128 1819 3165; x_wconf 90' lang='lat' dir='ltr'>ma-</span> 
     </span>
    </p>
   </div>
   <div class='ocr_carea' id='block_1_47' title="bbox 159 3198 1816 3267">
    <p class='ocr_par' dir='ltr' id='par_1_47' title="bbox 159 3198 1816 3267">
     <span class='ocr_line' id='line_1_47' title="bbox 159 3198 1816 3267; baseline -0.001 -13"><span class='ocrx_word' id='word_1_340' title='bbox 159 3200 434 3265; x_wconf 86' lang='lat' dir='ltr'>nifestat,</span> <span class='ocrx_word' id='word_1_341' title='bbox 460 3198 690 3253; x_wconf 90' lang='lat' dir='ltr'>dicens:</span> <span class='ocrx_word' id='word_1_342' title='bbox 725 3199 802 3253; x_wconf 86' lang='lat' dir='ltr'>Ad</span> <span class='ocrx_word' id='word_1_343' title='bbox 822 3201 1288 3255; x_wconf 83' lang='lat' dir='ltr'>ittuminationem</span> <span class='ocrx_word' id='word_1_344' title='bbox 1315 3200 1586 3266; x_wconf 62' lang='lat' dir='ltr'>scientiae;</span> <span class='ocrx_word' id='word_1_345' title='bbox 1620 3200 1676 3253; x_wconf 90' lang='lat' dir='ltr'>id</span> <span class='ocrx_word' id='word_1_346' title='bbox 1708 3203 1816 3267; x_wconf 84' lang='lat' dir='ltr'>est,</span> 
     </span>
    </p>
   </div>
   <div class='ocr_carea' id='block_1_48' title="bbox 1922 2026 3565 2098">
    <p class='ocr_par' dir='ltr' id='par_1_48' title="bbox 1922 2026 3565 2098">
     <span class='ocr_line' id='line_1_48' title="bbox 1922 2026 3565 2098; baseline -0.001 -16"><span class='ocrx_word' id='word_1_347' title='bbox 1922 2030 2189 2083; x_wconf 76' lang='lat' dir='ltr'>cntionem</span> <span class='ocrx_word' id='word_1_348' title='bbox 2216 2031 2345 2083; x_wconf 73' lang='lat' dir='ltr'>Jesu</span> <span class='ocrx_word' id='word_1_349' title='bbox 2374 2029 2508 2098; x_wconf 74' lang='lat' dir='ltr'>(Aet.</span> <span class='ocrx_word' id='word_1_350' title='bbox 2543 2045 2657 2094; x_wconf 70' lang='lat' dir='ltr'>xvx,</span> <span class='ocrx_word' id='word_1_351' title='bbox 2689 2029 2802 2097; x_wconf 80' lang='lat'>:25),</span> <span class='ocrx_word' id='word_1_352' title='bbox 2834 2031 2943 2081; x_wconf 90' lang='lat' dir='ltr'>etc.</span> <span class='ocrx_word' id='word_1_353' title='bbox 2969 2026 3117 2093; x_wconf 83' lang='lat' dir='ltr'>Quid</span> <span class='ocrx_word' id='word_1_354' title='bbox 3137 2030 3227 2081; x_wconf 89' lang='lat' dir='ltr'>est</span> <span class='ocrx_word' id='word_1_355' title='bbox 3246 2026 3355 2081; x_wconf 89' lang='lat' dir='ltr'>hoc</span> <span class='ocrx_word' id='word_1_356' title='bbox 3376 2029 3565 2081; x_wconf 87' lang='lat' dir='ltr'>totum</span> 
     </span>
    </p>
   </div>
   <div class='ocr_carea' id='block_1_49' title="bbox 1923 2115 3566 2187">
    <p class='ocr_par' dir='ltr' id='par_1_49' title="bbox 1923 2115 3566 2187">
     <span class='ocr_line' id='line_1_49' title="bbox 1923 2115 3566 2187; baseline -0.001 -16"><span class='ocrx_word' id='word_1_357' title='bbox 1923 2117 2132 2183; x_wconf 89' lang='lat' dir='ltr'>dicere,</span> <span class='ocrx_word' id='word_1_358' title='bbox 2168 2117 2281 2171; x_wconf 89' lang='lat' dir='ltr'>nisi</span> <span class='ocrx_word' id='word_1_359' title='bbox 2315 2117 2482 2187; x_wconf 89' lang='lat' dir='ltr'>quasi</span> <span class='ocrx_word' id='word_1_360' title='bbox 2514 2116 2643 2172; x_wconf 87' lang='lat' dir='ltr'>aliis</span> <span class='ocrx_word' id='word_1_361' title='bbox 2674 2115 2864 2172; x_wconf 92' lang='lat' dir='ltr'>verbis</span> <span class='ocrx_word' id='word_1_362' title='bbox 2896 2116 3072 2182; x_wconf 89' lang='lat' dir='ltr'>dicat,</span> <span class='ocrx_word' id='word_1_363' title='bbox 3119 2115 3303 2187; x_wconf 89' lang='lat' dir='ltr'>parati</span> <span class='ocrx_word' id='word_1_364' title='bbox 3358 2131 3566 2170; x_wconf 86' lang='lat' dir='ltr'>sumus</span> 
     </span>
    </p>
   </div>
   <div class='ocr_carea' id='block_1_50' title="bbox 1924 2205 3567 2276">
    <p class='ocr_par' dir='ltr' id='par_1_50' title="bbox 1924 2205 3567 2276">
     <span class='ocr_line' id='line_1_50' title="bbox 1924 2205 3567 2276; baseline -0.001 -17"><span class='ocrx_word' id='word_1_365' title='bbox 1924 2205 2069 2260; x_wconf 92' lang='lat' dir='ltr'>mori</span> <span class='ocrx_word' id='word_1_366' title='bbox 2106 2210 2337 2276; x_wconf 91' lang='lat' dir='ltr'>propter</span> <span class='ocrx_word' id='word_1_367' title='bbox 2365 2206 2568 2260; x_wconf 86' lang='lat' dir='ltr'>Jesum</span> <span class='ocrx_word' id='word_1_368' title='bbox 2594 2223 2605 2271; x_wconf 95' lang='lat'>;</span> <span class='ocrx_word' id='word_1_369' title='bbox 2634 2215 2695 2260; x_wconf 88' lang='lat' dir='ltr'>ut</span> <span class='ocrx_word' id='word_1_370' title='bbox 2728 2207 2839 2259; x_wconf 86' lang='lat' dir='ltr'>vita</span> <span class='ocrx_word' id='word_1_371' title='bbox 2865 2208 2994 2261; x_wconf 86' lang='lat' dir='ltr'>Jesu</span> <span class='ocrx_word' id='word_1_372' title='bbox 3026 2207 3086 2260; x_wconf 87' lang='lat' dir='ltr'>in</span> <span class='ocrx_word' id='word_1_373' title='bbox 3105 2205 3416 2275; x_wconf 86' lang='lat' dir='ltr'>corporibus</span> <span class='ocrx_word' id='word_1_374' title='bbox 3436 2220 3567 2259; x_wconf 83' lang='lat' dir='ltr'>nos—</span> 
     </span>
    </p>
   </div>
   <div class='ocr_carea' id='block_1_51' title="bbox 1921 2293 3566 2364">
    <p class='ocr_par' dir='ltr' id='par_1_51' title="bbox 1921 2293 3566 2364">
     <span class='ocr_line' id='line_1_51' title="bbox 1921 2293 3566 2364; baseline -0.001 -15"><span class='ocrx_word' id='word_1_375' title='bbox 1921 2296 2022 2349; x_wconf 85' lang='lat' dir='ltr'>tris</span> <span class='ocrx_word' id='word_1_376' title='bbox 2054 2297 2451 2364; x_wconf 84' lang='lat' dir='ltr'>manifestetur,</span> <span class='ocrx_word' id='word_1_377' title='bbox 2476 2294 2534 2349; x_wconf 88' lang='lat' dir='ltr'>id</span> <span class='ocrx_word' id='word_1_378' title='bbox 2556 2299 2664 2359; x_wconf 90' lang='lat' dir='ltr'>est,</span> <span class='ocrx_word' id='word_1_379' title='bbox 2692 2295 2763 2348; x_wconf 89' lang='lat' dir='ltr'>ad</span> <span class='ocrx_word' id='word_1_380' title='bbox 2787 2293 3284 2349; x_wconf 89' lang='lat' dir='ltr'>immortalitatem</span> <span class='ocrx_word' id='word_1_381' title='bbox 3305 2297 3566 2348; x_wconf 87' lang='lat' dir='ltr'>transea-</span> 
     </span>
    </p>
   </div>
   <div class='ocr_carea' id='block_1_52' title="bbox 1924 2382 3565 2454">
    <p class='ocr_par' dir='ltr' id='par_1_52' title="bbox 1924 2382 3565 2454">
     <span class='ocr_line' id='line_1_52' title="bbox 1924 2382 3565 2454; baseline -0.001 -17"><span class='ocrx_word' id='word_1_382' title='bbox 1924 2400 2055 2437; x_wconf 89' lang='lat' dir='ltr'>mus</span> <span class='ocrx_word' id='word_1_383' title='bbox 2070 2384 2168 2437; x_wconf 74' lang='lat' dir='ltr'>‘tEt</span> <span class='ocrx_word' id='word_1_384' title='bbox 2188 2384 2490 2438; x_wconf 90' lang='lat' dir='ltr'>sciendum</span> <span class='ocrx_word' id='word_1_385' title='bbox 2510 2384 2648 2453; x_wconf 89' lang='lat' dir='ltr'>quia</span> <span class='ocrx_word' id='word_1_386' title='bbox 2672 2382 2931 2454; x_wconf 89' lang='lat' dir='ltr'>quotidie</span> <span class='ocrx_word' id='word_1_387' title='bbox 2952 2383 3123 2437; x_wconf 87' lang='lat' dir='ltr'>Jesus</span> <span class='ocrx_word' id='word_1_388' title='bbox 3145 2382 3412 2447; x_wconf 89' lang='lat' dir='ltr'>moritur,</span> <span class='ocrx_word' id='word_1_389' title='bbox 3437 2397 3565 2435; x_wconf 89' lang='lat' dir='ltr'>cru-</span> 
     </span>
    </p>
   </div>
   <div class='ocr_carea' id='block_1_53' title="bbox 1923 2469 3567 2543">
    <p class='ocr_par' dir='ltr' id='par_1_53' title="bbox 1923 2469 3567 2543">
     <span class='ocr_line' id='line_1_53' title="bbox 1923 2469 3567 2543; baseline 0 -16"><span class='ocrx_word' id='word_1_390' title='bbox 1923 2471 2195 2543; x_wconf 82' lang='lat' dir='ltr'>cifigitur,</span> <span class='ocrx_word' id='word_1_391' title='bbox 2232 2472 2482 2543; x_wconf 82' lang='lat' dir='ltr'>resurgit</span> <span class='ocrx_word' id='word_1_392' title='bbox 2537 2472 2597 2526; x_wconf 89' lang='lat' dir='ltr'>in</span> <span class='ocrx_word' id='word_1_393' title='bbox 2659 2471 2941 2527; x_wconf 89' lang='lat' dir='ltr'>membris</span> <span class='ocrx_word' id='word_1_394' title='bbox 2997 2472 3144 2541; x_wconf 88' lang='lat' dir='ltr'>suis,</span> <span class='ocrx_word' id='word_1_395' title='bbox 3203 2475 3261 2525; x_wconf 89' lang='lat' dir='ltr'>et</span> <span class='ocrx_word' id='word_1_396' title='bbox 3301 2469 3567 2527; x_wconf 89' lang='lat' dir='ltr'>membra</span> 
     </span>
    </p>
   </div>
   <div class='ocr_carea' id='block_1_54' title="bbox 1921 2561 2743 2632">
    <p class='ocr_par' dir='ltr' id='par_1_54' title="bbox 1921 2561 2743 2632">
     <span class='ocr_line' id='line_1_54' title="bbox 1921 2561 2743 2632; baseline 0 -16"><span class='ocrx_word' id='word_1_397' title='bbox 1921 2561 2108 2632; x_wconf 88' lang='lat' dir='ltr'>ipsius</span> <span class='ocrx_word' id='word_1_398' title='bbox 2142 2561 2331 2632; x_wconf 91' lang='lat' dir='ltr'>inipso</span> <span class='ocrx_word' id='word_1_399' title='bbox 2361 2561 2743 2616; x_wconf 86' lang='lat' dir='ltr'>vivificantur.</span> 
     </span>
    </p>
   </div>
   <div class='ocr_carea' id='block_1_55' title="bbox 1992 2666 3566 2739">
    <p class='ocr_par' dir='ltr' id='par_1_55' title="bbox 1992 2666 3566 2739">
     <span class='ocr_line' id='line_1_55' title="bbox 1992 2666 3566 2739; baseline -0.001 -18"><span class='ocrx_word' id='word_1_400' title='bbox 1992 2670 2138 2739; x_wconf 75' lang='grc'>(712)</span> <span class='ocrx_word' id='word_1_401' title='bbox 2163 2668 2512 2739; x_wconf 86' lang='lat' dir='ltr'>Exsequitur</span> <span class='ocrx_word' id='word_1_402' title='bbox 2532 2668 2803 2723; x_wconf 89' lang='lat' dir='ltr'>eumdem</span> <span class='ocrx_word' id='word_1_403' title='bbox 2830 2684 3068 2723; x_wconf 91' lang='lat' dir='ltr'>sensum</span> <span class='ocrx_word' id='word_1_404' title='bbox 3092 2666 3268 2723; x_wconf 88' lang='lat' dir='ltr'>latius</span> <span class='ocrx_word' id='word_1_405' title='bbox 3291 2666 3420 2723; x_wconf 87' lang='lat' dir='ltr'>aliis</span> <span class='ocrx_word' id='word_1_406' title='bbox 3440 2683 3566 2722; x_wconf 90' lang='lat' dir='ltr'>ver-</span> 
     </span>
    </p>
   </div>
   <div class='ocr_carea' id='block_1_56' title="bbox 1923 2758 3565 2830">
    <p class='ocr_par' dir='ltr' id='par_1_56' title="bbox 1923 2758 3565 2830">
     <span class='ocr_line' id='line_1_56' title="bbox 1923 2758 3565 2830; baseline -0.001 -17"><span class='ocrx_word' id='word_1_407' title='bbox 1923 2758 2013 2813; x_wconf 87' lang='lat' dir='ltr'>bis</span> <span class='ocrx_word' id='word_1_408' title='bbox 2046 2758 2288 2813; x_wconf 91' lang='lat' dir='ltr'>dicendo</span> <span class='ocrx_word' id='word_1_409' title='bbox 2323 2776 2334 2812; x_wconf 91' lang='lat'>:</span> <span class='ocrx_word' id='word_1_410' title='bbox 2367 2759 2590 2827; x_wconf 86' lang='lat' dir='ltr'>Semper</span> <span class='ocrx_word' id='word_1_411' title='bbox 2619 2759 2767 2813; x_wconf 88' lang='lat' dir='ltr'>enim</span> <span class='ocrx_word' id='word_1_412' title='bbox 2786 2774 2883 2813; x_wconf 85' lang='lat' dir='ltr'>nos</span> <span class='ocrx_word' id='word_1_413' title='bbox 2903 2760 3001 2830; x_wconf 90' lang='lat' dir='ltr'>qui</span> <span class='ocrx_word' id='word_1_414' title='bbox 3020 2759 3269 2823; x_wconf 87' lang='lat' dir='ltr'>vivimus,</span> <span class='ocrx_word' id='word_1_415' title='bbox 3295 2761 3403 2812; x_wconf 90' lang='lat' dir='ltr'>etc.</span> <span class='ocrx_word' id='word_1_416' title='bbox 3429 2762 3565 2813; x_wconf 87' lang='lat' dir='ltr'>Pro-</span> 
     </span>
    </p>
   </div>
   <div class='ocr_carea' id='block_1_57' title="bbox 1918 2844 3569 2919">
    <p class='ocr_par' dir='ltr' id='par_1_57' title="bbox 1918 2844 3569 2919">
     <span class='ocr_line' id='line_1_57' title="bbox 1918 2844 3569 2919; baseline 0 -19"><span class='ocrx_word' id='word_1_417' title='bbox 1918 2855 2042 2918; x_wconf 86' lang='lat' dir='ltr'>pter</span> <span class='ocrx_word' id='word_1_418' title='bbox 2068 2848 2249 2901; x_wconf 82' lang='lat' dir='ltr'>Jesum</span> <span class='ocrx_word' id='word_1_419' title='bbox 2278 2846 2435 2913; x_wconf 88' lang='lat' dir='ltr'>dicit,</span> <span class='ocrx_word' id='word_1_420' title='bbox 2462 2852 2696 2917; x_wconf 88' lang='lat' dir='ltr'>propter</span> <span class='ocrx_word' id='word_1_421' title='bbox 2725 2864 2937 2919; x_wconf 90' lang='lat' dir='ltr'>corpus</span> <span class='ocrx_word' id='word_1_422' title='bbox 2957 2848 3117 2915; x_wconf 85' lang='lat' dir='ltr'>Jesu,</span> <span class='ocrx_word' id='word_1_423' title='bbox 3142 2846 3281 2919; x_wconf 89' lang='lat' dir='ltr'>quia</span> <span class='ocrx_word' id='word_1_424' title='bbox 3314 2844 3569 2901; x_wconf 89' lang='lat' dir='ltr'>Ecclesia</span> 
     </span>
    </p>
   </div>
   <div class='ocr_carea' id='block_1_58' title="bbox 1924 2935 3568 3007">
    <p class='ocr_par' dir='ltr' id='par_1_58' title="bbox 1924 2935 3568 3007">
     <span class='ocr_line' id='line_1_58' title="bbox 1924 2935 3568 3007; baseline 0.001 -18"><span class='ocrx_word' id='word_1_425' title='bbox 1924 2952 2135 3005; x_wconf 87' lang='lat' dir='ltr'>corpus</span> <span class='ocrx_word' id='word_1_426' title='bbox 2162 2939 2251 2989; x_wconf 91' lang='lat' dir='ltr'>est</span> <span class='ocrx_word' id='word_1_427' title='bbox 2278 2935 2415 2990; x_wconf 90' lang='lat' dir='ltr'>Jesu</span> <span class='ocrx_word' id='word_1_428' title='bbox 2446 2951 2457 2990; x_wconf 89' lang='lat'>:</span> <span class='ocrx_word' id='word_1_429' title='bbox 2490 2943 2551 2990; x_wconf 89' lang='lat' dir='ltr'>ut</span> <span class='ocrx_word' id='word_1_430' title='bbox 2576 2940 2627 2990; x_wconf 84' lang='lat' dir='ltr'>et</span> <span class='ocrx_word' id='word_1_431' title='bbox 2647 2938 2761 2991; x_wconf 84' lang='lat' dir='ltr'>vita</span> <span class='ocrx_word' id='word_1_432' title='bbox 2789 2940 2939 3007; x_wconf 86' lang='lat' dir='ltr'>Jesu,</span> <span class='ocrx_word' id='word_1_433' title='bbox 2973 2944 3082 2992; x_wconf 89' lang='lat' dir='ltr'>etc.</span> <span class='ocrx_word' id='word_1_434' title='bbox 3110 2954 3121 3003; x_wconf 94' lang='lat'>;</span> <span class='ocrx_word' id='word_1_435' title='bbox 3147 2936 3205 2991; x_wconf 89' lang='lat' dir='ltr'>id</span> <span class='ocrx_word' id='word_1_436' title='bbox 3229 2941 3338 3005; x_wconf 89' lang='lat' dir='ltr'>est,</span> <span class='ocrx_word' id='word_1_437' title='bbox 3359 2936 3429 2992; x_wconf 90' lang='lat' dir='ltr'>ad</span> <span class='ocrx_word' id='word_1_438' title='bbox 3460 2935 3568 2991; x_wconf 83' lang='lat' dir='ltr'>im-</span> 
     </span>
    </p>
   </div>
   <div class='ocr_carea' id='block_1_59' title="bbox 1926 3024 3567 3098">
    <p class='ocr_par' dir='ltr' id='par_1_59' title="bbox 1926 3024 3567 3098">
     <span class='ocr_line' id='line_1_59' title="bbox 1926 3024 3567 3098; baseline 0.002 -22"><span class='ocrx_word' id='word_1_439' title='bbox 1926 3024 2336 3078; x_wconf 88' lang='lat' dir='ltr'>mortalitatem</span> <span class='ocrx_word' id='word_1_440' title='bbox 2367 3031 2757 3081; x_wconf 87' lang='lat' dir='ltr'>transeamus.</span> <span class='ocrx_word' id='word_1_441' title='bbox 2794 3029 2929 3098; x_wconf 85' lang='lat' dir='ltr'>Ergo</span> <span class='ocrx_word' id='word_1_442' title='bbox 2950 3046 3096 3085; x_wconf 88' lang='lat' dir='ltr'>mors</span> <span class='ocrx_word' id='word_1_443' title='bbox 3134 3032 3191 3085; x_wconf 88' lang='lat' dir='ltr'>in</span> <span class='ocrx_word' id='word_1_444' title='bbox 3229 3032 3405 3096; x_wconf 80' lang='lat' dir='ltr'>nobis,</span> <span class='ocrx_word' id='word_1_445' title='bbox 3457 3032 3567 3084; x_wconf 88' lang='lat' dir='ltr'>etc.</span> 
     </span>
    </p>
   </div>
   <div class='ocr_carea' id='block_1_60' title="bbox 1927 3112 3568 3190">
    <p class='ocr_par' dir='ltr' id='par_1_60' title="bbox 1927 3112 3568 3190">
     <span class='ocr_line' id='line_1_60' title="bbox 1927 3112 3568 3190; baseline 0.007 -26"><span class='ocrx_word' id='word_1_446' title='bbox 1927 3112 2102 3175; x_wconf 88' lang='lat' dir='ltr'>Quasi</span> <span class='ocrx_word' id='word_1_447' title='bbox 2135 3112 2387 3166; x_wconf 87' lang='lat' dir='ltr'>diceret:</span> <span class='ocrx_word' id='word_1_448' title='bbox 2424 3114 2572 3167; x_wconf 89' lang='lat' dir='ltr'>Dum</span> <span class='ocrx_word' id='word_1_449' title='bbox 2606 3131 2713 3169; x_wconf 87' lang='lat' dir='ltr'>nos</span> <span class='ocrx_word' id='word_1_450' title='bbox 2740 3116 2904 3171; x_wconf 89' lang='lat' dir='ltr'>vobis</span> <span class='ocrx_word' id='word_1_451' title='bbox 2935 3117 3111 3173; x_wconf 89' lang='lat' dir='ltr'>etiam</span> <span class='ocrx_word' id='word_1_452' title='bbox 3149 3120 3568 3190; x_wconf 79' lang='lat' dir='ltr'>praedicamus;</span> 
     </span>
    </p>
   </div>
   <div class='ocr_carea' id='block_1_61' title="bbox 1929 3201 3569 3280">
    <p class='ocr_par' dir='ltr' id='par_1_61' title="bbox 1929 3201 3569 3280">
     <span class='ocr_line' id='line_1_61' title="bbox 1929 3201 3569 3280; baseline 0.005 -27"><span class='ocrx_word' id='word_1_453' title='bbox 1929 3201 2029 3272; x_wconf 89' lang='lat' dir='ltr'>qui</span> <span class='ocrx_word' id='word_1_454' title='bbox 2053 3201 2637 3267; x_wconf 60' lang='lat' dir='ltr'>vivitis,smvitiam,et</span> <span class='ocrx_word' id='word_1_455' title='bbox 2660 3206 3125 3274; x_wconf 86' lang='lat' dir='ltr'>persecutionem</span> <span class='ocrx_word' id='word_1_456' title='bbox 3140 3212 3259 3262; x_wconf 90' lang='lat' dir='ltr'>tam</span> <span class='ocrx_word' id='word_1_457' title='bbox 3284 3210 3569 3280; x_wconf 88' lang='lat' dir='ltr'>gentium,</span> 
     </span>
    </p>
   </div>
   <div class='ocr_carea' id='block_1_62' title="bbox 159 3287 3579 3390">
    <p class='ocr_par' dir='ltr' id='par_1_62' title="bbox 159 3287 3579 3390">
     <span class='ocr_line' id='line_1_62' title="bbox 159 3287 3579 3390; baseline 0.002 -45"><span class='ocrx_word' id='word_1_458' title='bbox 159 3294 230 3345; x_wconf 89' lang='lat' dir='ltr'>ut</span> <span class='ocrx_word' id='word_1_459' title='bbox 257 3287 413 3343; x_wconf 90' lang='lat' dir='ltr'>alios</span> <span class='ocrx_word' id='word_1_460' title='bbox 435 3288 637 3343; x_wconf 87' lang='lat' dir='ltr'>eadem</span> <span class='ocrx_word' id='word_1_461' title='bbox 663 3288 927 3343; x_wconf 88' lang='lat' dir='ltr'>doctrina</span> <span class='ocrx_word' id='word_1_462' title='bbox 950 3288 1579 3357; x_wconf 86' lang='lat' dir='ltr'>illuminaremus(7lO)</span> <span class='ocrx_word' id='word_1_463' title='bbox 1598 3292 1654 3343; x_wconf 84' lang='lat' dir='ltr'>in</span> <span class='ocrx_word' id='word_1_464' title='bbox 1676 3290 1820 3360; x_wconf 80' lang='lat' dir='ltr'>facie</span> <span class='ocrx_word' id='word_1_465' title='bbox 1851 3323 1894 3390; x_wconf 65' lang='grc' dir='ltr'>Ο</span> <span class='ocrx_word' id='word_1_466' title='bbox 1934 3306 2109 3361; x_wconf 87' lang='lat' dir='ltr'>quam</span> <span class='ocrx_word' id='word_1_467' title='bbox 2140 3289 2475 3344; x_wconf 82' lang='lat' dir='ltr'>Judaeorum</span> <span class='ocrx_word' id='word_1_468' title='bbox 2511 3292 2818 3346; x_wconf 88' lang='lat' dir='ltr'>adversum</span> <span class='ocrx_word' id='word_1_469' title='bbox 2850 3310 2956 3349; x_wconf 90' lang='lat' dir='ltr'>nos</span> <span class='ocrx_word' id='word_1_470' title='bbox 2978 3296 3318 3364; x_wconf 87' lang='lat' dir='ltr'>excitamus,</span> <span class='ocrx_word' id='word_1_471' title='bbox 3350 3298 3490 3352; x_wconf 91' lang='lat' dir='ltr'>adeo</span> <span class='ocrx_word' id='word_1_472' title='bbox 3513 3301 3579 3351; x_wconf 90' lang='lat' dir='ltr'>ut</span> 
     </span>
    </p>
   </div>
   <div class='ocr_carea' id='block_1_63' title="bbox 160 3375 1821 3449">
    <p class='ocr_par' dir='ltr' id='par_1_63' title="bbox 160 3375 1821 3449">
     <span class='ocr_line' id='line_1_63' title="bbox 160 3375 1821 3449; baseline -0.001 -16"><span class='ocrx_word' id='word_1_473' title='bbox 160 3378 423 3442; x_wconf 83' lang='lat' dir='ltr'>Christi;</span> <span class='ocrx_word' id='word_1_474' title='bbox 458 3375 514 3431; x_wconf 92' lang='lat' dir='ltr'>id</span> <span class='ocrx_word' id='word_1_475' title='bbox 546 3382 634 3431; x_wconf 88' lang='lat' dir='ltr'>est</span> <span class='ocrx_word' id='word_1_476' title='bbox 662 3376 721 3431; x_wconf 90' lang='lat' dir='ltr'>in</span> <span class='ocrx_word' id='word_1_477' title='bbox 750 3377 891 3444; x_wconf 90' lang='lat' dir='ltr'>vice,</span> <span class='ocrx_word' id='word_1_478' title='bbox 927 3378 1121 3432; x_wconf 90' lang='lat' dir='ltr'>sivein</span> <span class='ocrx_word' id='word_1_479' title='bbox 1140 3395 1387 3449; x_wconf 88' lang='lat' dir='ltr'>persona</span> <span class='ocrx_word' id='word_1_480' title='bbox 1407 3378 1654 3442; x_wconf 89' lang='lat' dir='ltr'>Christi;</span> <span class='ocrx_word' id='word_1_481' title='bbox 1684 3395 1821 3433; x_wconf 88' lang='lat' dir='ltr'>nam</span> 
     </span>
    </p>
   </div>
   <div class='ocr_carea' id='block_1_64' title="bbox 162 3466 1821 3539">
    <p class='ocr_par' dir='ltr' id='par_1_64' title="bbox 162 3466 1821 3539">
     <span class='ocr_line' id='line_1_64' title="bbox 162 3466 1821 3539; baseline -0.001 -17"><span class='ocrx_word' id='word_1_482' title='bbox 162 3466 350 3522; x_wconf 81' lang='lat' dir='ltr'>facies</span> <span class='ocrx_word' id='word_1_483' title='bbox 383 3481 488 3536; x_wconf 92' lang='lat' dir='ltr'>pro</span> <span class='ocrx_word' id='word_1_484' title='bbox 529 3482 778 3536; x_wconf 88' lang='lat' dir='ltr'>persona</span> <span class='ocrx_word' id='word_1_485' title='bbox 823 3467 1105 3537; x_wconf 87' lang='lat' dir='ltr'>ponitur:</span> <span class='ocrx_word' id='word_1_486' title='bbox 1159 3467 1313 3522; x_wconf 88' lang='lat' dir='ltr'>unde</span> <span class='ocrx_word' id='word_1_487' title='bbox 1358 3468 1417 3521; x_wconf 89' lang='lat' dir='ltr'>in</span> <span class='ocrx_word' id='word_1_488' title='bbox 1467 3467 1821 3539; x_wconf 85' lang='lat' dir='ltr'>quibusdam</span> 
     </span>
    </p>
   </div>
   <div class='ocr_carea' id='block_1_65' title="bbox 163 3554 1818 3627">
    <p class='ocr_par' dir='ltr' id='par_1_65' title="bbox 163 3554 1818 3627">
     <span class='ocr_line' id='line_1_65' title="bbox 163 3554 1818 3627; baseline -0.001 -14"><span class='ocrx_word' id='word_1_489' title='bbox 163 3554 608 3626; x_wconf 84' lang='lat' dir='ltr'>exemplaribus</span> <span class='ocrx_word' id='word_1_490' title='bbox 643 3556 794 3625; x_wconf 79' lang='lat'><strong>(711)</strong></span> <span class='ocrx_word' id='word_1_491' title='bbox 826 3572 1075 3626; x_wconf 90' lang='lat' dir='ltr'>persona</span> <span class='ocrx_word' id='word_1_492' title='bbox 1102 3556 1415 3627; x_wconf 88' lang='lat' dir='ltr'>invenitur,</span> <span class='ocrx_word' id='word_1_493' title='bbox 1449 3574 1563 3611; x_wconf 90' lang='lat' dir='ltr'>non</span> <span class='ocrx_word' id='word_1_494' title='bbox 1624 3557 1818 3611; x_wconf 86' lang='lat' dir='ltr'>facies.</span> 
     </span>
    </p>
   </div>
   <div class='ocr_carea' id='block_1_66' title="bbox 240 3662 1824 3735">
    <p class='ocr_par' dir='ltr' id='par_1_66' title="bbox 240 3662 1824 3735">
     <span class='ocr_line' id='line_1_66' title="bbox 240 3662 1824 3735; baseline 0.001 -18"><span class='ocrx_word' id='word_1_495' title='bbox 240 3662 521 3717; x_wconf 84' lang='lat' dir='ltr'>Habemus</span> <span class='ocrx_word' id='word_1_496' title='bbox 550 3665 733 3717; x_wconf 89' lang='lat' dir='ltr'>autem</span> <span class='ocrx_word' id='word_1_497' title='bbox 752 3663 1071 3717; x_wconf 81' lang='lat' dir='ltr'>thesaurum</span> <span class='ocrx_word' id='word_1_498' title='bbox 1104 3665 1293 3735; x_wconf 77' lang='lat' dir='ltr'>istum,</span> <span class='ocrx_word' id='word_1_499' title='bbox 1328 3669 1435 3719; x_wconf 88' lang='lat' dir='ltr'>etc.</span> <span class='ocrx_word' id='word_1_500' title='bbox 1470 3665 1824 3735; x_wconf 83' lang='lat' dir='ltr'>Aggreditur</span> 
     </span>
    </p>
   </div>
   <div class='ocr_carea' id='block_1_67' title="bbox 171 3750 1825 3824">
    <p class='ocr_par' dir='ltr' id='par_1_67' title="bbox 171 3750 1825 3824">
     <span class='ocr_line' id='line_1_67' title="bbox 171 3750 1825 3824; baseline -0.001 -17"><span class='ocrx_word' id='word_1_501' title='bbox 171 3750 490 3824; x_wconf 79' lang='lat' dir='ltr'>Apostolus</span> <span class='ocrx_word' id='word_1_502' title='bbox 503 3752 806 3806; x_wconf 88' lang='lat' dir='ltr'>ostendere</span> <span class='ocrx_word' id='word_1_503' title='bbox 824 3768 1003 3822; x_wconf 87' lang='lat' dir='ltr'>quare</span> <span class='ocrx_word' id='word_1_504' title='bbox 1020 3769 1080 3807; x_wconf 92' lang='lat' dir='ltr'>se</span> <span class='ocrx_word' id='word_1_505' title='bbox 1104 3770 1281 3824; x_wconf 86' lang='lat' dir='ltr'>supra</span> <span class='ocrx_word' id='word_1_506' title='bbox 1303 3755 1577 3808; x_wconf 86' lang='lat' dir='ltr'>idoneum</span> <span class='ocrx_word' id='word_1_507' title='bbox 1600 3754 1825 3807; x_wconf 80' lang='lat' dir='ltr'>dixerat</span> 
     </span>
    </p>
   </div>
   <div class='ocr_carea' id='block_1_68' title="bbox 176 3841 1828 3913">
    <p class='ocr_par' dir='ltr' id='par_1_68' title="bbox 176 3841 1828 3913">
     <span class='ocr_line' id='line_1_68' title="bbox 176 3841 1828 3913; baseline 0 -18"><span class='ocrx_word' id='word_1_508' title='bbox 176 3841 550 3912; x_wconf 81' lang='lat' dir='ltr'>magistrum,</span> <span class='ocrx_word' id='word_1_509' title='bbox 585 3844 641 3895; x_wconf 89' lang='lat' dir='ltr'>et</span> <span class='ocrx_word' id='word_1_510' title='bbox 672 3857 850 3911; x_wconf 85' lang='lat' dir='ltr'>quare</span> <span class='ocrx_word' id='word_1_511' title='bbox 904 3842 1337 3911; x_wconf 88' lang='lat' dir='ltr'>persecutiones</span> <span class='ocrx_word' id='word_1_512' title='bbox 1389 3846 1720 3913; x_wconf 87' lang='lat' dir='ltr'>pateretur:</span> <span class='ocrx_word' id='word_1_513' title='bbox 1772 3846 1828 3895; x_wconf 86' lang='lat' dir='ltr'>et</span> 
     </span>
    </p>
   </div>
   <div class='ocr_carea' id='block_1_69' title="bbox 178 3928 1827 4001">
    <p class='ocr_par' dir='ltr' id='par_1_69' title="bbox 178 3928 1827 4001">
     <span class='ocr_line' id='line_1_69' title="bbox 178 3928 1827 4001; baseline -0.001 -17"><span class='ocrx_word' id='word_1_514' title='bbox 178 3930 283 3985; x_wconf 89' lang='lat' dir='ltr'>hoc</span> <span class='ocrx_word' id='word_1_515' title='bbox 305 3930 592 3984; x_wconf 87' lang='lat' dir='ltr'>adversus</span> <span class='ocrx_word' id='word_1_516' title='bbox 617 3929 1157 4001; x_wconf 88' lang='lat' dir='ltr'>pseudoapostolos,</span> <span class='ocrx_word' id='word_1_517' title='bbox 1187 3929 1285 4000; x_wconf 88' lang='lat' dir='ltr'>qui</span> <span class='ocrx_word' id='word_1_518' title='bbox 1310 3930 1579 3983; x_wconf 87' lang='lat' dir='ltr'>dicebant</span> <span class='ocrx_word' id='word_1_519' title='bbox 1605 3928 1827 3983; x_wconf 89' lang='lat' dir='ltr'>nullius</span> 
     </span>
    </p>
   </div>
   <div class='ocr_carea' id='block_1_70' title="bbox 179 4017 1827 4089">
    <p class='ocr_par' dir='ltr' id='par_1_70' title="bbox 179 4017 1827 4089">
     <span class='ocr_line' id='line_1_70' title="bbox 179 4017 1827 4089; baseline -0.001 -15"><span class='ocrx_word' id='word_1_520' title='bbox 179 4018 371 4074; x_wconf 89' lang='lat' dir='ltr'>meriti</span> <span class='ocrx_word' id='word_1_521' title='bbox 402 4022 461 4073; x_wconf 89' lang='lat' dir='ltr'>et</span> <span class='ocrx_word' id='word_1_522' title='bbox 494 4018 628 4072; x_wconf 82' lang='lat' dir='ltr'>fidei</span> <span class='ocrx_word' id='word_1_523' title='bbox 662 4034 794 4072; x_wconf 90' lang='lat' dir='ltr'>eum</span> <span class='ocrx_word' id='word_1_524' title='bbox 828 4034 992 4084; x_wconf 88' lang='lat' dir='ltr'>esse;</span> <span class='ocrx_word' id='word_1_525' title='bbox 1026 4022 1081 4072; x_wconf 92' lang='lat' dir='ltr'>et</span> <span class='ocrx_word' id='word_1_526' title='bbox 1120 4018 1191 4072; x_wconf 93' lang='lat' dir='ltr'>ob</span> <span class='ocrx_word' id='word_1_527' title='bbox 1237 4017 1345 4072; x_wconf 89' lang='lat' dir='ltr'>hoc</span> <span class='ocrx_word' id='word_1_528' title='bbox 1396 4018 1827 4089; x_wconf 82' lang='lat' dir='ltr'>persecutiones</span> 
     </span>
    </p>
   </div>
   <div class='ocr_carea' id='block_1_71' title="bbox 178 4105 1825 4181">
    <p class='ocr_par' dir='ltr' id='par_1_71' title="bbox 178 4105 1825 4181">
     <span class='ocr_line' id='line_1_71' title="bbox 178 4105 1825 4181; baseline -0.002 -17"><span class='ocrx_word' id='word_1_529' title='bbox 178 4111 497 4181; x_wconf 90' lang='lat' dir='ltr'>pateretur.</span> <span class='ocrx_word' id='word_1_530' title='bbox 524 4107 889 4161; x_wconf 88' lang='lat' dir='ltr'>Thesaurum</span> <span class='ocrx_word' id='word_1_531' title='bbox 909 4107 1125 4178; x_wconf 90' lang='lat' dir='ltr'>itaque,</span> <span class='ocrx_word' id='word_1_532' title='bbox 1151 4105 1473 4178; x_wconf 90' lang='lat' dir='ltr'>spiritalem</span> <span class='ocrx_word' id='word_1_533' title='bbox 1496 4105 1825 4177; x_wconf 86' lang='lat' dir='ltr'>intelligen-</span> 
     </span>
    </p>
   </div>
   <div class='ocr_carea' id='block_1_72' title="bbox 177 4194 1821 4267">
    <p class='ocr_par' dir='ltr' id='par_1_72' title="bbox 177 4194 1821 4267">
     <span class='ocr_line' id='line_1_72' title="bbox 177 4194 1821 4267; baseline -0.002 -16"><span class='ocrx_word' id='word_1_534' title='bbox 177 4197 315 4253; x_wconf 86' lang='lat' dir='ltr'>tiam</span> <span class='ocrx_word' id='word_1_535' title='bbox 351 4196 623 4251; x_wconf 89' lang='lat' dir='ltr'>nominat</span> <span class='ocrx_word' id='word_1_536' title='bbox 649 4213 663 4262; x_wconf 93' lang='lat'>;</span> <span class='ocrx_word' id='word_1_537' title='bbox 684 4212 826 4250; x_wconf 86' lang='lat' dir='ltr'>vasa</span> <span class='ocrx_word' id='word_1_538' title='bbox 848 4200 1040 4250; x_wconf 90' lang='lat' dir='ltr'>autem</span> <span class='ocrx_word' id='word_1_539' title='bbox 1067 4195 1287 4262; x_wconf 84' lang='lat' dir='ltr'>fictilia,</span> <span class='ocrx_word' id='word_1_540' title='bbox 1312 4194 1538 4267; x_wconf 86' lang='lat' dir='ltr'>fragilia</span> <span class='ocrx_word' id='word_1_541' title='bbox 1561 4211 1821 4266; x_wconf 88' lang='lat' dir='ltr'>corpora.</span> 
     </span>
    </p>
   </div>
   <div class='ocr_carea' id='block_1_73' title="bbox 179 4284 1829 4354">
    <p class='ocr_par' dir='ltr' id='par_1_73' title="bbox 179 4284 1829 4354">
     <span class='ocr_line' id='line_1_73' title="bbox 179 4284 1829 4354; baseline -0.001 -13"><span class='ocrx_word' id='word_1_542' title='bbox 179 4287 241 4341; x_wconf 88' lang='lat' dir='ltr'>Et</span> <span class='ocrx_word' id='word_1_543' title='bbox 279 4290 372 4342; x_wconf 91' lang='lat' dir='ltr'>est</span> <span class='ocrx_word' id='word_1_544' title='bbox 404 4301 657 4340; x_wconf 85' lang='lat' dir='ltr'>sensus:</span> <span class='ocrx_word' id='word_1_545' title='bbox 713 4285 979 4339; x_wconf 82' lang='lat' dir='ltr'>Habemus</span> <span class='ocrx_word' id='word_1_546' title='bbox 1036 4284 1378 4354; x_wconf 78' lang='lat' dir='ltr'>thesaurum,</span> <span class='ocrx_word' id='word_1_547' title='bbox 1430 4288 1579 4352; x_wconf 88' lang='lat' dir='ltr'>etc.;</span> <span class='ocrx_word' id='word_1_548' title='bbox 1635 4285 1692 4338; x_wconf 89' lang='lat' dir='ltr'>id</span> <span class='ocrx_word' id='word_1_549' title='bbox 1741 4290 1829 4339; x_wconf 89' lang='lat' dir='ltr'>est</span> 
     </span>
    </p>
   </div>
   <div class='ocr_carea' id='block_1_74' title="bbox 180 4372 1828 4448">
    <p class='ocr_par' dir='ltr' id='par_1_74' title="bbox 180 4372 1828 4448">
     <span class='ocr_line' id='line_1_74' title="bbox 180 4372 1828 4448; baseline -0.001 -18"><span class='ocrx_word' id='word_1_550' title='bbox 180 4373 506 4448; x_wconf 81' lang='lat' dir='ltr'>spiritalem</span> <span class='ocrx_word' id='word_1_551' title='bbox 542 4372 995 4445; x_wconf 83' lang='lat' dir='ltr'>intelligentiam</span> <span class='ocrx_word' id='word_1_552' title='bbox 1027 4373 1085 4426; x_wconf 91' lang='lat' dir='ltr'>in</span> <span class='ocrx_word' id='word_1_553' title='bbox 1119 4372 1425 4445; x_wconf 89' lang='lat' dir='ltr'>fragilibus</span> <span class='ocrx_word' id='word_1_554' title='bbox 1484 4373 1828 4444; x_wconf 89' lang='lat' dir='ltr'>corporibus</span> 
     </span>
    </p>
   </div>
   <div class='ocr_carea' id='block_1_75' title="bbox 181 4460 1829 4536">
    <p class='ocr_par' dir='ltr' id='par_1_75' title="bbox 181 4460 1829 4536">
     <span class='ocr_line' id='line_1_75' title="bbox 181 4460 1829 4536; baseline -0.003 -17"><span class='ocrx_word' id='word_1_555' title='bbox 181 4469 503 4536; x_wconf 87' lang='lat' dir='ltr'>gestamus.</span> <span class='ocrx_word' id='word_1_556' title='bbox 538 4461 701 4517; x_wconf 91' lang='lat' dir='ltr'>Unde</span> <span class='ocrx_word' id='word_1_557' title='bbox 732 4478 883 4532; x_wconf 66' lang='lat' dir='ltr'>saepe</span> <span class='ocrx_word' id='word_1_558' title='bbox 913 4460 1124 4527; x_wconf 89' lang='lat' dir='ltr'>evenit,</span> <span class='ocrx_word' id='word_1_559' title='bbox 1167 4466 1232 4515; x_wconf 91' lang='lat' dir='ltr'>ut</span> <span class='ocrx_word' id='word_1_560' title='bbox 1278 4461 1412 4514; x_wconf 88' lang='lat' dir='ltr'>inde</span> <span class='ocrx_word' id='word_1_561' title='bbox 1460 4461 1829 4515; x_wconf 85' lang='lat' dir='ltr'>inﬁrmemur</span> 
     </span>
    </p>
   </div>
   <div class='ocr_carea' id='block_1_76' title="bbox 183 4550 1827 4620">
    <p class='ocr_par' dir='ltr' id='par_1_76' title="bbox 183 4550 1827 4620">
     <span class='ocr_line' id='line_1_76' title="bbox 183 4550 1827 4620; baseline -0.001 -14"><span class='ocrx_word' id='word_1_562' title='bbox 183 4553 333 4608; x_wconf 86' lang='lat' dir='ltr'>unde</span> <span class='ocrx_word' id='word_1_563' title='bbox 366 4550 514 4607; x_wconf 88' lang='lat' dir='ltr'>alios</span> <span class='ocrx_word' id='word_1_564' title='bbox 547 4550 861 4606; x_wconf 88' lang='lat' dir='ltr'>salvamus.</span> <span class='ocrx_word' id='word_1_565' title='bbox 897 4550 1131 4615; x_wconf 83' lang='lat' dir='ltr'>Quare?</span> <span class='ocrx_word' id='word_1_566' title='bbox 1162 4550 1233 4604; x_wconf 87' lang='lat' dir='ltr'>Ut</span> <span class='ocrx_word' id='word_1_567' title='bbox 1260 4566 1374 4620; x_wconf 91' lang='lat' dir='ltr'>quo</span> <span class='ocrx_word' id='word_1_568' title='bbox 1408 4550 1465 4603; x_wconf 89' lang='lat' dir='ltr'>in</span> <span class='ocrx_word' id='word_1_569' title='bbox 1521 4550 1827 4619; x_wconf 82' lang='lat' dir='ltr'>fragilibus</span> 
     </span>
    </p>
   </div>
   <div class='ocr_carea' id='block_1_77' title="bbox 187 4639 1829 4715">
    <p class='ocr_par' dir='ltr' id='par_1_77' title="bbox 187 4639 1829 4715">
     <span class='ocr_line' id='line_1_77' title="bbox 187 4639 1829 4715; baseline -0.002 -19"><span class='ocrx_word' id='word_1_570' title='bbox 187 4642 532 4715; x_wconf 90' lang='lat' dir='ltr'>corporibus</span> <span class='ocrx_word' id='word_1_571' title='bbox 566 4641 840 4712; x_wconf 81' lang='lat' dir='ltr'>mysteria</span> <span class='ocrx_word' id='word_1_572' title='bbox 869 4639 1064 4693; x_wconf 90' lang='lat' dir='ltr'>divina</span> <span class='ocrx_word' id='word_1_573' title='bbox 1086 4644 1406 4710; x_wconf 89' lang='lat' dir='ltr'>gestamus,</span> <span class='ocrx_word' id='word_1_574' title='bbox 1431 4656 1495 4692; x_wconf 91' lang='lat' dir='ltr'>eo</span> <span class='ocrx_word' id='word_1_575' title='bbox 1520 4639 1829 4693; x_wconf 83' lang='lat' dir='ltr'>sublimitas</span> 
     </span>
    </p>
   </div>
   <div class='ocr_carea' id='block_1_78' title="bbox 1934 3379 3578 3457">
    <p class='ocr_par' dir='ltr' id='par_1_78' title="bbox 1934 3379 3578 3457">
     <span class='ocr_line' id='line_1_78' title="bbox 1934 3379 3578 3457; baseline 0.005 -24"><span class='ocrx_word' id='word_1_576' title='bbox 1934 3380 2006 3433; x_wconf 88' lang='lat' dir='ltr'>ad</span> <span class='ocrx_word' id='word_1_577' title='bbox 2038 3384 2285 3433; x_wconf 90' lang='lat' dir='ltr'>mortem</span> <span class='ocrx_word' id='word_1_578' title='bbox 2308 3379 2633 3434; x_wconf 86' lang='lat' dir='ltr'>trahamur.</span> <span class='ocrx_word' id='word_1_579' title='bbox 2660 3380 2844 3437; x_wconf 74' lang='lat' dir='ltr'>Potest</span> <span class='ocrx_word' id='word_1_580' title='bbox 2872 3383 3047 3438; x_wconf 89' lang='lat' dir='ltr'>etiam</span> <span class='ocrx_word' id='word_1_581' title='bbox 3071 3384 3424 3456; x_wconf 89' lang='lat' dir='ltr'>increpative</span> <span class='ocrx_word' id='word_1_582' title='bbox 3450 3402 3578 3457; x_wconf 88' lang='lat' dir='ltr'>pro-</span> 
     </span>
    </p>
   </div>
   <div class='ocr_carea' id='block_1_79' title="bbox 1933 3468 3571 3541">
    <p class='ocr_par' dir='ltr' id='par_1_79' title="bbox 1933 3468 3571 3541">
     <span class='ocr_line' id='line_1_79' title="bbox 1933 3468 3571 3541; baseline 0.004 -20"><span class='ocrx_word' id='word_1_583' title='bbox 1933 3468 2091 3534; x_wconf 88' lang='lat' dir='ltr'>ferri,</span> <span class='ocrx_word' id='word_1_584' title='bbox 2128 3474 2193 3523; x_wconf 91' lang='lat' dir='ltr'>ut</span> <span class='ocrx_word' id='word_1_585' title='bbox 2226 3468 2301 3522; x_wconf 91' lang='lat' dir='ltr'>sit</span> <span class='ocrx_word' id='word_1_586' title='bbox 2332 3486 2540 3524; x_wconf 87' lang='lat' dir='ltr'>sensus</span> <span class='ocrx_word' id='word_1_587' title='bbox 2569 3485 2580 3523; x_wconf 93' lang='lat'>:</span> <span class='ocrx_word' id='word_1_588' title='bbox 2616 3471 2755 3539; x_wconf 86' lang='lat' dir='ltr'>Ergo</span> <span class='ocrx_word' id='word_1_589' title='bbox 2784 3488 2928 3526; x_wconf 86' lang='lat' dir='ltr'>mors</span> <span class='ocrx_word' id='word_1_590' title='bbox 2958 3474 3019 3527; x_wconf 83' lang='lat' dir='ltr'>in</span> <span class='ocrx_word' id='word_1_591' title='bbox 3039 3474 3215 3541; x_wconf 85' lang='lat' dir='ltr'>nobis,</span> <span class='ocrx_word' id='word_1_592' title='bbox 3237 3479 3345 3529; x_wconf 90' lang='lat' dir='ltr'>etc.</span> <span class='ocrx_word' id='word_1_593' title='bbox 3368 3475 3396 3529; x_wconf 85' lang='lat'>‘?</span> <span class='ocrx_word' id='word_1_594' title='bbox 3424 3474 3571 3530; x_wconf 89' lang='lat' dir='ltr'>Non.</span> 
     </span>
    </p>
   </div>
   <div class='ocr_carea' id='block_1_80' title="bbox 1934 3559 3579 3629">
    <p class='ocr_par' dir='ltr' id='par_1_80' title="bbox 1934 3559 3579 3629">
     <span class='ocr_line' id='line_1_80' title="bbox 1934 3559 3579 3629; baseline 0.005 -17"><span class='ocrx_word' id='word_1_595' title='bbox 1934 3559 1993 3612; x_wconf 91' lang='lat' dir='ltr'>Id</span> <span class='ocrx_word' id='word_1_596' title='bbox 2026 3561 2132 3623; x_wconf 88' lang='lat' dir='ltr'>est,</span> <span class='ocrx_word' id='word_1_597' title='bbox 2161 3575 2273 3612; x_wconf 91' lang='lat' dir='ltr'>non</span> <span class='ocrx_word' id='word_1_598' title='bbox 2296 3574 2527 3629; x_wconf 90' lang='lat' dir='ltr'>semper</span> <span class='ocrx_word' id='word_1_599' title='bbox 2552 3576 2659 3613; x_wconf 91' lang='lat' dir='ltr'>nos</span> <span class='ocrx_word' id='word_1_600' title='bbox 2691 3561 3030 3627; x_wconf 91' lang='lat' dir='ltr'>moriemur,</span> <span class='ocrx_word' id='word_1_601' title='bbox 3059 3566 3115 3618; x_wconf 91' lang='lat' dir='ltr'>et</span> <span class='ocrx_word' id='word_1_602' title='bbox 3132 3580 3235 3618; x_wconf 90' lang='lat' dir='ltr'>vos</span> <span class='ocrx_word' id='word_1_603' title='bbox 3258 3563 3458 3620; x_wconf 89' lang='lat' dir='ltr'>vivetis</span> <span class='ocrx_word' id='word_1_604' title='bbox 3482 3580 3494 3620; x_wconf 90' lang='lat'>:</span> <span class='ocrx_word' id='word_1_605' title='bbox 3522 3568 3579 3620; x_wconf 87' lang='lat' dir='ltr'>et</span> 
     </span>
    </p>
   </div>
   <div class='ocr_carea' id='block_1_81' title="bbox 1934 3646 3581 3719">
    <p class='ocr_par' dir='ltr' id='par_1_81' title="bbox 1934 3646 3581 3719">
     <span class='ocr_line' id='line_1_81' title="bbox 1934 3646 3581 3719; baseline 0.002 -15"><span class='ocrx_word' id='word_1_606' title='bbox 1934 3650 2211 3704; x_wconf 88' lang='lat' dir='ltr'>adversus</span> <span class='ocrx_word' id='word_1_607' title='bbox 2232 3646 2384 3717; x_wconf 84' lang='lat' dir='ltr'>illos,</span> <span class='ocrx_word' id='word_1_608' title='bbox 2412 3646 2509 3717; x_wconf 91' lang='lat' dir='ltr'>qui</span> <span class='ocrx_word' id='word_1_609' title='bbox 2531 3650 3035 3719; x_wconf 86' lang='lat' dir='ltr'>pseudoapostolis</span> <span class='ocrx_word' id='word_1_610' title='bbox 3057 3651 3233 3706; x_wconf 83' lang='lat' dir='ltr'>ﬁdem</span> <span class='ocrx_word' id='word_1_611' title='bbox 3258 3668 3581 3708; x_wconf 88' lang='lat' dir='ltr'>accommo-</span> 
     </span>
    </p>
   </div>
   <div class='ocr_carea' id='block_1_82' title="bbox 1934 3736 3577 3809">
    <p class='ocr_par' dir='ltr' id='par_1_82' title="bbox 1934 3736 3577 3809">
     <span class='ocr_line' id='line_1_82' title="bbox 1934 3736 3577 3809; baseline 0.002 -17"><span class='ocrx_word' id='word_1_612' title='bbox 1934 3736 2339 3806; x_wconf 88' lang='lat' dir='ltr'>daverant,qui</span> <span class='ocrx_word' id='word_1_613' title='bbox 2363 3736 2633 3791; x_wconf 89' lang='lat' dir='ltr'>dicebant</span> <span class='ocrx_word' id='word_1_614' title='bbox 2655 3738 2995 3809; x_wconf 86' lang='lat' dir='ltr'>Apostolum</span> <span class='ocrx_word' id='word_1_615' title='bbox 3018 3739 3241 3795; x_wconf 89' lang='lat' dir='ltr'>nullius</span> <span class='ocrx_word' id='word_1_616' title='bbox 3264 3741 3577 3797; x_wconf 88' lang='lat' dir='ltr'>auctorita-</span> 
     </span>
    </p>
   </div>
   <div class='ocr_carea' id='block_1_83' title="bbox 1934 3824 3579 3901">
    <p class='ocr_par' dir='ltr' id='par_1_83' title="bbox 1934 3824 3579 3901">
     <span class='ocr_line' id='line_1_83' title="bbox 1934 3824 3579 3901; baseline 0.003 -22"><span class='ocrx_word' id='word_1_617' title='bbox 1934 3827 2010 3879; x_wconf 89' lang='lat' dir='ltr'>tis</span> <span class='ocrx_word' id='word_1_618' title='bbox 2041 3841 2191 3887; x_wconf 91' lang='lat' dir='ltr'>esse,</span> <span class='ocrx_word' id='word_1_619' title='bbox 2224 3830 2281 3877; x_wconf 89' lang='lat' dir='ltr'>et</span> <span class='ocrx_word' id='word_1_620' title='bbox 2312 3825 2384 3879; x_wconf 90' lang='lat' dir='ltr'>ob</span> <span class='ocrx_word' id='word_1_621' title='bbox 2419 3824 2523 3879; x_wconf 90' lang='lat' dir='ltr'>hoc</span> <span class='ocrx_word' id='word_1_622' title='bbox 2556 3826 3016 3895; x_wconf 89' lang='lat' dir='ltr'>persecutionem</span> <span class='ocrx_word' id='word_1_623' title='bbox 3042 3828 3158 3900; x_wconf 88' lang='lat' dir='ltr'>pati</span> <span class='ocrx_word' id='word_1_624' title='bbox 3190 3847 3203 3897; x_wconf 93' lang='lat'>;</span> <span class='ocrx_word' id='word_1_625' title='bbox 3230 3830 3397 3901; x_wconf 91' lang='lat' dir='ltr'>quasi</span> <span class='ocrx_word' id='word_1_626' title='bbox 3422 3829 3579 3884; x_wconf 92' lang='lat' dir='ltr'>dice-</span> 
     </span>
    </p>
   </div>
   <div class='ocr_carea' id='block_1_84' title="bbox 1935 3912 3583 3989">
    <p class='ocr_par' dir='ltr' id='par_1_84' title="bbox 1935 3912 3583 3989">
     <span class='ocr_line' id='line_1_84' title="bbox 1935 3912 3583 3989; baseline 0.004 -22"><span class='ocrx_word' id='word_1_627' title='bbox 1935 3918 2054 3967; x_wconf 85' lang='lat' dir='ltr'>ret:</span> <span class='ocrx_word' id='word_1_628' title='bbox 2090 3912 2364 3981; x_wconf 89' lang='lat' dir='ltr'>Nunquid</span> <span class='ocrx_word' id='word_1_629' title='bbox 2398 3929 2627 3983; x_wconf 88' lang='lat' dir='ltr'>semper</span> <span class='ocrx_word' id='word_1_630' title='bbox 2656 3916 2832 3968; x_wconf 88' lang='lat' dir='ltr'>vestri</span> <span class='ocrx_word' id='word_1_631' title='bbox 2854 3916 3262 3986; x_wconf 71' lang='lat' dir='ltr'>przedicatores</span> <span class='ocrx_word' id='word_1_632' title='bbox 3287 3919 3500 3989; x_wconf 89' lang='lat' dir='ltr'>vivent,</span> <span class='ocrx_word' id='word_1_633' title='bbox 3525 3922 3583 3973; x_wconf 88' lang='lat' dir='ltr'>et</span> 
     </span>
    </p>
   </div>
   <div class='ocr_carea' id='block_1_85' title="bbox 1935 4001 3579 4077">
    <p class='ocr_par' dir='ltr' id='par_1_85' title="bbox 1935 4001 3579 4077">
     <span class='ocr_line' id='line_1_85' title="bbox 1935 4001 3579 4077; baseline 0.004 -22"><span class='ocrx_word' id='word_1_634' title='bbox 1935 4018 2040 4056; x_wconf 90' lang='lat' dir='ltr'>nos</span> <span class='ocrx_word' id='word_1_635' title='bbox 2072 4001 2432 4055; x_wconf 88' lang='lat' dir='ltr'>moriemur?</span> <span class='ocrx_word' id='word_1_636' title='bbox 2460 4002 2606 4056; x_wconf 90' lang='lat' dir='ltr'>Non.</span> <span class='ocrx_word' id='word_1_637' title='bbox 2644 4001 2965 4057; x_wconf 91' lang='lat' dir='ltr'>Mutabitur</span> <span class='ocrx_word' id='word_1_638' title='bbox 2993 4005 3133 4058; x_wconf 92' lang='lat' dir='ltr'>ordo</span> <span class='ocrx_word' id='word_1_639' title='bbox 3155 4022 3173 4058; x_wconf 89' lang='lat'>:</span> <span class='ocrx_word' id='word_1_640' title='bbox 3225 4009 3281 4060; x_wconf 92' lang='lat' dir='ltr'>et</span> <span class='ocrx_word' id='word_1_641' title='bbox 3321 4005 3427 4073; x_wconf 91' lang='lat' dir='ltr'>illi,</span> <span class='ocrx_word' id='word_1_642' title='bbox 3478 4005 3579 4077; x_wconf 92' lang='lat' dir='ltr'>qui</span> 
     </span>
    </p>
   </div>
   <div class='ocr_carea' id='block_1_86' title="bbox 1937 4089 3583 4161">
    <p class='ocr_par' dir='ltr' id='par_1_86' title="bbox 1937 4089 3583 4161">
     <span class='ocr_line' id='line_1_86' title="bbox 1937 4089 3583 4161; baseline 0.003 -17"><span class='ocrx_word' id='word_1_643' title='bbox 1937 4106 2091 4145; x_wconf 89' lang='lat' dir='ltr'>nunc</span> <span class='ocrx_word' id='word_1_644' title='bbox 2119 4090 2342 4153; x_wconf 90' lang='lat' dir='ltr'>vivunt,</span> <span class='ocrx_word' id='word_1_645' title='bbox 2380 4089 2720 4153; x_wconf 89' lang='lat' dir='ltr'>morientur,</span> <span class='ocrx_word' id='word_1_646' title='bbox 2755 4093 2811 4143; x_wconf 87' lang='lat' dir='ltr'>et</span> <span class='ocrx_word' id='word_1_647' title='bbox 2839 4107 2967 4160; x_wconf 89' lang='lat' dir='ltr'>nos,</span> <span class='ocrx_word' id='word_1_648' title='bbox 3001 4091 3101 4161; x_wconf 93' lang='lat' dir='ltr'>qui</span> <span class='ocrx_word' id='word_1_649' title='bbox 3126 4092 3414 4148; x_wconf 87' lang='lat' dir='ltr'>morimur</span> <span class='ocrx_word' id='word_1_650' title='bbox 3431 4094 3583 4149; x_wconf 91' lang='lat' dir='ltr'>vive-</span> 
     </span>
    </p>
   </div>
   <div class='ocr_carea' id='block_1_87' title="bbox 1935 4187 2088 4226">
    <p class='ocr_par' dir='ltr' id='par_1_87' title="bbox 1935 4187 2088 4226">
     <span class='ocr_line' id='line_1_87' title="bbox 1935 4187 2088 4226; baseline -0.013 0"><span class='ocrx_word' id='word_1_651' title='bbox 1935 4187 2088 4226; x_wconf 88' lang='lat' dir='ltr'>mus.</span> 
     </span>
    </p>
   </div>
   <div class='ocr_carea' id='block_1_88' title="bbox 2009 4276 3585 4348">
    <p class='ocr_par' dir='ltr' id='par_1_88' title="bbox 2009 4276 3585 4348">
     <span class='ocr_line' id='line_1_88' title="bbox 2009 4276 3585 4348; baseline 0.002 -16"><span class='ocrx_word' id='word_1_652' title='bbox 2009 4277 2312 4347; x_wconf 87' lang='lat' dir='ltr'>Sequitur:</span> <span class='ocrx_word' id='word_1_653' title='bbox 2348 4277 2621 4331; x_wconf 85' lang='lat' dir='ltr'>Habentes</span> <span class='ocrx_word' id='word_1_654' title='bbox 2652 4276 2899 4331; x_wconf 86' lang='lat' dir='ltr'>eumdem</span> <span class='ocrx_word' id='word_1_655' title='bbox 2927 4277 3187 4348; x_wconf 81' lang='lat' dir='ltr'>spiritum</span> <span class='ocrx_word' id='word_1_656' title='bbox 3214 4278 3372 4348; x_wconf 83' lang='lat' dir='ltr'>ﬁdei;</span> <span class='ocrx_word' id='word_1_657' title='bbox 3394 4276 3453 4333; x_wconf 90' lang='lat' dir='ltr'>id</span> <span class='ocrx_word' id='word_1_658' title='bbox 3477 4284 3585 4348; x_wconf 88' lang='lat' dir='ltr'>est,</span> 
     </span>
    </p>
   </div>
   <div class='ocr_carea' id='block_1_89' title="bbox 1941 4365 3587 4439">
    <p class='ocr_par' dir='ltr' id='par_1_89' title="bbox 1941 4365 3587 4439">
     <span class='ocr_line' id='line_1_89' title="bbox 1941 4365 3587 4439; baseline 0.001 -18"><span class='ocrx_word' id='word_1_659' title='bbox 1941 4367 2212 4438; x_wconf 86' lang='lat' dir='ltr'>spiritum</span> <span class='ocrx_word' id='word_1_660' title='bbox 2247 4367 2503 4421; x_wconf 86' lang='lat' dir='ltr'>Patrum.</span> <span class='ocrx_word' id='word_1_661' title='bbox 2540 4366 2685 4421; x_wconf 89' lang='lat' dir='ltr'>Nam</span> <span class='ocrx_word' id='word_1_662' title='bbox 2717 4382 2851 4420; x_wconf 91' lang='lat' dir='ltr'>cum</span> <span class='ocrx_word' id='word_1_663' title='bbox 2884 4365 3025 4419; x_wconf 88' lang='lat' dir='ltr'>dicit</span> <span class='ocrx_word' id='word_1_664' title='bbox 3047 4366 3311 4437; x_wconf 86' lang='lat' dir='ltr'>eumdem,</span> <span class='ocrx_word' id='word_1_665' title='bbox 3341 4367 3587 4439; x_wconf 90' lang='lat' dir='ltr'>patriar-</span> 
     </span>
    </p>
   </div>
   <div class='ocr_carea' id='block_1_90' title="bbox 1938 4454 3590 4530">
    <p class='ocr_par' dir='ltr' id='par_1_90' title="bbox 1938 4454 3590 4530">
     <span class='ocr_line' id='line_1_90' title="bbox 1938 4454 3590 4530; baseline 0.002 -20"><span class='ocrx_word' id='word_1_666' title='bbox 1938 4457 2098 4527; x_wconf 81' lang='lat' dir='ltr'>chas,</span> <span class='ocrx_word' id='word_1_667' title='bbox 2128 4461 2182 4511; x_wconf 90' lang='lat' dir='ltr'>et</span> <span class='ocrx_word' id='word_1_668' title='bbox 2227 4456 2538 4527; x_wconf 86' lang='lat' dir='ltr'>prophetas</span> <span class='ocrx_word' id='word_1_669' title='bbox 2565 4454 2687 4510; x_wconf 90' lang='lat' dir='ltr'>vult</span> <span class='ocrx_word' id='word_1_670' title='bbox 2714 4454 2978 4527; x_wconf 85' lang='lat' dir='ltr'>intelligi,</span> <span class='ocrx_word' id='word_1_671' title='bbox 3007 4459 3062 4510; x_wconf 89' lang='lat' dir='ltr'>et</span> <span class='ocrx_word' id='word_1_672' title='bbox 3083 4472 3287 4511; x_wconf 91' lang='lat' dir='ltr'>omnes</span> <span class='ocrx_word' id='word_1_673' title='bbox 3317 4455 3590 4530; x_wconf 89' lang='lat' dir='ltr'>illos,per</span> 
     </span>
    </p>
   </div>
   <div class='ocr_carea' id='block_1_91' title="bbox 1941 4544 3585 4616">
    <p class='ocr_par' dir='ltr' id='par_1_91' title="bbox 1941 4544 3585 4616">
     <span class='ocr_line' id='line_1_91' title="bbox 1941 4544 3585 4616; baseline 0.002 -17"><span class='ocrx_word' id='word_1_674' title='bbox 1941 4562 2087 4616; x_wconf 86' lang='lat' dir='ltr'>quos</span> <span class='ocrx_word' id='word_1_675' title='bbox 2106 4545 2367 4599; x_wconf 86' lang='lat' dir='ltr'>doctrina</span> <span class='ocrx_word' id='word_1_676' title='bbox 2394 4561 2558 4599; x_wconf 89' lang='lat' dir='ltr'>sacra</span> <span class='ocrx_word' id='word_1_677' title='bbox 2578 4549 2666 4598; x_wconf 90' lang='lat' dir='ltr'>est</span> <span class='ocrx_word' id='word_1_678' title='bbox 2688 4544 3115 4600; x_wconf 87' lang='lat' dir='ltr'>administrata.</span> <span class='ocrx_word' id='word_1_679' title='bbox 3141 4545 3406 4600; x_wconf 86' lang='lat' dir='ltr'>Ostendit</span> <span class='ocrx_word' id='word_1_680' title='bbox 3427 4548 3585 4603; x_wconf 89' lang='lat' dir='ltr'>enim</span> 
     </span>
    </p>
   </div>
   <div class='ocr_carea' id='block_1_92' title="bbox 1939 4632 3585 4703">
    <p class='ocr_par' dir='ltr' id='par_1_92' title="bbox 1939 4632 3585 4703">
     <span class='ocr_line' id='line_1_92' title="bbox 1939 4632 3585 4703; baseline 0.004 -17"><span class='ocrx_word' id='word_1_681' title='bbox 1939 4633 2031 4688; x_wconf 92' lang='lat' dir='ltr'>bis</span> <span class='ocrx_word' id='word_1_682' title='bbox 2062 4634 2251 4687; x_wconf 89' lang='lat' dir='ltr'>verbis</span> <span class='ocrx_word' id='word_1_683' title='bbox 2275 4650 2335 4687; x_wconf 88' lang='lat' dir='ltr'>se</span> <span class='ocrx_word' id='word_1_684' title='bbox 2368 4648 2599 4703; x_wconf 89' lang='lat' dir='ltr'>quoque</span> <span class='ocrx_word' id='word_1_685' title='bbox 2630 4648 2696 4687; x_wconf 87' lang='lat' dir='ltr'>ea</span> <span class='ocrx_word' id='word_1_686' title='bbox 2727 4633 2838 4686; x_wconf 84' lang='lat' dir='ltr'>fide</span> <span class='ocrx_word' id='word_1_687' title='bbox 2861 4632 3088 4700; x_wconf 87' lang='lat' dir='ltr'>salvari,</span> <span class='ocrx_word' id='word_1_688' title='bbox 3116 4650 3231 4703; x_wconf 89' lang='lat' dir='ltr'>qua</span> <span class='ocrx_word' id='word_1_689' title='bbox 3251 4639 3305 4688; x_wconf 89' lang='lat' dir='ltr'>et</span> <span class='ocrx_word' id='word_1_690' title='bbox 3336 4635 3536 4691; x_wconf 88' lang='lat' dir='ltr'>Patres</span> <span class='ocrx_word' id='word_1_691' title='bbox 3572 4657 3585 4694; x_wconf 91' lang='lat'>:</span> 
     </span>
    </p>
   </div>
   <div class='ocr_carea' id='block_1_93' title="bbox 191 4694 3586 4798">
    <p class='ocr_par' dir='ltr' id='par_1_93' title="bbox 191 4694 3586 4798">
     <span class='ocr_line' id='line_1_93' title="bbox 191 4694 3586 4798; baseline -0.002 -14"><span class='ocrx_word' id='word_1_692' title='bbox 586 4694 957 4783; x_wconf 62' lang='lat' dir='ltr'>eslcellentior</span> <span class='ocrx_word' id='word_1_693' title='bbox 1005 4694 1365 4782; x_wconf 41' lang='lat' dir='ltr'>ostbndatur.</span> <span class='ocrx_word' id='word_1_694' title='bbox 1394 4694 1489 4781; x_wconf 45' lang='grc' dir='ltr'>Ἐἰ</span> <span class='ocrx_word' id='word_1_695' title='bbox 1541 4728 1685 4782; x_wconf 80' lang='lat' dir='ltr'>bene</span> <span class='ocrx_word' id='word_1_696' title='bbox 1730 4744 1831 4798; x_wconf 92' lang='lat' dir='ltr'>per</span> <span class='ocrx_word' id='word_1_697' title='bbox 1858 4694 1906 4760; x_wconf 70' lang='grc' dir='ltr'>Β</span> <span class='ocrx_word' id='word_1_698' title='bbox 1944 4724 2081 4796; x_wconf 89' lang='lat' dir='ltr'>quia</span> <span class='ocrx_word' id='word_1_699' title='bbox 2100 4694 3586 4793; x_wconf 68' lang='lat' dir='ltr'>quodillifuturum,istiquoquefactumcredebant.</span> 
     </span>
    </p>
   </div>
   <div class='ocr_carea' id='block_1_94' title="bbox 191 4814 1831 4888">
    <p class='ocr_par' dir='ltr' id='par_1_94' title="bbox 191 4814 1831 4888">
     <span class='ocr_line' id='line_1_94' title="bbox 191 4814 1831 4888; baseline -0.001 -15"><span class='ocrx_word' id='word_1_700' title='bbox 191 4819 534 4875; x_wconf 82' lang='lat' dir='ltr'>thesaurum</span> <span class='ocrx_word' id='word_1_701' title='bbox 570 4816 854 4888; x_wconf 90' lang='lat' dir='ltr'>spiritalis</span> <span class='ocrx_word' id='word_1_702' title='bbox 878 4814 1260 4887; x_wconf 83' lang='lat' dir='ltr'>intelligentia</span> <span class='ocrx_word' id='word_1_703' title='bbox 1282 4815 1645 4871; x_wconf 86' lang='lat' dir='ltr'>ostenditur:</span> <span class='ocrx_word' id='word_1_704' title='bbox 1671 4817 1831 4887; x_wconf 87' lang='lat' dir='ltr'>quia,</span> 
     </span>
    </p>
   </div>
   <div class='ocr_carea' id='block_1_95' title="bbox 194 4904 1833 4976">
    <p class='ocr_par' dir='ltr' id='par_1_95' title="bbox 194 4904 1833 4976">
     <span class='ocr_line' id='line_1_95' title="bbox 194 4904 1833 4976; baseline -0.002 -14"><span class='ocrx_word' id='word_1_705' title='bbox 194 4908 339 4963; x_wconf 90' lang='lat' dir='ltr'>sicut</span> <span class='ocrx_word' id='word_1_706' title='bbox 369 4908 682 4963; x_wconf 88' lang='lat' dir='ltr'>thesaurus</span> <span class='ocrx_word' id='word_1_707' title='bbox 715 4922 830 4960; x_wconf 90' lang='lat' dir='ltr'>non</span> <span class='ocrx_word' id='word_1_708' title='bbox 858 4904 1200 4960; x_wconf 84' lang='lat' dir='ltr'>hominibus</span> <span class='ocrx_word' id='word_1_709' title='bbox 1233 4905 1644 4960; x_wconf 87' lang='lat' dir='ltr'>manifestatur</span> <span class='ocrx_word' id='word_1_710' title='bbox 1665 4922 1696 4959; x_wconf 90' lang='lat' dir='ltr'>a</span> <span class='ocrx_word' id='word_1_711' title='bbox 1718 4922 1833 4976; x_wconf 89' lang='lat' dir='ltr'>quo</span> 
     </span>
    </p>
   </div>
   <div class='ocr_carea' id='block_1_96' title="bbox 196 4992 1837 5065">
    <p class='ocr_par' dir='ltr' id='par_1_96' title="bbox 196 4992 1837 5065">
     <span class='ocr_line' id='line_1_96' title="bbox 196 4992 1837 5065; baseline -0.002 -14"><span class='ocrx_word' id='word_1_712' title='bbox 196 4996 444 5051; x_wconf 87' lang='lat' dir='ltr'>habetur</span> <span class='ocrx_word' id='word_1_713' title='bbox 463 5012 475 5049; x_wconf 89' lang='lat'>:</span> <span class='ocrx_word' id='word_1_714' title='bbox 494 4996 578 5049; x_wconf 84' lang='lat' dir='ltr'>ita</span> <span class='ocrx_word' id='word_1_715' title='bbox 602 4998 657 5049; x_wconf 90' lang='lat' dir='ltr'>et</span> <span class='ocrx_word' id='word_1_716' title='bbox 683 4993 964 5065; x_wconf 78' lang='lat' dir='ltr'>Spiritalis</span> <span class='ocrx_word' id='word_1_717' title='bbox 983 4992 1367 5064; x_wconf 84' lang='lat' dir='ltr'>intelligentia</span> <span class='ocrx_word' id='word_1_718' title='bbox 1388 4993 1444 5047; x_wconf 90' lang='lat' dir='ltr'>in</span> <span class='ocrx_word' id='word_1_719' title='bbox 1470 4995 1742 5047; x_wconf 88' lang='lat' dir='ltr'>cordibus</span> <span class='ocrx_word' id='word_1_720' title='bbox 1777 4994 1837 5047; x_wconf 83' lang='lat' dir='ltr'>fi-</span> 
     </span>
    </p>
   </div>
   <div class='ocr_carea' id='block_1_97' title="bbox 202 5081 2485 5152">
    <p class='ocr_par' dir='ltr' id='par_1_97' title="bbox 202 5081 2485 5152">
     <span class='ocr_line' id='line_1_97' title="bbox 202 5081 2485 5152; baseline -0.003 -13"><span class='ocrx_word' id='word_1_721' title='bbox 202 5085 413 5140; x_wconf 88' lang='lat' dir='ltr'>delium</span> <span class='ocrx_word' id='word_1_722' title='bbox 446 5085 793 5147; x_wconf 82' lang='lat' dir='ltr'>inculcetur,</span> <span class='ocrx_word' id='word_1_723' title='bbox 819 5082 875 5135; x_wconf 91' lang='lat' dir='ltr'>in</span> <span class='ocrx_word' id='word_1_724' title='bbox 904 5082 1237 5137; x_wconf 83' lang='lat' dir='ltr'>infidelibus</span> <span class='ocrx_word' id='word_1_725' title='bbox 1261 5082 1746 5138; x_wconf 78' lang='lat' dir='ltr'>verooccultatur.</span> <span class='ocrx_word' id='word_1_726' title='bbox 1774 5084 1837 5136; x_wconf 90' lang='lat' dir='ltr'>In</span> <span class='ocrx_word' id='word_1_727' title='bbox 1949 5081 2315 5152; x_wconf 86' lang='lat' dir='ltr'>loquebatur,</span> <span class='ocrx_word' id='word_1_728' title='bbox 2348 5095 2485 5133; x_wconf 88' lang='lat' dir='ltr'>veru</span> 
     </span>
    </p>
   </div>
   <div class='ocr_carea' id='block_1_98' title="bbox 264 5170 2045 5196">
    <p class='ocr_par' dir='ltr' id='par_1_98' title="bbox 264 5170 2045 5196">
     <span class='ocr_line' id='line_1_98' title="bbox 264 5170 2045 5196; baseline 0 0"><span class='ocrx_word' id='word_1_729' title='bbox 264 5177 362 5196; x_wconf 63' lang='lat' dir='ltr'>_...&#39;l</span> <span class='ocrx_word' id='word_1_730' title='bbox 384 5191 445 5196; x_wconf 56' lang='grc' dir='ltr'>-.ρ</span> <span class='ocrx_word' id='word_1_731' title='bbox 474 5174 586 5196; x_wconf 56' lang='lat'>-2---</span> <span class='ocrx_word' id='word_1_732' title='bbox 626 5170 764 5196; x_wconf 65' lang='grc'>1....2..</span> <span class='ocrx_word' id='word_1_733' title='bbox 810 5170 893 5196; x_wconf 64' lang='grc' dir='ltr'><strong>-.ΑΙ</strong></span> <span class='ocrx_word' id='word_1_734' title='bbox 918 5171 1277 5196; x_wconf 47' lang='grc' dir='ltr'>θην--..ειη-</span> <span class='ocrx_word' id='word_1_735' title='bbox 1329 5172 1457 5196; x_wconf 52' lang='grc' dir='ltr'>μυξη</span> <span class='ocrx_word' id='word_1_736' title='bbox 1489 5172 1667 5196; x_wconf 44' lang='lat' dir='ltr'>“ulla</span> <span class='ocrx_word' id='word_1_737' title='bbox 1696 5172 1801 5196; x_wconf 53' lang='grc' dir='ltr'>...Λα</span> <span class='ocrx_word' id='word_1_738' title='bbox 1954 5171 2045 5196; x_wconf 61' lang='grc' dir='ltr'>ηυξ</span> 
     </span>
    </p>
   </div>
   <div class='ocr_carea' id='block_1_99' title="bbox 944 5171 1801 5196">
    <p class='ocr_par' dir='ltr' id='par_1_99' title="bbox 944 5171 1801 5196">
     <span class='ocr_line' id='line_1_99' title="bbox 944 5171 1801 5196; baseline 0 0"><span class='ocrx_word' id='word_1_739' title='bbox 944 5171 1277 5196; x_wconf 52' lang='grc' dir='ltr'>ΑΜ-Ακει..-</span> <span class='ocrx_word' id='word_1_740' title='bbox 1329 5172 1457 5196; x_wconf 52' lang='grc' dir='ltr'>μυξη</span> <span class='ocrx_word' id='word_1_741' title='bbox 1489 5172 1667 5196; x_wconf 44' lang='lat' dir='ltr'>“ulla</span> <span class='ocrx_word' id='word_1_742' title='bbox 1696 5172 1801 5196; x_wconf 53' lang='grc' dir='ltr'>...Λα</span> 
     </span>
    </p>
   </div>
   <div class='ocr_carea' id='block_1_100' title="bbox 1942 4809 3587 4880">
    <p class='ocr_par' dir='ltr' id='par_1_100' title="bbox 1942 4809 3587 4880">
     <span class='ocr_line' id='line_1_100' title="bbox 1942 4809 3587 4880; baseline -0.001 -13"><span class='ocrx_word' id='word_1_743' title='bbox 1942 4812 2135 4867; x_wconf 88' lang='lat' dir='ltr'>Voluit</span> <span class='ocrx_word' id='word_1_744' title='bbox 2157 4827 2411 4880; x_wconf 86' lang='lat' dir='ltr'>namque</span> <span class='ocrx_word' id='word_1_745' title='bbox 2434 4825 2601 4864; x_wconf 91' lang='lat' dir='ltr'>suam</span> <span class='ocrx_word' id='word_1_746' title='bbox 2618 4809 3009 4864; x_wconf 88' lang='lat' dir='ltr'>narrationem</span> <span class='ocrx_word' id='word_1_747' title='bbox 3025 4811 3372 4865; x_wconf 85' lang='lat' dir='ltr'>confirmare</span> <span class='ocrx_word' id='word_1_748' title='bbox 3392 4826 3587 4867; x_wconf 83' lang='lat' dir='ltr'>exem-</span> 
     </span>
    </p>
   </div>
   <div class='ocr_carea' id='block_1_101' title="bbox 1948 4897 3591 4974">
    <p class='ocr_par' dir='ltr' id='par_1_101' title="bbox 1948 4897 3591 4974">
     <span class='ocr_line' id='line_1_101' title="bbox 1948 4897 3591 4974; baseline -0.002 -18"><span class='ocrx_word' id='word_1_749' title='bbox 1948 4902 2066 4974; x_wconf 88' lang='lat' dir='ltr'>plo,</span> <span class='ocrx_word' id='word_1_750' title='bbox 2095 4906 2151 4955; x_wconf 88' lang='lat' dir='ltr'>ct</span> <span class='ocrx_word' id='word_1_751' title='bbox 2178 4901 2307 4955; x_wconf 90' lang='lat' dir='ltr'>idco</span> <span class='ocrx_word' id='word_1_752' title='bbox 2340 4898 2679 4969; x_wconf 83' lang='lat' dir='ltr'>subjunxit:</span> <span class='ocrx_word' id='word_1_753' title='bbox 2732 4898 2881 4952; x_wconf 84' lang='lat' dir='ltr'>Sicut</span> <span class='ocrx_word' id='word_1_754' title='bbox 2911 4899 3178 4968; x_wconf 85' lang='lat' dir='ltr'>scriptum</span> <span class='ocrx_word' id='word_1_755' title='bbox 3216 4903 3321 4964; x_wconf 88' lang='lat' dir='ltr'>est;</span> <span class='ocrx_word' id='word_1_756' title='bbox 3352 4897 3591 4965; x_wconf 85' lang='lat' dir='ltr'>Credidi,</span> 
     </span>
    </p>
   </div>
   <div class='ocr_carea' id='block_1_102' title="bbox 1942 4986 3596 5064">
    <p class='ocr_par' dir='ltr' id='par_1_102' title="bbox 1942 4986 3596 5064">
     <span class='ocr_line' id='line_1_102' title="bbox 1942 4986 3596 5064; baseline -0.002 -18"><span class='ocrx_word' id='word_1_757' title='bbox 1942 4995 2163 5064; x_wconf 67' lang='lat' dir='ltr'>proliter</span> <span class='ocrx_word' id='word_1_758' title='bbox 2191 4990 2330 5061; x_wconf 76' lang='lat' dir='ltr'>quod</span> <span class='ocrx_word' id='word_1_759' title='bbox 2363 4991 2576 5045; x_wconf 85' lang='lat' dir='ltr'>loc-ntus</span> <span class='ocrx_word' id='word_1_760' title='bbox 2606 4987 2917 5059; x_wconf 76' lang='lat' dir='ltr'>sum(Psal.</span> <span class='ocrx_word' id='word_1_761' title='bbox 2951 5003 3074 5056; x_wconf 82' lang='lat' dir='ltr'>cxv,</span> <span class='ocrx_word' id='word_1_762' title='bbox 3096 4988 3208 5055; x_wconf 89' lang='grc'>10).</span> <span class='ocrx_word' id='word_1_763' title='bbox 3232 4986 3414 5041; x_wconf 90' lang='lat' dir='ltr'>David</span> <span class='ocrx_word' id='word_1_764' title='bbox 3438 4987 3596 5042; x_wconf 89' lang='lat' dir='ltr'>enim</span> 
     </span>
    </p>
   </div>
   <div class='ocr_carea' id='block_1_103' title="bbox 2493 5074 3602 5146">
    <p class='ocr_par' dir='ltr' id='par_1_103' title="bbox 2493 5074 3602 5146">
     <span class='ocr_line' id='line_1_103' title="bbox 2493 5074 3602 5146; baseline -0.002 -15"><span class='ocrx_word' id='word_1_765' title='bbox 2493 5081 2757 5134; x_wconf 87' lang='lat' dir='ltr'>mtamen</span> <span class='ocrx_word' id='word_1_766' title='bbox 2788 5074 2941 5146; x_wconf 88' lang='lat' dir='ltr'>quod</span> <span class='ocrx_word' id='word_1_767' title='bbox 2976 5075 3280 5129; x_wconf 87' lang='lat' dir='ltr'>credebat:</span> <span class='ocrx_word' id='word_1_768' title='bbox 3322 5074 3602 5141; x_wconf 87' lang='lat' dir='ltr'>quoniam</span> 
     </span>
    </p>
   </div>
   <div class='ocr_carea' id='block_1_104' title="bbox 2463 5159 3582 5196">
    <p class='ocr_par' dir='ltr' id='par_1_104' title="bbox 2463 5159 3582 5196">
     <span class='ocr_line' id='line_1_104' title="bbox 2463 5159 3582 5196; baseline 0 0"><span class='ocrx_word' id='word_1_769' title='bbox 2463 5183 2583 5196; x_wconf 67' lang='grc' dir='ltr'>..ν-Μ</span> <span class='ocrx_word' id='word_1_770' title='bbox 2609 5167 2824 5196; x_wconf 56' lang='lat' dir='ltr'>m-«&amp;:n</span> <span class='ocrx_word' id='word_1_771' title='bbox 2845 5163 2952 5196; x_wconf 47' lang='lat' dir='ltr'>Enn</span> <span class='ocrx_word' id='word_1_772' title='bbox 2979 5161 3107 5196; x_wconf 66' lang='grc' dir='ltr'>οιῖἶο</span> <span class='ocrx_word' id='word_1_773' title='bbox 3129 5162 3250 5196; x_wconf 59' lang='lat' dir='ltr'>nul}</span> <span class='ocrx_word' id='word_1_774' title='bbox 3290 5159 3582 5196; x_wconf 59' lang='lat' dir='ltr'>ornumnna</span> 
     </span>
    </p>
   </div>
   <div class='ocr_carea' id='block_1_105' title="bbox 1954 5187 2389 5196">
    <p class='ocr_par' dir='ltr' id='par_1_105' title="bbox 1954 5187 2389 5196">
     <span class='ocr_line' id='line_1_105' title="bbox 1954 5187 2389 5196; baseline 0 0"><span class='ocrx_word' id='word_1_775' title='bbox 1954 5187 2182 5196; x_wconf 59' lang='grc' dir='ltr'>ηις-μΑΜ</span> <span class='ocrx_word' id='word_1_776' title='bbox 2222 5187 2389 5196; x_wconf 48' lang='grc' dir='ltr'>*ΑΝ-Α</span> 
     </span>
    </p>
   </div>
  </div>
