3990 5306
379 316 499 378 439

1406 315 1745 379 ATTONIS
1789 312 2372 377 VERCELLENSIS
2418 311 2771 375 EPISCOPI

3675 312 3793 375 440

380 451 557 507 etiam
587 453 642 505 te
674 448 831 524 loqui
865 449 1060 507 dicis?
1089 450 1218 521 Ipse
1267 466 1399 506 vero
1449 450 1616 521 quasi
1668 448 2027 520 respondens
2058 448 2112 513 Î‘
2146 449 2471 512 mentaneo,
2504 463 2569 502 ac
2600 446 2729 516 levi,
2766 442 2960 518 gloriae
2992 445 3222 519 pondus
3253 448 3582 518 comparat.
3606 443 3795 513 Hujus

380 539 687 609 subjunxit
717 556 728 595 :
762 540 1004 595 Scientes
1028 541 1288 611 quoniam
1315 540 1598 594 suscitavit
1630 540 1831 594 Iesum.
1858 537 2031 591 Erant

379 634 575 683 autem
609 628 875 683 nonnulli
910 628 1062 683 inter
1094 628 1447 698 Corinthios,
1500 628 1598 699 qui
1652 628 1722 681 de
1771 642 2026 681 resurre-

379 717 568 773 ctione
586 717 935 772 dubitabant
959 732 971 769 :
997 721 1053 771 et
1073 717 1198 771 ideo
1222 717 1503 771 adversus
1519 733 1616 771 eos
1638 716 1708 769 de
1722 716 1921 770 eodem
1943 714 2027 768 lo-

381 805 600 877 quitur.
628 808 691 860 In
718 823 833 877 qua
855 805 1177 861 intentione
1204 806 1427 861 diutius
1448 811 1731 870 versatur,
1749 805 2027 858 adversus

381 911 530 967 quos
561 896 617 949 in
655 895 845 968 prima
876 894 1134 967 Epistola
1157 896 1345 950 fuerat
1368 895 1667 966 loquutus.
1698 894 1759 947 In
1782 910 1845 948 eo
1872 909 2023 947 vero.

382 984 535 1055 quod
569 983 669 1053 ait,
705 984 801 1054 qui
828 985 1133 1053 suscitavit,
1169 1000 1283 1038 non
1334 972 1550 1050 Obstat,
1601 982 1721 1037 sive
1774 986 2023 1045 Patrem,

381 1072 500 1127 sive
529 1076 711 1127 totam
742 1072 1039 1144 intelligas
1070 1072 1433 1127 Trinitatem.

458 1158 527 1214 Ut
558 1161 886 1216 ostenderet
915 1160 1093 1231 igitur
1120 1160 1450 1231 Apostolus,
1486 1160 1623 1231 quia
1660 1158 2026 1225 resurrectio,

385 1264 511 1320 quaa
533 1247 822 1303 celebrata
842 1253 929 1304 est
949 1248 1008 1303 in
1031 1249 1249 1321 Capite,
1274 1248 1665 1304 celebrabitur
1684 1252 1740 1301 et
1760 1248 1818 1302 in
1843 1263 2026 1301 mem-

384 1337 507 1393 bris
523 1342 581 1392 et
601 1354 728 1409 quae
752 1339 1028 1410 precessit
1050 1339 1103 1393 in
1130 1339 1353 1410 Capite,
1389 1343 1673 1411 sequetur
1689 1341 1747 1392 et
1767 1337 1824 1391 in
1842 1353 2025 1392 mem-

382 1426 526 1497 bris,
558 1428 893 1498 subjunxit:
930 1433 996 1484 Et
1053 1446 1151 1483 nos
1203 1445 1329 1484 cum
1376 1431 1505 1484 Jesu
1558 1427 1861 1483 suscitabit.
1918 1426 2022 1489 Qui

385 1513 583 1585 etiam,
615 1520 680 1570 ut
709 1520 1079 1582 monstraret,
1115 1516 1253 1588 quia
1282 1533 1530 1587 quorum
1562 1533 1681 1571 una
1725 1518 1813 1570 est
1860 1514 2023 1584 fides,

385 1602 494 1658 erit
524 1608 580 1660 et
609 1622 725 1660 una
755 1606 1018 1660 omnium
1050 1605 1109 1660 in
1140 1605 1313 1659 domo
1346 1604 1501 1675 pacis
1533 1603 1834 1669 habitatio,
1868 1602 2025 1657 addi-

385 1693 504 1749 dit:
538 1696 603 1749 Et
630 1696 917 1750 constituet
947 1695 1237 1749 vobiscum.
1272 1694 1581 1764 Sequitur:
1626 1693 1828 1748 Omnia
1875 1694 2023 1747 enim

380 1789 603 1854 propter
630 1800 720 1838 vos
749 1784 1143 1854 (subauditur,
1175 1783 1477 1850 sustineo).
1505 1783 1691 1845 Quare
1708 1782 2025 1837 sustineret

379 1887 483 1942 pro
504 1870 672 1942 ipsis,
706 1872 979 1939 ostendit,
1012 1880 1071 1927 ut
1099 1874 1311 1941 gratia,
1360 1871 1571 1943 inquit,
1605 1871 1891 1925 abundans
1920 1887 2026 1941 per

378 1959 597 2023 multos,
627 1964 766 2026 etc.;
801 1959 970 2031 quasi
1000 1960 1243 2015 dixisset
1269 1977 1281 2015 :
1321 1961 1468 2015 Deus
1491 1960 1705 2031 quippe
1730 1958 2021 2013 neminem

377 2046 503 2101 vult
533 2047 655 2102 suis
686 2048 855 2103 donis
889 2048 1116 2117 privari,
1163 2049 1454 2104 neminem
1505 2063 1737 2118 quoque
1789 2047 1974 2118 perire
2005 2062 2018 2101 :

377 2136 517 2208 quia
547 2154 660 2193 non
696 2138 921 2192 laetatur
950 2138 1008 2192 in
1033 2138 1354 2209 perditione
1378 2136 1774 2201 morientium,
1803 2136 1901 2191 sed
1927 2152 2021 2206 po-

377 2226 495 2281 tius
518 2243 721 2281 omnes
743 2226 866 2280 vult
890 2226 1079 2281 salvos
1094 2228 1296 2281 facere.
1324 2227 1704 2296 Quapropter,
1732 2229 1793 2278 ut
1822 2224 2016 2279 multa?

373 2315 485 2369 sibi
517 2315 834 2385 gratiarum
895 2316 1221 2370 referantur
1277 2314 1552 2383 actiones,
1603 2315 1727 2385 ipse
1777 2314 2013 2385 quidem

374 2402 562 2457 multa
592 2403 649 2457 in
683 2421 743 2458 se
774 2404 1147 2458 credentibus
1181 2402 1380 2457 intulit
1410 2404 1580 2469 dona,
1616 2406 1671 2456 et
1710 2401 2015 2457 credituris

372 2492 663 2563 promisit.
699 2494 1079 2563 Quapropter,
1114 2492 1266 2547 sicut
1296 2492 1459 2546 valde
1515 2491 1914 2556 inhonestum,
1950 2509 2015 2547 ac

370 2584 542 2649 turpe
570 2584 679 2646 est,
711 2580 1007 2634 hominem
1031 2596 1251 2635 omnem
1278 2596 1573 2651 magnam,
1599 2584 1655 2634 et
1677 2580 2013 2651 opulentam

373 2669 581 2737 facere,
615 2672 670 2723 et
700 2667 918 2723 multos
950 2668 1215 2733 invitare,
1249 2674 1306 2724 et
1338 2670 1408 2723 ad
1443 2674 1765 2724 extremum
1800 2686 2013 2740 paucos

369 2757 584 2812 habere
610 2773 622 2811 :
648 2756 731 2811 sic
754 2773 986 2828 quoque
1006 2757 1175 2813 valde
1197 2762 1286 2812 est
1308 2757 1705 2827 inhonestum,
1730 2763 1903 2829 atque
1922 2758 2014 2812 in-

371 2846 637 2918 dignum.
658 2846 837 2901 Deum
857 2845 1078 2900 scilicet
1099 2863 1315 2918 paucos
1339 2846 1551 2902 habere
1573 2847 2014 2902 laudatores.Ad

370 2934 479 2990 hoc
508 2933 724 3005 igitur;
758 2933 815 2989 id
850 2939 958 3001 est,
995 2939 1057 2988 ut
1091 2935 1309 2990 multos
1361 2936 1706 3006 acquireret,
1758 2936 2019 3007 quotidie

371 3022 683 3094 Apostolus
715 3022 957 3079 laborat.
992 3025 1382 3087 Quamobrem
1437 3025 2017 3081 animadvertendum

372 3116 463 3166 est
493 3112 696 3184 quanti
729 3112 918 3167 meriti
950 3112 1094 3185 ipse,
1130 3119 1475 3185 quantisque
1507 3115 2017 3186 fueritdignitatis,

2141 535 2249 589 loci
2282 552 2491 590 sensus
2524 540 2580 589 et
2612 536 2666 589 in
2701 534 2960 606 Epistula
2990 536 3061 590 ad
3095 536 3390 591 Romanos
3434 533 3791 599 continetur,

2141 624 2241 677 ubi
2274 624 2354 678 ait
2375 640 2386 678 :
2423 626 2690 679 Existimo
2722 626 2890 689 enim,
2924 625 3067 694 quod
3087 641 3197 680 non
3216 627 3343 679 sunt
3362 623 3663 693 condigna:
3675 639 3797 694 pas-

2137 713 2314 766 siones
2345 713 2506 783 hujus
2540 714 2805 783 temporis
2836 713 3012 782 (Rom.
3045 729 3168 781 vui,
3205 712 3314 782 18),
3348 717 3456 766 etc.
3496 713 3629 782 Ipse
3652 726 3794 781 quo-

2139 817 2272 871 que,
2303 800 2711 856 tribulationes
2744 801 2801 855 in
2855 802 3069 873 quibus
3124 801 3322 873 glorize
3372 801 3610 872 pondus
3661 816 3795 871 ope-

2139 894 2359 956 rentur,
2395 891 2669 951 ostendit,
2705 907 2839 945 cum
2871 890 3177 960 subjunxit
3202 907 3214 945 :
3242 892 3359 945 Non
3378 889 3799 959 contemplanti

2140 979 2238 1033 bus
2266 980 2422 1034 nobis
2451 994 2577 1051 quae
2606 980 2881 1046 videntur,
2913 984 3022 1034 etc.
3058 980 3122 1033 Et
3143 984 3232 1034 est
3254 995 3499 1034 sensus:
3524 978 3653 1032 Non
3680 977 3799 1033 sol-

2136 1066 2279 1121 liciti
2312 1084 2519 1122 sumus
2540 1068 2611 1122 de
2634 1068 3076 1139 tcmporalibus,
3098 1085 3224 1139 quae
3246 1072 3580 1133 transeunt,
3601 1068 3710 1122 sed
3734 1066 3800 1121 de

2137 1158 2390 1226 aeternis,
2423 1175 2551 1229 qua:
2585 1162 2841 1212 manent.
2880 1159 2947 1211 Et
2977 1157 3085 1212 hoc
3117 1156 3371 1229 exponit,
3393 1174 3530 1211 cum
3556 1155 3795 1211 subdit:

2138 1248 2272 1315 Quae
2295 1249 2443 1301 enim
2464 1246 2736 1311 videntur,
2770 1247 3098 1316 temporalia
3122 1250 3272 1315 sunt,
3304 1251 3412 1301 etc.
3445 1245 3512 1300 Et
3543 1250 3636 1300 est
3662 1260 3797 1299 sen-

2137 1352 2272 1391 sus:
2308 1336 2425 1391 Nos
2455 1336 2823 1391 solummodo
2869 1335 3215 1391 necessariis
3270 1334 3552 1397 contenti,
3609 1334 3791 1389 aciem

2138 1425 2349 1479 mentis
2377 1424 2435 1479 in
2470 1440 2700 1494 semper
2731 1440 3011 1479 mansura
3060 1423 3390 1495 dirigimus.

2206 1514 2318 1583 (7â€™1)
2353 1515 2508 1583 (CAP.
2545 1514 2634 1584 V.)
2659 1514 2940 1585 Sequitur
2970 1530 2980 1567 :
3020 1513 3078 1567 Si
3110 1514 3387 1568 terrestris
3432 1512 3637 1567 domus
3692 1528 3793 1566 no-

2134 1605 2255 1656 stra
2284 1603 2448 1673 hujus
2488 1602 2845 1657 habitationis
2877 1602 3234 1671 dissolvatur,
3268 1605 3377 1656 etc.
3422 1602 3788 1656 Terrestrem

2135 1689 2374 1745 domum
2407 1690 2673 1745 mortalia
2706 1706 2948 1761 corpora
2971 1694 3158 1745 vocat.
3218 1691 3340 1745 Non
3387 1692 3788 1760 manufaetam,

2134 1779 2334 1834 eadem
2369 1795 2630 1850 corpora,
2664 1780 2761 1833 sed
2786 1780 2911 1849 jam
2943 1777 3302 1834 immortalia
3334 1778 3585 1833 reddita.
3612 1778 3681 1833 Et
3702 1783 3791 1833 est

2133 1884 2342 1923 sensus
2379 1886 2391 1924 :
2428 1869 2559 1923 Ideo
2626 1868 2682 1921 in
2735 1868 3244 1939 persecutionibus
3302 1870 3359 1923 et
3406 1868 3789 1939 passionibus

2133 1963 2568 2029 perseverantes
2599 1974 2827 2022 sumus,
2861 1962 2916 2012 et
2946 1974 3042 2012 eas
3075 1956 3335 2012 hilariter
3393 1957 3783 2018 sustinemus,

2133 2047 2268 2117 quia
2300 2048 2439 2102 certi
2471 2048 2540 2102 de
2571 2046 2992 2102 resurrectione
3022 2064 3229 2102 sumus
3256 2065 3267 2114 ;
3294 2046 3598 2117 quoniam,
3635 2047 3681 2101 si
3711 2049 3783 2101 ab

2131 2135 2239 2190 hac
2271 2136 2866 2209 vitamigraverimus,
2885 2138 2955 2191 ad
2978 2135 3483 2191 immortalitatem
3509 2136 3783 2190 transibi-

2131 2242 2283 2279 mus.
2324 2226 2383 2279 In
2418 2242 2482 2279 eo
2514 2242 2667 2288 vero,
2701 2226 2855 2297 quod
2888 2225 3065 2280 dicit:
3100 2227 3329 2280 Domum
3353 2228 3627 2281 aeternam
3666 2242 3775 2279 non

2125 2318 2518 2385 manu/â€œactam,
2552 2315 2675 2369 vult
2705 2313 2949 2386 intelligi
2978 2319 3308 2369 terrestrem
3335 2315 3736 2369 manufactam
3761 2332 3774 2368 :

2127 2420 2252 2474 quae
2286 2403 2523 2475 pulchre
2551 2405 2886 2458 manufacta
2911 2404 3145 2470 dicitur,
3180 2403 3458 2475 quoniam
3501 2403 3775 2457 mortalia

2126 2508 2365 2563 corpora
2384 2492 2712 2547 visibilibus
2733 2491 3107 2547 incrementis
3131 2492 3647 2547 administrantur.
3675 2490 3776 2547 Illa

2122 2598 2255 2635 vero
2279 2580 2528 2636 ccelestis
2561 2598 2676 2636 non
2720 2582 3055 2637 manufacta
3105 2580 3337 2652 dicitur,
3390 2581 3530 2652 quia
3577 2580 3776 2635 eadem

2125 2686 2367 2741 corpora
2398 2669 2616 2740 Spiritu
2649 2669 2748 2725 Dei
2782 2669 3150 2725 invisibiliter
3179 2668 3471 2742 spiritalia
3519 2669 3778 2724 efï¬cien-

2130 2762 2245 2814 tur.

2199 2848 2515 2918 Sequitur:
2547 2849 2686 2903 Nam
2715 2856 2765 2903 et
2796 2849 2892 2903 hoc
2941 2848 3127 2919 (715(;
3160 2847 3217 2903 id
3250 2851 3359 2912 est,
3393 2848 3463 2902 ad
3499 2848 3634 2913 hoc,
3694 2849 3780 2905 vel

2130 2940 2364 3007 propter
2394 2936 2501 2991 hoc
2557 2937 2989 3007 iuge-miscimus,
3049 2938 3446 2993 habitationem
3510 2941 3774 3005 nostram,

2130 3042 2247 3095 qua:
2278 3025 2334 3079 in
2366 3026 2500 3080 aelo
2529 3030 2627 3091 est,
2663 3026 2718 3079 id
2753 3028 2859 3091 est,
2894 3025 3417 3095 immortalitatem,
3448 3027 3777 3096 superindui

2129 3116 2422 3184 cupientes.
2457 3115 2713 3177 Qualiter
2741 3132 2874 3169 vero
2907 3114 3273 3186 superindui,
3307 3115 3652 3170 manifestat
3679 3131 3691 3169 :
3728 3117 3776 3169 si

372 3199 470 3271 qui
503 3200 676 3255 etiam
701 3200 880 3256 vitam
905 3202 1359 3273 parvipendebat
1379 3202 1757 3272 temporalem
1781 3220 1793 3270 ;
1815 3207 2014 3273 quate-
2048 3190 2090 3258 C
2127 3206 2311 3258 tamen
2339 3206 2527 3258 vestiti
2553 3204 2771 3260 Christo
2800 3204 2969 3275 (716).
3007 3204 3169 3259 Unde
3200 3204 3361 3275 ipse:
3396 3203 3674 3275 Quotquot
3716 3206 3777 3257 in

371 3305 483 3344 nus
515 3288 734 3345 multos
763 3290 1109 3361 acquireret,
1134 3290 1232 3361 qui
1266 3290 1380 3345 Deo
1408 3291 1725 3361 gratiarum
1758 3291 2015 3346 actiones

370 3379 667 3434 referrent.

442 3465 747 3535 Sequitur:
783 3467 1008 3537 Propter
1035 3467 1195 3536 quod,
1231 3467 1339 3521 hoc
1371 3471 1460 3521 est
1494 3467 1605 3521 fide
1654 3468 2017 3524 resurrectio-

373 3553 485 3623 nis,
519 3553 606 3609 vel
638 3558 813 3620 certe,
849 3559 910 3609 ut
942 3554 1159 3610 multos
1190 3556 1588 3626 acquiramus,
1617 3556 1673 3611 in
1702 3558 2012 3627 pressaris,

372 3645 430 3696 et
460 3641 834 3713 passionibus
866 3660 973 3697 non
1002 3643 1317 3714 defecimus.
1351 3648 1564 3699 Verum
1600 3645 1737 3716 quia
1795 3651 2016 3717 poterat

374 3728 590 3799 aliquis
621 3730 810 3785 dicere
844 3748 855 3783 :
893 3733 1185 3803 quomodo
1218 3750 1330 3787 non
1374 3735 1641 3805 deï¬citis,
1676 3752 1806 3790 cum
1841 3735 2014 3791 multi

374 3817 821 3889 exstinguantur
850 3838 917 3875 ex
941 3820 1101 3876 vobis
1125 3822 1151 3876 ?
1176 3823 1306 3877 Ideo
1325 3824 1654 3894 subjunxit:
1678 3825 1777 3880 sed
1801 3826 1923 3879 licet
1948 3827 2011 3891 is,

373 3910 471 3978 qui
499 3909 637 3978 [oris
665 3911 945 3974 estmoster
972 3912 1129 3967 homo
1157 3918 1561 3983 corrumpatur,
1596 3918 1650 3967 et
1677 3913 1808 3968 rel.:
1844 3932 1909 3969 ac
1940 3913 2014 3969 si-

373 3996 654 4053 dixisset:
690 4014 805 4069 quo
839 4000 1025 4072 magis
1057 4001 1157 4071 qui
1189 4001 1329 4057 foris
1361 4006 1450 4057 est
1479 4002 1767 4071 atteritur,
1791 4018 1856 4057 eo
1890 4021 2012 4058 ma-

371 4083 459 4156 gis
489 4084 730 4140 interior
761 4086 935 4142 homo
966 4088 1251 4144 relevetur
1282 4091 1463 4160 (713):
1502 4094 1577 4155 et,
1613 4107 1726 4160 quo
1768 4093 2015 4147 exterior

370 4174 594 4243 majora
623 4175 842 4246 patitur
871 4176 1147 4247 pericula,
1173 4194 1238 4233 eo
1262 4177 1503 4232 interior
1532 4179 1756 4248 majora
1794 4179 1886 4233 his
1916 4196 2010 4234 ac-

370 4260 552 4331 quirit
580 4260 761 4327 lucra,
797 4269 971 4333 atque
997 4264 1331 4319 accumulat
1383 4265 1639 4335 prmmia.
1695 4266 2008 4336 Sequitur:

369 4349 433 4404 Id
462 4352 628 4415 enim,
677 4352 905 4421 quodin
966 4354 1231 4422 praesenti
1284 4359 1365 4407 est
1420 4364 1883 4424 momentaneum,
1944 4373 2013 4411 ac

372 4437 505 4503 leve,
537 4442 643 4491 etc.
669 4439 815 4501 Quid
846 4444 933 4493 est
964 4440 1117 4494 enim
1150 4441 1206 4495 in
1242 4442 1558 4511 praesenti?
1581 4443 2011 4501 Tribulationes

371 4525 586 4596 quippe
617 4527 965 4597 corporales,
1002 4530 1452 4598 persecutiones,
1486 4536 1541 4586 et
1570 4533 1805 4587 similia.
1862 4540 2010 4590 Bene
2045 4558 2087 4623 D

372 4626 507 4683 ergo
553 4618 974 4669 momentanem
1034 4634 1099 4671 ac
1156 4616 1308 4673 leves
1358 4619 1653 4690 dicuntur,
1706 4623 1845 4693 quia
1897 4624 2010 4680 cito

372 4704 952 4774 transeunt,etquasi
976 4704 1047 4759 ad
1067 4710 1426 4762 momentum
1452 4715 1837 4780 przetereunt:
1866 4717 2012 4769 atta-

372 4805 503 4843 men
535 4807 703 4863 supra
728 4794 953 4847 modum
983 4803 1255 4851 wtcrnum
1284 4798 1483 4866 gloria:
1498 4800 1709 4868 pondus
1733 4807 2010 4871 operatur.

369 4882 554 4949 Supra
584 4880 803 4935 modum
860 4883 1018 4951 dicit,
1080 4886 1219 4955 quia
1274 4885 1434 4940 nulla
1490 4893 1577 4941 est
1634 4891 2009 4960 comparatio.

370 4966 562 5033 Nullo,
599 4968 861 5040 inquam,
898 4978 1063 5042 pacto
1096 4978 1323 5029 terrena
1344 4974 1694 5043 coelestibus,
1731 4982 2015 5050 tempora-

372 5055 450 5109 lia
502 5058 753 5123 aternis,
783 5061 1001 5116 caduca
1045 5067 1267 5132 queunt
1313 5065 1635 5133 comparari
1694 5070 2010 5124 mansuris.

372 5143 684 5200 Sciendum
718 5164 879 5216 sane,
905 5149 1044 5218 quia
1066 5150 1469 5221 metaphoram
1492 5156 1705 5221 servat,
1727 5154 1869 5209 dum
1889 5173 2012 5212 mo-

2126 3290 2332 3345 Christo
2364 3292 2628 3361 baptizati
2655 3292 2787 3347 estis
2817 3291 2988 3361 (717),
3019 3295 3129 3345 etc.
3164 3290 3369 3347 Vestiti
3400 3292 3582 3346 etiam
3642 3291 3772 3357 ï¬de,

2126 3396 2190 3433 ac
2224 3379 2333 3449 piis
2364 3380 2657 3450 operibus,
2692 3384 2744 3435 et
2775 3396 2885 3434 non
2918 3382 2987 3434 ab
3022 3380 3115 3434 his
3146 3381 3291 3435 nudi
3326 3382 3703 3435 inveniamur.

2195 3469 2503 3538 Sequitur:
2537 3473 2683 3523 Num
2712 3477 2761 3524 et
2790 3470 2886 3540 qui
2916 3486 3105 3524 sumus
3137 3471 3197 3524 in
3228 3471 3326 3524 hoc
3381 3470 3773 3535 tabernaculo;

2123 3557 2231 3612 hoc
2263 3562 2373 3621 est,
2409 3557 2637 3612 mortali
2668 3574 2929 3629 corpore,
2962 3560 3372 3629 ingemiscimus
3389 3561 3639 3629 gravati;
3665 3559 3774 3614 sci-

2123 3645 2277 3715 licet,
2315 3646 2843 3718 persecutionibus,
2863 3651 2923 3701 et
2947 3647 3191 3701 diversis
3212 3647 3652 3703 calamitatibus
3676 3664 3690 3703 :
3716 3663 3774 3702 eo

2124 3735 2263 3805 quod
2288 3737 2545 3790 nolumus
2577 3736 2881 3807 exspoliari
2916 3753 2929 3803 ;
2962 3735 3019 3790 id
3050 3740 3158 3802 est,
3195 3736 3368 3790 tidem
3423 3751 3661 3808 negare,
3714 3739 3775 3790 ut

2122 3823 2349 3879 Christo
2380 3825 2702 3879 nudemur:
2737 3823 2829 3878 sed
2846 3825 3235 3895 supervestiri;
3266 3823 3326 3879 id
3357 3828 3464 3890 est,
3504 3841 3625 3880 non
3680 3842 3773 3881 so-

2124 3912 2245 3967 lum
2281 3913 2739 3983 immortalitate,
2775 3914 2874 3968 sed
2906 3913 3080 3968 etiam
3112 3913 3526 3968 immutatione
3546 3914 3773 3970 donari.

2123 4001 2458 4057 Undeidem
2492 4002 2667 4056 alibi:
2699 4018 2908 4067 omnes,
2936 4001 3148 4072 inquit,
3181 4017 3540 4071 resurgemus
3575 4007 3625 4072 (Î¹
3654 4005 3773 4060 Cor.

2120 4107 2210 4155 xv,
2243 4091 2355 4160 5i),
2389 4096 2497 4144 etc.
2528 4090 2831 4162 Sequitur:
2872 4092 2935 4147 Ut
2966 4091 3324 4147 absorbeatur
3352 4091 3495 4162 quod
3542 4094 3776 4148 mortals

2121 4188 2221 4249 est,
2255 4182 2457 4246 avita;
2492 4178 2600 4233 hoc
2632 4184 2741 4242 est,
2800 4179 2919 4233 vita
2976 4179 3285 4234 absorbeat
3334 4184 3612 4235 mortem.
3666 4181 3775 4236 Sed

2122 4269 2354 4339 quando
2382 4268 2504 4322 hate
2528 4267 2931 4339 implebantur
2950 4268 2977 4321 â€˜2
3001 4268 3136 4323 Cum
3156 4268 3387 4323 mortale
3403 4268 3509 4324 hoc
3530 4269 3777 4324 induerit

2120 4357 2590 4411 immortalitatem
2623 4356 2767 4428 (Ibid
2795 4357 2909 4427 53),
2942 4360 3050 4411 ctc.
3085 4356 3214 4427 Ipse
3242 4356 3439 4423 etiam,
3468 4363 3535 4412 ut
3574 4362 3776 4413 osten-

2120 4447 2279 4499 deret
2310 4462 2467 4513 eum,
2494 4445 2593 4517 qui
2627 4449 2851 4500 tantum
2898 4444 3013 4500 illis
3058 4445 3497 4515 perseverantia
3549 4447 3773 4503 donum

2120 4534 2432 4598 tribuebat,
2471 4535 2776 4604 subjunxit
2808 4550 2820 4589 :
2856 4535 2960 4601 Qui
2990 4542 3173 4588 autem
3201 4534 3369 4604 efï¬cit
3406 4550 3508 4597 nos
3566 4537 3629 4589 in
3680 4537 3775 4591 hoc

2126 4624 2325 4692 ipsum,
2360 4623 2498 4677 Deus
2529 4622 2923 4692 (subauditur,
2957 4622 3083 4693 est).
3116 4622 3429 4693 Sequitur:
3473 4624 3584 4692 Qui
3632 4623 3775 4679 dedit

2123 4711 2277 4766 nobis
2295 4713 2495 4781 pignus
2524 4712 2751 4782 spiritus
2772 4712 2862 4765 sui
2875 4731 2895 4779 ;
2926 4710 3212 4776 videlicet,
3250 4715 3313 4765 ut
3344 4712 3629 4770 certiores
3668 4730 3772 4769 nos

2126 4800 2195 4854 de
2226 4799 2533 4870 promissis
2563 4800 2847 4854 redderet.

2197 4888 2343 4957 (718)
2404 4887 2707 4958 Sequitur:
2768 4889 3062 4943 Audientes
3116 4889 3261 4958 (719)
3322 4890 3518 4959 igitur.
3576 4890 3645 4946 Et
3688 4896 3774 4947 est

2125 4993 2370 5032 sensus:
2408 4979 2561 5031 Inter
2592 4976 2749 5032 varia
2778 4975 3051 5047 pericula,
3088 4979 3143 5031 et
3199 4975 3459 5046 plurima
3505 4979 3769 5044 adversa,

2125 5082 2356 5136 semper
2376 5082 2583 5119 sumus
2605 5065 2932 5129 audientes,
2948 5065 3628 5136 quiescentes.Quoniam
3646 5069 3770 5124 dum

2122 5170 2310 5208 sumus
2341 5156 2397 5207 in
2430 5169 2673 5224 corpore.
2699 5159 2808 5209 etc.
2840 5154 2955 5210 Sed
2978 5155 3160 5209 oritur
3181 5155 3450 5225 quaestio,
3478 5158 3769 5229 quomodo
