3990 5306
385 313 503 385 443

1400 314 1739 379 ATTONIS
1787 302 2372 377 VERGELLENSIS
2417 314 2772 381 EPISCOPI

3682 322 3801 382 444

388 458 446 510 et
469 453 600 509 ideo
631 469 785 510 unus
832 470 936 526 pro
995 453 1271 511 omnibus
1320 458 1589 511 mortuus
1646 459 1755 522 est,
1810 459 1874 511 ut
1904 455 2036 511 illos
2064 446 2121 514 Α
2149 465 2361 507 novum
2395 452 2636 521 scimus,
2661 457 2717 513 et
2736 454 2809 511 ob
2831 453 2941 511 hoc
2962 453 3137 511 etiam
3152 453 3444 512 neminem
3468 454 3799 513 secundum

390 543 462 600 ad
494 542 996 599 immortalitatem
1056 549 1351 601 revocaret
1378 563 1391 601 :
1435 544 1555 601 sive
1585 562 1789 601 omnes
1821 545 2039 601 mortui

391 636 557 690 erant
586 631 785 687 anima
814 651 826 700 ;
856 638 914 689 et
969 634 1099 689 ideo
1156 651 1310 689 unus
1366 634 1553 706 vivus,
1590 634 1647 690 id
1682 640 1790 700 est,
1821 635 2040 707 peccati

394 739 567 779 carne
597 727 865 778 mortuus
896 727 1077 793 est,ut
1105 722 1237 780 illos
1254 724 1586 780 viviﬁcaret.
1616 727 1677 782 Ut
1704 726 1802 797 qui
1826 727 2037 794 vivunt,

385 814 509 885 jam
536 829 645 868 non
672 813 781 868 sibi
807 814 1035 880 vivant,-
1068 813 1124 868 id
1148 817 1255 880 est,
1290 813 1389 885 qui
1420 813 1623 868 vivunt
1651 813 1956 887 redempti,
1986 818 2043 868 et

395 902 796 967 renovati,non
829 902 941 957 sibi
967 902 1183 969 vivant,
1216 904 1272 958 id
1306 907 1547 973 est,non
1579 904 1705 959 suis
1733 902 2041 959 desideriis

397 990 779 1047 satisfaciant.
815 991 1031 1047 Aliter:
1076 994 1138 1049 Ut
1191 995 1287 1065 qui
1326 995 1537 1059 vivunt,
1588 1009 1689 1066 spe
1719 992 2040 1048 caelestium

398 1080 886 1154 promissionum,
918 1098 1030 1137 non
1083 1082 1192 1137 sibi
1235 1084 1440 1149 vivant,
1499 1098 1602 1154 spe
1630 1082 2039 1155 temporalium

398 1185 617 1225 rerum.

474 1258 621 1330 (724)
650 1259 963 1331 Sequitur:
996 1264 1186 1332 Itaque
1214 1278 1311 1317 nos
1339 1279 1409 1317 ex
1458 1262 1554 1317 hoc
1579 1263 1856 1317 neminem
1885 1263 2042 1318 novi-

398 1365 521 1404 mus
550 1347 845 1403 secundum
904 1367 1147 1407 carnem.
1207 1356 1292 1407 Ex
1349 1352 1445 1407 hoc
1487 1351 1669 1417 dicit;
1724 1351 1830 1427 hoc
1862 1355 1950 1407 est
1978 1368 2043 1407 ex

401 1454 517 1508 quo
547 1441 806 1509 tempore
836 1437 934 1495 ille
964 1440 1298 1506 resurrexit,
1345 1446 1401 1496 et
1429 1441 1674 1495 formam
1721 1440 1944 1507 tribuit,
1979 1444 2047 1496 ut

402 1526 502 1597 qui
534 1528 752 1597 vivunt,
785 1544 900 1582 non
933 1529 1043 1584 sibi
1091 1530 1289 1585 vivant
1317 1532 1591 1586 neminem
1624 1547 1721 1586 nos
1750 1530 2047 1585 secundum

398 1632 621 1672 carnem
649 1619 919 1673 novimus.
981 1618 1049 1674 Et
1104 1636 1284 1691 quare
1341 1620 1547 1676 dixerit
1599 1620 1895 1681 secundum
1922 1637 2044 1677 car-

400 1722 530 1761 nem
559 1706 955 1763 manifestavit
979 1724 1111 1763 cum
1144 1709 1451 1780 subjunxit
1477 1726 1490 1765 :
1524 1711 1588 1765 Et
1616 1712 1664 1765 si
1693 1712 2044 1781 cognovimus

404 1794 682 1851 Christum
710 1797 1005 1852 secundum
1061 1815 1310 1865 carnem,
1357 1800 1449 1854 sed
1476 1816 1623 1855 nunc
1664 1800 1787 1871 jam
1818 1817 1925 1857 non
1956 1816 2045 1855 no-
2073 1816 2124 1882 Β

411 1886 608 1940 vimus.
637 1884 739 1940 Hic
768 1885 938 1959 erigit
955 1886 1307 1944 Manichaaus
1330 1888 1664 1960 aurem,qui
1689 1892 1863 1961 negat
1887 1888 2046 1945 Chri-

409 1976 567 2029 stum
598 1990 791 2029 veram
825 1991 1056 2031 carnem
1082 1977 1426 2049 sumpsisse.
1452 1977 1603 2032 Dicit
1628 1978 1782 2033 enim
1816 1976 1974 2049 quia,
1995 1977 2045 2032 si

400 2078 595 2118 veram
616 2080 851 2119 carnem
868 2064 1567 2139 babuisset,nequaquam
1588 2066 2047 2137 diceretAposto-

401 2151 516 2223 lus,
547 2156 598 2208 et
626 2153 677 2208 si
692 2155 1082 2210 novimus.Sed
1109 2155 1316 2211 beatus
1344 2155 1710 2227 Augustinus
1730 2154 1905 2211 dicit:
1930 2155 2043 2210 No-

400 2241 649 2297 tandum
678 2242 815 2314 quia
842 2258 955 2297 non
980 2242 1121 2298 dicit
1141 2244 1472 2316 Apostolus,
1493 2245 1599 2300 etsi
1632 2243 1915 2316 suspicati
1948 2260 2045 2298 su-

404 2345 560 2395 mus,
590 2330 691 2385 sed
721 2332 1139 2387 novimus.Rem
1163 2333 1340 2399 enim,
1371 2350 1547 2405 quam
1579 2333 1819 2389 dubiam
1848 2332 2043 2403 habet,

404 2417 757 2490 suspicatur,
789 2437 903 2475 non
936 2437 1062 2475 eam
1097 2437 1273 2492 quam
1303 2421 1481 2478 habet
1516 2423 1829 2496 cognitam.

477 2506 587 2562 Sed
619 2506 713 2562 hic
744 2508 930 2563 oritur
959 2510 1204 2581 quaestio
1236 2528 1341 2566 cur
1369 2511 1525 2568 dicat
1554 2512 1867 2586 Apostolus
1899 2531 1912 2569 :
1945 2512 2048 2568 Sed

404 2612 553 2652 nunc
582 2598 693 2657 iam
722 2614 832 2654 non
851 2601 1263 2672 novimus,cum
1290 2601 1416 2673 ipse
1437 2602 1715 2658 Dominus
1738 2619 2049 2674 resurgens

405 2704 439 2742 a
468 2687 737 2755 mortuis,
764 2688 886 2744 suis
907 2687 1115 2745 dixerit
1135 2690 1442 2762 discipulis
1469 2707 1481 2747 ε
1517 2693 1767 2764 Palpate,
1797 2696 1850 2747 et
1876 2692 2050 2748 videte

403 2777 558 2844 (Luc.
589 2794 742 2843 xxxv,
772 2777 884 2849 39),
926 2783 1035 2834 etc.
1067 2779 1179 2834 Sed
1225 2796 1339 2836 non
1371 2784 1459 2836 est
1488 2780 1864 2836 contrarium.
1900 2781 2047 2836 Nam

406 2865 712 2921 sciendum
746 2867 885 2938 quia
941 2884 1073 2924 caro
1113 2869 1171 2924 in
1230 2870 1546 2942 Scripturis
1578 2869 1789 2926 divinis
1818 2870 2050 2940 ponitur

402 2957 523 3009 tam
556 2971 658 3026 pro
715 2955 1087 3026 mortalitate,
1147 2975 1323 3030 quam
1382 2976 1483 3030 pro
1534 2964 1757 3015 natura}
1786 2959 2045 3016 veritate.

403 3042 552 3114 Ergo
582 3042 757 3099 habet
785 3044 937 3101 Deus
983 3044 1247 3103 Christus
1277 3064 1513 3104 carnem
1543 3049 1868 3105 secundum
1900 3047 2046 3103 veri-

402 3135 583 3187 tatem
614 3137 857 3203 naturm,
890 3135 993 3190 sed
1025 3152 1139 3191 non
1163 3136 1335 3193 habet
1357 3138 1681 3193 secundum
1715 3136 2047 3209 fragilitatis

2147 557 2381 597 carnem
2416 542 2989 616 novimus,quoniam
3017 544 3399 616 novitasque
3420 545 3481 599 in
3506 543 3610 600 illo
3632 547 3800 601 estin

2148 648 2229 695 re,
2256 636 2345 686 est
2366 635 2421 686 et
2442 631 2500 687 in
2532 632 2814 689 membris
2836 632 3454 705 ipsius,verumtamen
3477 632 3539 688 in
3572 649 3703 705 spe.
3726 633 3803 690 De

2148 719 2258 775 hac
2289 720 2546 777 novitate
2602 721 2741 777 dicit
2771 739 2905 778 cum
2963 723 3304 795 subjungit:
3340 722 3401 778 Si
3442 740 3555 795 qua
3585 738 3717 794 ergo
3746 725 3803 778 in

2150 808 2361 865 Christo
2390 827 2533 866 nova
2552 814 2823 867 creatura.
2848 813 3063 868 Novam
3091 816 3420 868 creaturam
3440 812 3803 868 ecclesiasti~

2151 915 2285 954 cum
2317 900 2596 972 populum
2620 906 2803 971 vocat,
2839 903 2938 974 qui
2971 919 3156 959 novus
3187 906 3294 971 est,
3324 900 3413 958 vel
3441 918 3547 974 per
3578 901 3804 973 baptis-

2151 988 2326 1044 matis
2357 992 2809 1062 renovationem,
2842 1010 3019 1064 quam
3041 992 3217 1048 habet
3246 991 3306 1048 in
3339 1009 3418 1061 re,
3452 988 3540 1046 vel
3575 1007 3689 1063 per
3723 990 3804 1045 fu-

2150 1082 2296 1133 turae
2328 1081 2770 1138 resurrectionis
2823 1081 3275 1150 renovationem,
3320 1097 3500 1154 quam
3533 1080 3723 1136 habet
3753 1078 3807 1134 in

2152 1183 2275 1240 spe,
2310 1169 2478 1239 cujus
2508 1170 2682 1225 etiam
2707 1170 3014 1243 reparatio,
3044 1170 3418 1243 baptismatis
3438 1174 3529 1225 est
3560 1184 3807 1223 renova-

2152 1256 2269 1311 tio:
2306 1273 2432 1328 quae
2464 1262 2605 1314 tunc
2636 1276 2869 1331 quoque
2912 1258 3022 1315 erit
3054 1259 3325 1330 perfecta,
3358 1259 3599 1331 quando
3628 1256 3806 1313 victo-

2153 1362 2245 1408 res
2278 1345 2528 1402 dixerint
2554 1364 2566 1402 :
2602 1350 2700 1405 Ubi
2722 1353 2824 1418 est,
2856 1365 3028 1418 mors,
3052 1350 3283 1403 victoria
3308 1351 3405 1404 tua
3428 1347 3456 1402 ?
3477 1349 3526 1418 (ι
3553 1347 3680 1402 Cor.
3715 1365 3804 1411 xv,

2151 1434 2263 1505 55),
2297 1440 2407 1491 etc.

2225 1523 2536 1596 Sequitur:
2573 1526 2760 1582 Vetera
2799 1529 3164 1595 transierunt,
3194 1528 3253 1583 id
3285 1532 3374 1584 est
3402 1543 3539 1600 spes
3570 1530 3804 1598 tempo-

2154 1610 2369 1667 ralium
2401 1631 2595 1669 rerum
2627 1620 2684 1671 et
2715 1619 3079 1673 terrenarum
3111 1616 3571 1689 promissionum
3609 1620 3803 1671 trans-

2156 1699 2258 1768 iit;
2294 1701 2432 1773 quia
2460 1707 2628 1758 vetus
2658 1702 2750 1759 lex
2779 1705 3124 1777 temporalia
3156 1706 3328 1777 bona,
3361 1709 3419 1760 et
3450 1720 3634 1776 regna
3663 1721 3804 1776 pro-

2156 1789 2424 1847 mittebat
2451 1796 2719 1853 terrena:
2751 1798 2807 1850 et
2836 1794 2965 1850 ideo
2996 1799 3148 1851 recte
3182 1796 3461 1851 dicuntur
3488 1793 3803 1850 transisse.

2154 1878 2319 1935 Nunc
2349 1897 2501 1952 vero,
2563 1882 2703 1955 quia
2756 1884 3054 1956 Evangelii
3106 1883 3296 1957 gratia
3352 1901 3469 1940 non
3511 1884 3805 1956 promittit

2153 1978 2403 2040 terrena,
2436 1971 2539 2027 sed
2568 1971 2845 2040 caelestia,
2871 1990 2989 2029 non
3034 1972 3395 2046 temporalia,
3428 1974 3531 2029 sed
3560 1977 3799 2042 aeterna,

2156 2078 2269 2117 non
2300 2060 2656 2128 transitoria,
2690 2063 2789 2117 sed
2824 2078 3124 2134 mansura,
3164 2063 3291 2119 ideo
3321 2063 3629 2136 sequitur:
3661 2064 3804 2118 Ecce

2151 2154 2301 2224 facta
2326 2156 2453 2206 sunt
2481 2152 2666 2207 omnia
2694 2168 2851 2208 nova.

2225 2240 2536 2314 Sequitur:
2569 2242 2767 2298 Omnia
2797 2247 2983 2299 autem
3029 2259 3098 2299 ea:
3127 2244 3249 2300 Deo.
3281 2242 3530 2299 Pulchre
3561 2243 3804 2316 quidem

2157 2331 2332 2393 dicit:
2366 2330 2563 2386 Omnia
2611 2348 2681 2386 ea:
2710 2332 2834 2402 Deo,
2892 2332 3031 2404 quia
3084 2331 3220 2387 licet
3273 2332 3472 2404 passio
3502 2332 3700 2388 crucis
3732 2332 3804 2387 ad

2157 2436 2466 2494 personam
2497 2418 2623 2474 Filii
2655 2421 2885 2492 proprie
2916 2422 3180 2493 attineat,
3238 2426 3455 2478 nostra:
3482 2426 3685 2477 tamen
3717 2438 3806 2477 re-

2157 2509 2515 2583 demptionis
2543 2514 2601 2565 et
2628 2510 3021 2567 renovationis
3073 2529 3241 2585 opus,
3274 2512 3459 2567 totius
3489 2515 3584 2567 est
3613 2510 3805 2567 Trini-

2157 2598 2315 2655 tatis.
2350 2600 2530 2655 Item:
2592 2599 2790 2655 Omnia
2840 2616 2910 2656 ιω
2969 2602 3117 2664 Deo;
3174 2601 3284 2657 hoc
3337 2605 3447 2669 est,
3497 2606 3625 2656 tam
3660 2616 3806 2656 nova

2157 2705 2334 2761 quam
2367 2693 2425 2744 et
2451 2692 2646 2745 vetera
2677 2707 2689 2756 ;
2720 2689 2859 2762 quia
2880 2706 2981 2763 pro
3001 2694 3335 2763 temporum
3364 2690 3668 2759 varietate,
3698 2706 3804 2745 seu

2157 2778 2461 2849 qualitate,
2490 2782 2740 2850 utraque
2794 2780 3169 2835 Testamenta
3226 2779 3297 2835 ab
3345 2778 3444 2834 illo
3476 2782 3625 2835 sunt
3648 2779 3802 2834 data.

2120 2874 2128 2882 ‘
2156 2868 2304 2941 Ergo
2330 2868 2637 2940 utriusque
2668 2868 3023 2925 Testamenti
3071 2885 3227 2925 unus
3258 2870 3428 2925 Deus.
3462 2868 3533 2923 Et
3562 2867 3673 2924 hoc
3699 2867 3801 2923 ad-

2155 2973 2359 3013 versus
2391 2956 2544 3025 illos,
2579 2957 2680 3027 qui
2709 2957 2959 3014 alterum
2990 2959 3176 3015 Deum
3198 2958 3361 3023 Novi,
3390 2956 3661 3013 Alterum
3692 2961 3798 3013 Ve-

2156 3047 2297 3101 teris
2327 3046 2684 3101 Testamenti
2712 3046 2999 3102 dixerunt.

2228 3135 2502 3206 Sequitur
2527 3152 2539 3190 :
2577 3136 2683 3204 Qui
2703 3136 3076 3193 reconciliavit
3105 3152 3208 3192 nos
3237 3136 3347 3192 sibi
3369 3152 3472 3208 per
3501 3135 3799 3192 Christum.

615 3184 857 3203 ηψπ,
890 3184 993 3190 ___
1026 3184 1139 3191 _--__
1164 3184 1335 3193 ηπ--
1357 3184 1681 3193 unum-..
1715 3184 2046 3209 --..g..._,--_
2229 3184 2491 3206 πηκτ-
2527 3184 2539 3190 -
2580 3184 2678 3204 ηπ-
2703 3184 3074 3193 .---.-----__-_
3107 3184 3204 3192 η--
3237 3184 3343 3192 ----
3369 3184 3453 3208 Γ-.
3504 3184 3592 3192 νη
3614 3184 3799 3191 ---_-.--

404 3221 855 3280 mortalitatem:
912 3224 1054 3293 Quia
1110 3241 1399 3297 resurgens
1453 3228 1752 3282 amortuis
1783 3228 1905 3298 jam
1934 3241 2046 3281 non
2074 3184 2120 3259 α
2158 3224 2393 3279 Primus
2449 3223 2623 3279 homo
2682 3228 2911 3280 creatus
2967 3223 3187 3280 astutia
3214 3224 3429 3281 diaboli
3483 3225 3675 3281 fuerat
3700 3225 3802 3279 de-

399 3312 640 3367 moritur
666 3311 839 3383 (Rom.
871 3329 947 3378 v1,
978 3314 1056 3379 9),
1089 3318 1196 3368 etc.
1230 3314 1287 3370 Si
1328 3331 1464 3387 ergo
1493 3316 1575 3370 ita
1599 3315 1670 3371 de
1700 3313 1927 3371 Christo
1956 3315 2044 3370 in-

400 3399 582 3472 telligi
612 3403 821 3471 potest,
851 3417 1030 3472 quare
1062 3402 1333 3475 superius
1354 3403 1596 3460 dixerit:
1628 3406 1917 3460 Neminem
1942 3419 2045 3460 no-

402 3488 583 3542 vimus
611 3490 911 3545 secundum
935 3508 1157 3549 carnem
1175 3493 1204 3547 ?
1228 3492 1524 3565 Numquid
1554 3493 1677 3565 ipse
1700 3510 1813 3549 non
1836 3498 1959 3550 erat
1986 3494 2045 3549 in

404 3591 596 3647 carne,
630 3581 731 3632 aut
759 3577 865 3643 illi,
916 3580 1133 3650 quibus
1179 3580 1575 3653 loquebatur?
1618 3582 1814 3649 Erant,
1845 3587 1903 3638 et
1931 3599 2044 3637 non

404 3668 571 3720 erant
599 3665 657 3719 in
691 3682 884 3722 carne.
908 3668 1032 3725 Non
1056 3675 1240 3736 erant,
1260 3670 1397 3742 quia
1426 3688 1540 3727 non
1584 3671 1645 3726 in
1675 3689 1777 3744 spe
1807 3671 2051 3728 saecula-

407 3752 561 3808 rium
593 3771 789 3810 rerum
821 3759 922 3812 aut
944 3758 1356 3830 temporalium
1377 3758 1668 3816 honorum
1698 3761 2046 3829 manebant;

408 3858 475 3898 eo
506 3844 660 3916 quod
691 3861 754 3900 se
775 3845 876 3901 diu
901 3862 1014 3901 non
1048 3864 1466 3921 permansuros
1485 3849 1886 3921 intelligebant
1908 3868 1922 3919 ;
1945 3850 2048 3906 sed

409 3932 468 3987 in
501 3939 602 4005 epe
631 3933 936 4003 habentes,
972 3938 1322 4010 quandoque
1353 3955 1416 3994 se
1445 3939 1517 3995 ad
1550 3939 2049 4009 immortalitatem

408 4021 781 4092 transituros,
809 4025 1158 4081 credebant:
1194 4044 1352 4087 nam.
1376 4028 1529 4099 quod
1554 4029 1665 4084 sub
1696 4045 1798 4100 spe
1826 4033 2049 4084 certum

409 4115 552 4180 erat,
585 4112 752 4184 quasi
776 4113 903 4183 jam
936 4114 1156 4169 factum
1214 4114 1527 4171 habebant.
1578 4117 1739 4182 Quod
1772 4133 1904 4173 vero
1936 4133 2049 4188 res,

410 4217 537 4273 quae
560 4200 669 4256 sub
693 4218 795 4272 spe
815 4205 970 4257 certa
992 4203 1427 4274 habetur,quasi
1444 4205 1571 4274 jam
1594 4204 1744 4259 facta
1765 4208 2050 4274 teneatur,

410 4289 567 4345 idem
598 4289 724 4361 ipse
755 4289 1111 4360 manifestat,
1144 4307 1279 4345 cum
1336 4292 1512 4347 dicit:
1546 4292 1607 4347 Si
1630 4296 2055 4350 consurrexistis

413 4393 537 4432 cum
570 4377 782 4433 Christo
812 4377 1036 4448 (Coloss.
1070 4396 1152 4450 ιιι,
1188 4381 1258 4449 1),
1292 4384 1400 4435 etc.
1435 4381 1559 4437 Non
1591 4381 1710 4448 illa,
1744 4399 1861 4454 qua
1890 4383 2053 4440 Chri-

414 4470 512 4521 tus
530 4466 886 4532 resurrexit,i
894 4483 996 4538 pse
1018 4468 1335 4524 resurrexit
1358 4486 1370 4536 ;
1397 4470 1498 4525 sed
1515 4474 1653 4526 tunc
1677 4472 1785 4527 sub
1808 4489 1911 4545 spe
1931 4489 2053 4528 cer-

2154 3317 2401 3386 ceptus:
2437 3313 2560 3379 sed,
2595 3328 2666 3369 ne
2720 3312 2783 3368 in
2825 3317 3107 3370 aeternum
3168 3313 3400 3386 periret,
3453 3314 3624 3371 misit
3651 3314 3804 3369 Deus

2156 3402 2367 3459 Filium
2399 3418 2596 3469 suum,
2631 3406 2696 3458 ut
2725 3418 2858 3458 eum
2886 3402 2999 3459 sibi
3034 3402 3438 3461 reconciliaret
3466 3421 3481 3472 ;
3512 3406 3805 3475 quatenus

2156 3509 2259 3565 per
2288 3507 2422 3547 eum
2454 3491 2766 3547 redimeret
2790 3490 3222 3564 bominem,per
3252 3508 3426 3564 quem
3453 3492 3637 3548 etiam
3662 3492 3803 3548 fece-

2157 3584 2247 3637 rat
2276 3578 2595 3635 hominem.
2630 3579 2942 3652 Sequitur:
2972 3581 3040 3637 Et
3066 3579 3216 3636 dedit
3242 3582 3401 3637 nobis
3427 3581 3805 3637 ministerium

2158 3670 2638 3729 reconciliationis.
2696 3668 2933 3726 Dixerat
2999 3686 3062 3726 se
3119 3670 3606 3739 reconciliatum;
3670 3670 3805 3726 dicit

2157 3760 2332 3817 etiam
2390 3774 2453 3814 se
2509 3757 2802 3829 accepisse
2868 3758 3353 3816 reconciliationis
3411 3760 3799 3833 mysterium;

2160 3848 2437 3923 quoniam
2471 3846 2605 3902 talis
2624 3850 2748 3903 erat
2776 3848 3012 3915 ordo,ut
3040 3848 3205 3920 prius
3223 3848 3433 3905 Filium
3465 3866 3648 3906 suum
3681 3848 3804 3904 mit-

2157 3943 2324 4003 teret,
2357 3937 2457 4010 qui
2490 3935 2788 3992 hominem
2818 3936 3212 4005 redimeret,et
3240 3937 3351 3993 sibi
3378 3938 3801 4003 reconciliaret,

2161 4025 2615 4101 quem,peractis
2643 4024 3019 4092 omnibus,ad
3041 4042 3172 4098 qua
3195 4026 3803 4099 venerat,assumpsit.

2162 4121 2220 4173 et
2246 4115 2369 4171 vice
2399 4116 2547 4186 ejus,
2607 4113 3099 4170 reconciliationis
3129 4113 3550 4182 ministerium,
3585 4114 3697 4171 hoc
3725 4116 3808 4170 est

2162 4202 2592 4278 praedicationis
2623 4202 2883 4259 ofﬁcium
2904 4202 3184 4275 apostolis
3213 4204 3653 4270 tradidit.Quod
3676 4207 3807 4259 tunc

2163 4296 2382 4350 factum
2431 4296 2541 4359 est,
2596 4292 2831 4364 quando
2887 4291 3067 4348 dixit:
3127 4293 3331 4348 Euntes
3389 4291 3572 4349 docete
3604 4291 3806 4364 (Matth.

2161 4401 2356 4449 xxvm,
2392 4382 2500 4453 l9),
2534 4386 2641 4438 etc.

2236 4472 2515 4543 Sequitur
2540 4488 2552 4526 :
2587 4471 2861 4539 Quoniam
2915 4471 3135 4543 quidem
3161 4471 3303 4527 Deus
3329 4478 3449 4527 erat
3477 4471 3539 4525 in
3572 4469 3807 4534 Christo,

417 4558 514 4611 tus
545 4555 837 4623 manebat,
870 4556 1009 4628 quia
1039 4574 1163 4629 quas
1194 4557 1488 4630 praecessit
1520 4558 1577 4614 in
1610 4561 1825 4633 Capite,
1859 4574 2059 4634 seque-
2084 4556 2139 4626 D
2165 4560 2275 4617 hoc
2303 4564 2395 4616 est
2422 4560 2590 4616 Pater
2615 4559 2676 4614 in
2707 4559 2872 4615 Filio.
2919 4560 3030 4616 Sed
3060 4560 3330 4632 nunquid
3360 4560 3442 4616 ita
3469 4563 3601 4615 erat
3630 4559 3691 4615 in
3723 4557 3807 4613 Fi-

417 4649 577 4700 retur
605 4642 665 4700 in
698 4645 978 4700 membris
1008 4663 1022 4714 ;
1055 4650 1111 4701 et
1166 4646 1379 4702 iterum
1406 4664 1419 4702 :
1464 4649 1572 4717 Qui
1596 4650 1773 4706 salvos
1801 4667 1899 4707 nos
1927 4652 2057 4722 fecit

409 4751 511 4806 per
541 4734 823 4790 lavacrum
852 4737 1280 4806 regenerationis
1336 4740 1389 4791 et
1416 4741 1785 4795 renovationis
1814 4741 1934 4812 (Tit.
1969 4757 2055 4807 nr,

412 4824 490 4896 5),
523 4828 634 4879 etc.
666 4823 943 4896 Nunquid
967 4824 1068 4880 illa
1097 4824 1336 4882 salvatio
1357 4828 1818 4899 resurrectionis,
1842 4846 1972 4902 quae
1996 4830 2057 4885 in

414 4912 767 4985 baptismate
788 4914 1284 4988 praefiguratur,in
1307 4917 1509 4972 eodem
1535 4917 1886 4989 baptismate
1910 4918 2055 4975 cele-

414 5001 666 5057 bratur?
692 5003 838 5058 Non.
872 5004 982 5059 Sed
1037 5020 1159 5074 spe,
1191 5020 1326 5059 cum
1374 5006 1451 5060 sit
1491 5006 1707 5078 futura,
1740 5006 2057 5078 quasijam

416 5088 568 5144 facta
597 5095 847 5167 tenetur.
882 5091 1114 5147 Dixerat
1146 5093 1317 5162 paulo
1366 5093 1674 5164 superius:
1711 5099 1793 5150 Ex
1821 5095 1918 5150 hoc
1936 5097 2058 5166 jam

414 5179 690 5232 neminem
711 5183 965 5235 novimus
983 5180 1276 5235 secundum
1294 5198 1537 5237 carnem.
1564 5183 1749 5245 Quare
1771 5183 1879 5238 hoc
1900 5183 2056 5239 dixe-

415 5264 493 5306 rit
537 5268 785 5306 natant-Iit
811 5284 822 5297 ⁶
849 5270 975 5306 [ηιτή
1003 5271 1104 5306 Ωιι-ὅ
1121 5271 1474 5306 ρηηωηίηάγιπο
1498 5271 1788 5306 cunnnr’nm
1817 5287 2033 5306 (vna-nona

2167 4651 2265 4718 lio,
2296 4650 2475 4705 veluti
2524 4650 2583 4704 in
2625 4648 2993 4721 patriarchis,
3051 4653 3110 4705 et
3139 4648 3439 4722 prophetis
3459 4648 3488 4704 ‘i
3514 4648 3667 4704 Non.
3700 4647 3809 4703 Nec

2168 4738 2344 4795 etiam
2376 4737 2529 4794 sicut
2554 4737 2613 4793 in
2642 4736 2887 4811 angelis.
2918 4737 3064 4804 Quia
3092 4738 3152 4793 in
3182 4738 3300 4795 illis
3329 4754 3434 4809 per
3462 4735 3808 4811 gratiam,in

2167 4828 2279 4885 isto
2310 4844 2412 4900 per
2442 4826 2904 4884 naturam.Unde
2932 4826 3059 4900 ipse
3088 4826 3268 4883 dicit:
3297 4828 3469 4883 Pater
3492 4828 3554 4882 in
3582 4843 3675 4882 me
3702 4841 3811 4881 ma-

2166 4934 2326 4985 nens,
2358 4919 2475 4990 ipse
2503 4916 2647 4989 facit
2697 4932 2865 4988 opera
2911 4917 3086 4988 (Joan.
3144 4932 3257 4988 xxv,
3291 4917 3414 4987 10):
3446 4920 3508 4972 et
3536 4916 3680 4973 item
3708 4916 3808 4986 Ego

2167 5010 2220 5061 et
2248 5009 2423 5061 Pater
2450 5022 2625 5060 unum
2649 5021 2842 5061 sumus
2872 5006 3044 5077 (Joan.
3081 5022 3217 5071 xvn,
3250 5006 3377 5073 tt);
3408 5008 3467 5061 et
3494 5004 3678 5060 item:
3714 5005 3810 5073 Qui

2168 5112 2278 5161 me,
2310 5096 2461 5149 misit
2490 5109 2701 5149 mecum
2734 5097 2811 5149 est
2840 5096 3017 5165 (Joan.
3049 5110 3170 5162 vm,
3203 5094 3318 5166 29),
3349 5097 3462 5149 etc.
3495 5092 3807 5166 Sequitur:

2169 5184 2546 5240 Reconcilia-ns
2569 5184 2681 5239 sibi
2698 5183 2985 5238 mundum.
3019 5182 3304 5240 Mundum
3335 5198 3575 5255 quoque
3602 5181 3807 5239 electos

2170 5271 2420 5306 nnnnllnf
2476 5272 2545 5306 (In
2578 5271 2792 5306 nnith
2825 5271 3106 5306 nnminnn
3131 5288 3143 5301 ο
3194 5273 3302 5306 Nam
3330 5273 3547 5306 nden!
3577 5272 3807 5306 {ullan
