3990 5306
174 410 297 471 445

742 413 1160 477 EXPOSITIO
1204 414 1283 476 IN
1328 412 1761 477 EPISTOL.\S
1807 409 2169 473 PAULL—
2209 409 2288 471 IN
2331 410 2582 473 EPIST.
2628 411 2681 473 II
2729 410 2832 471 AD
2878 410 3055 472 COR.

3462 410 3581 471 446

174 546 313 616 dus,
346 545 765 619 coinquinatus
794 550 1104 615 mundum,
1138 549 1400 621 perditus
1432 550 1821 618 redemptum,
1854 546 1909 612 Α
1941 544 2125 615 fungi,
2154 550 2391 617 propter
2425 545 2581 617 quod
2611 545 2788 599 etiam
2819 545 3157 599 obsecrasse
3189 559 3251 598 se
3281 543 3577 599 ostendit:

174 637 499 692 damnatus
530 636 839 693 salvatum.
866 640 943 693 Ex
964 638 1070 693 hoc
1102 656 1333 710 quoque
1357 639 1577 693 mundo
1602 636 1825 708 perdito

173 730 268 780 est
299 727 559 781 mundus
590 726 844 794 electus;
880 729 1034 783 unde
1084 729 1402 783 Dominus:
1454 732 1560 798 Ego
1614 742 1705 780 vos
1734 726 1827 779 in-

175 814 331 885 quit,
365 816 504 885 elegi
531 816 596 869 de
626 817 830 871 mundo
857 818 1033 887 (Joan.
1064 835 1152 881 xv,
1190 820 1296 887 19),
1330 822 1438 872 etc.
1498 818 1614 871 Non
1663 831 1827 885 repu-

174 908 305 959 tans
335 906 450 959 illis
480 905 697 973 delicta,
733 914 788 960 et
813 907 1014 977 gratis,
1049 911 1105 961 et
1136 906 1393 962 indebite
1426 925 1525 978 per
1582 906 1829 977 gratiam

176 994 560 1066 baptismatis
594 1001 826 1066 peccata
855 995 971 1051 illis
996 996 1240 1065 dimisit,
1267 996 1445 1051 nullis
1474 995 1830 1068 procedenti-

179 1084 295 1138 bus
327 1083 571 1137 meritis.

259 1174 573 1244 Sequitur:
610 1176 671 1230 Et
696 1177 879 1246 posuit
912 1179 969 1231 in
1030 1178 1181 1232 nobis
1240 1178 1465 1231 verbum
1510 1177 1833 1231 reconcilia-

181 1266 372 1319 tionis.
402 1268 521 1319 Hoc
552 1269 659 1330 est,
694 1267 848 1335 quod
883 1266 1152 1338 superius
1172 1266 1415 1331 dixerat,
1440 1265 1833 1320 ministerium

182 1351 705 1408 reconciliationis.
741 1358 983 1425 Propter
1039 1358 1193 1426 quod
1252 1360 1309 1409 et
1357 1355 1835 1426 subjungitzPro

181 1440 403 1497 Christo
433 1458 557 1513 ergo
580 1443 848 1514 legatione
865 1447 1174 1515 fungimur,
1201 1444 1309 1500 hoc
1341 1450 1430 1499 est
1458 1444 1578 1498 vice
1599 1442 1833 1499 Christi.

180 1530 494 1601 Sequitur:
560 1534 1017 1588 Reconciliamini
1074 1537 1198 1589 Deo.
1259 1534 1369 1588 Sed
1429 1534 1580 1587 unde
1627 1533 1691 1586 ﬁt
1719 1532 1839 1585 hzec

181 1620 585 1676 reconciliatio
606 1622 634 1675 ‘t
662 1622 944 1677 Videlicet
974 1641 1043 1677 ex
1062 1621 1839 1676 inimicitiis.Verumtamen

183 1710 300 1766 has
334 1709 672 1766 inimicitias
695 1716 930 1783 peccata
962 1716 1312 1784 genuerunt,
1348 1728 1461 1767 non
1486 1710 1723 1782 quidem
1747 1726 1844 1764 na-

188 1805 349 1855 tura.

1936 639 1991 689 et
2025 634 2152 688 ideo
2184 634 2522 705 aggreditur
2555 651 2708 688 nunc
2738 632 3049 698 exhortari,
3085 636 3148 685 ut
3178 648 3351 686 suum
3392 633 3581 687 adim-

1937 722 2090 793 pleat
2119 723 2375 777 ofﬁcium
2405 740 2415 776 :
2450 724 2530 777 ait
2560 723 2715 778 enim
2744 740 2755 776 :
2791 724 3089 794 Ajuvantes
3135 724 3320 775 autem
3352 737 3580 790 sumus,

1937 810 2205 866 videlicet
2236 812 2475 876 orando,
2508 817 2563 866 et
2591 811 2966 866 exhortamur
2997 810 3383 866 admonendo.

2012 900 2319 971 Sequitur:
2354 902 2428 955 Ne
2459 903 2518 954 in
2550 917 2779 955 vacuum
2844 903 3091 973 gratiam
3143 901 3243 954 Dei
3267 900 3581 969 recipiatis.

1942 989 2111 1045 Multi
2144 990 2390 1061 gratiam
2426 989 2525 1044 Dei
2552 990 2609 1043 in
2642 1006 2889 1044 vacuum
2924 990 3233 1061 recipiunt.
3283 987 3372 1044 Illi
3403 988 3582 1055 enim,

1944 1080 2043 1151 qui
2077 1078 2279 1133 divina:
2304 1078 2669 1147 inspirationi
2693 1096 2810 1133 suae
2833 1078 3149 1134 voluntatis
3170 1079 3439 1134 eil'eetum
3456 1079 3589 1149 jun-

1945 1172 2109 1239 gunt,
2143 1168 2392 1238 gratiam
2424 1167 2482 1221 in
2514 1184 2766 1223 vacuum
2800 1184 2913 1222 non
2948 1167 3271 1238 recipiunt;
3321 1166 3591 1222 similiter

1947 1263 2005 1312 et
2033 1256 2129 1326 qui
2159 1256 2509 1325 sapientiam
2542 1274 2573 1310 a
2604 1257 2719 1311 Deo
2750 1256 3014 1328 percipit,
3048 1256 3096 1311 si
3148 1256 3204 1309 in
3259 1272 3347 1323 ea,
3381 1260 3444 1309 ut
3474 1255 3587 1310 Deo

1948 1346 2190 1418 placeat,
2225 1346 2489 1413 desudet,
2516 1346 2761 1415 gratiam
2794 1347 2887 1400 Dei
2912 1346 2970 1400 in
2993 1362 3241 1401 vacuum
3266 1362 3378 1399 non
3404 1344 3591 1399 susci-

1949 1434 2070 1507 pit;
2106 1432 2379 1488 similiter
2400 1440 2589 1505 potest
2614 1434 2863 1507 intelligi
2890 1436 2959 1490 de
2984 1436 3115 1500 ﬁde,
3140 1440 3196 1490 et
3213 1434 3590 1504 caeteris,quaa

1949 1524 2124 1578 homo
2148 1522 2375 1577 cmlitus
2401 1524 2659 1595 percipit.
2685 1525 2830 1579 Nam
2856 1524 3155 1579 sciendum
3183 1523 3395 1594 quia,si
3419 1523 3593 1578 homo

1949 1612 2307 1667 voluntatem
2378 1614 2670 1684 propriam
2718 1613 3033 1677 amisisset,
3091 1613 3414 1670 exhortatio
3481 1629 3595 1665 non

1950 1701 2342 1772 prodesset,et
2365 1701 2412 1756 si
2445 1703 2567 1757 sola
2599 1701 2868 1757 voluntas
2890 1703 3203 1769 sufﬁceret,
3228 1716 3594 1773 nequaquam

1954 1791 2107 1844 idem
2138 1790 2448 1861 Apostolus
2480 1790 2616 1845 alibi
2650 1791 2902 1847 diceret:
2937 1794 2999 1846 Et
3028 1793 3219 1859 gratia
3249 1792 3363 1861 ejus
3410 1791 3470 1845 in
3512 1805 3600 1844 me

268 1889 582 1961 Sequitur:
621 1895 779 1956 Eum,
840 1893 935 1962 qui
964 1907 1071 1947 non
1131 1895 1358 1946 noverat
1409 1898 1711 1962 peccatum,
1742 1904 1845 1960 pro

1969 1895 2127 1933 vacua
2160 1895 2269 1933 non
2298 1881 2407 1949 fuit
2436 1881 2479 1949 (I
2513 1880 2631 1934 Cor.
2663 1898 2753 1947 xv,
2789 1882 2897 1951 10).

188 1979 351 2034 nobis
379 1982 659 2048 peccatum
694 1982 844 2050 fecit.
878 1982 986 2035 Sed
1020 1982 1401 2053 quzerendum
1432 1985 1521 2035 est
1552 1996 1731 2051 quare
1762 1979 1847 2032 di-

201 2073 299 2123 cat
329 2084 341 2120 :
378 2073 661 2122 Peccatum
680 2072 829 2138 fecit,
864 2087 993 2124 cum
1030 2071 1099 2125 de
1130 2070 1230 2124 illo
1261 2071 1543 2141 scriptum
1605 2070 1715 2125 sit:
1751 2069 1857 2135 Qui

205 2160 491 2229 peccatum
518 2174 633 2213 non
661 2160 789 2227 fecit
820 2160 944 2230 (lsa.
982 2177 1098 2228 Lm,
1122 2160 1196 2219 9;
1232 2162 1253 2213 Ι
1282 2161 1424 2213 Petr.
1464 2175 1525 2225 ιι,
1554 2160 1665 2225 22),
1700 2161 1806 2210 etc.
1840 2172 1851 2209 :

212 2245 312 2300 sed
344 2244 479 2300 talis
510 2249 598 2299 est
619 2262 829 2301 sensus
854 2264 866 2301 :
904 2247 1209 2301 Peccatum
1233 2263 1335 2316 pro
1360 2246 1528 2301 nobis
1558 2244 1857 2316 fec,it,quia

215 2333 466 2389 hostiam
500 2334 665 2388 illum
710 2351 812 2406 pro
861 2336 1111 2406 peccatis
1171 2336 1388 2389 nostris
1447 2334 1675 2389 obtulit.
1708 2333 1853 2387 Nam

210 2423 421 2489 hostia,
456 2440 584 2495 quae
618 2440 719 2494 pro
752 2430 987 2496 peccato
1020 2426 1077 2479 in
1102 2424 1285 2479 Veteri
1318 2426 1687 2479 Testamento
1716 2422 1852 2477 offe-

204 2514 462 2575 rebatur,
502 2518 806 2584 peccatum
841 2514 1163 2569 dicebatur.
1196 2514 1363 2583 Item,
1417 2520 1717 2586 peccatum
1752 2528 1853 2583 pro

198 2602 373 2657 nobis
406 2601 560 2669 fecit,
598 2602 734 2674 quia
767 2619 869 2673 per
899 2620 1155 2671 carnem,
1188 2602 1241 2657 id
1268 2608 1376 2668 est,
1402 2619 1504 2673 per
1526 2598 1857 2656 similitudi-

197 2706 337 2745 nem
372 2691 564 2745 carnis
596 2692 812 2762 peccati
865 2692 1179 2746 habentem
1232 2692 1287 2745 in
1351 2691 1515 2747 nobis
1550 2695 1853 2762 peccatum

197 2780 525 2836 damnavit.
558 2780 721 2835 Unde
747 2781 901 2835 idem
930 2780 1242 2850 Apostolus
1275 2780 1411 2835 alibi
1438 2797 1450 2834 :
1501 2780 1731 2847 Mittens,
1768 2778 1853 2830 in-

200 2870 359 2940 quit,
394 2872 529 2923 Deus
556 2871 757 2923 Filium
776 2886 934 2923 suum
968 2871 1029 2922 in
1057 2870 1479 2923 similitudinem
1517 2869 1702 2922 carnis
1728 2882 1853 2936 pec-

198 2961 317 3013 cati
348 2960 523 3029 (Rom.
558 2974 681 3024 vm,
714 2959 791 3029 3),
824 2962 931 3012 etc.

285 3050 351 3103 Ut
380 3063 483 3101 nos
511 3048 854 3115 e/ﬁceremur
875 3047 1098 3117 justitia
1134 3048 1234 3100 Dei
1264 3047 1323 3099 in
1356 3048 1489 3115 ipso,
1525 3046 1633 3101 hoc
1683 3050 1771 3100 est
1800 3046 1856 3099 in

200 3136 489 3201 Ecclesia,
524 3151 653 3204 quae
683 3139 773 3189 est
802 3151 1014 3204 corpus
1045 3134 1193 3203 ejus,
1229 3136 1399 3204 cujus
1458 3134 1633 3189 etiam
1686 3140 1861 3205 caput

200 3224 336 3294 ipse
367 3228 475 3277 est.
508 3224 674 3289 Nota,
706 3223 846 3294 quia
866 3222 1158 3293 justitiam
1185 3224 1280 3278 Dei
1302 3223 1461 3277 dicit.
1488 3223 1673 3278 Judaei
1697 3240 1857 3277 nam-

2036 1966 2232 2021 Voluit
2261 1984 2512 2039 namque
2533 1969 2844 2039 Apostolus
2869 1986 3037 2023 suam
3057 1968 3449 2024 narrationem
3473 1984 3605 2022 con-

1964 2058 2197 2111 ﬁrmare
2222 2056 2510 2127 exemplo,
2533 2057 2779 2129 ideoque
2801 2058 3101 2128 subjuxit:
3135 2060 3216 2112 ait
3242 2058 3603 2124 (subaudies,

1965 2145 2168 2215 Isaias)
2197 2163 2207 2200 :
2248 2147 2500 2216 Tempore
2529 2157 2750 2215 accepto
2781 2148 3047 2202 exaudiui
3077 2155 3125 2201 te
3164 2148 3290 2217 (Isa.
3340 2163 3492 2212 xux,
3525 2147 3605 2215 8),

1965 2239 2072 2288 etc.
2109 2234 2365 2306 Tempus
2397 2235 2609 2307 quippe
2643 2242 2965 2308 acceptum,
2998 2242 3055 2291 et
3075 2235 3227 2290 diem
3252 2234 3608 2300 salutis,sta-

1966 2328 2090 2377 tum
2126 2322 2379 2394 appellat
2409 2325 2538 2378 vita
2572 2325 2894 2395 praesentis,
2924 2326 2982 2379 in
3017 2341 3133 2395 qua
3158 2323 3407 2395 quisque
3437 2339 3605 2377 suam

1965 2416 2155 2482 potest
2188 2413 2411 2483 operari
2447 2413 2718 2468 salutem.
2758 2415 2882 2485 Ipse
2934 2431 3207 2485 namque,
3266 2414 3421 2484 quod
3454 2415 3609 2466 esset

1966 2501 2073 2555 hoc
2105 2506 2361 2572 tempus,
2394 2504 2679 2572 exposuit,
2736 2519 2871 2557 cum
2930 2502 3269 2573 subjunxit:
3303 2503 3434 2557 Ecce
3460 2516 3610 2555 nunc

1965 2598 2173 2661 tempus
2204 2592 2557 2661 acceptabile,
2590 2595 2696 2646 etc.
2732 2592 2901 2661 (726).
2926 2593 3056 2646 Ecce
3083 2606 3234 2646 nunc
3280 2590 3440 2656 dicit,
3476 2606 3607 2660 pro-

1966 2684 2093 2750 pter
2110 2685 2343 2750 tempus
2366 2680 2681 2735 Dominica:
2706 2680 3147 2745 lncarnationis,
3164 2680 3303 2751 quia
3324 2677 3610 2750 propheta

1965 2768 2035 2823 de
2058 2767 2154 2823 illo
2180 2768 2524 2838 praedixerat
2547 2769 2600 2822 in
2623 2786 2870 2839 persona
2892 2769 2993 2823 Dei
3025 2768 3405 2840 Patris,quasi
3429 2766 3607 2821 dixis-

1966 2861 2088 2911 set:
2120 2859 2370 2927 Tempore
2391 2862 2633 2926 aecepto,
2656 2859 2713 2912 id
2743 2863 2828 2914 est
2859 2859 2986 2914 Filii
3017 2858 3128 2915 mei
3164 2858 3606 2914 Incarnationis.

1967 2944 2483 3000 Prmdestinaverat
2516 2964 2768 3018 namque
2799 2948 2953 3004 Deus
2983 2949 3151 3003 Pater
3182 2948 3433 3003 maxime
3461 2952 3607 3002 tem-

1967 3049 2102 3103 pore
2135 3034 2555 3089 Incarnationis
2588 3037 2871 3106 unigeniti
2908 3036 3030 3090 Filii
3080 3038 3195 3103 sui,
3246 3039 3516 3108 gratiam,
3550 3038 3607 3090 et

1967 3120 2213 3175 salutem
2248 3127 2521 3191 praestare
2545 3124 2935 3179 credentibus.
2968 3126 3116 3180 Huic
3138 3125 3437 3181 salutifero
3460 3130 3607 3180 tem-

1968 3209 2092 3281 pori
2119 3214 2176 3265 et
2205 3210 2316 3263 diei
2348 3211 2606 3265 succedit
2628 3228 2759 3276 nox,
2792 3211 2851 3266 in
2881 3229 2996 3282 qua
3027 3230 3197 3268 nemo
3231 3214 3440 3283 poterit
3469 3228 3603 3283 ope-

202 3328 343 3383 que,
372 3311 500 3382 ipsa
530 3328 696 3366 suam
750 3312 1152 3383 exquisierunt
1188 3312 1507 3383 justitiam,
1569 3330 1682 3367 non
1716 3317 1854 3367 sunt
1885 3290 1928 3357 C
1968 3298 2103 3363 Fari,
2152 3299 2223 3352 de
2270 3316 2386 3370 qua
2434 3299 2719 3355 Dominus
2769 3301 2825 3355 ίη
2879 3300 3223 3374 Ενδηεθιίοε
3280 3303 3461 3357 Veniet
3496 3316 3610 3355 ποατ

202 3400 393 3455 effecti
418 3400 654 3471 justitia
685 3400 809 3465 Dei,
843 3400 979 3471 quia
1010 3418 1125 3455 non
1178 3407 1317 3457 sunt
1363 3402 1537 3456 etiam
1583 3402 1852 3472 subjecti.

202 3490 307 3546 Dei
340 3490 481 3544 dicit
504 3490 822 3560 justitiam,
858 3506 972 3544 non
1004 3494 1287 3557 nostram,
1316 3491 1451 3545 etin
1475 3491 1621 3561 ipsa,
1657 3508 1771 3546 non
1796 3492 1854 3546 in

203 3577 409 3645 nobis;
445 3578 584 3649 quia
614 3580 765 3632 sicut
815 3578 937 3649 ipse
988 3584 1288 3649 peccatum
1350 3596 1464 3633 non
1523 3597 1721 3646 suum,
1753 3581 1853 3637 sed

204 3673 495 3738 nostrum,
532 3672 588 3722 et
620 3685 733 3722 non
766 3668 824 3722 in
859 3685 940 3733 se,
974 3670 1074 3723 sed
1108 3670 1164 3723 in
1200 3668 1368 3724 nobis
1402 3670 1587 3724 factus
1631 3676 1737 3737 est,
1772 3672 1855 3726 sic

206 3764 263 3814 et
294 3775 398 3813 nos
431 3758 558 3828 ejus
580 3756 841 3828 justitia,
874 3774 985 3811 non
1022 3762 1240 3826 nostra,
1274 3763 1330 3812 et
1362 3758 1419 3812 in
1454 3758 1601 3829 ipsa,
1650 3776 1765 3814 non
1798 3760 1855 3813 in

212 3847 378 3903 nobis
412 3844 547 3900 facti
577 3861 805 3899 sumus.
848 3846 1058 3899 Beatus
1102 3862 1235 3900 vero
1282 3847 1646 3917 Augustinus
1696 3849 1855 3919 dicit,

211 3937 348 4007 quia
374 3937 433 3990 in
468 3933 769 3989 mendosis
800 3933 1232 4005 exemplaribus
1264 3935 1556 3989 invenitur
1586 3936 1669 3990 sic
1714 3936 1859 3991 scri-

207 4033 375 4099 ptum
403 4045 415 4079 :
448 4029 608 4091 Eum,
636 4026 734 4095 qui
752 4040 861 4078 non
890 4032 1112 4079 noverat
1152 4032 1449 4094 peccatum,
1485 4028 1594 4080 etc.
1624 4042 1636 4092 ;
1671 4024 1729 4079 in
1760 4042 1859 4080 ve-

207 4115 532 4171 racioribus
562 4132 734 4171 vero:
772 4116 877 4182 Qui
906 4131 1016 4169 non
1065 4122 1288 4169 noverat
1328 4122 1635 4184 peccatum,
1684 4116 1860 4183 factus

207 4214 285 4260 est
312 4215 597 4276 peccatum
626 4223 638 4273 ;
671 4205 767 4259 sed
804 4222 915 4259 non
940 4202 1401 4259 estcontrarium
1426 4204 1581 4274 quod
1605 4202 1855 4275 legitur:

204 4294 345 4348 Eum
376 4296 476 4364 qui
504 4309 615 4348 non
643 4301 891 4358 noverat,
943 4293 992 4347 si
1043 4292 1347 4362 superiora
1393 4292 1856 4347 consideremus.

208 4382 494 4454 Superius
525 4382 683 4436 enim
714 4382 785 4435 de
814 4386 982 4435 Patre
1012 4380 1244 4435 locutus
1274 4386 1381 4447 est,
1439 4382 1638 4435 dicens
1665 4399 1675 4435 :
1710 4386 1861 4435 Deus

208 4478 327 4525 erat
358 4473 417 4526 in
449 4472 692 4538 Christo,
726 4475 784 4526 et
816 4469 1049 4536 similia,
1086 4473 1142 4523 et
1194 4470 1265 4524 de
1304 4470 1430 4539 ipso
1463 4470 1638 4525 dicit:
1670 4473 1856 4539 Fecit;

208 4560 258 4614 si
287 4576 423 4616 vero
450 4559 680 4632 legatur
710 4559 1112 4615 solummodo:
1138 4560 1241 4626 Qui
1261 4576 1375 4612 non
1393 4559 1860 4623 noverat,melius

1964 3390 2151 3454 (Joan.
2185 3406 2300 3453 xix,
2334 3388 2407 3458 4),
2441 3393 2550 3443 etc.
2577 3388 2721 3444 Hinc
2743 3394 2801 3445 et
2833 3389 3107 3445 Salomon
3134 3408 3145 3445 :
3197 3392 3365 3458 Piger
3390 3396 3609 3460 propter

1962 3477 2145 3546 frigus
2174 3494 2341 3531 arare
2367 3478 2551 3532 noluit
2580 3482 2761 3545 (Prov.
2788 3497 2879 3549 xx,
2906 3480 2981 3549 4),
3010 3484 3117 3535 etc.
3146 3497 3158 3546 ;
3184 3484 3240 3533 et
3264 3479 3401 3534 item
3426 3494 3438 3532 :
3470 3478 3609 3534 Vade

1963 3564 2033 3618 ad
2061 3567 2373 3635 formicam,
2408 3582 2437 3621 ο
2465 3568 2621 3637 piger
2649 3570 2831 3633 (Prov.
2866 3586 2941 3639 vI,
2973 3570 3051 3640 6),
3084 3573 3195 3624 etc.

2037 3654 2343 3725 Sequitur:
2378 3656 2597 3711 Nemini
2624 3656 2829 3729 dantes,
2882 3657 2940 3712 id
2989 3662 3097 3723 est,
3148 3661 3267 3712 tam
3320 3656 3604 3723 ﬁdelium,

1966 3759 2143 3814 quam
2178 3743 2524 3808 inﬁdelium,
2555 3746 2889 3802 Judeeorum
2914 3747 3198 3815 videlicet,
3224 3752 3280 3802 et
3309 3746 3604 3803 Gentium.

1970 3833 2147 3889 Ullam
2172 3833 2521 3903 offensionem
2550 3834 2692 3889 dicit
2721 3841 2841 3891 tam
2873 3837 2929 3891 in
2963 3837 3157 3908 parvis
3188 3836 3380 3904 malis,
3430 3852 3607 3908 quam

1968 3920 2026 3974 in
2062 3920 2309 3990 magnis.
2342 3921 2650 3991 Sequitur:
2688 3924 2751 3978 Ut
2805 3940 2915 3979 non
2970 3928 3313 3996 vituperetur
3358 3926 3608 3980 ministe-

1967 4009 2113 4062 rium
2146 4010 2411 4062 nostrum.
2457 4010 2616 4064 Tunc
2665 4012 2821 4066 enim
2869 4013 3314 4084 vituperaretur,
3366 4013 3414 4069 si
3446 4012 3612 4069 aliter

1970 4112 2147 4167 quam
2174 4097 2561 4167 praedicabant
2581 4097 3236 4172 viverent.Vituperatur
3256 4102 3430 4157 etiam
3454 4118 3610 4156 nunc

1969 4184 2281 4241 Christiani
2331 4185 2741 4252 ministerium,
2794 4190 2843 4244 si
2905 4189 3089 4256 aliter,
3157 4206 3332 4261 quam
3386 4190 3606 4255 deceat,

1968 4274 2139 4329 vivat.

2039 4363 2477 4435 Sequitur:Sed
2536 4367 2595 4420 in
2647 4368 2897 4424 omnibus
2952 4368 3306 4425 exhibeamus
3353 4372 3610 4423 nosmeti-

1965 4469 2109 4524 psos,
2142 4457 2251 4506 etc.
2283 4451 2427 4507 Nota
2460 4455 2597 4526 quia
2630 4472 2741 4510 non
2775 4458 2936 4526 dicit,
2972 4459 3029 4513 in
3090 4458 3466 4529 quihusdam,
3509 4457 3610 4513 sed

1970 4543 2027 4597 in
2060 4543 2328 4596 omnibus.
2354 4544 2502 4598 Sunt
2535 4546 2820 4612 nonnulli,
2847 4548 2945 4619 qui
2971 4553 3111 4603 sunt
3127 4548 3373 4604 studiosi
3395 4547 3455 4601 in
3478 4563 3610 4618 par-

209 4654 401 4717 sonat,
424 4629 712 4718 factusest,
741 4665 915 4719 quam
939 4646 1086 4718 fecit.
1112 4645 1259 4701 Illud
1286 4653 1478 4702 tamen
1512 4651 1857 4718 notandum,
1893 4661 1938 4724 D
1970 4632 2056 4685 "l5
2079 4629 2445 4687 SOlummOdo
2478 4634 2665 4701 bonis:
2700 4636 2797 4690 alii
2831 4653 2963 4691 νθΓο
2994 4641 3223 4691 tantum
3252 4638 3309 4691 in
3346 4637 3608 4724 magnis:

210 4755 394 4810 quare
428 4738 618 4793 dicat:
651 4739 765 4808 Qui
783 4755 897 4792 non
928 4747 1173 4793 noverat.
1205 4736 1263 4791 Si
1297 4754 1409 4791 non
1442 4743 1696 4805 noverat,
1728 4756 1868 4810 quo-

212 4829 387 4884 modo
420 4828 771 4885 ﬁducialitcr
800 4828 1130 4901 arguebat?
1152 4827 1263 4882 Sed
1286 4828 1523 4883 omnino
1548 4844 1865 4899 possumus

211 4918 405 4974 dicere
429 4922 691 4985 noverat,
726 4921 781 4972 et
802 4935 913 4972 non
949 4920 1205 4972 noverat.
1238 4916 1732 4985 Noveratquidem
1766 4934 1868 4989 per

211 5008 590 5080 sapientiam,
616 5006 717 5061 sed
742 5024 855 5062 non
890 5011 1126 5061 noverat
1156 5024 1260 5077 per
1289 5004 1723 5078 experientiam.
1759 5006 1864 5061 Cui

211 5099 443 5154 credere
478 5096 682 5152 debuit
714 5097 939 5167 primus
962 5095 1134 5151 homo
1156 5096 1183 5150 ?
1203 5097 1347 5151 Huic
1372 5095 1624 5163 credere,
1656 5102 1718 5150 ut
1748 5113 1864 5151 non

292 5182 303 5189 κ

209 5191 549 5212 --κληΑκ-Αι
579 5190 878 5212 σκΑΑο-ιιιιςκ
921 5201 1021 5212 nn-
1498 5200 1508 5211 ο
1544 5185 1634 5212 nn:
1667 5184 1710 5212 ηε

1353 5201 1466 5212 ..εον-δ
1498 5200 1508 5211 ο
1544 5200 1634 5212 κε’-1
1667 5202 1710 5212 Α.
1746 5201 1859 5212 κΑσιι

1977 4727 2106 4781 ideo
2132 4726 2307 4780 dicit:
2329 4726 2389 4779 In
2419 4725 2686 4780 omnibus.
2712 4726 2811 4780 Dei
2835 4725 3049 4796 quippe
3080 4726 3347 4780 minister
3393 4723 3453 4776 in
3488 4739 3613 4777 om-

1977 4818 2150 4872 nibus
2182 4832 2244 4871 se
2266 4816 2345 4869 ita
2364 4814 2614 4879 exhibet,
2642 4820 2707 4869 ut
2728 4821 2838 4870 Deo
2862 4813 3087 4885 placere
3108 4814 3313 4885 possit.
3346 4816 3493 4883 Ergo
3516 4811 3617 4883 qui

1976 4908 2347 4979 sapientiam,
2380 4911 2481 4962 aut
2510 4904 2767 4973 divitias,
2802 4906 2905 4959 aut
2957 4908 3178 4970 caetera,
3240 4917 3363 4972 qua
3419 4917 3452 4953 a
3500 4900 3616 4954 Deo

1977 5000 2211 5067 dantur,
2246 4998 2438 5065 habet,
2462 4997 2543 5051 ita
2569 4995 2872 5050 studiosus
2899 4991 2958 5045 in
2990 4991 3105 5045 illis
3149 4991 3375 5057 existat,
3396 4994 3461 5042 ut
3503 4988 3618 5042 Deo

1976 5088 2203 5161 placere
2234 5091 2426 5161 queat.
2460 5084 2779 5156 Sequitur:
2814 5084 2876 5137 In
2906 5080 3079 5132 multa
3130 5077 3422 5148 patientia.
3451 5075 3619 5143 Nota,

2062 5179 2107 5212 ςο
2145 5196 2257 5212 nnn
2297 5175 2432 5212 Αἰρῖι
2465 5176 2522 5212 :n
2560 5171 2835 5212 nnttonlin
2897 5167 2993 5212 sed
3028 5167 3085 5212 in
3112 5166 3313 5212 multa.
3344 5163 3489 5212 Nam
3522 5164 3620 5212 ubi

1977 5179 2107 5212 nnin
2145 5196 2257 5212 nnn
2297 5175 2432 5212 Αἰρῖι
2465 5176 2522 5212 in
2560 5171 2835 5212 nn‘tionlin
