3990 5306
374 382 494 444 44.7

1401 386 1742 451 ATTONIS
1786 385 2369 450 VERCELLENSIS
2414 386 2763 451 EPISCOPI

3668 385 3780 447 448

376 516 638 589 perirent
657 536 678 583 ;
702 516 981 589 patientia
997 523 1191 577 autem
1223 520 1322 577 Dei
1356 524 1613 580 mundus
1631 524 1886 581 salvatus
1907 528 2015 580 est.
2049 522 2102 589 Α
2132 523 2375 577 beamus
2406 538 2512 577 nos
2544 521 2603 576 in
2635 519 2910 577 omnibus
2939 519 2998 575 in
3028 518 3241 574 virtute
3274 519 3392 585 Dei,
3416 516 3531 574 hoc
3554 521 3665 583 est,
3688 534 3786 590 per

377 606 691 677 Sequitur:
717 608 778 661 In
804 610 1528 668 tribulationibusMultum
1547 614 1762 686 quippe
1782 615 2027 670 tribula-

380 696 615 760 bantur,
649 698 748 752 sed
779 715 813 753 a
843 699 957 754 Deo
991 700 1059 754 de
1084 700 1562 759 tribulationibus
1584 705 2027 760 eruebanturJn

378 786 810 843 necessitatibus.
836 793 1082 845 Necesse
1104 792 1321 863 quippe
1351 798 1494 861 erat,
1529 799 1594 849 ut
1625 797 1797 851 etiam
1832 796 1889 850 in
1922 796 2026 850 tri-

380 875 784 932 bulationibus
805 879 1181 949 Evangelium
1207 883 1619 952 praedicarent;
1636 885 1753 940 sive
1768 888 1827 940 in
1847 902 2027 941 neces-

378 964 632 1020 sitatibus
661 966 822 1035 dicit,
856 967 1104 1023 aliarum
1139 987 1355 1026 rerum.
1392 976 1455 1027 In
1488 976 1781 1042 angustiis.
1832 976 2027 1045 Angu-

380 1054 713 1109 stiabantur
733 1054 948 1127 quippe
970 1056 1216 1113 diversis
1230 1063 1865 1131 persecutionibus,sed
1882 1062 2029 1118 dila-

380 1142 660 1197 tabantur
684 1159 785 1213 spe
817 1144 977 1217 regni
1012 1146 1280 1205 caelestis.
1343 1150 1652 1221 Sequitur:
1716 1155 1775 1207 In
1826 1154 2026 1223 plagis.

380 1237 572 1309 Plagae
596 1238 894 1304 dicuntur,
919 1244 1083 1312 quasi
1114 1244 1296 1315 ﬂagaa,
1322 1263 1388 1301 eo
1417 1248 1568 1317 quod
1597 1248 1731 1303 flatu
1758 1250 2028 1321 ingeran-

380 1332 499 1382 tur.
530 1328 677 1382 Nam
711 1330 863 1400 quod
895 1330 1140 1387 diversis
1173 1334 1359 1405 plagis
1384 1336 1555 1390 fuerit
1581 1338 1841 1403 attritus,
1874 1341 2027 1395 idem

378 1417 507 1488 ipse
537 1417 890 1485 manifestat,
923 1437 1055 1475 cum
1087 1422 1265 1479 dicit:
1306 1426 1401 1480 Ter
1464 1426 1634 1496 virgis
1689 1442 1860 1484 caesus
1904 1446 2028 1484 sum

383 1506 453 1575 (II
476 1505 596 1561 Cor.
624 1523 702 1572 x1,
730 1507 857 1573 25);
887 1513 944 1563 et
964 1509 1101 1565 item
1133 1529 1145 1566 :
1179 1513 1481 1583 Quinquies
1510 1515 1896 1585 quadragenas
1917 1535 2029 1573 una

381 1596 570 1649 minus
588 1597 770 1666 accepi
788 1599 1095 1666 (Ibid.,24).
1120 1603 1183 1655 In
1203 1604 1530 1658 carceribus.
1557 1604 1700 1659 Nam
1731 1608 1885 1677 quod
1905 1609 2029 1679 ipse

382 1682 442 1736 in
467 1684 801 1740 carceribus
822 1686 997 1742 fuerit
1018 1688 1305 1755 reclusus,
1331 1691 1479 1747 liber
1499 1694 1773 1748 Actorum
1797 1700 2027 1767 aposto-

384 1770 575 1826 lorum
608 1774 885 1829 ostendit.
916 1776 1230 1847 Sequitur:
1267 1782 1327 1834 In
1373 1781 1755 1838 seditionibus.
1808 1785 2027 1840 Seditio

383 1859 593 1914 attinet
612 1862 700 1961 ‘ad.
727 1862 907 1961 cives,
939 1864 1155 1961 bellum
1189 1868 1256 1922 ad
1291 1867 1509 1925 hostes.
1543 1872 1759 1928 Seditio
1790 1873 2028 1941 dicitur,
2060 1896 2108 1961 Β

384 1964 450 2003 eo
474 1949 629 2019 quod
654 1950 806 2005 cives
828 1952 979 2007 inter
1008 1970 1069 2009 se
1099 1956 1441 2014 dissidendo
1472 1960 1770 2016 dimicent.
1792 1963 2026 2032 thuod

386 2036 593 2092 seditio
618 2038 791 2093 fuerit
821 2045 947 2113 orta
965 2043 1241 2101 adversus
1263 2062 1418 2113 eum,
1445 2050 1717 2119 praefatus
1739 2050 1885 2105 liber
1905 2068 2026 2106 ma-

387 2126 643 2182 nifestat.
669 2127 981 2199 Sequitur:
1016 2136 1085 2187 In
1117 2133 1419 2191 laboribus.
1454 2139 1515 2191 In
1546 2138 1844 2194 laboribus
1875 2146 2031 2207 se,ut

387 2214 487 2269 Dei
519 2216 852 2274 ministrum
886 2221 1172 2288 exhibuit,
1205 2226 1343 2295 quia
1373 2227 1483 2281 sibi
1540 2227 1735 2283 cibum
1778 2230 2027 2301 propriis

387 2319 671 2359 manuum
704 2305 1003 2364 laboribus
1035 2312 1390 2383 acquirebat,
1441 2315 1560 2371 sive
1605 2316 1665 2371 in
1697 2319 2029 2391 evangelica

385 2391 795 2461 praedicatione
853 2396 1174 2465 plurimum
1233 2400 1553 2467 laborabat,
1612 2406 1925 2477 Sequitur:
1966 2411 2026 2463 In

384 2480 615 2548 vigiliis.
646 2480 939 2553 Vigilabat
970 2503 1223 2559 namque
1270 2507 1373 2561 per
1419 2496 1620 2547 noctes
1660 2495 1835 2550 etiam
1866 2496 2028 2553 labo-

386 2568 593 2632 rando,
626 2573 689 2623 ut
710 2570 819 2625 sibi
846 2573 1041 2629 cibum
1066 2579 1389 2648 acquireret
1414 2597 1425 2643 ;
1449 2579 1537 2634 vel
1556 2586 1707 2637 certe
1728 2584 2027 2657 vigilabat,

385 2657 527 2729 quia
548 2674 660 2714 non
685 2660 828 2716 satis
850 2668 974 2717 erat
992 2662 1075 2719 illi
1101 2682 1202 2737 per
1221 2668 1344 2723 dies
1362 2670 1692 2739 praedicare,
1718 2672 1831 2728 nisi
1852 2674 2026 2730 etiam

387 2746 756 2817 praedicando
781 2754 981 2805 noctes
1003 2753 1310 2826 pervigiles
1340 2758 1595 2814 duceret.
1620 2760 1784 2816 Unde
1813 2762 2028 2833 legitur

382 2834 444 2889 in
466 2836 705 2892 Actibus
736 2839 1168 2910 apostolorum:
1202 2844 1364 2913 Quia,
1398 2863 1531 2903 cum
1580 2861 1749 2905 nocte
1791 2856 2026 2923 proten-

386 2924 547 2979 deret
579 2942 932 2995 ermonem,
957 2931 1195 3001 quidam
1226 2951 1370 3005 puer
1389 2938 1595 2994 cecidit
1615 2940 1686 2995 de
1708 2942 2027 3009 caenaculo,

390 3017 449 3068 et
479 3018 746 3072 mortuus
801 3023 891 3073 est
917 3021 1051 3086 (Act.
1086 3039 1178 3091 xx,
1211 3024 1287 3095 9).
1323 3025 1638 3097 Sequitur:
1674 3032 1731 3084 In
1769 3031 2026 3103 jejuniis.

386 3109 670 3167 Videlicet
688 3117 807 3168 tam
840 3116 899 3170 in
933 3122 1290 3189 spontaneis,
1316 3139 1490 3195 quam
1517 3130 1573 3181 et
1594 3131 2030 3197 necessariis,in

391 3199 609 3271 quibus
627 3203 890 3276 utrisque
912 3206 1027 3262 Deo
1048 3210 1267 3279 gratias
1298 3214 1598 3270 referebat.
1634 3217 1946 3288 Sequitur:
1970 3222 2031 3274 In

387 3291 641 3346 castitate
673 3309 787 3348 non
820 3294 1012 3350 solum
1032 3300 1311 3370 corporis,
1335 3302 1437 3356 sed
1467 3305 1810 3376 evangelica
1834 3308 2035 3378 praedi-

389 3378 638 3434 cationis
665 3396 679 3435 :
712 3386 769 3436 et
801 3384 938 3453 quia
968 3386 1243 3457 utrinque
1273 3392 1563 3457 servabat,
1617 3393 1835 3450 multos
1876 3398 1937 3451 in
1972 3414 2035 3452 se

391 3469 775 3535 adversarios,
808 3472 1060 3527 maxime
1094 3477 1605 3548 pseudoapostolos
1636 3482 1941 3540 excitabat.
1971 3487 2033 3541 In

391 3558 641 3611 scientia.
675 3561 821 3613 Nota
846 3560 989 3630 quia
1016 3562 1319 3619 scientiam
1352 3566 1503 3621 inter
1531 3572 1737 3626 cetera
1766 3572 2034 3629 dinume-

393 3649 482 3699 rat
507 3661 519 3698 :
538 3652 940 3702 verumtamen
958 3666 1072 3704 non
1090 3650 1483 3709 humanarum
1499 3655 2035 3732 litterarum,quam

392 3732 451 3786 in
477 3733 667 3804 prima
686 3735 947 3806 Epistola
972 3738 1233 3806 denotat,
1267 3742 1367 3797 sed
1400 3744 1701 3801 scientiam
1734 3747 1874 3803 dicit
1903 3766 2035 3805 sen-

394 3838 527 3877 sum
562 3823 728 3893 Legis
758 3829 816 3879 et
846 3826 1163 3899 Evangelii.
1215 3834 1282 3885 In
1340 3832 1781 3905 longanimitate.
1817 3838 2039 3910 Longa-

397 3910 593 3966 nimus
622 3912 837 3968 dicitur
864 3931 898 3969 a
927 3913 1387 3988 longanimitate.
1424 3922 1489 3977 Et
1518 3924 1732 3979 dicitur
1768 3924 2036 3999 longani-

395 4015 549 4066 mus,
583 4015 649 4055 eo
680 4003 833 4072 quod
865 4002 1105 4076 longum
1165 4008 1376 4065 habeat
1431 4011 1696 4069 animum
1747 4016 1818 4070 ad
1851 4016 2038 4073 multa

396 4096 549 4153 mala
571 4100 930 4170 perferenda.
952 4104 1009 4158 In
1032 4108 1322 4175 suavitate,
1348 4125 1409 4164 se
1432 4110 1668 4181 quidem
1696 4112 2034 4170 ministrum

393 4187 675 4260 exhibuit,
709 4191 867 4261 quia,
900 4192 1008 4247 etsi
1042 4199 1374 4263 peccatores
1405 4181 1761 4269 increpabat,
1803 4218 2034 4257 verum-

392 4281 588 4332 tamen
622 4284 753 4349 post
770 4282 1236 4338 emendationem
1260 4287 1436 4340 verba
1456 4287 1873 4345 exhortationis
1894 4292 2035 4347 sub-

386 4366 768 4436 jungebat,ut
789 4368 923 4423 illos
946 4370 1017 4424 de
1040 4372 1430 4428 amaritudine
1458 4376 1527 4429 ad
1549 4374 1921 4435 dilectionem
1944 4382 2036 4436 sui

394 4453 670 4507 traheret.
706 4455 850 4509 Nam
885 4456 981 4511 ille
1010 4458 1314 4515 verissime
1347 4462 1542 4516 suavis
1574 4468 1681 4531 est,
1717 4466 1816 4535 qui
1849 4484 2036 4540 neque

394 4541 699 4596 verborum
737 4541 983 4611 levitate,
1012 4561 1200 4617 neque
1225 4549 1437 4603 mentis
1469 4553 1861 4610 commotione
1890 4555 2035 4613 alios

2136 610 2410 666 virtutem
2441 630 2452 669 :
2489 611 2625 682 quia
2657 612 2873 667 nostris
2902 609 3124 665 viribus
3155 627 3268 665 non
3301 625 3650 681 possumus,
3674 607 3783 663 sive

2138 700 2209 754 ad
2243 700 2537 767 inferiora,
2560 703 2618 756 in
2652 702 2850 756 virtute
2880 702 2976 756 Dei
3003 717 3099 771 per
3130 717 3287 754 arma
3306 700 3543 771 justitize
3590 714 3626 752 a
3654 698 3785 752 dea:-

2138 792 2313 856 tris,et
2344 808 2377 845 a
2404 793 2648 846 sinistris
2679 791 2865 846 simus
2898 789 3245 862 praeliantes.
3278 792 3457 844 Arma
3487 787 3784 854 dicuntur,

2138 896 2203 934 eo
2232 881 2383 949 quod
2420 880 2688 934 minuant
2713 895 2927 947 armos,
2960 896 3210 951 quorum
3230 880 3344 933 duo
3371 882 3518 932 sunt
3538 893 3785 948 genera:

2143 984 2327 1022 unum
2352 984 2465 1039 quo
2490 968 2706 1035 tegitur
2726 985 2926 1023 armus
2952 986 2965 1036 ;
2991 967 3257 1035 alterum,
3284 983 3399 1038 quo
3419 967 3671 1021 caeditur
3692 964 3791 1019 ini-

2140 1059 2348 1111 micus.
2378 1061 2446 1111 Et
2466 1057 2605 1128 quia
2622 1062 2741 1111 tam
2768 1058 2824 1111 in
2845 1058 2994 1111 bono
3020 1072 3195 1127 quam
3214 1060 3271 1110 et
3296 1056 3354 1110 in
3379 1055 3536 1110 malo
3560 1071 3789 1126 ponun-

2140 1153 2255 1215 tur,
2290 1147 2419 1203 ideo
2453 1147 2715 1201 addidit:
2750 1148 3012 1202 Justitic'e.
3037 1146 3186 1218 Ergo
3218 1161 3320 1217 per
3351 1162 3519 1200 arma
3542 1146 3787 1215 justitia

2141 1237 2300 1299 dicit,
2325 1237 2380 1291 id
2407 1242 2515 1301 est,
2550 1252 2651 1307 per
2681 1236 2905 1307 copiam
2940 1235 3243 1290 virtutum.
3278 1234 3502 1289 Dextra:
3530 1234 3785 1301 nomine,

2139 1342 2416 1398 prospera
2442 1344 2454 1392 ;
2480 1325 2731 1380 sinistra:
2762 1342 2896 1379 vero
2928 1324 3240 1396 significari
3272 1324 3539 1387 adversa,
3576 1340 3784 1379 secun-

2138 1416 2278 1470 dum
2306 1431 2523 1469 morem
2544 1432 2721 1469 sacras
2741 1415 3051 1484 Scriptura:
3068 1412 3275 1467 solent.
3298 1413 3409 1467 Iste
3432 1428 3594 1482 ergo,
3616 1409 3783 1465 veluti

2138 1503 2497 1558 fortissimus
2531 1502 2698 1557 miles
2731 1503 2910 1557 armis
2947 1500 3231 1568 munitus,
3264 1500 3417 1555 inter
3439 1516 3665 1554 cuneos
3696 1500 3785 1554 ho-

2139 1593 2319 1648 stium
2346 1592 2787 1657 incedens,hinc
2808 1590 3332 1662 indeladversarios
3352 1590 3782 1661 prosternebat;

2138 1683 2278 1753 quia
2308 1699 2497 1754 neque
2529 1683 2862 1754 erigebatur
2892 1680 3209 1753 prosperis,
3242 1695 3432 1750 neque
3459 1678 3784 1749 ldejicieba—

2135 1775 2233 1826 tur
2263 1771 2541 1825 adversis.
2576 1771 2723 1835 Quid
2746 1774 2899 1826 esset
2923 1770 3077 1840 quod
3109 1769 3273 1837 dixit,
3308 1785 3350 1823 α
3398 1769 3648 1833 dextris,
3681 1771 3730 1821 et
3756 1784 3786 1821 α

2137 1862 2400 1923 sinistris,
2462 1859 2799 1914 manifestat
2853 1858 3159 1913 subdendo
3202 1875 3215 1913 :
3274 1873 3374 1928 per
3428 1858 3694 1926 gloriam,
3745 1864 3792 1910 et

2137 1950 2557 2021 ignobilitatem.
2594 1949 2716 2015 His,
2748 1949 3015 2019 inquam,
3073 1948 3172 2018 qui
3203 1946 3472 2019 gloriam,
3528 1952 3587 2000 et
3616 1946 3790 1999 decus

2136 2039 2195 2093 in
2228 2036 2992 2109 Evangeliointelligebant,
3055 2052 3116 2091 se
3173 2051 3409 2107 quoque
3474 2034 3788 2106 Apostolus

2138 2125 2735 2198 irreprehensibilem,
2768 2130 2943 2196 atque
2976 2140 3236 2181 veracem
3271 2126 3391 2179 fore
3413 2124 3785 2179 declarabat:

2137 2220 2391 2283 econtra,
2426 2215 2640 2286 quibus
2672 2214 3130 2285 dedebus,atque
3162 2213 3506 2268 inhonestae
3530 2213 3786 2282 Evange-

2139 2306 2282 2361 lium
2340 2310 2463 2360 erat
2522 2303 2701 2359 simili
2760 2304 2933 2359 modo
2995 2319 3056 2358 se
3114 2302 3695 2373 irreprehensibilem
3728 2318 3786 2355 ac

2137 2411 2398 2449 veracem
2431 2410 2559 2449 esse
2583 2394 2969 2448 monstrabat.
2997 2390 3306 2463 Sequitur:
3328 2392 3436 2445 Per
3458 2391 3783 2459 in/amiam,

2136 2492 2188 2539 et
2222 2485 2418 2538 bonam
2476 2486 2703 2553 famam.
2761 2482 2937 2537 Fama
2991 2482 3221 2546 dicitur,
3281 2497 3346 2535 eo
3406 2480 3565 2551 quod
3616 2479 3784 2533 fando

2138 2573 2428 2628 discurrat
2453 2588 2554 2642 per
2583 2586 2774 2625 aures.
2808 2572 2986 2627 Fama
3043 2576 3151 2635 est,
3212 2569 3474 2641 quandiu
3536 2586 3656 2623 non
3706 2573 3788 2623 est

2137 2661 2490 2716 manifesta:
2526 2676 2659 2714 cum
2709 2664 2905 2715 autem
2965 2659 3278 2714 manifesta
3334 2662 3445 2729 est,
3500 2658 3633 2728 jam
3678 2673 3787 2711 non

2137 2750 2313 2818 fama,
2346 2750 2445 2804 sed
2477 2765 2571 2805 res
2602 2751 2709 2804 est.
2743 2748 2813 2803 Et
2845 2752 2933 2803 est
2962 2748 3119 2803 fama
3150 2751 3271 2802 tam
3300 2747 3593 2802 bonarum
3614 2762 3787 2817 quam

2137 2843 2196 2894 et
2227 2838 2515 2893 malarum
2546 2854 2765 2893 rerum.
2824 2836 3208 2893 Credentibus
3264 2852 3399 2891 vero
3459 2837 3627 2891 bonae
3674 2839 3792 2889 erat

2136 2928 2326 2993 famae,
2353 2927 2493 3000 quia
2522 2926 2718 2998 magni
2752 2925 2942 2981 meriti
2975 2941 3111 2980 eum
3156 2940 3281 2981 esse
3312 2924 3625 2991 dicebant;
3683 2939 3791 2978 non

2141 3017 2519 3073 credentibus
2543 3015 2709 3071 malae
2736 3016 2901 3069 famae
2925 3019 3071 3080 erat,
3098 3014 3237 3085 quia
3267 3014 3639 3069 seductorem
3663 3030 3788 3069 eum

2137 3122 2270 3162 esse
2293 3106 2589 3161 dicebant.
2609 3108 2739 3175 Ipse
2764 3119 2895 3159 vero
2918 3102 3142 3174 illaesus
3162 3102 3314 3157 inter
3337 3107 3655 3173 utramque
3674 3118 3786 3173 par-

2145 3200 2265 3251 tem
2297 3194 2593 3263 incedens,
2622 3209 2809 3263 neque
2838 3192 3084 3247 istorum
3112 3190 3388 3247 laudibus
3438 3190 3788 3254 elevabatur,

2065 3260 2108 3327 α
2148 3300 2337 3355 neque
2364 3260 2595 3337 illorum
2620 3260 3143 3338 obtrectationibus
3165 3279 3662 3352 pracipitabatur.
3692 3281 3785 3335 Se-

2142 3374 2381 3445 quitur:
2417 3374 2480 3430 Ut
2508 3373 2828 3428 seductares
2856 3381 2909 3425 et
2942 3387 3178 3426 veraces.

2213 3496 2766 3553 Adeo'credentibus
2792 3511 3049 3563 veraces,
3082 3499 3141 3550 et
3180 3492 3377 3565 magni
3439 3492 3638 3548 meriti
3669 3508 3792 3549 esse

2143 3587 2510 3649 videbantur,
2546 3590 2610 3640 ut
2640 3585 2718 3639 dii
2752 3586 3166 3650 crederentur;
3224 3581 3567 3637 infidelibus
3599 3588 3791 3637 autem

2142 3675 2492 3732 videbantur
2520 3675 2875 3739 seductores,
2910 3674 2967 3729 id
3000 3677 3108 3741 est,
3140 3672 3499 3742 deeeptores.
3556 3672 3627 3726 Et
3657 3670 3791 3742 quid

2145 3763 2383 3830 mirum,
2418 3778 2547 3816 cum
2578 3762 2647 3817 de
2682 3761 2921 3817 Domino
2971 3761 3192 3815 dictum
3225 3760 3339 3815 sit:
3371 3761 3678 3816 Recordati
3703 3778 3793 3815 su-

2143 3853 2422 3922 mus,quia
2439 3850 2688 3906 seductor
2709 3851 2804 3905 ille
2823 3850 3007 3905 adhuc
3030 3850 3214 3904 vivens
3231 3849 3440 3917 (Matth.
3475 3866 3656 3920 xxvn,
3685 3850 3791 3919 63),

2146 3946 2253 3996 etc.
2277 3939 2629 4011 ‘tSequitur:
2655 3938 2809 3995 Sicut
2839 3940 2935 4009 qui
2966 3939 3157 4009 ignoti,
3189 3941 3239 3993 et
3271 3939 3500 4008 cogniti.
3564 3938 3791 4012 Cogniti

2145 4031 2361 4102 quippe
2382 4032 2548 4083 erant
2572 4027 2865 4098 ﬁdelibus,
2888 4027 2987 4097 qui
3004 4026 3152 4081 tanti
3167 4042 3267 4082 eos
3289 4025 3571 4093 meriti,et
3600 4027 3793 4098 digni-

2144 4118 2282 4173 tatis
2312 4116 2706 4187 agnoscebant
2733 4134 2744 4183 ;
2782 4114 2961 4188 ignoti
2994 4119 3194 4170 autem
3233 4118 3397 4169 erant
3428 4114 3796 4182 inﬁdelibus,

2146 4205 2245 4276 qui
2276 4204 2479 4275 quales
2507 4208 2721 4267 essent,
2756 4221 2872 4259 non
2903 4203 3315 4276 agnoscebant.
3336 4204 3528 4270 τριαιδί
3556 4206 3796 4260 momen-

2146 4302 2239 4359 tes,
2273 4298 2382 4347 ctc.
2421 4292 2566 4347 Dicit
2595 4294 2751 4348 enim
2782 4293 3183 4365 Augustinus:
3217 4293 3277 4347 In
3337 4291 3456 4347 illis
3500 4293 3683 4349 rebus
3714 4299 3797 4349 est

2144 4385 2319 4455 quasi,
2346 4382 2402 4436 in
2427 4382 2642 4454 quibus
2664 4399 2777 4437 non
2802 4386 2892 4437 est
2919 4381 3153 4449 veritas,
3178 4384 3265 4436 vel
3292 4398 3419 4453 quae
3442 4382 3794 4439 transitoria

2145 4476 2320 4539 sunt;
2347 4472 2844 4544 quemadmodum
2866 4471 2914 4527 si
2930 4470 3063 4543 quis
3077 4470 3377 4527 somnians
3400 4470 3561 4526 dicat
3588 4472 3798 4527 :Puta-

2146 4560 2278 4615 bam
2313 4577 2405 4616 me
2436 4577 2563 4616 esse
2590 4559 2756 4631 quasi
2789 4560 2847 4614 in
2879 4559 3133 4631 quodam
3167 4558 3312 4614 loco.
3348 4557 3449 4614 Isti
3472 4559 3647 4630 quasi
3669 4576 3792 4614 mo-

396 4627 466 4721 ad
498 4627 863 4721 iracundiam
896 4640 1185 4703 provocat.
1219 4639 1281 4692 In
1314 4637 1523 4709 Spiritu
1578 4650 1760 4697 sancto
1792 4644 2032 4715 (subau-
2067 4630 2112 4694 Ῑ)
2143 4648 2356 4705 rientes
2388 4652 2574 4715 erant,
2606 4627 2748 4719 quia
2776 4648 2859 4702 ita
2890 4627 3413 4719 persequebantur,
3475 4627 3543 4703 ut
3588 4648 3663 4704 de
3690 4664 3793 4721 spe

397 4717 573 4784 ditur,
609 4718 987 4778 exhibeamus
1018 4741 1146 4790 nos,
1178 4726 1306 4793 ejus
1335 4726 1585 4798 gratiam
1618 4737 1947 4803 sequentes,
1985 4737 2041 4789 et

393 4805 753 4864 voluntatem
771 4809 997 4866 illiusin
1014 4815 1171 4868 omni
1184 4815 1291 4870 bus
1304 4816 2036 4892 adimplentes).Sequitur:

392 4906 455 4960 In
487 4905 756 4962 charitate
782 4924 889 4963 non
914 4907 1065 4979 ficta.
1101 4911 1200 4966 Ille
1231 4913 1425 4968 fictam
1450 4913 1797 4971 charitatem
1844 4917 2039 4983 habet,

393 4993 676 5044 nuieum-
712 5011 882 5044 auem
919 5014 981 5044 se
1038 4997 1276 5044 dilicmm
1333 5001 1475 5044 dicit.
1551 5002 1607 5044 in
1663 5004 2039 5044 irihnlniinnn

2148 4736 2319 4793 istius
2341 4737 2467 4791 vite
2501 4737 2801 4810 praesentis
2833 4737 3227 4808 desperarent.
3260 4737 3328 4791 Et
3382 4751 3502 4792 ecce
3532 4738 3791 4793 vivimus.

2147 4826 2431 4882 Vivebant
2462 4826 2580 4895 isti,
2612 4826 2751 4899 quia
2807 4843 2920 4881 non
2980 4825 3489 4897 extinguebantur,
3551 4829 3619 4880 ut
3649 4826 3793 4881 liber

2146 4919 2425 4972 Actorum
2457 4915 2856 4988 apostolorum
2916 4913 3272 4970 manifestat.
3329 4913 3568 4985 Legitur
3596 4916 3789 4970 enim:

2148 5005 2288 5044 ﬁnio
2314 5021 2443 5044 num
2466 5004 2717 5044 vonicupt
2739 5002 2954 5044 Dnnlnq
2982 5002 3194 5044 Luatriq
3222 5007 3279 5044 Ai.
3300 5001 3598 5044 lnniﬂnhin
3619 5009 3769 5044 aqua}
