3990 5306
125 409 237 469 449

682 404 1097 467 EXPOSITIO
1141 406 1218 467 IN
1266 406 1693 469 EPISTOLAS
1740 408 2097 470 PAULL—
2129 410 2205 470 IN
2249 411 2500 476 EPIST.
2546 415 2598 475 ΙΙ
2642 420 2747 478 AD
2792 421 2968 483 COR.

3396 432 3519 493 450

130 542 273 603 bant,
297 536 435 608 quia
456 536 625 591 donis
647 536 1009 607 spiritalibus
1024 538 1573 594 abundabant.Nam
1599 540 1756 595 locu-
1787 546 1843 610 Α
1873 540 2382 611 similitudinibus,
2415 551 2587 621 atque
2636 551 2899 622 exemplo
2938 555 3271 627 prophetico
3301 564 3512 619 conﬁr-

127 627 237 701 ples
265 626 557 680 derivatur
613 642 645 679 a
677 624 885 680 loculo.
938 626 1189 682 Loculus
1237 629 1451 683 dicitur
1487 629 1756 684 sacculus

127 731 345 789 parvus.
382 714 723 785 Locupletes
742 715 897 768 enim
920 721 1083 770 erant
1106 716 1222 779 isti,
1248 717 1386 788 quia
1417 717 1633 772 multos
1656 718 1755 772 ba-

130 800 329 860 bebant
372 800 617 865 loculos,
652 802 705 856 id
741 808 848 873 est,
882 804 1032 858 dona
1082 803 1388 875 spiritalia,
1426 807 1578 860 unde
1610 806 1756 861 alios

131 892 399 949 ditabant.
455 892 739 963 Tanquam
786 892 934 947 nihil
983 893 1256 961 habentes,
1306 900 1415 948 etc.
1470 894 1585 949 Hoc
1633 900 1757 950 erat

130 981 431 1053 gloriosum
465 981 706 1050 sanctis,
741 987 805 1035 ut
853 983 1073 1053 absque
1105 982 1517 1049 sollicitudine,
1550 988 1604 1038 et
1657 1002 1756 1039 no-

134 1072 269 1127 mine
302 1070 693 1142 possessionis
715 1070 911 1125 omnia
934 1072 1317 1143 possiderent,
1342 1074 1482 1128 adeo
1516 1090 1631 1127 non
1664 1090 1755 1128 so-

132 1161 238 1215 lum
264 1158 529 1230 ipsarum
546 1176 764 1224 rerum,
781 1160 879 1214 sed
898 1160 1267 1216 dominorum
1288 1161 1755 1228 dominarentur,

131 1254 185 1303 nt
212 1247 261 1302 in
294 1248 540 1303 Actibus
572 1247 965 1319 apostolorum
997 1247 1228 1321 legitur,
1262 1251 1402 1321 quia
1430 1252 1758 1307 vendebant

124 1337 326 1405 omnia,
360 1340 416 1391 et
446 1336 761 1392 offerebant
791 1338 997 1408 pretia,
1032 1342 1137 1393 etc.
1170 1340 1301 1406 (Act.
1337 1357 1412 1407 v1,
1445 1341 1556 1411 34).

182 1426 328 1497 (727)
360 1426 427 1481 Os
472 1434 722 1481 nostrum
768 1435 933 1497 patet.
971 1431 1280 1498 Postquam
1333 1429 1555 1485 dixerat
1583 1446 1754 1502 supe-

120 1518 227 1571 rius
281 1515 583 1571 neminem
639 1533 810 1571 nosse
860 1518 1184 1573 secundum
1230 1534 1482 1584 carnem,
1516 1524 1572 1574 et
1621 1520 1755 1575 sub-

111 1608 379 1677 junxerat
426 1620 626 1676 quare,
657 1604 716 1659 id
765 1608 873 1669 est,
916 1606 1055 1676 quia
1103 1607 1150 1660 si
1202 1608 1600 1678 cognovimus,
1634 1609 1752 1677 iam

119 1711 214 1749 non
245 1693 527 1749 novimus
557 1692 851 1748 Christum
874 1695 1195 1749 secundum
1228 1712 1484 1763 carnem,
1513 1698 1755 1767 subjun-

116 1787 258 1839 xerat
287 1783 475 1838 etiam
508 1798 569 1838 se
602 1783 894 1853 accepisse
928 1784 1321 1840 ministerium
1355 1786 1751 1842 reconciliato-

116 1873 213 1938 nis,
242 1874 410 1928 unde
456 1876 513 1927 et
542 1889 646 1943 pro
695 1871 924 1927 Christo
956 1873 1097 1927 dicit
1129 1889 1189 1928 se
1238 1874 1524 1946 legatione
1566 1876 1750 1949 fungi,

1868 646 2049 695 mare,
2103 634 2413 705 subjunxit
2445 654 2458 690 :
2490 639 2620 706 Quae
2661 642 2809 695 enim
2851 646 3212 715 participatio
3251 650 3511 723 justilise,

1867 725 1975 774 etc.
2013 725 2123 777 Lex
2165 723 2326 778 enim
2371 725 2669 795 justitiam
2718 731 3010 801 praedicat,
3046 750 3173 805 qua:
3222 742 3515 797 contraria

1866 813 1956 862 est
1984 809 2303 881 iniquitati.
2338 814 2405 868 Et
2433 820 2523 869 est
2571 833 2779 873 sensus
2810 837 2823 875 :
2858 821 2993 888 Qua
3018 825 3378 896 participatio
3411 831 3513 901 ju-

1865 898 2032 955 stitiae
2088 916 2212 955 cum
2262 904 2607 973 iniquitate?
2652 907 2841 963 Nulla.
2893 910 2976 965 Ita
3032 918 3089 967 et
3134 915 3297 970 nulla
3344 898 3515 974 debet

1866 1003 1993 1042 esse
2022 991 2268 1044 societas
2314 992 2592 1063 fidelium,
2623 1000 2733 1050 etc.
2768 998 2901 1061 Quae
2950 1009 3279 1071 sequuntur
3307 1007 3379 1061 ad
3412 1024 3519 1064 su-

1868 1076 2095 1145 periora
2143 1080 2494 1135 referuntur.
2530 1084 2635 1138 Aut
2679 1101 2797 1155 quae
2844 1090 3075 1145 societas
3108 1092 3220 1148 luci
3264 1096 3333 1151 ad
3362 1106 3515 1155 tene-

1868 1164 2036 1218 bras?
2080 1166 2199 1221 Lux
2248 1169 2405 1223 enim
2472 1172 2774 1228 veritatem
2823 1177 3117 1246 praedicat,
3151 1188 3207 1235 et
3248 1186 3373 1255 ipsa
3425 1204 3516 1243 ve-

1867 1252 2009 1343 ritas
2039 1252 2137 1308 lux
2186 1261 2294 1321 est,
2327 1275 2452 1329 quae
2500 1259 2598 1314 lux
2650 1262 2810 1334 fugat
2839 1267 3111 1323 tenebras
3159 1252 3415 1343 erroris;
3457 1284 3515 1332 et

1866 1341 1993 1396 ideo
2046 1343 2209 1399 nulla
2262 1346 2507 1403 societas
2558 1366 2685 1405 esse
2731 1358 2940 1422 potest.
2986 1357 3115 1424 Qua
3156 1366 3340 1417 autem
3385 1341 3512 1421 con-

1864 1433 2041 1486 ventio
2090 1432 2297 1489 Christi
2347 1436 2417 1490 ad
2464 1439 2690 1493 Belial?
2720 1442 2892 1498 Belial
2937 1463 3192 1517 namque
3239 1452 3517 1524 interpre-

1865 1523 2021 1574 tatur
2065 1523 2188 1578 sine
2237 1525 2381 1593 iugo,
2433 1526 2727 1598 signiﬁcat
2773 1532 3095 1602 diabolum,
3147 1540 3246 1609 qui
3297 1523 3512 1602 similis

1864 1624 1993 1663 esse
2024 1614 2137 1665 Deo
2178 1610 2382 1679 voluit,
2416 1615 2664 1672 nolendo
2720 1620 2866 1675 ferre
2891 1624 3104 1694 jugum
3154 1627 3362 1699 ipsius.
3398 1633 3513 1689 Lex

1864 1713 2118 1792 namque
2149 1699 2209 1755 in
2259 1702 2463 1774 ﬁguris
2511 1709 2569 1759 et
2598 1707 3056 1767 obscuritatibus
3105 1714 3309 1772 litterae
3361 1737 3513 1792 pris-

1867 1785 2024 1839 dicat
2098 1787 2421 1860 Christum,
2456 1794 2555 1862 qui
2590 1794 2752 1866 fugat
2800 1798 3099 1856 diabolum
3133 1804 3203 1859 de
3235 1785 3510 1866 cordibus

1863 1874 2147 1945 ﬁdelium,
2181 1877 2279 1948 qui
2311 1884 2424 1934 Deo
2469 1880 2681 1937 similis
2709 1901 2836 1941 esse
2883 1888 3065 1944 voluit
3096 1896 3153 1946 et
3182 1893 3311 1951 ideo
3344 1898 3511 1955 nulla

116 1968 164 2018 et
206 1962 601 2032 subjunxerat
650 1961 1130 2027 admonitionem,
1164 1967 1220 2017 et
1267 1964 1751 2035 exhortationem,
1785 1939 1830 2002 B
1862 1965 2183 2020 conventio.

120 2069 220 2124 qua
246 2051 513 2106 mundus
535 2050 650 2104 Deo
683 2050 1115 2106 reconciliatur:
1134 2052 1397 2124 prorupit
1426 2053 1486 2108 in
1517 2055 1753 2110 laudem

121 2140 567 2209 Corinthiorum,
599 2140 799 2194 dicens
835 2157 848 2194 :
883 2140 950 2194 Os
982 2143 1231 2195 nostrum
1252 2160 1270 2202 ;
1301 2146 1357 2197 et
1387 2148 1476 2198 est
1504 2159 1750 2201 sensus:

121 2230 305 2285 Vestra
356 2228 710 2293 emendatio,
754 2229 1055 2294 correctio,
1090 2234 1263 2301 atque
1314 2231 1554 2288 salvatio
1609 2234 1752 2289 adeo

126 2336 207 2373 me
250 2319 447 2374 laetam
506 2317 781 2383 reddidit,
834 2322 897 2371 ut
952 2322 1142 2373 tacere
1187 2336 1301 2374 non
1352 2322 1592 2391 possim.
1651 2324 1753 2380 Cor

124 2417 348 2464 nostrum
382 2408 676 2463 dilatatam
703 2410 801 2461 est.
834 2406 1074 2463 Duobus
1100 2409 1288 2464 modis
1319 2410 1600 2466 dilatatur
1630 2428 1745 2479 cor,

117 2502 204 2552 aut
230 2496 447 2553 ﬁducia
496 2497 658 2552 bona:
712 2497 1189 2562 conversationis,
1217 2503 1317 2553 aut
1366 2516 1466 2570 spe
1496 2518 1751 2557 resurre-

112 2585 346 2655 ctionis;
382 2585 551 2658 quasi
584 2586 797 2641 diceret
830 2602 843 2641 :
879 2587 1036 2641 Adeo
1065 2592 1257 2643 vestra
1286 2590 1636 2659 emendatio,
1670 2599 1750 2646 at-

109 2692 209 2745 que
239 2676 524 2731 correctio
548 2692 654 2731 nos
685 2673 844 2731 lentos
876 2676 1150 2744 reddidit,
1173 2682 1239 2731 ut
1268 2682 1323 2732 et
1351 2695 1451 2733 cor
1479 2686 1747 2735 nostrum

106 2764 418 2820 dilatatum
447 2764 564 2835 isit,
598 2769 656 2818 et
696 2780 761 2819 os
813 2765 1189 2835 patefactum,
1223 2771 1513 2837 quatenus
1559 2774 1750 2826 tacere

102 2871 210 2909 non
255 2854 583 2926 possimus.
616 2851 724 2907 Ubi
772 2853 1101 2907 ostenditur
1130 2854 1267 2923 quia
1312 2856 1658 2925 obedientia,
1694 2865 1750 2914 et

99 2943 385 2998 correctio
438 2942 725 2997 bonorum
777 2941 1196 3011 subjectorum,
1229 2944 1309 2996 ita
1353 2943 1512 2999 laetos
1562 2948 1751 3002 reddit

92 3032 443 3105 magistros,
478 3034 545 3084 ut
574 3029 713 3083 talia
741 3029 825 3083 eis
868 3028 1181 3099 proferant,
1212 3030 1405 3101 qualia
1438 3049 1498 3087 se
1529 3034 1599 3088 ab
1633 3035 1749 3090 eis-

83 3120 218 3175 dem
256 3134 387 3172 non
420 3116 705 3187 putabant
734 3116 954 3171 audire.

145 3208 279 3263 Non
310 3205 742 3274 angustiamini,
775 3208 884 3260 etc.
918 3202 1020 3259 His
1048 3207 1240 3262 verbis
1263 3209 1592 3264 ostenditur
1612 3212 1751 3283 quia

1936 2053 2037 2121 Qui
2064 2064 2253 2110 autem
2281 2073 2571 2114 consensus
2619 2065 2815 2132 templo
2856 2067 2955 2122 Dei
3002 2085 3125 2124 eum
3156 2073 3365 2131 idolis?
3394 2075 3509 2131 No-

1865 2143 2110 2198 tandum
2146 2144 2283 2233 quia
2313 2147 2394 2201 nil
2428 2150 2614 2220 magis
2647 2156 3007 2211 contrarium
3040 2164 3129 2215 est
3153 2160 3511 2233 Christiano,

1864 2245 2042 2301 quam
2095 2232 2447 2301 idololatria,
2487 2243 2543 2291 et
2572 2239 2764 2295 idola:
2818 2260 2953 2299 nam
3002 2246 3115 2303 ista
3164 2250 3431 2308 homines
3476 2272 3510 2310 a

1862 2319 1978 2373 Deo
2030 2337 2301 2393 separare
2350 2325 2561 2395 solent,
2612 2333 2667 2382 et
2716 2330 2784 2384 ad
2836 2335 3203 2405 negationem
3256 2341 3503 2400 trahere.

1860 2409 1930 2463 Et
1959 2408 2110 2475 ideo,
2144 2428 2481 2484 quanquam
2531 2417 2729 2473 omnia
2777 2421 2915 2476 vitia
2966 2424 3311 2484 detestanda
3364 2430 3503 2495 sint,

1860 2499 2016 2554 istud
2065 2502 2370 2574 praecipue,
2409 2507 2564 2574 quod
2616 2506 2880 2566 homines
2912 2529 2945 2566 a
2995 2513 3110 2569 Deo
3154 2524 3403 2588 separat.
3440 2523 3507 2576 Et

1859 2587 1989 2643 ideo
2044 2591 2243 2645 eodem
2298 2593 2607 2661 conclusit,
2660 2598 2964 2655 subdendo
3001 2618 3013 2655 :
3057 2605 3149 2659 Vos
3187 2587 3335 2662 enim
3378 2612 3507 2665 estis

1857 2680 2126 2745 templum
2157 2682 2275 2745 Dei,
2307 2686 2414 2737 etc.
2444 2700 2456 2749 ;
2491 2685 2657 2754 quasi
2705 2687 2961 2745 diceret:
2990 2691 3047 2746 Si
3098 2711 3196 2749 vos
3219 2699 3505 2755 credendo

1858 2767 2144 2837 templum
2168 2768 2264 2823 Dei
2299 2771 2460 2835 estis,
2490 2771 2572 2826 illi
2604 2791 2717 2828 non
2738 2777 3024 2834 credendo
3057 2783 3341 2855 templum
3365 2792 3506 2843 sunt

1859 2855 2072 2909 diaboli
2112 2881 2125 2921 ;
2160 2862 2215 2911 et
2243 2856 2371 2912 ideo
2405 2864 2619 2927 cavete,
2655 2879 2745 2929 ne,
2767 2880 2867 2935 per
2899 2867 3323 2941 infidelitatem,
3345 2875 3504 2931 illius

1859 2945 2215 3000 efﬁciamini.
2274 2948 2542 3019 Templum
2592 2952 2687 3006 Dei
2720 2954 2829 3008 vivi
2858 2954 3018 3023 dicit,
3052 2960 3123 3013 ad
3176 2960 3506 3020 distinctio-

1861 3047 1991 3085 nem
2044 3039 2430 3089 mortuorum.
2482 3037 2804 3108 Sequitur:
2841 3044 3109 3110 Quoniam
3159 3050 3500 3121 inhabitabo,

1858 3123 1966 3173 etc.
1994 3120 2075 3174 Ad
2103 3122 2600 3179 conﬁrmationem
2630 3128 2719 3180 sui
2744 3128 2852 3184 iste
2872 3134 3140 3204 egregius
3162 3120 3507 3207 praedicator

1859 3207 2046 3263 ﬁdelis
2080 3209 2136 3262 in
2190 3211 2384 3279 verbo,
2418 3215 2474 3266 et
2522 3214 2780 3283 veritate,
2815 3219 3218 3280 testimonium
3263 3230 3507 3300 prophe-

76 3295 248 3353 bonis
265 3294 761 3367 praedicatoribus
776 3293 923 3348 bona
938 3294 1387 3363 praedicantibus
1406 3313 1517 3351 non
1542 3299 1746 3357 obesse
1778 3306 1819 3372 ρ
1859 3296 2039 3351 ticum
2072 3298 2272 3353 sumit.
2293 3299 2395 3353 Ubi
2431 3308 2747 3358 monentur
2768 3308 3193 3379 praedicatores,
3215 3293 3321 3370 sua
3352 3293 3507 3373 dicta

81 3388 339 3455 possunt
381 3382 518 3437 mali
568 3382 899 3449 auditores;
933 3387 991 3437 et
1021 3383 1149 3438 ideo
1202 3383 1343 3439 dicit
1385 3388 1699 3457 Apostolus
1734 3406 1748 3449 :

86 3478 198 3532 Non
248 3472 664 3543 angustiamini
708 3472 767 3525 in
814 3471 994 3537 nobis,
1030 3474 1197 3543 quasi
1246 3474 1508 3531 diceret:
1541 3478 1598 3532 Si
1649 3496 1752 3535 vos

92 3582 200 3620 non
232 3559 602 3626 correxistis,
624 3576 737 3615 non
772 3561 938 3616 nobis
961 3561 1150 3628 obest,
1171 3562 1271 3633 qui
1304 3564 1457 3618 bona
1479 3568 1752 3637 praedica-

95 3671 244 3719 mus,
301 3651 409 3706 sed
462 3649 649 3714 vobis,
695 3649 792 3720 qui
847 3649 1030 3705 facere
1079 3652 1475 3709 contemnitis.
1527 3661 1595 3710 Et
1642 3658 1752 3713 hoc

95 3740 379 3813 est,quod
411 3738 613 3794 subdit
645 3754 658 3793 :
686 3739 1105 3809 Angustiamini
1133 3743 1192 3795 in
1214 3742 1509 3799 visceribus
1529 3750 1751 3808 vestris;

96 3831 343 3886 eamdem
374 3831 568 3883 autem
621 3828 877 3883 habentes
914 3832 1417 3885 remunerationem
1446 3834 1751 3901 (subaudi-

97 3927 208 3985 tur,
258 3918 476 3989 eritis).
509 3916 685 3980 Quasi
733 3917 951 3972 diceret
997 3935 1009 3972 :
1060 3918 1115 3971 Si
1165 3919 1437 3974 eumdem
1490 3937 1750 3989 cursum,

102 4025 269 4079 quem
306 4022 443 4071 nos,
467 4006 857 4071 cocurreritis,
890 4006 1156 4060 eamdem
1216 4006 1507 4063 habebitis
1564 4026 1754 4064 remu-

102 4096 506 4152 nerationem:
561 4099 617 4147 et
680 4093 779 4163 qui
820 4094 1085 4149 eamdem
1146 4100 1205 4149 et
1251 4099 1537 4167 tanquam
1590 4102 1755 4169 pater

100 4185 242 4241 ﬁlios
301 4199 541 4247 moneo,
602 4180 937 4237 dilatamini.
997 4183 1162 4238 Sicut
1209 4184 1365 4240 enim
1426 4186 1751 4255 sacculum,

100 4276 139 4329 si
171 4292 284 4330 non
320 4271 525 4343 capiat
554 4272 710 4342 quod
764 4272 1081 4343 pretiosum
1113 4277 1221 4339 est,
1256 4276 1652 4343 extendimus,
1687 4281 1753 4331 ut

100 4380 294 4435 capere
350 4360 566 4433 possit,
618 4359 700 4415 ita
754 4364 953 4415 monet
999 4361 1314 4431 Apostolus
1364 4364 1594 4419 dilatari
1642 4365 1751 4421 Co-

100 4452 368 4516 rinthios,
426 4455 492 4505 ut
537 4449 869 4521 capaciores
918 4450 1281 4516 reddantur;
1345 4455 1634 4523 quatenus
1686 4470 1753 4508 ea

99 4541 371 4610 pretiosa,
429 4555 555 4609 quae
606 4538 869 4592 dicturus
920 4541 1061 4603 erat,
1114 4554 1317 4609 capere
1366 4545 1626 4611 possent.
1686 4542 1753 4596 Et

100 4630 216 4686 ideo
247 4629 398 4685 dicit
424 4644 437 4682 :
472 4628 814 4695 Dilatamini,
836 4627 1005 4698 quasi
1027 4627 1246 4682 diceret
1270 4645 1281 4683 :
1308 4631 1562 4701 Capaces
1584 4631 1750 4700 estis,

105 4721 190 4773 sed
241 4717 588 4791 capaciores
636 4721 842 4783 estote,
876 4722 941 4771 ut
991 4732 1197 4787 capere
1248 4719 1488 4789 possitis
1538 4725 1596 4776 et
1626 4738 1747 4777 vos.

102 4806 216 4862 Non
268 4808 439 4862 enim
487 4805 648 4874 dicit,
708 4823 828 4873 vos,
884 4805 1006 4873 sed,
1065 4809 1119 4860 et
1174 4822 1297 4868 vos;
1330 4808 1497 4878 quasi
1551 4807 1748 4867 dicat:

104 4894 221 4952 Jam
254 4913 363 4951 nos
398 4894 627 4949 dilatati
661 4911 868 4950 sumus
900 4895 973 4948 ab
1008 4893 1158 4950 bona
1189 4897 1626 4967 proferendum,
1654 4917 1754 4956 vos

107 4983 429 5041 dilatamini
466 4983 538 5037 ad
570 4984 941 5055 capiendum.

174 5076 245 5128 Et
293 5075 469 5127 nolite
509 5073 707 5143 jugum
753 5074 971 5141 ducere,
1022 5076 1131 5127 etc.
1180 5073 1398 5147 Jugum
1444 5076 1600 5132 enim
1648 5096 1750 5150 pro

110 5161 373 5215 societate
407 5160 792 5232 ponitur,ideo
824 5161 968 5233 quia
992 5162 1193 5217 eodem
1220 5164 1557 5237 junguntur
1574 5166 1748 5226 boves

108 5248 170 5288 ah
228 5249 425 5288 nlinnn
496 5252 550 5288 of
600 5250 728 5288 anni
781 5252 845 5288 ori
918 5265 1152 5288 nnrmnm
1232 5253 1295 5288 Vt
1338 5258 1421 5288 oet
1476 5270 1680 5288 σακε-..ρ-
1729 5277 1741 5288 .

1861 3385 2108 3440 aliorum
2143 3388 2418 3443 studeant
2461 3392 2808 3449 confirmare
2849 3399 3155 3471 exemplis.
3190 3402 3299 3458 Sed
3326 3408 3504 3475 queeri

1862 3478 2053 3545 potest
2084 3492 2264 3545 quare
2294 3477 2450 3533 dicat
2483 3497 2495 3534 :
2527 3480 2874 3553 Inhabitabo,
2917 3490 2975 3541 et
3003 3491 3293 3547 ambulabo
3318 3515 3337 3561 ;
3370 3512 3503 3553 cum

1861 3562 1958 3618 ille
1990 3565 2207 3636 ubique
2239 3565 2333 3631 sit,
2368 3571 2425 3621 et
2471 3570 2669 3625 omnia
2700 3571 2819 3627 sint
2864 3573 2922 3629 in
2952 3575 3072 3632 illo.
3108 3579 3219 3635 Sed
3253 3583 3385 3638 talis
3417 3592 3507 3641 est

1862 3668 2072 3707 sensus
2105 3670 2118 3708 :
2156 3655 2432 3711 Ambulat
2460 3656 2577 3723 ille,
2602 3664 2659 3713 et
2690 3660 2983 3719 inhabitat
3013 3667 3071 3721 in
3095 3670 3369 3727 cordibus
3392 3673 3506 3729 ele-

1862 3744 2111 3811 ctorum,
2146 3759 2278 3797 cum
2340 3745 2411 3798 ab
2460 3744 2803 3804 inﬁdelitate
2833 3753 2903 3805 ad
2955 3753 3152 3822 ﬁdem,
3183 3762 3239 3811 et
3286 3775 3388 3830 per
3417 3762 3506 3815 in-

1864 3835 2161 3884 crementa
2190 3830 2248 3884 in
2296 3833 2611 3889 virtutibus
2642 3839 2919 3906 proﬁcere
2964 3842 3119 3899 facit.
3154 3845 3299 3902 Nam
3351 3849 3508 3905 sicut

1865 3916 2039 3972 habet
2091 3919 2200 3973 iste
2249 3921 2495 3975 exterior
2536 3923 2727 3979 homo
2767 3944 2905 3982 suos
2950 3933 3145 3999 pedes,
3179 3934 3262 3990 sic
3312 3941 3371 3991 et
3416 3938 3506 3993 in-

1863 4005 2041 4060 terior
2070 4006 2264 4073 homo,
2293 4008 2509 4077 quibus
2531 4012 2695 4080 gradi
2732 4015 2934 4082 possit.
2953 4017 3228 4090 Magnum
3254 4041 3507 4097 namque

1863 4094 1973 4149 iter
2015 4100 2124 4159 est,
2158 4096 2228 4150 de
2276 4095 2613 4151 infidelitate
2666 4100 2737 4153 ad
2791 4102 2965 4157 ﬁdem
3000 4108 3267 4178 transire,
3320 4116 3377 4166 et
3406 4094 3509 4183 per

1863 4184 2225 4239 incrementa
2272 4184 2329 4239 in
2382 4186 2695 4243 virtutibus
2742 4190 3068 4261 proﬁcere;
3129 4197 3284 4268 quod
3343 4200 3507 4257 nullo

1863 4274 2034 4328 modo
2079 4273 2201 4327 ﬁeri
2235 4278 2422 4345 potest
2467 4276 2681 4343 subito,
2716 4279 2831 4335 nisi
2880 4297 2985 4352 per
3030 4284 3330 4343 intervalla
3356 4294 3509 4346 tem-

1863 4379 2091 4433 porum.
2126 4362 2233 4418 Sed
2288 4363 2615 4435 sciendum,
2649 4369 2788 4438 quia
2815 4369 2902 4424 illi
2954 4372 3326 4435 solummodo
3374 4395 3507 4452 pro-

1863 4452 2087 4520 ﬁciunt,
2113 4453 2208 4524 qui
2244 4453 2371 4523 ejus
2403 4456 2619 4526 perfrui
2641 4459 2831 4528 gratia
2860 4468 3178 4519 merentur.
3210 4467 3507 4526 Generalis

1861 4544 1950 4595 est
1980 4539 2089 4595 iste
2122 4557 2331 4596 sensus
2357 4560 2369 4608 ;
2409 4544 2509 4598 sed
2539 4545 2856 4602 videndum
2906 4556 2993 4605 est
3024 4554 3156 4623 quis
3188 4556 3265 4612 sit
3294 4558 3511 4629 specia«

1862 4626 1956 4683 lis.
2008 4628 2270 4684 Primum
2321 4631 2583 4685 omnium
2634 4635 3121 4696 considerandum
3156 4644 3206 4699 si
3254 4626 3351 4713 sit,
3386 4646 3509 4702 haec

1862 4734 1969 4773 vox
2020 4717 2234 4773 Christi
2264 4722 2397 4774 est:
2446 4736 2582 4774 nam
2630 4725 2913 4793 propheta
2963 4728 3021 4782 in
3072 4731 3200 4801 ejus
3248 4750 3384 4789 voce
3433 4735 3512 4791 lo-

1864 4806 2171 4878 quebatur,
2206 4808 2404 4863 dicens
2436 4826 2448 4864 :
2480 4808 2753 4876 Quoniam
2782 4813 3102 4871 inhabitabo
3134 4820 3321 4890 (Levii.
3354 4838 3509 4890 xxvx,

1866 4897 1974 4969 12),
2008 4901 2116 4952 etc.
2157 4897 2265 4953 Sed
2316 4897 2565 4968 qualiter
2611 4899 3018 4970 inhabitasset,
3051 4906 3336 4965 Jeremias
3383 4914 3514 4980 post

1864 4984 2145 5045 ostendit.
2204 4988 2299 5041 Hic
2362 4988 2422 5040 in
2474 4989 2643 5044 terris
2690 4991 2839 5044 visus
2894 4999 2994 5060 est,
3044 4999 3097 5049 et
3154 5000 3296 5053 inter
3347 4997 3517 5054 hami-

1861 5093 1965 5135 nes
2011 5081 2361 5133 conversatus
2389 5075 2564 5146 (728).
2598 5078 2713 5135 Sed
2766 5081 3021 5151 apertius
3064 5088 3233 5154 ponit
3281 5100 3520 5157 evange-

1860 5165 2035 5235 lista,
2088 5168 2357 5237 qualiter,
2409 5165 2663 5223 dicendo
2697 5186 2711 5223 :
2750 5167 2973 5222 Verbum
3021 5185 3154 5228 caro
3198 5174 3404 5245 factum
3443 5178 3523 5230 est

1860 5255 2035 5288 l'aunﬂ
2091 5273 2107 5288 τ
2166 5258 2252 5288 Αλὶ
2306 5259 2393 5288 n‘n
