3990 5306
390 387 499 448 451

1408 374 1746 437 ATTONIS
1791 373 2374 438 VERCELLENSIS
2421 376 2769 438 EPISCOPI

3678 386 3791 445 452

392 519 467 573 ad
512 532 654 572 eum.
699 514 762 568 Et
810 511 916 583 ipsi
957 515 1118 565 erunt
1162 506 1304 562 mihi
1345 507 1578 579 populus
1625 506 1812 578 (729);
1854 505 2033 562 eccle-
2063 510 2119 576 Α
2151 506 2405 563 ﬁliorum
2428 508 2534 564 ‘Dei
2583 508 2921 577 excludunt,
2952 509 3082 567 ideo
3131 511 3398 569 addidit:
3433 516 3500 570 Et
3530 514 3792 587 Spiritus,

393 604 699 663 siasticum
748 600 905 668 dicit,
951 598 1008 653 id
1059 600 1165 666 est,
1218 595 1555 661 Ecclesium.
1606 596 1785 651 Isaias
1836 613 1849 650 :
1912 598 2036 652 Vivo

393 711 513 765 ego,
545 694 679 749 dicit
725 691 1008 755 Dominus,
1054 688 1186 757 quia
1235 686 1486 741 omnibus
1532 686 1617 739 his
1656 685 1830 741 veluti
1867 687 2037 740 vesti-

393 793 577 841 mento
605 782 850 838 vestieris
887 778 1038 849 (Isai.
1068 793 1217 841 xux,
1251 775 1360 846 18).
1391 774 1451 829 Si
1482 773 1637 830 enim
1667 773 1833 831 electi
1862 773 2036 829 vesti-
2098 777 2109 797 ’

395 876 597 927 menta
644 867 860 926 Christi
912 870 1072 932 sunt,
1104 869 1163 921 et
1192 864 1525 921 vestiuntur
1567 864 1641 919 ab
1690 863 1787 919 illo
1837 880 1850 918 :

394 960 646 1033 populus
675 959 804 1029 ejus
832 959 923 1012 est
949 954 1227 1011 Ecclesia.

1900 878 2037 935 ergo

462 1079 693 1148 Propter
720 1071 862 1146 quod
902 1074 1066 1141 exite,
1099 1075 1206 1126 etc.
1233 1095 1248 1138 ;
1281 1070 1449 1142 quasi
1506 1070 1718 1125 diceret
1748 1087 1761 1125 :
1793 1068 1850 1124 Si
1889 1070 2038 1123 Deus

395 1165 706 1231 inhabitat,
758 1167 817 1218 et
872 1162 1026 1217 Deus
1081 1164 1270 1216 vester
1326 1164 1435 1226 est,
1494 1163 1550 1213 et
1593 1175 1696 1213 vos
1746 1157 2035 1229 populus;

390 1258 629 1328 Propter
657 1253 754 1309 hoc
777 1253 924 1307 exite
951 1250 1018 1305 de
1044 1249 1220 1305 medio
1257 1264 1464 1316 eorum,
1497 1264 1609 1303 non
1642 1263 1901 1319 corpore,
1935 1247 2036 1301 sed

395 1348 612 1409 mente,
647 1358 763 1398 non
793 1338 1097 1411 vagatione
1124 1337 1252 1400 loci,
1287 1338 1386 1393 sed
1415 1335 1738 1392 devotione.
1772 1340 1839 1389 Et
1869 1333 2037 1407 quasi

399 1434 863 1504 interrogassent
909 1427 1158 1501 qualiter
1187 1431 1275 1483 est
1305 1426 1658 1490 exeundum,
1689 1424 1991 1497 respondit
2022 1442 2035 1479 ε

397 1524 464 1578 Et
494 1520 843 1578 immundum
872 1534 942 1574 ne
971 1516 1440 1588 tetigeritis.Hinc
1472 1514 1614 1571 dicit
1635 1513 2036 1587 Augustinus:

396 1611 644 1682 Exponit
690 1606 1006 1680 Apostolus
1052 1605 1146 1660 his
1183 1604 1398 1669 verbis,
1432 1604 1586 1675 quod
1636 1602 1908 1673 superius
1958 1601 2042 1655 di-

393 1703 557 1756 xerat
606 1717 618 1753 :
664 1700 854 1753 Exite.
905 1694 1015 1751 Sed
1048 1694 1179 1765 quis
1231 1691 1421 1764 tangit
1465 1690 1886 1747 immundum?
1940 1689 2041 1746 Ille

395 1789 620 1860 utique,
653 1787 755 1858 qui
805 1788 905 1840 aut
963 1782 1337 1838 immundum
1372 1782 1521 1853 (730)
1566 1785 1776 1853 patrat,
1807 1784 1909 1836 aut
1938 1797 2038 1852 pa-

2145 595 2204 651 id
2234 601 2341 667 est,
2377 597 2607 652 mentis.

2217 712 2493 784 Sequitur
2520 729 2533 766 :
2567 713 2911 784 Perﬁcientes
2937 718 3443 787 sanctiﬁcationem.
3479 720 3801 793 Egregium

2148 817 2381 873 quoque
2428 807 2616 857 servat
2660 803 2944 859 ordinem.
2996 808 3283 863 Praemisit
3329 809 3797 881 promissiones;

2147 890 2357 945 deinde
2411 891 2674 962 subjuxit
2725 892 3204 967 exhortationem,
3255 897 3502 954 dicendo
3555 917 3568 954 :
3631 904 3799 957 Mun-

2145 979 2357 1045 demus,
2385 983 2492 1035 etc.
2522 996 2536 1047 ;
2571 985 2701 1052 post
2720 983 3186 1041 emendationem
3204 990 3432 1042 monuit
3461 987 3802 1045 habendam

2147 1069 2667 1124 sanctiﬁcationem
2696 1088 2709 1139 ;
2734 1071 2873 1142 quia
2892 1074 3277 1131 sanctiﬁcatio
3298 1093 3411 1132 non
3431 1093 3563 1133 esse
3581 1082 3800 1150 potest,

2146 1157 2259 1212 nisi
2291 1157 2390 1212 ubi
2425 1158 2713 1213 munditia
2757 1164 2864 1215 est.
2899 1161 3010 1216 Iste
3041 1163 3181 1218 ordo
3213 1164 3271 1218 in
3324 1167 3648 1237 Scripturis
3679 1183 3803 1223 ser-

2144 1250 2315 1300 vatur
2344 1246 2578 1301 divinis.
2628 1247 2774 1303 Hinc
2802 1248 3058 1306 Jacobus
3107 1251 3407 1324 apostolus
3456 1253 3604 1309 dicit
3638 1271 3653 1310 :
3694 1257 3799 1312 Ab-

2146 1335 2392 1404 jicientes
2423 1352 2633 1391 omnem
2665 1338 3100 1411 immunditiam,
3125 1352 3175 1397 et
3196 1343 3605 1399 abundantiam
3635 1346 3800 1400 mali-

2146 1424 2243 1481 tiae
2271 1426 2410 1492 (Jac.
2445 1443 2485 1492 ι,
2516 1426 2627 1498 21),
2660 1431 2766 1481 etc.
2800 1427 2945 1484 Hinc
2977 1428 3289 1487 Psalmista
3320 1450 3333 1488 :
3368 1434 3599 1489 Declina
3627 1452 3664 1490 a
3690 1452 3800 1490 ma-

2149 1514 2199 1568 lo
2240 1514 2405 1584 (Psal.
2456 1531 2644 1579 xxxvr;
2694 1517 2807 1587 27),
2839 1522 2947 1573 etc.
2983 1518 3127 1575 Hinc
3177 1520 3465 1578 Dominus
3512 1524 3590 1579 ad
3641 1524 3797 1580 Jere-

2151 1601 2326 1657 miam
2363 1621 2375 1658 :
2411 1604 2541 1658 Ecce
2564 1606 2726 1675 posui
2752 1609 2822 1676 te,
2853 1609 2913 1661 ut
2938 1608 3137 1664 evellas
3166 1610 3303 1682 (Jer.
3337 1627 3375 1682 ι,
3415 1611 3524 1684 10),
3557 1617 3670 1668 etc.
3706 1614 3796 1685 Et,

2150 1691 2289 1763 quia
2319 1692 2699 1748 sanctiﬁcatio
2731 1694 2857 1751 sine
2888 1695 3092 1753 timore
3124 1699 3224 1754 Dei
3253 1716 3383 1756 esse
3432 1718 3553 1757 non
3585 1706 3801 1774 potest,

2150 1781 2452 1851 subjunxit
2484 1797 2499 1836 :
2531 1784 2607 1859 1η⁵
2625 1784 2820 1840 timore
2852 1786 2965 1840 Dei.
2988 1786 3059 1842 Et
3081 1789 3233 1859 quod
3265 1789 3655 1847 sanctiﬁcatio
3677 1792 3803 1848 sine

397 1850 690 1932 trantibus
722 1874 940 1946 praebet
988 1887 1316 1927 assensum.
1348 1850 1419 1925 Et
1463 1850 1620 1937 hinc,
1655 1870 1807 1941 quod
1839 1869 1898 1924 in
1929 1850 2045 1924 Ve-
2075 1871 2121 1936 Β
2156 1850 2358 1925 timore
2405 1868 2503 1925 Dei
2553 1850 2667 1926 nbn
2720 1872 2815 1941 sit,
2849 1850 3204 1948 evangelista
3250 1879 3615 1951 manifestat,
3669 1897 3802 1936 cum

394 1966 503 2022 teri
552 1967 925 2021 Testamento
975 1962 1236 2034 legitur:
1293 1961 1399 2029 Qui
1450 1962 1692 2034 tetigerit
1736 1964 2037 2027 mortuum,

394 2054 712 2111 immundus
754 2054 864 2109 erit
892 2052 1085 2123 (Leuit.
1136 2068 1213 2118 x1,
1245 2051 1353 2117 24;
1382 2055 1543 2108 Num.
1597 2067 1716 2120 xxx,
1748 2051 1805 2104 11
1837 2067 1849 2117 ;
1882 2051 2038 2104 Deut.

392 2162 508 2211 xxv,
540 2144 618 2217 8),
651 2146 887 2216 prepter
913 2142 1020 2196 hoc
1053 2140 1197 2195 dixit
1229 2159 1240 2195 :
1277 2140 1422 2195 Nam
1454 2156 1600 2211 opus
1631 2138 2040 2194 misericordiae

393 2239 485 2291 est
513 2237 813 2289 mortuum
844 2230 1112 2303 sepelire.

465 2344 530 2397 Et
556 2356 649 2411 ego
693 2340 957 2410 recipiam
1002 2353 1112 2406 vos,
1147 2335 1316 2409 quasi
1368 2336 1633 2391 diceret:
1668 2334 1728 2391 Si
1775 2335 2041 2391 inﬁdeles

393 2447 496 2487 vos
543 2428 891 2501 eXpulerint,
924 2425 1014 2481 vel
1063 2442 1165 2481 vos
1214 2424 1432 2497 egressi
1484 2424 1736 2490 fueritis,
1784 2439 1890 2495 ego
1940 2440 2040 2479 vos

396 2518 694 2592 recipiam.
731 2518 799 2572 Et
828 2515 963 2573 talis
994 2521 1085 2571 est
1132 2531 1363 2579 sensus,
1398 2512 1590 2583 qualis
1618 2512 1736 2579 ille,
1771 2513 1869 2567 ubi
1902 2512 2041 2585 legi-

396 2611 493 2661 tur
523 2622 535 2661 :
572 2607 745 2660 Extra
796 2618 1102 2675 synagogas
1130 2618 1222 2656 vos
1268 2602 1474 2666 facient
1511 2601 1679 2671 (731),
1712 2605 1819 2657 ctc.
1854 2601 1918 2655 Et
1947 2615 2042 2656 ero

393 2694 543 2751 vobis
572 2695 631 2749 in
678 2695 912 2765 patrem,
944 2690 1111 2763 quasi
1145 2690 1362 2745 diceret
1393 2707 1405 2744 :
1440 2690 1495 2744 Si
1548 2690 1798 2762 perversi
1833 2707 2039 2763 paren-

394 2788 503 2849 tes,
539 2787 597 2837 et
628 2779 891 2837 inﬁdeles
920 2796 1022 2834 vos
1053 2776 1404 2850 expulerint,
1429 2793 1520 2831 me
1551 2781 1777 2848 patrem
1808 2776 2042 2831 habebi-

394 2872 474 2927 tis
511 2870 956 2941 sempiternum.
990 2869 1055 2923 Et
1099 2884 1189 2923 vos
1219 2868 1373 2922 eritis
1402 2867 1545 2921 mihi
1588 2868 1650 2921 in
1694 2867 1856 2936 ﬁlios,
1889 2869 1943 2920 et
1970 2866 2042 2936 ﬁ-

397 2961 523 3016 lias.
558 2958 756 3026 Filios,
784 2963 841 3012 et
890 2955 1045 3011 ﬁlias
1076 2956 1239 3024 dicit,
1275 2956 1395 3011 sive
1445 2960 1682 3028 propter
1723 2960 2043 3026 utrumque

396 3064 622 3118 sexum,
654 3047 773 3101 sive
823 3050 1057 3117 propter
1086 3045 1286 3113 fortes,
1322 3049 1380 3099 et
1424 3045 1710 3099 inﬁrmos.
1762 3044 1903 3100 Dicit
1934 3049 2042 3100 Do-

397 3138 583 3194 minus
608 3138 968 3207 omnipotens.
994 3134 1066 3189 Ut
1095 3134 1395 3205 superiora
1420 3135 1741 3203 conﬁrmet,
1763 3134 1890 3190 ideo
1921 3134 2043 3190 haec

2149 1957 2288 2013 dicit
2310 1960 2379 2014 de
2411 1957 2679 2016 Simeone
2707 1979 2720 2019 :
2761 1962 2965 2029 Justus,
2989 1972 3040 2020 et
3067 1967 3359 2023 timoratus
3384 1969 3540 2040 (Luc.
3566 1986 3631 2036 ιι,
3666 1970 3759 2042 25)
3786 1987 3801 2039 ;

2149 2062 2283 2101 nam
2316 2047 2466 2102 sicut
2486 2048 2721 2119 justitia
2751 2050 2875 2107 sine
2922 2054 3132 2110 timore
3161 2071 3290 2112 esse
3323 2073 3440 2112 non
3472 2062 3691 2129 potest,
3720 2059 3801 2114 sic

2149 2150 2254 2190 nec
2286 2137 2689 2194 sanctiﬁcatio.

2219 2252 2494 2324 Sequitur
2525 2270 2538 2309 :
2575 2253 2765 2323 Capite
2792 2272 2910 2312 nos.
2941 2257 3146 2315 Melius
3176 2259 3233 2314 in
3268 2260 3483 2318 Graecis
3512 2266 3802 2338 exempla-

2150 2342 2333 2412 ribus,
2368 2343 2521 2398 unde
2550 2342 2659 2399 hoc
2687 2346 3042 2402 translatum
3098 2354 3205 2414 est,
3238 2349 3509 2407 habetur.
3542 2353 3800 2411 Verbum

2148 2430 2326 2498 enim,
2359 2432 2512 2502 quod
2565 2432 2622 2486 in
2669 2432 2778 2489 hoc
2823 2434 2949 2492 loco
2980 2437 3237 2508 positum
3271 2444 3383 2509 est,
3417 2441 3596 2497 talem
3633 2444 3804 2501 habet

2150 2535 2412 2588 sensum,
2445 2520 2612 2593 quasi
2644 2521 2887 2578 dixisset
2932 2526 3240 2596 Apostolus
3273 2544 3286 2583 :
3322 2533 3577 2602 Capaces
3618 2533 3803 2588 nostri

2149 2612 2353 2663 estote.
2379 2609 2444 2664 Et
2475 2613 2669 2679 potest
2698 2609 2929 2667 duobus
2961 2614 3150 2671 modis
3183 2616 3453 2691 intelligi,
3481 2624 3547 2675 ut
3576 2621 3660 2677 sit
3678 2638 3803 2678 sen-

2150 2714 2252 2752 sus
2285 2714 2297 2751 :
2331 2696 2462 2751 Vim
2496 2698 2785 2754 dictorum
2810 2706 3143 2758 nostrorum
3175 2705 3403 2776 capite;
3437 2712 3593 2780 quod
3627 2712 3802 2767 etiam

2150 2786 2389 2858 respicit
2436 2787 2507 2841 ad
2541 2786 2671 2854 hoc,
2708 2790 2863 2860 quod
2914 2807 3095 2863 supra
3142 2795 3246 2860 ait,
3279 2795 3613 2854 dilatamini
3642 2818 3656 2866 ;
3688 2801 3804 2857 sive

2152 2875 2263 2931 alio
2316 2876 2508 2943 modo,
2555 2877 2732 2946 capite
2761 2894 2878 2945 nos,
2910 2878 3021 2935 hoc
3068 2886 3154 2937 est
3200 2884 3374 2940 vitam
3423 2893 3693 2945 nostram
3748 2894 3805 2946 et

2152 2964 2648 3020 conversationem
2697 2966 3031 3024 imitamini.
3066 2970 3132 3024 Et
3160 2974 3327 3043 quasi
3379 2974 3800 3051 interrogasset

2152 3053 2366 3126 aliquis
2399 3070 2412 3109 :
2449 3056 2582 3120 Quae
2614 3060 2701 3109 est
2731 3060 3092 3115 conversatio
3122 3065 3243 3129 tua,
3277 3080 3456 3134 quam
3490 3068 3664 3138 sequi
3695 3070 3794 3124 de-

2152 3144 2358 3198 bemus
2381 3142 2408 3197 ?
2442 3145 2573 3198 Ideo
2621 3145 2923 3214 subjunxit
2955 3164 2967 3202 :
3001 3149 3285 3206 Neminem
3331 3154 3602 3227 haesimus,
3647 3164 3793 3225 etc.;

398 3226 722 3298 subjunxit.
757 3225 899 3283 Nam
946 3241 1078 3317 mos
1125 3228 1214 3317 est
1260 3223 1680 3317 prophetarum
1729 3222 2039 3317 taliursub-
2069 3241 2112 3308 α
2150 3232 2319 3304 quasi
2351 3230 2591 3287 dixisset
2622 3249 2634 3286 :
2672 3234 2785 3288 Hoc
2838 3235 2897 3288 in
2929 3237 3225 3295 mentibus
3272 3245 3485 3299 vestris
3515 3222 3792 3317 conferte,

398 3318 556 3386 dere,
587 3320 652 3371 ut
682 3331 788 3370 nos
819 3313 1093 3369 certiores
1121 3313 1192 3367 de
1223 3311 1626 3383 superioribus
1656 3313 1920 3368 reddant.

469 3432 578 3488 Sed
610 3431 742 3502 quis
790 3433 914 3484 erat
962 3429 1092 3491 iste,
1125 3427 1226 3499 qui
1271 3426 1381 3482 hoc
1429 3427 1706 3483 dicebat?
1733 3426 2038 3484 Christus:

401 3536 537 3593 ergo
567 3516 957 3589 omnipotens.
998 3517 1065 3570 Et
1090 3516 1243 3585 quod
1274 3515 1666 3586 omnipotens,
1699 3515 1823 3586 ipse
1854 3514 2041 3571 mani-

402 3611 574 3665 festat
606 3625 618 3664 :
655 3608 1004 3679 Quaecunque
1052 3605 1216 3660 Pater
1240 3606 1395 3675 facit,
1426 3603 1545 3660 haec
1573 3604 1761 3661 eadem
1789 3614 1838 3661 et
1866 3606 2043 3661 Filius

402 3699 578 3769 (Joan.
608 3714 665 3763 v,
702 3696 806 3763 19).
841 3696 990 3766 Ergo
1038 3710 1106 3749 ea
1136 3710 1248 3748 non
1296 3698 1486 3764 potest
1532 3693 1728 3763 Filius,
1781 3711 1905 3766 qua:
1937 3711 2043 3751 nec

402 3791 591 3842 Pater.
615 3786 723 3840 Sed
754 3785 1000 3839 idoneus
1021 3788 1111 3838 est
1138 3782 1246 3839 iste
1280 3782 1482 3851 Filius,
1511 3783 1611 3854 qui
1644 3783 1784 3839 dicit
1813 3789 2045 3855 aposto-

402 3875 478 3930 lis
518 3892 531 3930 :
593 3879 703 3930 Deo
761 3874 949 3928 omnia
998 3872 1287 3944 possibilia
1332 3875 1458 3926 sunt
1504 3873 1710 3940 (Matth.
1768 3890 1882 3939 xxx,
1929 3873 2042 3945 26).

401 3964 473 4019 Et
537 3962 586 4019 si
652 3962 869 4031 omnia,
936 3976 1072 4033 ergo
1137 3963 1192 4016 et
1258 3961 1383 4032 ipse
1449 3960 1840 4033 omnipotens,
1909 3962 2049 4034 quia

401 4052 576 4109 Deus.

475 4158 626 4230 (732)
657 4157 811 4229 (CAP.
852 4156 1000 4229 VII.)
1037 4156 1349 4228 Sequitur:
1386 4161 1499 4212 Has
1529 4158 1705 4227 igitur
1728 4159 2046 4228 promissio-

400 4233 521 4304 nesi
542 4247 703 4303 Facit
730 4246 886 4301 enim
917 4246 1287 4318 superiorum
1319 4245 1772 4316 promissionum
1808 4247 2050 4302 mentio-

405 4353 562 4399 nem,
595 4335 704 4391 hoc
733 4339 840 4401 est,
875 4340 939 4390 ut
968 4337 1096 4406 ipse
1114 4335 1193 4390 sit
1221 4333 1390 4389 nobis
1416 4333 1476 4388 in
1508 4338 1762 4400 Patrem,
1784 4339 1841 4389 et
1869 4351 1975 4390 nos
1995 4336 2048 4391 ei

405 4426 466 4480 in
516 4423 691 4489 ﬁlios,
726 4428 785 4478 et
830 4422 1019 4479 ﬁlias:
1059 4427 1115 4477 et
1164 4423 1295 4479 ideo
1342 4422 1700 4478 exhortando
1732 4423 1999 4496 sequitur
2033 4440 2046 4479 :

407 4512 728 4568 Mundemus
757 4529 854 4568 nos
899 4513 970 4568 ab
1001 4514 1158 4567 omni
1202 4514 1621 4583 inquinamento
1667 4515 1869 4568 carnis.
1901 4513 2051 4569 Sane

409 4602 753 4672 notandum,
787 4600 926 4673 quia
954 4616 1071 4655 non
1101 4600 1243 4656 dicit
1271 4600 1661 4669 solummodo,
1692 4603 1759 4657 ab
1784 4602 2047 4673 inquina-

404 4693 607 4758 mento,
639 4691 739 4746 sed
771 4690 927 4745 omni
945 4709 963 4756 ;
994 4688 1133 4760 quia
1162 4688 1349 4745 multa
1377 4694 1517 4745 sunt
1541 4706 1755 4762 genera
1783 4690 2053 4763 inquina-

404 4779 604 4846 tionis,
628 4793 755 4847 quae
786 4780 910 4831 tam
942 4794 976 4831 a
1004 4776 1257 4842 diabolo,
1289 4794 1465 4849 quam
1492 4795 1525 4833 a
1556 4778 1838 4834 membris
1867 4779 2053 4851 ipsius

404 4867 644 4923 inventa
673 4871 829 4921 sunt.
857 4865 1217 4937 Quapropter
1245 4867 1344 4938 qui
1382 4872 1560 4923 Deum
1585 4872 1807 4939 patrem
1840 4869 2052 4923 habere

406 4956 720 5021 desiderat,
753 4958 811 5009 et
854 4955 983 5026 ejus
1028 4955 1187 5010 ﬁlius
1218 4972 1347 5011 esse
1377 4956 1557 5027 cupit,
1590 4972 1705 5010 non
1758 4955 1946 5010 solum
1981 4957 2053 5011 ab

406 5043 566 5099 omni
597 5060 769 5115 opere
792 5043 1286 5116 coinquinationis
1313 5062 1375 5099 se
1404 5044 1718 5110 abstineat,
1744 5046 1842 5098 sed
1876 5045 2052 5100 etiam

408 5133 481 5188 ab
513 5132 642 5204 ipsa
670 5133 865 5188 carnis
913 5133 1315 5189 delectatione.
1343 5133 1453 5189 Sed
1507 5133 1645 5204 quia
1676 5132 1864 5187 multa
1894 5138 2053 5206 sunt,

410 5235 537 5291 quae
567 5218 690 5276 solo
720 5221 937 5277 mentis
968 5238 1257 5278 consensu
1288 5223 1457 5291 ﬁunt,
1491 5225 1548 5277 et
1579 5237 1686 5276 nos
1715 5236 1748 5276 a
1779 5221 2056 5277 societate

2145 3320 2257 3377 hoc
2284 3321 2354 3375 ad
2385 3321 2729 3376 memoriam
2778 3329 3057 3391 revocate,
3091 3327 3229 3398 quia
3270 3328 3406 3386 talis
3437 3332 3553 3388 fuit
3596 3339 3798 3390 nostra

2148 3411 2508 3465 conversatio
2564 3410 2718 3482 apud
2779 3428 2900 3468 vos.
2958 3413 3062 3470 Hic
3120 3417 3312 3473 verbis
3365 3420 3609 3478 denotat
3665 3424 3797 3481 illos

2150 3515 2401 3569 quorum
2435 3498 2598 3555 falsis
2647 3500 2928 3558 doctrinis
2959 3503 3189 3561 fuerant
3218 3506 3465 3580 decepti.
3500 3511 3594 3566 Illi
3638 3514 3797 3570 enim

2149 3587 2421 3643 laeserant
2462 3604 2579 3657 eos,
2632 3590 2770 3661 quia
2821 3592 3105 3648 dominati
3153 3601 3293 3651 sunt
3342 3614 3586 3670 eorum;
3643 3603 3799 3658 unde

2150 3677 2396 3732 inferius
2447 3677 2588 3731 dicit
2618 3694 2632 3732 :
2664 3678 2921 3735 Libenter
2962 3682 3228 3754 suﬂertis,
3258 3686 3306 3740 si
3335 3690 3460 3759 quis
3510 3691 3573 3745 in
3602 3692 3801 3762 faciem

2154 3782 2241 3821 vos
2270 3764 2433 3820 cadit
2462 3766 2539 3837 (II
2584 3766 2702 3822 Cor.
2754 3785 2831 3836 x1,
2869 3770 2952 3839 19,
2984 3772 3096 3843 20).
3147 3773 3547 3848 Corruperunt
3594 3796 3700 3837 eos
3746 3782 3802 3837 in

2160 3855 2290 3926 ﬁde,
2324 3854 2470 3911 falsa
2499 3855 2799 3924 docendo;
2832 3859 3339 3919 circumvenerunt
3368 3882 3490 3935 eos,
3526 3870 3803 3927 substan-

2154 3944 2297 3999 tiam
2328 3960 2529 4000 eorum
2560 3950 2617 4000 et
2645 3945 2895 4003 salutem
2928 3949 3144 4019 pariter
3167 3952 3589 4013 exhauriendo.
3624 3958 3716 4025 Et,
3738 3975 3809 4015 ne

2156 4036 2430 4104 putarent
2458 4033 2570 4105 ipsi
2600 4035 2778 4105 quod,
2812 4052 2989 4093 causa
3036 4040 3543 4102 condemnationis
3578 4063 3807 4115 eorum,

2157 4138 2221 4177 se
2252 4126 2634 4190 excusarent;
2667 4126 2807 4195 quia
2854 4141 3026 4198 saepe,
3059 4129 3200 4185 dum
3228 4148 3291 4188 se
3340 4132 3518 4191 homo
3546 4143 3812 4209 excusat,

2157 4209 2301 4266 alios
2331 4211 2699 4280 condemnat,
2746 4213 2874 4270 ideo
2904 4215 3210 4288 subjunxit
3243 4238 3256 4276 :
3288 4225 3414 4278 Non
3459 4225 3531 4280 ad
3557 4228 3813 4283 condem-

2156 4302 2437 4356 nationem
2482 4308 2716 4357 vestram
2762 4302 2918 4365 dico;
2948 4307 3117 4377 quasi
3165 4309 3454 4366 dixisset:
3505 4313 3640 4370 Non
3688 4315 3812 4371 ideo

2159 4405 2253 4444 me
2295 4405 2527 4457 excuso,
2558 4395 2623 4445 ut
2665 4408 2769 4447 vos
2817 4394 3244 4465 condemnem;
3278 4399 3418 4470 quia
3466 4402 3567 4472 qui
3603 4403 3810 4476 parcit,

2159 4495 2273 4533 non
2306 4479 2677 4548 condemnat,
2710 4482 2810 4536 sed
2849 4498 3028 4539 causa
3075 4490 3274 4541 vestrae
3305 4488 3536 4559 salutis,
3572 4508 3651 4548 ne
3699 4492 3812 4549 illis

2079 4611 2124 4677 Β
2159 4568 2259 4639 qui
2289 4584 2391 4624 vos
2421 4569 2773 4641 deceperunt
2801 4571 2976 4628 ﬁdem
3008 4577 3483 4634 accommodetis.

2232 4694 2302 4748 Et
2331 4693 2472 4765 quia
2488 4694 2673 4750 voluit
2699 4704 2796 4752 eos
2819 4702 3004 4754 certos
3031 4700 3289 4770 reddere,
3317 4703 3473 4774 quod
3498 4721 3617 4761 non
3643 4724 3817 4763 causa

2163 4797 2363 4837 eorum
2395 4783 2788 4839 damnationis
2837 4801 2898 4840 se
2926 4790 3306 4860 excusaverit,
3340 4789 3469 4847 ideo
3522 4796 3818 4865 praeterita

2165 4870 2315 4925 bona
2368 4870 2483 4925 illis
2533 4872 2604 4926 ad
2655 4874 2997 4930 memoriam
3049 4877 3354 4933 revocavit.
3409 4880 3563 4937 Dicit
3610 4884 3815 4939 enim:

2166 4959 2542 5015 Praediximus
2558 4962 2709 5016 enim
2736 4962 2875 5033 quod
2899 4965 2958 5019 in
2984 4964 3232 5021 cordibus
3253 4970 3453 5024 nostris
3472 4972 3631 5043 estis,
3667 4979 3777 5029 etc.
3801 4990 3814 5038 ;

2165 5049 2331 5117 quasi
2362 5048 2607 5104 dixisset
2640 5067 2652 5104 :
2687 5055 2766 5104 Ex
2797 5053 3103 5122 praeteritis
3127 5055 3295 5111 bonis
3326 5061 3632 5130 agnoscite
3665 5060 3812 5134 quod

2164 5136 2275 5191 hoc
2305 5154 2420 5192 non
2453 5154 2633 5194 causa
2660 5144 2861 5195 vestrae
2909 5142 3301 5200 damnationis
3332 5146 3598 5205 diximus
3633 5166 3648 5204 :
3685 5165 3812 5205 nam

2165 5241 2315 5297 quos
2344 5225 2403 5280 in
2433 5227 2572 5296 vita,
2606 5232 2662 5283 et
2690 5234 2873 5285 morte
2901 5231 3089 5288 socios
3111 5231 3325 5289 habere
3353 5236 3661 5306 cupimus,
3684 5254 3811 5295 con-
