3990 5306
476 245 594 305 455

1493 236 1832 297 ATTONIS
1876 232 2465 298 VERGELLENSIS
2510 233 2861 296 EPISCOPI
3695 249 3777 308 456

479 377 621 430 dum
648 374 707 428 in
738 371 898 427 vitali
920 375 1187 426 versatur
1208 367 1632 439 tristitia,nulla
1663 371 1898 438 accepta
1920 382 2121 421 conso-
2150 367 2205 433 Α
2233 368 2310 420 Ac
2342 367 2391 421 si
2423 366 2551 422 aliis
2583 368 2772 422 verbis
2802 367 3044 421 dixisset
3074 384 3084 422 :
3122 364 3242 422 Non
3266 366 3448 424 solum
3469 376 3669 443 propter
3693 376 3783 435 i110,

478 461 1049 535 latione,prascipitat
1073 476 1133 515 se
1155 460 1211 514 in
1236 457 1858 529 desperationem.Sive
1880 456 2118 510 tristitia

476 552 673 609 szeculi
703 556 792 607 est
821 550 879 604 in
905 549 1138 604 damnis
1168 547 1436 617 terrenis,
1469 547 1553 602 vel
1587 552 1740 602 certe
1770 546 1830 599 in
1870 544 2115 599 aliorum

476 642 652 698 rebus
684 638 1092 710 conspectis,et
1119 653 1231 691 non
1267 635 1589 707 acquisitis.

546 729 856 802 Sequitur:
890 729 1018 782 Ecce
1047 728 1197 782 enim
1227 725 1323 780 hoc
1353 727 1551 795 ipsum,
1590 723 1889 778 secundum
1947 724 2119 777 Deum

473 818 794 878 contristari
820 832 934 880 vos,
966 820 1073 871 etc.
1109 816 1171 869 In
1204 815 1311 868 hac
1342 831 1475 869 vero
1508 814 2112 883 sententia,quantum

476 910 546 964 ad
576 906 886 963 latinitatis
919 904 1181 976 regulam
1207 904 1431 968 attinet,
1463 902 1556 957 sed
1585 906 1879 973 superﬂua
1910 907 1998 955 est
2023 920 2035 969 ;
2062 906 2117 955 et

474 998 602 1053 ideo
636 994 1018 1067 intelligenda
1039 998 1129 1048 est
1153 992 1340 1063 posita
1371 1008 1497 1047 esse
1522 1007 1623 1062 pro
1642 994 1722 1057 et;
1750 992 1920 1059 juxta
1952 1005 2118 1060 regu-

472 1085 590 1140 lam
625 1099 857 1155 quoque
890 1084 1098 1153 linguae
1119 1080 1323 1135 Graecae
1350 1080 1525 1134 habet
1546 1078 2116 1150 compositionem,et

473 1172 1148 1231 constructionem.Sane
1170 1172 1514 1233 notandum,
1544 1168 1681 1239 quia
1708 1168 1928 1223 dixerat
1942 1166 2113 1239 paulo

474 1263 745 1335 superius
777 1279 839 1317 se
870 1259 1311 1316 constristatum
1344 1258 1670 1313 secundum
1707 1262 1884 1311 Deum
1915 1272 1928 1311 :
1964 1261 2021 1310 et
2054 1258 2115 1310 ut

472 1353 801 1409 ostenderet
832 1366 1005 1422 quem
1036 1349 1289 1403 fructum
1311 1348 1553 1402 tristitia
1574 1347 1899 1401 secundum
1933 1350 2112 1399 Deum

472 1441 757 1514 genuerit,
773 1438 1082 1510 subjunxit
1110 1442 1168 1492 et
1197 1440 1438 1491 caetera:
1472 1437 1602 1491 Ecce
1632 1436 1779 1489 enim
1810 1433 1907 1488 hoc
1938 1435 2114 1503 ipsum

469 1535 577 1587 etc.
599 1546 618 1591 ,°
637 1547 702 1585 ac
734 1529 780 1584 si
814 1528 1092 1583 dixisset:
1126 1525 1329 1580 Videte
1350 1524 1487 1597 quia
1510 1524 1747 1579 tristitia
1786 1522 2111 1577 secundum

472 1625 653 1673 Deum
687 1633 960 1689 magnam
982 1616 1041 1669 in
1062 1614 1228 1670 vobis
1251 1618 1566 1684 opperatur
1588 1611 2113 1668 sollicitudinem.Et

2231 455 2460 527 scripsi,
2499 457 2596 511 sed
2631 457 2807 511 etiam
2840 456 2909 511 ad
2938 456 3413 525 mamifestandam
3441 460 3785 524 sollicitudinem

2227 554 2491 600 nostram.
2511 545 2778 618 Magnam
2804 562 3011 616 nempe
3035 563 3134 616 pro
3152 545 3267 600 illis
3289 546 3698 607 sollicitudinem
3715 556 3785 611 ha-

2229 634 2435 696 bebat;
2470 634 2626 704 quia,
2659 635 2799 689 dum
2834 633 3169 705 inquinatos
3190 635 3521 703 inundabat,
3547 656 3786 711 oppressos

2230 722 2540 787 relevabat,
2575 724 2831 793 abjectos
2862 726 3186 791 revocabat,
3237 725 3493 779 omnium
3542 744 3595 782 se
3636 746 3784 789 curam

2227 810 2439 865 habere
2474 814 2866 879 monstrabat;
2904 813 3179 883 quoniam
3216 830 3329 867 uno
3362 815 3644 885 pcenitente
3662 821 3785 875 multi

2226 900 2793 963 contristantur,uno
2810 902 3022 956 afflicto
3043 900 3210 956 multi
3233 904 3785 980 scandalizantur;quia

2226 990 2272 1044 sl
2287 1006 2412 1044 com
2426 990 2640 1061 patitur
2655 1006 2831 1044 unum
2851 992 3623 1064 membrum,compatiuntur
3641 999 3784 1053 omnia

2228 1081 2535 1134 membra.“

2295 1168 2361 1222 Et
2393 1168 2500 1223 hoc
2530 1169 2850 1224 notandum
2885 1169 3022 1240 quia
3046 1170 3155 1223 tria
3189 1168 3331 1225 dicit
3360 1158 3500 1237 {hoc
3527 1177 3623 1237 est,
3639 1192 3713 1245 pro
3729 1194 3784 1231 vo-

2224 1255 2325 1322 bis,
2356 1265 2408 1310 et
2434 1256 2503 1309 ad
2532 1273 2639 1323 vos,
2670 1258 2717 1311 et
2747 1273 2927 1311 coram
2961 1258 3064 1311 Deo
3092 1275 3104 1325 ;
3139 1261 3204 1311 ut
3227 1260 3544 1315 ostenderet
3566 1261 3685 1315 nihil
3702 1281 3779 1321 sue

2223 1344 2424 1400 deesse
2447 1344 2840 1400 ssllicitudini.
2867 1344 3053 1400 Etboc
3076 1347 3380 1401 sciendum
3404 1347 3534 1419 quia
3554 1356 3669 1404 sunt
3684 1369 3781 1409 non-

2224 1431 2389 1502 nulli,
2424 1434 2523 1504 qui
2555 1438 2694 1489 sunt
2723 1434 2954 1489 solliciti
2988 1451 3088 1505 pro
3121 1433 3253 1490 aliis
3286 1453 3298 1503 ;
3330 1437 3424 1491 sed
3460 1454 3563 1491 non
3594 1439 3651 1493 ad
3673 1440 3777 1509 illos,
3844 1424 3847 1427 I

2223 1520 2361 1592 quia
2379 1538 2490 1576 non
2514 1523 2584 1577 ab
2600 1522 2710 1588 bis,
2736 1540 2861 1593 quae
2881 1523 2949 1578 ad
2970 1523 3286 1594 perfectam
3312 1523 3538 1581 illorum
3563 1526 3778 1584 sollicitu-

2223 1610 2417 1665 dinem
2437 1611 2799 1682 perducunt:
2829 1617 2969 1667 sunt
2991 1630 3124 1668 vero
3149 1612 3269 1682 alii,
3295 1613 3393 1685 qui
3416 1632 3513 1687 pro
3530 1616 3659 1683 aliis,
3680 1623 3719 1672 et
3734 1620 3779 1674 ad

470 1707 711 1781 pulchre
741 1706 920 1761 dicit:
956 1703 1397 1760 Sollicitudinem
1432 1720 1445 1769 ;
1479 1704 1616 1773 quia
1646 1703 1705 1756 in
1769 1700 2110 1773 poenitentia
2141 1743 2188 1807 B
2223 1698 2353 1754 illos
2384 1700 2614 1754 solliciti
2645 1707 2783 1755 sunt
2812 1720 2825 1769 ;
2860 1703 2957 1757 sed
2992 1703 3130 1773 quia
3153 1719 3269 1757 non
3294 1708 3382 1758 est
3398 1703 3623 1776 simplex
3638 1722 3779 1762 eorum

470 1796 721 1852 multum
756 1794 1040 1850 sollicitus
1072 1798 1160 1849 est
1190 1793 1466 1857 homo,ne
1500 1794 1641 1847 forte
1673 1791 1862 1846 denuo
1894 1795 2107 1861 peccet:

467 1890 522 1941 et
550 1887 647 1940 ubi
679 1885 1009 1941 sollicitudo
1031 1888 1136 1952 est,
1160 1888 1377 1954 torpor,
1404 1887 1461 1935 et
1498 1880 1730 1951 ignavia
1788 1878 2108 1949 repellitur.

462 1977 571 2032 Sed
598 1975 979 2048 defensionem.
1007 1972 1181 2035 Quasi
1206 1972 1447 2026 dixisset
1482 1987 1494 2024 :
1527 1970 1650 2025 Non
1674 1969 1863 2023 solum
1896 1966 2107 2021 sollici-

462 2065 858 2130 tudinem,sed
882 2063 1056 2119 etiam
1080 2061 1476 2116 defensionem
1513 2076 1526 2114 :
1553 2075 1663 2112 non
1698 2062 1926 2111 tantum
1948 2055 2106 2123 mali;

464 2156 602 2226 quia
634 2153 770 2208 mali
805 2156 1041 2223 operata
1074 2154 1160 2205 est
1192 2149 1639 2213 confessionem;
1674 2147 1771 2201 sed
1808 2146 2000 2216 potius
2021 2161 2111 2200 ve-

464 2241 653 2298 ritatis
689 2257 701 2296 :
735 2241 836 2297 Sed
866 2239 1301 2307 indignationem
1333 2236 1492 2291 illam
1527 2235 1806 2306 intellige,
1827 2251 1943 2305 qua
1966 2235 2023 2287 in
2048 2250 2108 2289 se

461 2330 923 2402 indignabantur
954 2333 1187 2399 propter
1219 2331 1456 2397 peccata
1488 2343 1501 2393 ;
1533 2324 1619 2379 vel
1652 2327 1805 2379 certe
1856 2322 2105 2378 aliorum

462 2418 928 2491 intellige,quam
952 2416 1011 2471 in
1035 2432 1095 2471 se
1116 2414 1669 2478 excitaverunt,cum
1704 2429 1765 2468 se
1796 2414 2107 2468 emendare

462 2512 784 2580 coeperunt.
816 2506 1094 2577 Sequitur
1130 2523 1141 2559 :
1174 2505 1278 2559 Sed
1309 2509 1578 2559 timorem.
1616 2501 1718 2556 Ille
1752 2502 2012 2572 vero,qui
2047 2502 2105 2555 in

461 2596 825 2669 pcenitudine
854 2601 963 2663 est,
998 2593 1249 2649 multum
1273 2593 1538 2659 timet,ne
1563 2592 1706 2645 forte
1739 2608 1851 2645 non
1886 2591 1962 2645 sit
1991 2590 2104 2645 sibi

461 2703 492 2741 a
514 2686 627 2741 Deo
646 2686 958 2741 remissum
984 2680 1603 2753 peccatum.Timorem
1626 2696 1755 2735 vero
1780 2696 1851 2733 an
1874 2684 2102 2734 castum

461 2790 533 2828 an
550 2772 818 2829 servilem
838 2770 1307 2842 dicat,incertum
1329 2773 1435 2823 est:
1460 2773 1863 2823 verumtamen
1880 2773 2104 2824 utrum-

460 2879 574 2934 que
604 2860 927 2933 intelligere
950 2857 1606 2931 possumus.Sequitur:
1644 2857 1743 2911 Sed
1774 2857 2101 2912 desiderium

457 2951 567 3006 hoc
588 2955 694 3018 est,
730 2951 786 3004 in
824 2948 1031 3005 melius
1065 2945 1423 3019 proﬁciendi,
1459 2946 1733 3016 Sequitur
1759 2963 1771 2999 :
1796 2946 1896 3001 Sed
1925 2961 2099 3002 aemu-

456 3040 1033 3108 lationem,bonorum
1067 3037 1289 3092 scilicet
1320 3051 1559 3106 operum
1598 3053 1609 3100 ;
1637 3035 1803 3105 quasi
1838 3034 2096 3089 dixisset:

2219 1787 2482 1854 intentio,
2518 1789 2645 1845 ideo
2678 1807 2790 1845 non
2813 1807 3004 1846 coram
3029 1792 3147 1847 Deo.

2290 1877 2565 1948 Sequitur
2592 1896 2604 1934 :
2640 1880 2767 1935 Ideo
2796 1882 3063 1936 consolati
3100 1897 3291 1935 sumus
3315 1899 3335 1943 ;
3367 1881 3473 1937 hoc
3501 1888 3599 1949 est,
3628 1885 3683 1938 de
3714 1902 3777 1940 ve-

2218 1971 2338 2021 stra
2355 1968 2869 2036 emendatione,vel
2895 1986 2995 2041 pro
3020 1975 3218 2026 nostra
3240 1969 3779 2043 sollicitudine.Sequi-

2222 2062 2317 2109 tur
2342 2074 2353 2110 :
2387 2058 2449 2110 In
2478 2059 2843 2112 consolatione
2869 2066 3052 2114 autem
3080 2065 3293 2129 nostra,
3319 2059 3662 2116 abundantius
3676 2063 3779 2130 gavi-

2217 2160 2309 2198 sus
2335 2162 2455 2200 sum
2484 2163 2646 2217 super
2673 2148 2875 2218 gaudio
2908 2150 3034 2202 Titi.
3065 2147 3367 2204 Sollicitus
3393 2150 3541 2204 enim
3570 2156 3669 2204 erat
3696 2150 3780 2222 ipse

2218 2238 2339 2287 tam
2358 2240 2573 2305 aperte,
2598 2252 2775 2306 quam
2803 2240 2859 2291 et
2880 2236 3147 2305 latenter,
3169 2253 3315 2293 suos
3336 2238 3575 2310 dirigere
3595 2240 3780 2311 discipu-

2218 2322 2326 2393 los,
2362 2328 2425 2377 ut
2460 2340 2699 2379 suorum
2734 2331 3078 2396 agnosceret
3108 2328 3599 2383 conversationem
3618 2328 3779 2382 audito-

2218 2428 2345 2466 rum
2375 2430 2387 2481 ;
2413 2417 2469 2467 et
2490 2413 2639 2482 ideo,
2665 2429 2797 2467 cum
2817 2414 3356 2483 direxissetTitum,
3381 2421 3437 2471 et
3462 2418 3575 2487 ipse
3594 2416 3779 2470 invenis-

2216 2506 2303 2554 set
2333 2517 2432 2555 eos
2463 2502 2827 2569 emendatos,
2858 2507 2916 2557 et
2933 2508 3244 2571 carrectos,
3269 2504 3505 2576 gavisus
3526 2504 3779 2572 est;etideo

2214 2589 2382 2644 dicit:
2417 2592 2643 2645 Gavisus
2666 2608 2789 2645 sum
2815 2608 2985 2662 super
3012 2593 3218 2661 gaudio
3248 2594 3357 2647 Titi
3379 2611 3399 2655 ;
3431 2594 3586 2665 quasi
3605 2594 3779 2647 dixisset

2213 2678 2344 2733 aliis
2374 2679 2601 2734 verbis:
2636 2682 2782 2744 Quia
2811 2681 2993 2749 'l‘itus,
3028 2683 3127 2752 qui
3159 2682 3332 2737 valde
3364 2683 3613 2738 tristatus
3648 2682 3781 2737 estde

2210 2772 2420 2836 vestro,
2441 2784 2600 2837 casu,
2625 2769 2923 2825 inveniens
2956 2787 3053 2825 vos
3074 2777 3389 2843 correctos,
3413 2772 3630 2844 gavisus
3648 2775 3729 2835 est,
3744 2772 3779 2823 et

2210 2872 2315 2928 ego
2345 2858 2591 2930 gaudeo,
2626 2859 2764 2930 quia
2792 2858 2950 2915 illius
2981 2859 3289 2931 gaudium,
3321 2877 3512 2915 meum
3543 2864 3636 2915 est.
3684 2859 3779 2925 Quia

2210 2950 2440 3016 refectus
2469 2956 2564 3015 est,
2592 2947 2650 3001 id
2682 2953 2769 3003 est
2799 2948 3055 3019 repletus
3095 2954 3163 3003 ab
3213 2950 3467 3005 omnibus
3508 2951 3654 3004 vobis.
3680 2947 3775 3001 Cum

2210 3035 2364 3089 enim
2399 3036 2573 3090 dicit:
2607 3037 2680 3089 Ab
2709 3038 2958 3091 omnibus
2990 3038 3158 3103 vobis,
3194 3040 3455 3093 ostendit
3483 3055 3574 3093 eos
3622 3036 3778 3091 habere

455 3129 561 3193 Qui
592 3129 877 3184 hactenus
913 3126 1105 3181 fuistis
1129 3125 1451 3179 imitatores
1502 3122 1810 3188 malorum,
1868 3125 2099 3178 studete
2130 3113 2171 3179 C
2211 3125 2601 3188 concordiam,
2630 3130 2804 3196 atque
2832 3126 3286 3197 unionem,quos
3308 3127 3367 3181 in
3391 3128 3572 3198 prima
3590 3121 3781 3196 Epistols

454 3217 821 3274 aemulatores
850 3232 977 3271 esse
1005 3216 1313 3270 bonorum.
1347 3211 1638 3282 Sequitur:
1673 3210 1773 3265 Sed
1802 3211 2101 3267 vindictam

452 3307 539 3362 vel
565 3303 886 3360 ulciscendi
918 3303 975 3357 in
1005 3300 1337 3371 semetipsis
1366 3304 1621 3371 peccata,
1654 3298 1741 3353 vel
1772 3304 1923 3355 certe
1955 3300 2096 3354 ulci-

454 3394 653 3449 scendi
676 3392 863 3447 malos
890 3416 902 3457 ;
936 3388 1190 3461 quiaqui
1216 3389 1399 3443 malos
1424 3389 1803 3458 punit,bonos
1836 3405 1949 3443 non
1973 3405 2098 3459 per-

454 3484 589 3539 dere
620 3481 829 3554 quarit
859 3481 1028 3548 (736).
1061 3477 1274 3547 Tangit
1320 3477 1474 3530 enim
1531 3477 1886 3547 praelibando
1937 3493 2095 3534 more

453 3570 624 3627 solito
656 3585 915 3637 causam,
949 3584 1122 3639 quam
1158 3565 1415 3637 apertius
1438 3566 1931 3633 manifestat,cum
1954 3568 2093 3621 sub-

446 3660 679 3731 jungit:
714 3661 777 3713 In
797 3657 1048 3714 omnibus
1095 3655 1417 3711 exhibuistis
1474 3670 1565 3709 vos
1625 3656 2094 3711 incontaminatos

453 3764 562 3804 esse
591 3750 801 3819 negotio
832 3745 1339 3817 (subintelligitur,
1380 3743 1749 3815 iniquitatis).
1811 3744 2089 3799 Corinthii

450 3854 586 3892 vero
619 3836 901 3909 increpati
932 3835 1003 3891 ab
1028 3832 1556 3906 Apostolo,incitati
1580 3837 1721 3887 sunt
1759 3837 1824 3887 ut
1853 3833 2036 3889 malos
2058 3851 2092 3890 a

449 3925 738 3982 consortio
757 3925 847 3980 sui
876 3922 1222 3996 repellerent
1257 3940 1268 3978 :
1302 3926 1359 3977 et
1389 3922 1518 3977 ideo
1542 3922 2090 3992 abjecerantomnes

451 4031 595 4085 quos
616 4014 740 4087 ipse
771 4030 873 4085 per
904 4011 1219 4084 Epistolam
1258 4012 1647 4066 denotaverat.
1681 4010 1749 4064 Et
1787 4011 1925 4065 dum
1981 4012 2089 4068 hoc

449 4107 711 4175 egerunt,
758 4100 1255 4158 incontaminatos
1315 4117 1377 4154 se
1425 4114 1554 4154 esse
1602 4102 2086 4155 monstraverant.

450 4192 623 4255 Quasi
647 4191 929 4245 dixisset:
966 4190 1116 4245 Dum
1147 4187 1335 4242 malos
1377 4185 1696 4258 repulistis,
1749 4188 2093 4243 incontami-

453 4282 622 4332 natos
653 4295 752 4332 vos
775 4277 1005 4350 negotio
1034 4274 1359 4346 iniquitatis
1383 4291 1513 4329 esse
1535 4277 1927 4347 monstrastis,
1953 4278 2090 4348 quia

450 4366 548 4438 qui
568 4366 999 4421 contaminatus
1017 4364 1456 4429 est,libertatem
1484 4364 1822 4434 increpandi
1848 4366 2086 4434 amittit,

518 4455 791 4527 Sequitur
824 4473 835 4510 :
871 4455 1068 4525 Igitur,
1102 4455 1203 4508 etsi
1248 4455 1470 4524 scripsi,
1529 4470 1639 4509 non
1694 4463 1911 4525 prapter
1966 4472 2088 4512 eum
2122 4484 2169 4548 D

447 4546 544 4615 qui
570 4547 698 4616 fecit
723 4543 1122 4615 injurz'am.His
1146 4542 1333 4597 verbis
1357 4541 1524 4597 illum
1558 4543 1919 4615 denotat,qui
1942 4547 2090 4617 patri

444 4632 716 4703 injuriam
753 4632 969 4704 intulit,
998 4632 1375 4688 conducendo
1409 4649 1643 4687 uxorem
1677 4632 1723 4703 (I
1754 4632 1873 4689 Cor.
1926 4651 1977 4700 v,
2015 4637 2087 4704 1),

448 4722 587 4776 Item
612 4739 747 4777 cum
780 4721 921 4777 dicit
953 4738 965 4778 :
1000 4723 1103 4777 Nec
1132 4730 1350 4793 pr0pter
1376 4722 1548 4792 (737),
1593 4723 1690 4792 qui
1738 4739 1933 4793 passus
1991 4729 2085 4793 est,

445 4826 647 4867 omnes
669 4811 798 4867 illos
824 4812 1080 4879 denotat,
1116 4811 1214 4882 qui
1250 4809 1518 4879 injurias,
1552 4814 1607 4864 et
1639 4812 1872 4866 fraudes
1913 4813 2089 4883 patie-

444 4901 754 4971 bantur,de
785 4901 1003 4973 quibus
1026 4901 1151 4973 ipse
1183 4900 1241 4954 in
1274 4900 1499 4971 prima:
1537 4898 1637 4953 Sed
1666 4916 1756 4954 vos
1812 4901 2089 4970 injuriam

444 4990 649 5058 facitis,
680 4999 731 5044 et
759 4990 1059 5061 fraudatis,
1083 4992 1134 5045 et
1161 4989 1259 5044 hoc
1288 4989 1565 5058 fratribus
1618 4988 1665 5058 (Ι
1717 4992 1837 5043 Cor.
1898 5006 1973 5056 v1,
2008 4990 2083 5061 8).

446 5074 592 5130 Nam
625 5075 672 5157 si
702 5076 761 5132 in
784 5078 980 5150 aliquo
1012 5076 1364 5133 dissidentes
1396 5081 1581 5143 erant,
1624 5080 1726 5130 aut
1785 5076 1834 5130 si
1890 5077 2087 5148 aliqua

447 5161 603 5218 mala
632 5162 1066 5235 ingerebant,ad
1091 5163 1417 5220 infidelium
1449 5163 2083 5235 truhebanturjudicia.

2211 3213 2464 3268 ostendit
2485 3214 2697 3269 habere
2718 3214 3088 3281 divisionem,
3116 3216 3258 3271 adeo
3281 3223 3352 3272 ut
3371 3217 3601 3272 diceret:
3622 3213 3781 3269 Divisus

2207 3307 2285 3357 est
2317 3304 2556 3357 Christus
2587 3305 2633 3373 (I
2662 3302 2782 3357 Cor.
2818 3320 2855 3371 ι,
2886 3305 2996 3375 13.)

2278 3392 2581 3461 Sequitur:
2617 3393 2681 3446 Et
2708 3394 2760 3446 si
2787 3394 2927 3463 quid
2957 3393 3100 3464 apud
3116 3394 3277 3448 illum
3307 3394 3373 3449 de
3398 3395 3543 3449 vobis
3568 3393 3782 3465 gloriatus

2204 3496 2344 3533 sum.
2384 3480 2481 3534 His
2511 3480 2702 3535 verbis
2733 3481 2982 3535 ostendit
3018 3483 3412 3552 aperte,quod
3438 3481 3610 3537 multa
3628 3476 3781 3535 dixerit

2204 3569 2332 3623 Tito
2364 3569 2515 3623 bona
2535 3568 2605 3623 de
2634 3568 2969 3633 Corinthiis,
3016 3569 3363 3642 priusquam
3397 3587 3527 3626 eum
3547 3566 3777 3631 direxerit,

2202 3673 2329 3727 qua
2359 3657 2431 3711 ab
2464 3656 2579 3711 illis
2611 3657 2836 3723 didicit,
2863 3674 2963 3728 per
2985 3674 3133 3728 quos
3152 3657 3364 3714 direxit
3388 3657 3779 3731 Epistolam,aut

2200 3761 2303 3816 per
2334 3745 2497 3814 alios,
2532 3746 2670 3818 quia
2700 3745 2866 3800 multi
2899 3762 3048 3817 saepe
3079 3747 3505 3804 discurrebant.
3533 3748 3595 3803 Et
3611 3744 3776 3800 nonest

2199 3835 2799 3906 con/ususApostolus,
2824 3835 2964 3907 quia
2987 3852 3100 3891 non
3125 3837 3314 3904 aliter,
3339 3855 3515 3909 quam
3536 3838 3648 3909 ipse
3669 3832 3779 3887 dixe-

2201 3924 2294 3993 rit,
2330 3926 2542 3995 reperit
2571 3925 2759 3980 Titus.
2804 3984 2807 3985 ,

2272 4012 2578 4085 Sequitur:
2614 4013 2714 4068 Sed
2738 4016 2879 4068 sicut
2903 4016 3090 4069 omnia
3116 4016 3266 4071 vobis
3297 4017 3359 4070 in
3387 4016 3607 4071 veritate
3657 4006 3783 4065 loculi

2198 4118 2408 4168 sumus,
2429 4107 2535 4156 etc.
2560 4101 2723 4169 Nota,
2749 4103 2888 4173 quia
2909 4120 2976 4158 ea
2990 4103 3221 4175 repetit,
3245 4120 3371 4175 quae
3394 4102 3650 4175 superius
3670 4096 3780 4152 dixe

2201 4195 2319 4245 rat:
2352 4192 2469 4246 Non
2497 4200 2576 4246 est
2604 4192 2748 4263 apud
2772 4208 2859 4247 me
2890 4192 3020 4248 EST
3047 4196 3099 4247 et
3128 4193 3292 4249 ΝΟΝι
3330 4193 3395 4246 Et
3441 4197 3527 4248 est
3573 4200 3744 4245 sensus
3769 4196 3778 4234 :

2199 4280 2363 4335 Sicut
2390 4280 2587 4336 omnia
2616 4280 2777 4336 vobis
2807 4282 2865 4335 in
2900 4281 3138 4337 veritate
3168 4282 3345 4337 locuti
3378 4297 3598 4346 sumus,
3646 4275 3712 4331 ita
3744 4271 3783 4324 ei

2199 4370 2418 4432 omnia,
2451 4387 2577 4441 quae
2610 4370 2740 4425 Tito
2774 4370 3036 4442 praedixi,
3067 4387 3200 4426 vera
3228 4372 3482 4427 fuerunt.
3516 4364 3780 4438 Sequitur:

2199 4458 2263 4515 Et
2294 4462 2510 4514 viscera
2539 4461 2653 4529 ejus
2678 4461 3047 4516 abundantius
3085 4462 3145 4514 in
3186 4462 3335 4515 vobis
3388 4462 3552 4521 sunt;
3594 4456 3687 4510 hoc
3721 4449 3784 4504 est

2201 4548 2398 4604 omnia
2429 4550 2690 4604 membra
2721 4551 2848 4620 ejus
2879 4566 2979 4604 vos
3009 4550 3360 4605 desiderant.
3393 4547 3562 4605 Verbi
3616 4538 3781 4617 gratia.

2201 4638 2351 4692 sicut
2372 4637 2569 4693 omnia
2593 4640 2874 4705 membra,
2895 4655 3001 4693 sua
3020 4639 3074 4692 in
3096 4639 3339 4694 invicem
3358 4626 3781 4694 desiderantofﬁ-

2199 4727 2288 4782 cia
2316 4744 2327 4794 ;
2360 4726 2416 4781 id
2448 4731 2555 4795 est,
2591 4728 2743 4783 sicut
2774 4728 3007 4784 auditus
3038 4729 3332 4784 desiderat
3360 4729 3572 4795 visum,
3594 4727 3643 4779 et
3664 4718 3787 4774 visus

2197 4815 2494 4882 olfactum,
2529 4822 2637 4871 etc.
2666 4834 2678 4871 :
2713 4817 2795 4872 sic
2827 4822 2882 4872 et
2912 4818 3109 4872 omnia
3139 4819 3402 4873 membra
3430 4817 3554 4887 ejus
3582 4828 3671 4866 vos
3713 4805 3785 4859 de‘

2198 4904 2243 4959 si
2253 4906 2476 4974 derant,
2494 4908 2899 4962 reminiscentis
2914 4909 3161 4962 omnium
3174 4911 3413 4961 vestrum
3437 4899 3785 4960 obedientiam.

2196 4998 2264 5047 Et
2293 4998 2381 5047 est
2413 5010 2655 5050 sensus:
2690 4995 2835 5058 Quia
2865 5001 3048 5050 vestra
3080 4996 3407 5051 obedientia
3437 4997 3597 5066 grata
3621 4988 3666 5043 ei
3686 4981 3784 5041 fuit.

2196 5085 2252 5136 et
2276 5099 2376 5135 vos
2398 5087 2594 5153 gratos
2617 5084 2887 5154 reddidit,
2916 5085 3057 5140 adeo
3083 5102 3179 5141 vos
3201 5084 3409 5155 diligit,
3425 5088 3489 5137 ut
3507 5083 3683 5136 vestra
3700 5083 3785 5127 me:

2197 5169 2386 5225 moria
2415 5187 2716 5240 nunquam
2752 5172 2822 5225 ab
2855 5173 2982 5242 ejus
3015 5179 3208 5229 mente
3237 5172 3485 5227 recedat.

3898 0 3911 365 I
