3990 5306
147 430 253 488 457

679 426 1091 487 EXPOSI'I‘IO
1136 425 1211 485 IN
1259 420 1688 484 EPISTOLAS
1733 416 1994 479 PAULI.
2028 447 2105 461 -—-
2136 418 2213 477 IN
2261 419 2509 483 EPIST.
2558 422 2608 481 II
2654 423 2753 482 AD
2798 424 2973 485 COR.

3412 426 3530 489 458

209 557 513 630 Sequitur:
549 558 820 627 Quomodo
873 575 997 613 cum
1030 560 1223 612 timore
1274 565 1323 610 et
1353 560 1587 610 tremore
1616 567 1774 607 acce—
1805 552 1859 615 Α
1889 549 2056 615 Cum,
2089 568 2287 607 eorum
2324 555 2516 609 tenuis
2548 555 2625 610 sit
2645 556 2997 627 substantia,
3031 558 3173 612 adeo
3198 557 3309 629 ipsi
3341 559 3528 615 devoti

142 651 286 723 pistis
324 664 468 701 eum.
529 648 673 702 Cum
734 648 888 701 enim
948 647 1202 701 directus
1234 646 1441 699 fuisset
1488 645 1572 697 eis
1613 643 1777 695 ’l‘itus

146 738 324 795 studio
355 737 587 791 videndi
649 737 1147 791 conversationem
1207 752 1429 802 eorum,
1483 737 1538 788 et
1586 730 1776 786 subito

144 829 281 883 inter
306 842 404 881 eos
436 825 825 895 apparuisset,
880 828 1223 889 timuerunt,
1269 823 1606 887 recolentes,
1641 819 1778 891 quia

146 934 237 989 pro
267 914 469 969 multis
501 914 655 969 vitiis
686 915 916 969 fuerant
948 914 1225 985 increpati
1259 915 1329 967 ab
1361 911 1654 983 Apostolo.
1692 912 1777 964 ln-

146 1005 478 1061 tellexerunt
508 1004 686 1073 enim,
720 1003 858 1074 quia
899 1004 1172 1058 idoneum
1205 1003 1541 1057 ministrum
1570 1000 1777 1054 direxit

148 1095 210 1149 ad
237 1110 349 1155 eos,
384 1092 484 1161 qui
519 1108 749 1146 omnem
784 1108 986 1146 eorum
1018 1091 1519 1146 conversationem
1552 1088 1661 1143 sibi
1695 1105 1776 1142 re-

150 1180 462 1245 nuntiaret;
498 1185 555 1234 et
588 1180 711 1235 ideo
746 1180 824 1233 ita
844 1197 978 1233 cum
1010 1180 1217 1234 timore
1238 1183 1587 1250 exceperunt
1618 1194 1772 1241 eum,

150 1274 197 1325 et
221 1269 554 1323 obedientes
584 1268 634 1322 ei
689 1269 1056 1333 exstiterunt,
1092 1270 1260 1338 quasi
1312 1268 1435 1338 ipse
1464 1264 1774 1337 Apostolus

144 1358 379 1413 venisset
414 1358 484 1411 ad
518 1374 638 1412 eos.

204 1445 510 1517 Sequitur:
564 1445 779 1501 Gaudeo
839 1444 978 1515 quod
1038 1446 1099 1499 in
1157 1444 1405 1499 omnibus
1462 1443 1671 1511 conﬁdo
1716 1444 1774 1495 in

143 1536 307 1601 vobis;
336 1534 511 1605 quasi
537 1534 777 1589 dixisset
801 1534 954 1588 :Non
987 1535 1174 1588 solum
1200 1534 1422 1605 gaudeo
1446 1533 1515 1586 de
1542 1531 1773 1585 illorum

143 1623 502 1689 correctione,
538 1621 634 1691 qui
687 1621 1021 1678 ceciderunt
1052 1626 1106 1676 et
1158 1624 1553 1684 surrexerunt,
1588 1620 1686 1674 sed
1720 1622 1777 1673 et

142 1713 202 1767 de
230 1716 417 1765 vestro
451 1710 731 1781 profectu,
756 1710 852 1780 qui
883 1710 937 1762 in
977 1710 1085 1762 fide
1116 1709 1382 1764 stetistis.
1407 1708 1530 1762 Sive
1564 1708 1733 1762 aliter
1759 1726 1769 1761 :

142 1799 354 1855 Gaudeo
388 1798 552 1869 quia,
588 1796 686 1868 qui
745 1812 813 1851 ea
866 1799 1152 1867 corrigere
1210 1799 1489 1869 ccepistis,
1541 1816 1666 1869 qua}
1701 1799 1771 1853 ad

1888 639 2249 707 exstiterunt,
2288 645 2349 692 ut
2380 642 2531 696 ultra
2562 660 2739 713 quam
2773 644 3014 699 virtutes
3045 651 3438 715 suppeterent,
3472 652 3530 702 et

1889 727 2133 784 facultas
2165 728 2399 793 sineret,
2434 730 2541 800 ipsi
2564 734 2749 802 parati
2777 739 2973 789 essent
3001 734 3176 801 dare;
3208 742 3261 789 et
3292 736 3418 791 ideo
3442 736 3525 790 di-

1886 820 1999 874 cit:
2036 818 2336 873 .lbundavit
2370 821 2430 872 in
2487 820 2710 876 divitias
2766 824 3164 893 simplicitatis.
3221 822 3527 893 Simplices

1886 907 2115 963 divitias
2146 910 2306 976 dicit,
2332 910 2469 979 quia
2502 909 2633 979 ipsi,
2659 928 2772 965 non
2807 928 2987 967 causa
3007 912 3278 967 humana
3310 912 3522 984 laudis,

1886 1005 1985 1052 aut
2018 999 2335 1053 redimendi
2369 1016 2507 1054 suos
2539 1000 2964 1070 praedicatores,
2990 1018 3061 1056 ne
3086 1003 3526 1073 increparentur

1886 1089 1958 1141 ab
1990 1087 2092 1153 eis,
2129 1089 2476 1156 tribuerunt,
2535 1090 2635 1143 sed
2668 1090 2860 1143 studio
2910 1089 3174 1160 placendi
3205 1092 3341 1147 Deo.
3376 1092 3522 1147 Nam

1885 1176 1981 1246 qui
2016 1194 2192 1231 causa
2214 1177 2484 1232 humana:
2507 1176 2697 1231 laudis
2720 1177 3006 1245 tribuunt,
3042 1196 3156 1235 non
3180 1180 3525 1251 simpliciter

1886 1265 2126 1329 faciunt,
2162 1270 2219 1318 et
2250 1264 2351 1329 illi,
2388 1266 2487 1334 qui
2542 1282 2575 1318 a
2605 1264 2817 1319 talibus
2850 1266 3163 1337 accipiunt,
3195 1268 3523 1324 libertatem

1886 1353 2220 1423 increpandi
2254 1353 2552 1420 amittunt,
2613 1353 2752 1423 quia
2803 1355 3088 1425 scriptum
3119 1362 3242 1411 est:
3280 1358 3445 1412 Xenia
3474 1360 3526 1413 et

1882 1442 2023 1497 dona
2054 1450 2326 1496 exerceant
2352 1444 2531 1496 oculos
2551 1442 2804 1511 judicum
2836 1444 3024 1511 (Eccli.
3057 1461 3148 1511 xx,
3182 1446 3292 1515 31).

1954 1532 2267 1602 Sequitur:
2322 1533 2465 1599 Quid
2501 1531 2807 1585 secundum
2864 1534 3121 1588 virtutem
3153 1537 3528 1591 testimonium

1884 1622 2000 1674 illis
2028 1621 2307 1690 perbibeo,
2341 1625 2450 1674 etc.
2485 1621 2879 1691 Przeposterus
2905 1628 2994 1677 est
3025 1625 3188 1694 ordo,
3226 1642 3361 1679 nam
3392 1626 3526 1681 talis

1884 1726 2014 1763 esse
2046 1710 2249 1763 debet:
2287 1708 2686 1763 testiinonium
2712 1709 2826 1764 illis
2850 1710 3145 1780 perbibeo,
3170 1713 3309 1783 quia
3340 1730 3527 1770 secun-

1882 1798 2016 1852 dum
2039 1801 2297 1853 virtutem
2320 1798 2388 1851 tri
2400 1798 2577 1851 bucru
2590 1794 2669 1865 nt,
2692 1799 2742 1851 el
2766 1815 2927 1869 super
2946 1802 3205 1856 virtutem
3222 1804 3529 1859 voluntarii

142 1889 344 1944 cultum
411 1888 547 1943 ﬁdei
604 1892 659 1942 et
716 1887 981 1942 ordinem
1005 1887 1464 1942 ecclesiasticum
1498 1888 1768 1957 attinent,
1801 1915 1849 1979 B
1882 1890 2129 1957 fuerunt.
2156 1888 2222 1940 Et
2249 1892 2310 1939 ut
2336 1888 2660 1941 ostenderet
2685 1889 2997 1958 quomodo,
3027 1890 3329 1959 subjunxit
3353 1909 3365 1947 :
3393 1893 3528 1947 Cum

140 1984 256 2044 etc.,
288 1995 421 2049 quae
454 1981 592 2031 sunt
624 1977 802 2048 digna
833 1976 1206 2045 correctione,
1242 1976 1562 2047 corrigetis.

203 2068 346 2140 (CAP.
436 2066 609 2135 VIII.)
670 2066 859 2120 Notam
933 2070 1136 2130 autem,
1214 2068 1436 2135 fratres.
1497 2066 1774 2136 Superius

144 2156 445 2212 Corinthiis
478 2155 931 2226 persecutiones,
963 2158 1018 2208 et
1051 2170 1534 2224 pressuras,quas
1567 2170 1775 2225 passus

148 2249 308 2301 fuerat
334 2246 395 2299 in
434 2242 705 2299 Ecclesiis
756 2242 1137 2309 Macedonia},
1186 2244 1393 2297 deinde
1426 2242 1681 2297 diverat:
1717 2244 1776 2299 Si

152 2338 367 2404 gravisus
400 2350 532 2389 sum
561 2349 725 2402 super
753 2331 956 2399 gaudio
990 2332 1092 2385 Titi
1116 2348 1127 2383 :
1156 2336 1289 2401 post
1323 2331 1427 2385 hoc
1461 2348 1627 2385 suam
1651 2350 1774 2388 ora-

154 2424 336 2479 tionem
361 2421 793 2478 etlocutionem
812 2420 1083 2474 laudibus
1106 2418 1391 2474 conclusit
1415 2437 1590 2486 ;nunc
1619 2438 1775 2476 vero-

148 2512 468 2582 aggreditur
494 2508 674 2572 aliud,
708 2507 943 2562 dicens:
977 2509 1169 2562 Notam
1199 2508 1346 2561 vobis
1376 2510 1630 2577 facimus,
1664 2512 1776 2579 [να-

144 2608 254 2666 tres,
286 2604 397 2655 etc.
432 2598 683 2667 (758-39)
715 2595 826 2651 Sed
859 2597 1241 2665 quaerendum
1275 2604 1581 2667 est,quare
1604 2615 1772 2653 suam

140 2686 481 2743 locutionem
518 2687 588 2740 de
612 2701 782 2756 opere
806 2684 1216 2739 misericordiae
1238 2686 1384 2755 (740)
1404 2686 1430 2737 ‘2
1455 2686 1564 2740 Sed
1587 2688 1773 2742 scien-

136 2774 290 2841 dum,
324 2774 464 2845 quia
493 2774 609 2846 egit
639 2772 747 2827 hoc
778 2771 1092 2842 Apostolus
1150 2773 1471 2843 ingeniose,
1504 2779 1558 2828 et
1589 2775 1773 2829 admi-

133 2864 309 2918 rando
327 2863 503 2918 modo
530 2887 544 2927 ;
569 2862 676 2915 hoc
698 2865 877 2929 est,ut
896 2861 1037 2913 dum
1059 2877 1158 2915 eos
1174 2859 1451 2916 laudibus
1474 2862 1772 2929 mulceret,

128 2952 193 3006 ad
227 2968 380 3023 opus
414 2947 827 3004 misericordiae
851 2946 1079 3002 facilius
1102 2953 1455 3018 provocaret.
1490 2950 1778 3005 Moraliter

124 3039 205 3096 sic
238 3039 521 3094 monendi
554 3042 692 3091 sunt
724 3036 981 3105 superbi,
1022 3041 1079 3090 et
1108 3040 1398 3105 potentes,
1430 3036 1537 3089 hoc
1568 3043 1677 3101 est,
1712 3043 1777 3091 ut

116 3129 166 3184 si
199 3145 321 3199 qua
353 3130 499 3179 sunt
530 3126 588 3177 in
622 3123 738 3178 illis
766 3125 934 3189 bona,
970 3123 1245 3177 laudibus
1276 3125 1644 3194 proferantur
1691 3124 1775 3179 vel

112 3232 245 3286 quae
278 3214 481 3268 inesse
514 3216 801 3283 poterant,
834 3211 1143 3278 dicantur;
1179 3217 1242 3266 ut
1273 3228 1403 3282 quas
1433 3212 1775 3283 corrigenda

112 3308 271 3367 sunt,
312 3300 551 3356 facilius
591 3300 978 3371 corrigantur.
1034 3301 1274 3371 Propter
1304 3302 1411 3356 hoc
1440 3302 1769 3372 exemplum

113 3391 512 3448 Ecclesiarum
568 3388 919 3443 Macedoniae
950 3388 1211 3460 protulit,
1271 3394 1333 3444 ut
1363 3390 1503 3444 dum
1536 3390 1680 3445 alios
1712 3390 1769 3446 in

115 3497 284 3553 opere
327 3477 751 3533 misericordiae
803 3477 1040 3531 devotos
1072 3477 1359 3545 audirent,
1393 3478 1627 3533 eosdem
1656 3496 1769 3534 non

119 3571 354 3626 devotos
377 3582 511 3623 esse
534 3565 1110 3636 puderet.Moraliter
1141 3571 1451 3622 monentur
1481 3568 1771 3633 doctores,

124 3664 199 3725 ut,
232 3656 479 3729 quoties
527 3653 819 3709 auditores
863 3671 1002 3709 suos
1052 3656 1122 3709 ad
1150 3656 1301 3711 bona
1336 3673 1643 3727 provocare
1674 3673 1769 3711 vo-

129 3748 274 3813 lunt,
308 3748 655 3801 sanctorum
715 3742 979 3814 exempla
1022 3742 1137 3799 illis
1196 3752 1541 3816 proponant,
1578 3750 1641 3800 ut
1698 3746 1769 3800 ad

130 3837 295 3901 bona,
328 3850 465 3905 qua:
498 3832 741 3902 cupiunt
771 3830 932 3885 ocius
963 3846 1061 3887 eos
1092 3832 1321 3887 trahere
1350 3833 1598 3887 valeant.
1632 3834 1774 3887 Prae-

131 3925 244 3979 fata
270 3923 456 3980 etiam
488 3918 810 3975 intentione
841 3920 1046 3975 fratres
1094 3936 1193 3974 eos
1223 3920 1496 3990 appellat.
1532 3921 1775 3975 Pulchre

132 4013 373 4068 dicitur:
417 4011 668 4067 Gratiam
698 4009 816 4075 Dei,
875 4023 1000 4078 quae
1027 4008 1156 4062 data
1208 4014 1286 4063 est
1306 4026 1325 4069 ;
1358 4009 1495 4079 quia
1526 4009 1714 4079 gratia
1744 4026 1775 4063 a

132 4100 235 4156 Deo
266 4102 469 4167 datur,
502 4102 559 4152 et
590 4114 702 4151 non
736 4095 886 4160 aliis,
932 4097 1043 4150 nisi
1074 4096 1369 4165 Ecclesiis,
1404 4098 1593 4151 datur.

194 4190 476 4261 Sequitur
500 4203 513 4241 :
537 4185 685 4253 Quod
708 4186 767 4239 in
788 4183 964 4239 multo
985 4186 1357 4255 experimento
1373 4187 1773 4242 tribulationis.

134 4277 469 4332 abundantia
524 4274 720 4344 gaudii
779 4276 1025 4343 ipsorum
1079 4276 1314 4345 supersit
1368 4276 1538 4344 (741).
1592 4276 1659 4329 Et
1691 4281 1779 4331 est

135 4382 369 4421 sensus:
434 4365 589 4419 Dum
651 4380 758 4417 nos
808 4362 993 4417 multa
1031 4363 1274 4417 adversa
1324 4363 1440 4433 pati
1486 4363 1776 4431 viderunt,

137 4470 237 4509 non
289 4452 679 4510 scandalizati
738 4457 895 4517 sunt,
948 4457 1048 4506 aut
1104 4452 1159 4505 in
1195 4452 1306 4506 ﬁde
1361 4452 1779 4522 titubaverunt,

144 4542 233 4595 sed
263 4542 461 4613 potius
493 4542 889 4611 experimento
922 4538 1314 4595 tribulationis
1345 4546 1573 4602 nostrae.
1606 4540 1783 4611 pleni-

1882 1977 2057 2029 multa
2086 1976 2465 2030 exhortatione
2512 1977 2703 2045 .‘quasi
2738 1976 3017 2032 dixisset:
3062 1980 3342 2035 Fecerunt
3371 1982 3526 2052 quod

1884 2068 2218 2135 potuerunt,
2252 2068 2307 2117 et
2339 2064 2526 2134 magis
2558 2081 2733 2134 quam
2758 2065 3004 2120 facultas
3025 2067 3241 2122 sineret
3272 2070 3527 2127 tribuere

1882 2152 2228 2217 voluerunt;
2263 2152 2360 2206 sed
2394 2168 2495 2205 nos
2520 2152 2920 2221 judicavimus
2951 2171 3064 2209 non
3086 2172 3214 2211 esse
3245 2158 3528 2230 accipien-

1885 2244 2045 2307 dum,
2080 2258 2151 2295 ne
2183 2240 2401 2307 fortc,si
2430 2241 2686 2311 inopiam
2715 2246 3384 2315 paterentur,pmniteret
3406 2265 3527 2314 eos,

1884 2337 1939 2385 et
1966 2332 2221 2384 fructum
2248 2329 2530 2383 mercedis
2550 2330 2884 2399 perderent:
2912 2330 2994 2385 illi
3016 2350 3149 2387 vero
3174 2350 3306 2389 cum
3330 2336 3531 2391 exhor-

1884 2420 2120 2482 tatione,
2153 2423 2209 2473 ct
2244 2418 2536 2489 lacrymis,
2572 2423 2625 2472 et
2658 2420 2927 2489 precibus
2959 2422 3250 2491 deprecati
3283 2431 3441 2492 sunt,
3468 2435 3530 2482 ut

1883 2511 2122 2580 gratiam
2155 2512 2204 2562 et
2261 2509 2815 2561 communicationem
2866 2512 3178 2576 ministerii,
3213 2514 3355 2583 quod
3383 2515 3444 2582 ﬁt
3471 2517 3531 2569 in

1884 2602 2093 2653 sanctos
2125 2596 2519 2668 (subauditur,
2584 2596 3009 2667 susciperent);
3058 2616 3165 2653 nos
3206 2617 3361 2672 vero,
3392 2602 3532 2673 quia

1886 2687 2139 2739 vidimus
2158 2685 2369 2756 spretis
2391 2684 2665 2739 omnibus
2689 2685 3107 2755 temporalibus
3123 2688 3177 2741 in
3193 2688 3336 2743 solis
3358 2690 3526 2746 coale-

1886 2774 2073 2830 stibus
2102 2774 2601 2845 suspensos,quod
2621 2774 2783 2844 prius
2806 2792 2918 2830 non
2942 2777 3345 2848 accipiendum
3369 2780 3530 2850 judi-

1886 2865 2169 2930 cavimus,
2203 2867 2402 2933 postea
2432 2863 2690 2933 accipere
2722 2864 3103 2920 decrevimus.

1956 2953 2267 3023 Sequitur:
2302 2954 2363 3005 Et
2392 2968 2499 3004 non
2527 2954 2667 3005 sicut
2714 2953 3089 3022 speravimus;
3122 2956 3227 3011 hoc
3261 2962 3367 3023 est,
3404 2974 3529 3012 ma-

1887 3041 1975 3111 gis
2034 3042 2311 3101 fecerunt,
2373 3056 2545 3108 quam
2607 3056 3030 3109 sperassemus.
3079 3045 3392 3115 Sequitur:
3426 3047 3530 3102 Sed

1884 3129 2195 3198 semetipsos
2227 3127 2495 3181 dederunt
2546 3129 2790 3196 primum
2838 3135 2988 3193 Deo;
3046 3132 3153 3186 hoc
3185 3139 3289 3200 est,
3324 3139 3380 3188 et
3411 3136 3526 3205 pri-

1888 3217 2072 3272 stinos
2105 3232 2328 3271 errores
2359 3215 2717 3285 corrigendo,
2769 3222 2825 3270 et
2855 3218 3052 3286 vitam,
3086 3225 3141 3275 et
3171 3238 3362 3277 mores
3394 3240 3528 3277 mu-

1886 3308 2079 3361 tando.
2142 3306 2453 3376 Sequitur:
2499 3304 2704 3359 Deinde
2756 3306 2927 3373 nobis,
2960 3307 3225 3362 videlicet
3255 3317 3527 3381 sumptus

1883 3395 2241 3450 necessarios
2292 3393 2699 3448 ministrando.
2735 3395 2802 3449 Et
2858 3396 2995 3466 quia
3025 3396 3371 3469 simpliciter
3418 3400 3525 3456 hoc

1881 3487 2142 3555 egerunt,
2174 3483 2304 3537 ideo
2338 3482 2681 3553 subjungit:
2713 3484 2821 3537 Per
2858 3486 3194 3541 voluntatem
3223 3488 3341 3543 Dei.

1950 3572 2259 3642 Sequitur:
2311 3573 2389 3625 Ita
2421 3574 2479 3625 ut
2534 3587 2854 3639 rogaremus
2918 3575 3111 3643 Titum,
3171 3578 3521 3647 ctc.;quasi

1882 3662 2159 3717 dixisset:
2196 3660 2278 3715 Ita
2307 3664 2363 3714 et
2390 3676 2489 3714 vos
2520 3659 2707 3714 devoti
2740 3661 3066 3731 exstitistis,
3100 3668 3164 3718 ut
3192 3664 3387 3720 Titum
3421 3683 3519 3721 ro-

1881 3766 2154 3821 geremus
2184 3749 2379 3803 venire
2412 3749 2481 3801 ad
2530 3764 2651 3803 vos.
2684 3748 2789 3803 Sed
2847 3767 3027 3821 quare
3071 3753 3288 3823 Titum,
3316 3759 3373 3809 et
3403 3771 3519 3810 non

1884 3836 2182 3892 alterum?
2242 3836 2389 3898 Quia
2445 3840 2618 3890 notus
2648 3841 2706 3890 et
2757 3843 2958 3907 gratus
3005 3844 3128 3893 erat
3182 3840 3319 3911 illis,
3381 3848 3437 3897 et
3466 3844 3526 3898 in

1886 3924 2089 3979 multis
2102 3941 2202 3994 per
2216 3926 2343 3992 ejus
2365 3923 2825 3978 exhortationem
2850 3926 3527 4000 profecerant,quatenus

1885 4018 1938 4067 et
1970 4013 2029 4065 in
2062 4012 2171 4065 hoc
2200 4028 2369 4080 Opere
2404 4011 2813 4064 misericordiae
2862 4029 2963 4081 per
2994 4029 3128 4067 eum
3163 4018 3527 4085 proficerent.

1888 4100 2183 4156 Moraliter
2208 4114 2219 4152 :
2241 4100 2384 4153 Cum
2412 4097 2623 4167 aliquis
2646 4098 2944 4153 docendus
2966 4107 3182 4166 est,aut
3202 4105 3271 4157 ad
3294 4105 3531 4176 aliquod

1888 4190 2103 4243 bonum
2138 4186 2707 4258 provocandus,talis
2736 4204 2870 4241 eum
2903 4188 3068 4243 debet
3101 4189 3324 4258 docere,
3357 4193 3457 4264 qui
3480 4194 3532 4249 ei

1888 4283 2091 4351 gratus
2123 4277 2219 4341 sit,
2253 4281 2310 4330 et
2341 4292 2510 4346 quem
2546 4277 2669 4348 ipse
2700 4277 2906 4349 diligit.

1962 4367 2113 4438 (742)
2140 4364 2455 4436 Sequitur:
2518 4368 2626 4422 Sed
2672 4369 2818 4424 sicut
2865 4372 2923 4423 in
2954 4371 3204 4427 omnibus
3232 4374 3535 4431 abundatis

1892 4456 2014 4525 ﬁde,
2049 4460 2185 4519 etc.,
2218 4460 2267 4509 et
2297 4456 2397 4509 hac
2424 4459 2624 4525 gratia,
2656 4458 2763 4513 hoc
2787 4463 2892 4527 est,
2925 4460 3332 4517 misericordia
3365 4480 3537 4536 opere

1893 4545 2203 4599 abundetis.
2240 4544 2383 4597 Nam
2414 4544 2468 4597 id
2503 4545 2718 4615 quibus
2750 4548 3137 4615 abundarent,
3164 4552 3537 4619 manifestat;

146 4631 395 4685 tudinem
415 4630 621 4701 gaudii
645 4629 1194 4699 susceperunt,quia
1218 4645 1329 4682 non
1355 4630 1459 4683 abs
1478 4646 1537 4683 re
1560 4634 1782 4684 tantam
1812 4636 1862 4699 D
1898 4633 2017 4703 ﬁde,
2056 4632 2195 4703 quia
2216 4634 2339 4701 jam
2377 4634 2729 4688 corroborati
2787 4642 2990 4701 erant;
3023 4646 3073 4692 et
3109 4654 3371 4707 sermone,
3404 4641 3541 4711 quia

149 4718 528 4774 constantiam
597 4717 652 4771 in
716 4716 1118 4788 persecutione
1170 4733 1296 4771 esse
1354 4717 1779 4773 intellexerunt.

149 4804 346 4862 Aliter:
384 4813 535 4861 Dum
569 4822 674 4860 nos
708 4806 824 4877 pati
877 4807 1161 4871 viderunt,
1209 4806 1383 4860 etiam
1415 4806 1527 4877 ipsi
1560 4806 1782 4862 incitati

152 4900 361 4965 sunt,ut
382 4895 694 4950 nobiscum
716 4894 835 4964 pati
859 4894 1178 4966 gauderent
1205 4911 1217 4958 ;
1243 4899 1299 4948 et
1322 4894 1420 4965 qui
1444 4895 1600 4966 passi
1624 4900 1785 4963 sunt,

153 4979 264 5037 ideo
292 4985 447 5054 passi
482 4988 648 5049 sunt,
673 4983 810 5053 quia
836 4984 892 5038 in
924 4983 1142 5037 eisdem
1163 4983 1786 5053 tribulationibus,sub

158 5072 467 5138 spetutura:
502 5070 1401 5141 resurrectionis,plenitudinem
1428 5074 1627 5145 gaudii
1659 5090 1787 5130 esse

158 5156 461 5217 intellixeru
474 5165 556 5215 nt.

227 5248 276 5276 Pl
303 5251 564 5276 διιέηηίνιιη
592 5260 880 5276 Ατισιιδςημικι-
907 5266 1085 5276 Αηςιλινν-
1132 5256 1214 5276 ΑΙ...
1270 5258 1289 5276 Δ
1309 5251 1617 5276 ῘΙΞΛ-ξ-Α-.-.

1894 4737 2110 4793 genera
2143 4720 2478 4791 linguarum
2530 4720 2821 4778 habebant
2848 4751 2861 4792 ;
2894 4729 2943 4779 et
2994 4728 3246 4793 scientia,
3277 4728 3414 4798 quia
3444 4745 3542 4783 sa-

1896 4809 2123 4880 pientes
2180 4813 2347 4862 crant
2373 4826 2385 4875 ;
2416 4816 2465 4862 et
2520 4812 2671 4863 omni
2723 4813 3115 4882 sollicitudine,
3148 4816 3284 4886 quia
3316 4816 3547 4874 fuerant

1897 4896 2208 4966 increpati,
2244 4903 2299 4951 ct
2332 4897 2459 4950 ideo
2491 4896 2719 4952 solliciti
2748 4906 2932 4969 erant,
2966 4919 3038 4955 ne
3066 4904 3260 4958 denuo
3291 4904 3550 4972 increpa-

1898 4990 2105 5039 rentur
2133 5002 2145 5049 ;
2173 4992 2223 5039 et
2278 4989 2435 5039 omni
2464 4986 2738 5043 charitate
2792 4993 2978 5043 vestra
3010 4992 3068 5043 in
3126 5008 3243 5057 nos,
3304 4990 3411 5044 hoc
3442 4994 3550 5054 est,

1900 5073 2053 5127 circa
2080 5090 2207 5127 nos.

1972 5162 2249 5231 Sequitur
2276 5182 2287 5217 :
2320 5166 2446 5217 Non
2496 5168 2663 5232 quasi
2714 5169 2994 5236 imperans
3040 5164 3185 5220 dico.
3218 5166 3286 5219 Et
3315 5166 3403 5218 est
3428 5178 3560 5217 sen-

1912 5267 2011 5276 a..-
2038 5268 2048 5274 .
2086 5250 2205 5274 \Y-»
2254 5258 2464 5274 ---ι-μ--
