3990 5306
494 403 611 462 463

1512 397 1849 459 ATTONIS
1896 392 2477 454 VERCELLENSIS
2523 388 2873 451 EPISCOPI
3696 401 3778 460 ιδι

496 546 671 605 quem
703 531 974 588 affectum
1003 530 1215 587 habeat
1246 547 1384 603 erga
1414 547 1554 586 suos
1576 529 1901 593 auditores,
1927 527 2006 582 Ea
2038 524 2129 579 in-
2159 528 2214 591 Α
2245 539 2452 594 parum
2484 521 3026 591 dederitis,parvam
3045 522 3270 575 aeterna)
3292 519 3559 578 felicitatis
3579 540 3776 584 remune-

493 620 750 677 tentione
776 620 1092 692 Apostolus
1135 621 1359 692 repetit,
1406 620 1748 675 subdendo:
1813 617 1931 671 Scio
1987 616 2137 670 enim

486 712 804 783 promptum
833 712 1085 766 animum
1112 714 1375 776 vestrum,
1408 714 1518 765 etc.
1539 725 1560 769 ;
1586 713 1679 764 et:
1715 709 1796 762 Ex
1826 704 2137 761 abundanti

492 806 573 855 est
603 798 741 854 mihi
767 799 1003 854 scribere
1056 798 1251 853 vobis:
1310 798 1367 852 id
1425 800 1532 865 est,
1591 795 1838 850 dilatum
1893 799 1979 849 est
2039 809 2137 847 cor

493 903 691 943 meum
722 887 793 943 ad
818 888 1195 943 scribendum
1218 887 1682 954 vobis.Quomam
1699 885 1904 939 Achaia
1935 890 2133 951 parata

494 983 590 1043 est,
623 980 731 1031 etc.
760 975 1321 1045 Eaintentione,qua
1342 976 1685 1031 Macedones
1707 975 1775 1028 ad
1804 972 2134 1042 exemplum

494 1064 832 1138 protulerat,
862 1064 933 1121 ea
960 1064 1134 1121 etiam
1164 1066 1445 1120 Achaicos
1473 1083 1486 1132 ;
1520 1066 1577 1118 id
1600 1068 1707 1130 est,
1743 1068 1806 1117 ut
1830 1079 1927 1117 eos
1954 1062 2135 1132 pude-

495 1158 581 1210 ret
610 1153 827 1210 imitari
860 1153 1030 1210 nolle.
1067 1154 1178 1209 Sed
1218 1154 1481 1224 nunquid
1531 1158 1589 1208 et
1644 1152 1740 1207 isti
1797 1167 1908 1206 non
1972 1152 2138 1206 erant

492 1242 775 1299 Achaici?
805 1244 1004 1299 Erant.
1037 1243 1145 1298 Sed
1178 1243 1463 1313 quasdam
1494 1240 1777 1296 Ecclesiae
1827 1240 2030 1295 afﬁnes
2062 1238 2132 1293 ad

492 1332 822 1405 exemplum
851 1334 1089 1404 profert.
1123 1334 1191 1388 Et
1220 1332 1360 1403 quid
1390 1336 1481 1387 est
1500 1330 1724 1385 dicere:
1752 1331 1940 1384 Vestra
1958 1345 2135 1381 aemu-

493 1412 632 1467 latio
683 1415 933 1484 procavit
981 1413 1271 1483 plurimos,
1334 1411 1446 1467 nisi
1477 1410 1643 1482 quasi
1674 1408 1804 1464 aliis
1836 1408 2025 1463 verbis
2057 1406 2136 1461 di-

494 1505 624 1557 cat:
683 1499 891 1556 Vestra
946 1501 1223 1558 correctio
1309 1500 1637 1556 emendatio
1719 1498 2004 1570 plurimos
2063 1497 2133 1551 ad

491 1589 981 1656 emendationem,
1033 1590 1091 1645 id
1150 1594 1257 1655 est,
1315 1589 1703 1645 imitationem
1758 1586 2136 1659 provocavit?

490 1678 647 1734 Adeo
677 1681 744 1733 ut
771 1678 1066 1735 dicerent:
1103 1680 1161 1736 Si
1192 1677 1491 1744 Corinthii,
1527 1677 1625 1749 qui
1658 1676 2008 1745 ceciderunt,
2055 1674 2137 1729 ita

491 1772 962 1835 surrexerunt,ut
989 1768 1059 1823 ab
1086 1768 1359 1839 Apostolo
1390 1765 1913 1835 1audentur,multo
1947 1763 2133 1835 magis

2247 612 2530 666 rationem
2563 610 2870 682 recipietis.
2904 610 3053 665 Sane
3083 609 3533 681 sciendum,quia
3551 628 3663 683 sape
3682 616 3781 673 solet

2242 699 2555 771 Apostolus
2581 700 2704 754 suis
2736 696 3101 753 auditoribus
3119 695 3374 753 diversas
3394 700 3617 770 proferre
3635 702 3781 758 simili-

2249 789 2477 844 tudines
2504 807 2517 857 ;
2552 805 2707 843 nunc
2737 787 2964 851 militis,
2990 802 3143 842 nunc
3163 786 3669 859 agricultoris,nunc
3686 808 3783 863 quo-

2247 894 2358 948 que
2388 878 2782 941 medici,nunc
2814 876 3190 946 negotiatoris
3214 894 3228 943 ;
3257 875 3510 933 similiter
3528 884 3787 935 nuncsemi-

2247 946 2469 1021 natoris
2502 983 2818 1038 congruam
2852 966 2909 1019 in
2933 964 3213 1037 qualitate
3244 970 3299 1019 et
3348 966 3636 1036 quantitate
3678 972 3786 1040 ponit
3888 946 3895 1023 ἶ

2246 1056 2712 1110 similitudinem.
2748 1057 2811 1108 in
2843 1054 3122 1125 qualitate
3152 1053 3432 1119 videlicet,
3455 1055 3574 1125 quia
3597 1058 3787 1127 quodse

2248 1144 2451 1214 minat,
2512 1144 2619 1199 hoc
2669 1148 2723 1199 et
2780 1143 2979 1197 metit:
3028 1142 3085 1197 id
3145 1142 3461 1214 quantitate
3489 1148 3673 1209 autem,
3698 1147 3787 1216 quia

2248 1238 2532 1305 quantum
2565 1234 2696 1304 quis
2719 1232 3228 1302 seminat,tantum
3251 1235 3309 1286 et
3329 1229 3638 1286 metit.lllud
3656 1238 3789 1290 autem

2247 1324 2589 1389 notandum,
2623 1322 2763 1393 quia
2791 1337 3028 1394 parcum
3063 1319 3318 1393 appellat
3364 1337 3601 1387 avarum,
3649 1338 3676 1376 a
3717 1339 3790 1393 quo

2246 1412 2414 1482 quasi
2445 1415 2838 1482 extorquetur,
2872 1414 2928 1465 et
2951 1410 3221 1482 exigitur,
3254 1413 3319 1464 ut
3346 1408 3576 1464 inferat:
3628 1410 3704 1480 qui
3734 1410 3791 1465 id-

2246 1500 2396 1556 circo
2428 1501 2630 1556 tardus
2662 1505 2750 1556 est
2778 1500 3053 1566 tribuere,
3092 1498 3230 1570 quia
3287 1498 3533 1554 fructum
3587 1500 3789 1555 mercedis
3862 1568 3863 1577 χ

2246 1608 2361 1647 non
2392 1590 2566 1644 videt.

2316 1679 2627 1750 Sequitur:
2653 1680 2719 1732 Et
2750 1680 2846 1750 qui
2874 1680 3109 1733 seminat
3140 1678 3199 1732 in
3232 1676 3685 1743 benedictionibus,
3718 1680 3786 1731 etc.

2248 1769 2307 1822 in
2330 1767 2832 1823 benedictionibus
2858 1783 3110 1839 namque
3128 1766 3415 1822 seminare
3428 1770 3648 1832 est,cum
3665 1765 3792 1819 cordis

492 1871 600 1910 nos
629 1872 948 1928 possumus
977 1861 1206 1912 nostros
1241 1874 1431 1912 mores
1457 1856 1763 1927 corrigere,
1819 1859 1881 1908 ut
1940 1859 2051 1908 Deo
2079 1856 2135 1906 et
2162 1898 2210 1963 B
2244 1856 2556 1922 hilaritate,
2589 1858 2699 1912 sub
2732 1873 2832 1927 spe
2866 1856 3073 1911 futura:
3106 1854 3594 1922 remunerationis,
3638 1853 3791 1908 miseri-

502 1942 759 1963 A_A_L_I-
794 1943 1011 1963 ‘l--_,,_
1050 1945 1257 1963 ,,_,,',_
1296 1962 1303 1963 κ
1400 1944 1625 1963 ηηὲηκά
1694 1942 2001 1963 γ,ξξλεη----
2363 1947 2399 1963 1'
2580 1962 2587 1963 κ
2858 1946 2871 1963 3
2961 1950 2973 1963 ι
3052 1943 3123 1963 ’11ν
3174 1946 3189 1963 ‘I
3240 1943 3543 1963 ῆκὶᾼφλύὲᾲ
3596 1942 3790 1963 18-.-ι2-.

490 1942 767 2015 Apostolo
792 1943 1020 2016 placere
1047 1945 1364 2017 possimus,
1389 1944 1489 2015 qui
1521 1961 1635 1999 non
1685 1942 2023 1997 cecidimus.

564 2032 810 2089 Misimus
842 2038 1029 2089 autem
1056 2017 1302 2105 fratres;
1334 2033 1640 2105 praedictos
1672 2031 1946 2104 appellat,
1978 2038 2038 2084 ut
2063 2045 2137 2102 ne

492 2120 634 2193 quod
680 2122 1007 2192 gloriamur,
1041 2126 1151 2178 etc.
1202 2122 1565 2179 Laudaverat
1587 2120 1897 2191 Apostolus
1929 2120 2133 2174 Corin-

490 2210 648 2266 thios
680 2210 1131 2279 Macedonibus;
1165 2217 1241 2279 et,
1275 2228 1346 2266 ne
1394 2211 1505 2282 ipsi
1564 2209 1732 2265 aliter
1788 2207 2134 2276 invenirent,

495 2315 672 2370 quam
701 2298 1016 2371 Apostolus
1049 2300 1293 2369 dixerat,
1327 2300 1541 2353 idcirco
1592 2299 1814 2353 curavit
1872 2296 2133 2368 idoneos,

492 2386 795 2443 ministros
826 2388 1096 2460 dirigere,
1130 2388 1228 2460 qui
1266 2405 1365 2443 eos
1397 2388 1467 2443 ad
1518 2404 1664 2459 opus
1726 2385 2138 2440 misericordias

491 2482 890 2548 provocarent,
940 2492 1012 2532 ne
1070 2476 1240 2533 aliter
1295 2477 1639 2531 Macedones
1701 2466 2043 2532 invenirent.
2072 2474 2138 2528 Et

497 2564 627 2621 ideo
658 2565 966 2637 subjunxit
994 2581 1006 2619 :
1046 2567 1127 2636 Ut,
1169 2565 1621 2636 quemadmodum
1649 2564 1789 2631 dixi,
1817 2566 2014 2635 parati
2056 2565 2136 2618 si-

494 2654 584 2722 tis,
617 2657 727 2709 etc.
758 2655 912 2710 Bene
939 2653 1116 2710 dicit:
1150 2655 1544 2711 Erubescamus
1572 2672 1686 2722 nos,
1707 2654 1863 2726 quia,
1896 2653 1945 2708 si
1975 2652 2142 2709 aliter

492 2741 821 2798 invenirent
890 2743 1255 2814 Macedones,
1349 2744 1716 2799 erubesceret
1801 2741 2137 2814 Apostolus.

492 2830 747 2888 maxime
775 2831 1058 2888 Corinthii
1084 2851 1096 2900 ;
1129 2832 1267 2904 quia
1297 2833 1486 2905 magis
1516 2832 1664 2888 solet
1684 2832 2023 2887 erubescere
2046 2830 2143 2887 ille

497 2920 598 2992 qui
629 2920 809 2976 alium
841 2920 999 2976 videt
1032 2921 1249 2977 suimet
1277 2938 1455 2977 causa
1496 2920 1821 2986 erubuisse,
1883 2936 2060 2991 quam
2093 2920 2143 2976 si

492 3007 623 3079 ipse
668 3001 903 3080 propria
952 3026 1130 3065 causa
1187 3010 1571 3066 erubesceret.
1642 3011 1703 3066 Ut
1751 3025 1857 3064 non
1899 3009 2143 3064 dicamus

493 3112 583 3153 vos
605 3097 754 3170 (748)
783 3100 843 3153 in
872 3098 975 3154 hac
1001 3100 1348 3167 substantia;
1380 3099 1437 3153 id
1465 3102 1571 3154 est.
1609 3098 1667 3154 in
1702 3098 1810 3153 hoc
1839 3114 2009 3170 opere
2040 3098 2143 3152 mi-

496 3186 824 3244 sericordiae
854 3204 969 3244 non
1000 3204 1281 3260 negemus
1311 3205 1412 3243 vos
1444 3204 1589 3243 esse.

2242 1947 2499 2002 cordiam
2528 1962 2823 2017 peragere,
2848 1946 3018 2015 juxta
3048 1943 3192 2000 illud
3240 1943 3547 2000 Salominis
3589 1942 3791 1998 dicentis:

2245 2035 2305 2087 In
2335 2036 2489 2088 omni
2518 2033 2641 2089 dato
2672 2032 2908 2088 hilarem
2934 2035 3031 2104 [ac
3061 2034 3279 2087 vultum
3308 2035 3464 2087 tuum
3491 2031 3639 2103 (749),
3692 2028 3792 2102 quod

2245 2122 2420 2177 etiam
2453 2123 2523 2177 de
2553 2121 2920 2193 eleemosyna
2948 2120 3226 2177 verbiDei
3250 2119 3488 2191 intelligi
3507 2122 3795 2192 potest;quo-

2247 2211 2403 2266 niam
2438 2211 2536 2283 qui
2571 2211 2695 2267 suis
2726 2210 3090 2266 auditoribus
3121 2210 3543 2279 eleemosynam
3587 2208 3710 2264 verbi
3728 2207 3796 2262 tri-

2246 2300 2392 2370 buit,
2428 2317 2496 2353 ex
2524 2299 2711 2354 cordis
2742 2300 3093 2368 sinceritate,
3127 2316 3199 2354 ne
3221 2300 3368 2354 forte
3391 2298 3575 2353 fructu
3598 2298 3793 2370 privetur,

2249 2405 2484 2443 necesse
2514 2395 2601 2443 est
2630 2388 3058 2444 administrare.
3094 2388 3246 2444 Sane
3278 2388 3590 2444 notandum
3634 2384 3797 2457 quia,|i

2245 2475 2303 2530 in
2338 2477 2848 2533 benedictionibus
2878 2481 3056 2533 metet
3111 2477 3213 2548 qui
3269 2478 3334 2533 in
3391 2473 3798 2532 benedictionibus

2250 2564 2537 2621 seminat:
2572 2581 2706 2636 ergo
2739 2570 2973 2621 econtra
3004 2566 3102 2638 qui
3133 2566 3193 2621 in
3226 2564 3714 2628 maledictionibus,
3734 2560 3802 2616 hoc

2250 2662 2359 2722 est,
2390 2654 2627 2709 tristitia
2658 2654 2928 2725 seminat,
2961 2654 3021 2708 in
3045 2653 3553 2710 maledictionibus
3587 2656 3635 2708 et
3658 2654 3801 2713 metet;

2250 2744 2529 2818 quoniam
2558 2742 2841 2814 scriptum
2873 2746 2992 2798 est:
3026 2743 3335 2815 Quaenim
3352 2734 3806 2804 seminaverithono,
3910 2734 3911 2771 ἓ

2252 2836 2370 2893 haec
2398 2839 2449 2889 et
2476 2836 2636 2887 metet
2666 2832 2809 2904 (Gal.
2843 2849 2920 2897 v1,
2946 2834 3022 2901 8).

2322 2928 2392 2979 At
2420 2940 2554 2979 vero
2585 2921 3035 2992 Corinthii.quia
3063 2920 3235 2995 longo
3258 2926 3396 2978 ante
3411 2926 3709 2994 temporese
3722 2933 3809 2990 pro-

2252 3013 2534 3069 miserant
2563 3010 2830 3067 collectas
2860 3010 3366 3077 facturos,idcirco
3396 3010 3579 3066 taliter
3602 3005 3808 3079 loquendo

2252 3102 2577 3172 subjungit,
2639 3100 2879 3154 dicens:
2942 3099 3319 3171 Unusquisque
3397 3103 3556 3171 prout
3603 3094 3809 3152 destinarit

2250 3191 2410 3248 corde
2439 3206 2577 3253 suo;
2607 3189 2715 3243 hoc
2745 3192 2854 3253 eet,
2890 3192 2954 3243 ut
2983 3187 3346 3254 deliberavit,
3397 3186 3651 3252 decrevit,
3696 3188 3809 3253 atque

566 3276 942 3332 Necessarium
996 3293 1121 3347 ergo
1170 3277 1506 3332 existimavi.
1559 3275 1735 3338 Quasi
1796 3276 2049 3330 diceret:
2097 3275 2140 3330 Ο
2173 3263 2214 3329 C
2252 3278 2545 3351 disposuit
2579 3277 2971 3348 (subauditur,
3021 3276 3284 3345 tribuat).
3320 3279 3702 3333 Verumtamen
3738 3286 3813 3325 non

499 3364 807 3433 Corinthii,
839 3381 954 3420 non
986 3365 1419 3435 parvipendatis
1446 3364 1599 3435 quod
1633 3368 1717 3418 tot
1764 3367 1820 3418 et
1876 3363 2021 3419 tales
2052 3363 2143 3417 di-

501 3453 690 3524 rigam
710 3452 1051 3520 ministros;
1086 3469 1222 3507 nam
1254 3469 1358 3523 ego
1383 3451 1777 3506 necessarium
1809 3452 1945 3506 duxi
1999 3452 2145 3508 tales

501 3540 772 3613 dirigere,
803 3544 861 3596 ut
887 3546 1275 3612 praepararent
1295 3543 1678 3612 repromissum
1699 3541 2143 3596 benedictionem.

507 3628 705 3685 ldonei
736 3645 992 3701 namque
1020 3630 1233 3685 debent
1248 3630 1501 3699 esse,qui
1520 3630 1978 3685 benedictionem
2004 3649 2145 3702 prae-

509 3722 739 3790 parant.
770 3720 1167 3789 Repromissam
1192 3717 1334 3773 dicit
1376 3718 1560 3781 illam,
1622 3719 1776 3773 unde
1834 3721 2141 3789 superius:

509 3808 775 3875 Quoniam
803 3814 857 3863 et
886 3807 1086 3861 Achaia
1115 3807 1182 3861 ab
1213 3823 1361 3862 anno
1390 3809 1575 3878 priore
1614 3813 1820 3879 parata
1848 3811 1942 3863 est.
1974 3810 2147 3864 Bene-

501 3896 800 3953 dictionem
828 3894 969 3951 dicit
996 3910 1144 3966 esse,
1178 3896 1315 3968 quia
1347 3895 1450 3959 illi,
1499 3896 1597 3967 qui
1660 3897 1927 3951 tribuunt
1984 3903 2087 3953 aut
2117 3901 2152 3953 ὸ.

502 3985 641 4054 Deo,
675 3989 776 4041 aut
795 3985 869 4041 ab
899 3983 1039 4056 illis,
1069 3986 1284 4057 quibus
1314 3985 1600 4055 tribuunt,
1625 3985 1869 4042 beneﬁci
1921 4003 2149 4057 prome-

504 4079 725 4131 rentur.
758 4074 905 4129 Nam
948 4074 1355 4146 unusquisque
1414 4076 1740 4130 secundum
1796 4077 1966 4145 cujus
2015 4093 2151 4147 pras-

504 4168 737 4237 ceptum
764 4164 988 4231 tribuit,
1018 4165 1205 4237 ipsius
1232 4164 1721 4236 contemplatione
1746 4166 2151 4236 perﬁcitur.Ex

504 4257 692 4325 empta
712 4252 811 4309 Dei
832 4269 1029 4317 causa,
1064 4258 1374 4325 quantum,
1413 4255 1485 4308 ad
1541 4254 1868 4308 humanum
1927 4270 2148 4308 morem

505 4341 1434 4413 attinet,Apostolushonestatem
1456 4343 1829 4398 commendat
1857 4360 1868 4398 :
1891 4344 1969 4397 sic
1994 4346 2151 4414 quasi

503 4430 950 4499 benedictionem,
979 4434 1089 4484 etc.

578 4517 860 4589 Superius
891 4518 1143 4571 inﬁrmis
1167 4518 1659 4586 condescendens,
1698 4520 1966 4575 dicebat:
2030 4524 2146 4576 Non

2255 3384 2389 3424 eum
2419 3366 2718 3438 pcnniteat,
2752 3382 2824 3420 ne
2855 3364 3002 3419 forte
3051 3365 3243 3419 fructu
3300 3366 3595 3437 privetur;
3641 3366 3683 3418 et
3724 3359 3816 3413 ideo

2256 3455 2599 3527 subjungit:
2637 3455 2756 3510 Non
2785 3470 2854 3508 ea:
2881 3454 3112 3509 tristitia
3137 3463 3233 3510 aut
3286 3471 3363 3510 ea:
3421 3455 3718 3511 necessitate.
3742 3451 3816 3500 Po-
3912 3508 3915 3515 ι

2258 3551 2446 3602 terant
2468 3550 2662 3600 autem
2685 3544 2966 3600 Corinthii
2989 3561 3057 3599 ex
3074 3544 3447 3616 tristitiaJaut
3469 3561 3537 3601 ex
3555 3538 3818 3599 necessitate

2256 3636 2528 3700 tribuere,
2553 3634 2692 3687 dum
2715 3632 2991 3687 videbant
3021 3630 3166 3688 alias
3207 3634 3494 3690 Ecclesiae
3515 3625 3815 3689 collectasfa-

2256 3740 2420 3790 cere;
2456 3721 2733 3793 quoniam
2766 3720 3022 3792 pudebat
3049 3737 3148 3777 eos
3177 3721 3345 3778 aliter
3386 3739 3568 3796 agere.
3621 3714 3819 3774 Poterant

2258 3814 2413 3869 enim
2444 3812 2674 3867 dicere:
2713 3812 2853 3865 Ecce
2884 3809 3014 3866 aliis
3043 3809 3518 3881 tribuentibus,si
3542 3826 3637 3865 nos
3661 3816 3819 3862 nonre—

2258 3902 2661 3967 tribuerimus,
2695 3899 3124 3968 denotabimur,
3155 3903 3212 3954 et
3239 3899 3555 3956 deteriores
3582 3895 3693 3953 aliis
3707 3887 3819 3964 judi-

2259 3992 2543 4047 cabimur.
2577 3990 2955 4059 Quapropter,
2989 4004 3060 4044 ne
3089 4004 3240 4058 opus
3266 3988 3503 4059 pietatis
3525 3988 3692 4042 fructu
3713 3993 3825 4036 care-

2262 4086 2365 4147 ret,
2401 4083 2711 4134 monentur
2737 4078 2807 4132 ab
2836 4074 3133 4147 Apostolo,
3167 4081 3232 4132 ut
3260 4092 3375 4131 non
3407 4094 3478 4132 ex
3514 4071 3739 4134 tristitia,
3760 4068 3829 4121 aut

2261 4166 2606 4222 necessitate
2636 4165 2693 4219 id
2718 4166 2911 4235 ipsum
2934 4164 3556 4236 procedat.Moraliter:
3580 4159 3721 4219 Multi
3737 4154 3829 4212 sunt

2260 4256 2318 4311 in
2351 4255 2628 4320 Ecclesia,
2661 4252 2761 4325 qui
2792 4254 2934 4308 dum
2964 4254 3164 4309 vident
3190 4253 3627 4325 generalitatem
3670 4239 3828 4317 aliquid

2260 4346 2479 4400 bonum
2510 4361 2701 4416 agere,
2734 4359 2806 4397 ne
2837 4342 3199 4398 denotabiles
3231 4343 3579 4408 habeantur,
3596 4338 3745 4413 pudet
3765 4345 3831 4388 eos

2259 4434 2427 4489 aliter
2460 4450 2648 4505 agere.
2682 4432 2997 4504 Sequitur:
3028 4433 3275 4488 Hilarem
3322 4434 3475 4489 enim
3529 4432 3739 4487 datorem
3773 4420 3830 4475 di-

2259 4525 2384 4591 ligit
2409 4522 2810 4578 Deus.Scilicet
2832 4539 2900 4577 ex
2920 4523 3195 4578 omnibus
3214 4521 3462 4593 illis,qui
3485 4538 3591 4578 sua
3610 4512 3830 4575 tribuunt,

503 4609 567 4662 ut
592 4606 721 4661 aliis
748 4608 820 4661 sit
847 4608 1117 4672 remissio,
1151 4610 1257 4661 etc.
1286 4625 1299 4674 ;
1336 4624 1489 4662 nunc
1523 4609 1699 4664 fortes
1738 4610 2004 4665 hortatur
2060 4610 2147 4665 di-
2180 4634 2223 4698 D
2257 4628 2355 4667 eos
2377 4612 2569 4683 diligit
2590 4612 2764 4677 Deus,
2798 4611 3054 4680 quicum
3085 4612 3278 4667 cordis
3300 4610 3590 4666 hilaritate
3608 4602 3828 4698 tribuunt!

498 4696 718 4752 cendo:
750 4695 853 4763 Qui
869 4712 1034 4767 parce
1061 4697 1314 4766 seminat,
1343 4714 1510 4768 parce
1537 4703 1588 4754 et
1620 4706 1799 4754 metet.
1835 4700 1978 4763 Quia
2009 4718 2147 4755 con-

501 4786 861 4841 descendens
890 4785 1207 4856 Apostolus
1238 4786 1489 4844 inﬁrmis
1531 4790 1799 4860 superius
1824 4789 1965 4844 dixit
1990 4807 2003 4843 :
2027 4792 2145 4845 Non

496 4879 560 4930 ut
586 4874 718 4930 aliis
745 4876 818 4930 sit
837 4876 1107 4943 remissio,
1142 4880 1252 4931 etc.
1281 4894 1293 4941 ;
1329 4893 1483 4932 nunc
1514 4894 1644 4932 vero
1665 4880 1985 4933 ascendens
2018 4895 2139 4949 pro-

498 4968 666 5019 vocat
693 4964 889 5029 fortes,
926 4969 1211 5035 potentes,
1244 4982 1310 5020 ac
1341 4966 1549 5022 divites
1565 4968 1634 5021 ad
1662 4968 1884 5037 majora
1907 4968 2140 5037 pietatis

2261 4701 2533 4770 ipsosque
2565 4701 2739 4754 etiam
2774 4703 3058 4771 praeparat
3114 4701 3183 4755 ad
3245 4682 3832 4756 remunerandumUbi

2254 4790 2426 4843 etiam
2461 4790 2764 4844 attendam
2796 4788 2951 4859 quia,
2985 4788 3035 4845 si
3066 4805 3164 4844 eos
3189 4789 3396 4859 diligit,
3430 4789 3533 4859 qui
3580 4801 3699 4843 cum
3744 4792 3835 4834 00!”

2253 4879 2342 4932 dis
2375 4878 2665 4933 hilaritate
2694 4877 3042 4949 largiuntur,
3073 4895 3172 4933 eos
3203 4881 3407 4950 utique
3436 4878 3570 4934 odio
3599 4861 3836 4939 habetil“i

2251 4984 2384 5021 cum
2411 4967 2650 5023 tristitia
2680 4968 2872 5022 cordis
2901 4969 3186 5023 tribuunt.
