3990 5306
171 355 292 418 466

728 349 1137 421 EXPOSITlO
1181 357 1259 419 IN
1305 353 1736 418 EPISTOLAS
1779 355 2040 416 PAULI.
2075 387 2153 402 —
2197 359 2275 419 ΙΝ
2319 359 2568 424 EPIST.
2618 357 2670 423 Π
2712 359 2814 422 ΑΒ
2859 360 3032 424 COR.

3464 359 3583 422 466

169 492 271 545 tur
294 504 306 543 :
327 489 393 545 In
411 489 666 547 omnibus
685 506 894 562 semper
909 508 1124 546 omnem
1143 492 1533 562 sufﬁcientiam
1553 491 1825 555 habentes,
1858 491 1910 556 Α
1940 506 2071 544 rum
2100 491 2385 548 actionem
2413 511 2514 564 per
2535 513 2640 551 nos
2661 498 2936 566 operatur
2956 494 3104 561 Deo;
3138 492 3248 549 hoc
3276 494 3385 561 est,
3409 495 3582 551 nobis

174 585 288 635 etc.
317 580 680 650 Imprecatur
701 579 875 635 etiam
906 581 1151 652 gratiam
1182 580 1280 635 Dei
1306 580 1443 647 illis,
1469 584 1531 633 ut
1554 580 1607 632 in
1634 580 1824 632 omni-

173 668 289 723 bus
321 670 622 724 abundent
654 669 859 736 bonis;
913 670 1053 724 adeo
1094 677 1157 723 ut
1191 669 1333 723 nihil
1365 672 1572 739 egeant
1603 685 1824 734 eorum,

178 774 307 829 qua:
359 759 429 812 ad
482 759 694 813 animae
725 759 971 812 attinent
1001 759 1295 814 salutem:
1348 760 1500 830 quod
1551 765 1688 812 tunc
1741 759 1823 826 fit,

179 846 418 918 quando
463 845 730 902 homines
780 847 1006 918 eligunt
1053 848 1507 910 sufficientiam;
1559 847 1666 901 hoc
1714 852 1821 911 est,

177 935 436 1007 quando,
462 935 731 1007 suppleta
761 954 889 1001 sua,
917 954 1275 1008 suorumque
1307 936 1669 1004 necessitate,
1697 952 1822 1005 quin

175 1025 679 1095 superabundant,
705 1026 1055 1096 pauperibus
1089 1026 1377 1091 tribuunt,
1401 1029 1539 1080 sicut
1563 1027 1823 1095 scriptum

180 1118 262 1168 est
291 1132 308 1166 :
358 1115 618 1184 Dipersit,
651 1114 795 1169 dedit
838 1115 1173 1186 pauperibus
1221 1117 1390 1185 (Psal.
1439 1132 1552 1180 cx1,
1601 1117 1677 1184 9),
1713 1122 1818 1170 etc.

173 1205 520 1274 Magnopere
551 1202 770 1274 quippe
816 1203 924 1258 hoc
974 1203 1235 1273 exemplo
1286 1209 1555 1274 provocat
1603 1220 1698 1258 eos
1749 1204 1818 1258 ad

171 1309 322 1363 opus
357 1291 792 1347 misericordia.
832 1292 933 1346 Ubi
988 1293 1161 1347 etiam
1213 1293 1631 1346 attendendum
1665 1294 1818 1363 quod

168 1381 314 1436 dicit
338 1396 351 1435 :
391 1383 672 1452 Dispersit,
699 1381 843 1436 dedit
867 1383 1222 1452 pauperibus,
1247 1388 1354 1435 etc.
1381 1383 1438 1435 Si
1470 1382 1621 1435 enim
1647 1383 1819 1452 justi-

151 1473 246 1524 -tia
279 1470 440 1524 illius
467 1474 654 1524 manet
685 1473 741 1524 in
761 1480 1052 1527 aeternum.
1077 1471 1176 1541 qui
1213 1471 1565 1541 pauperibus
1594 1469 1816 1540 tribuit,

169 1559 358 1613 multo
394 1558 582 1630 magis
612 1561 763 1628 ejus,
799 1560 900 1630 qui
932 1559 1137 1614 tribuit
1172 1561 1372 1630 justis.
1411 1560 1609 1629 Itaque
1641 1558 1820 1614 distat

166 1647 323 1702 inter
353 1665 641 1719 pauperes
673 1655 730 1703 et
757 1654 991 1703 sanctos
1025 1667 1038 1704 :
1073 1666 1356 1720 pauperes
1388 1648 1626 1718 quidem
1659 1654 1815 1714 sunt,

171 1735 272 1807 qui
304 1736 535 1807 publice
567 1742 776 1808 egent;
828 1738 1016 1792 sancti
1045 1754 1199 1804 vero,
1233 1738 1328 1808 qui
1360 1736 1598 1806 jejuniis
1630 1737 1816 1791 omni-

1939 579 2380 637 exhortsntibus
2401 588 2456 636 et
2480 585 2642 639 vobis
2664 582 3076 652 tribuentibus,
3101 581 3200 637 alii
3234 582 3574 652 incitantur,

1937 673 2001 722 ut
2032 670 2250 739 gratias
2283 671 2398 725 Deo
2428 673 2696 727 referant.

2005 761 2275 830 Sequitur
2310 778 2321 814 :
2355 762 2622 827 Quoniam
2654 763 3030 816 ministerium
3050 763 3212 833 hujus
3241 762 3434 833 ofﬁcii,
3466 766 3575 818 etc.

1937 847 2120 901 Officii
2148 849 2541 904 ministerium
2575 851 2714 904 dicit
2743 850 3137 905 ministerium
3170 849 3434 906 videlicet
3463 850 3579 906 col-

1934 934 2188 990 lationis.
2217 939 2281 991 Et
2302 944 2390 992 est
2417 955 2664 994 sensus:
2699 939 3041 1010 Quicunque
3064 939 3243 1009 hujus
3264 939 3438 995 ofﬁcii
3462 939 3573 994 mi—

1934 1025 2241 1080 nisterium
2267 1026 2489 1097 implet,
2514 1045 2624 1081 non
2644 1027 2833 1081 solum
2858 1028 2930 1081 ob
2957 1027 3064 1082 hoc
3081 1029 3574 1093 remunerabitur,

1933 1114 2069 1183 quia
2093 1120 2426 1170 sanctorum
2451 1116 2713 1178 sublevat
2733 1117 3009 1187 inopiam,
3030 1117 3130 1171 sed
3147 1117 3321 1172 etiam
3346 1119 3418 1172 ob
3440 1118 3571 1186 hoc,

1932 1203 2068 1274 quia
2097 1203 2261 1272 alios,
2289 1205 2386 1274 qui
2421 1205 2641 1270 vident,
2675 1210 2966 1276 provocat,
2999 1211 3064 1260 ut
3093 1207 3310 1278 gratias
3339 1207 3454 1262 Deo
3486 1223 3575 1262 re-

1933 1293 2138 1347 ferant.
2161 1295 2358 1364 Itaque
2377 1294 2626 1348 duarum
2647 1295 2978 1349 mercedum
3003 1311 3245 1350 munere
3265 1295 3569 1351 ditabitur.

1931 1382 2206 1452 Sequitur
2239 1400 2251 1436 :
2297 1389 2403 1437 Per
2430 1385 2807 1454 probationem
2835 1386 3140 1440 ministerii
3167 1389 3356 1457 hujus.
3391 1384 3458 1439 Et
3486 1389 3576 1440 est

1931 1487 2141 1526 sensus
2163 1489 2174 1526 :
2197 1472 2311 1526 Hac
2325 1473 2662 1543 probatione
2679 1473 3132 1529 manifestabitis
3147 1489 3248 1528 vos
3268 1473 3573 1528 verissime

1929 1577 2056 1615 esse
2079 1561 2464 1627 Christianos,
2496 1561 2546 1616 si
2577 1561 3107 1639 hujus‘ministerii,
3135 1562 3244 1616 hoc
3265 1565 3374 1626 est,
3396 1560 3572 1616 colla-

1927 1649 2102 1703 tionis
2150 1649 2486 1720 impletores
2537 1649 2782 1704 fueritis.
2816 1650 3136 1721 Sequitur:
3193 1651 3572 1720 Gloriﬁcantes

1927 1739 2096 1791 Deum
2121 1740 2178 1792 in
2200 1737 2508 1793 obedientia
2528 1741 2882 1808 confessionis
2905 1743 3116 1794 vestrae.
3132 1742 3198 1793 Et
3217 1742 3307 1793 est
3323 1753 3532 1794 sensus
3554 1754 3566 1793 :

167 1825 281 1922 bus
305 1829 480 1894 atque
501 1824 718 1896 vigiliis
741 1825 1043 1894 insistunt,
1070 1826 1519 1896 utAnna(7:'>0);
1555 1826 1640 1924 vel
1666 1831 1818 1880 certe
1851 1862 1897 1926 B
1929 1825 1992 1926 In
2024 1826 2352 1881 obedientia
2383 1827 2768 1882 confessionis
2797 1833 3021 1894 vestrae,
3053 1828 3158 1882 hoc
3187 1831 3294 1893 est,
3330 1842 3432 1926 per
3457 1826 3570 1880 im-

170 1914 272 1984 qui
324 1931 436 1968 sua
480 1915 866 1980 distribuunt,
902 1920 964 1970 ut
1013 1915 1280 1986 apostoli.
1315 1920 1463 1969 Sane
1513 1914 1816 1970 sciendum

172 2003 312 2073 quia
351 2003 587 2072 justitia
636 2004 852 2060 dicitur
900 2005 1063 2075 quasi
1107 2005 1262 2075 juris
1311 2009 1518 2059 status.
1554 2003 1651 2058 Ille
1684 2020 1818 2074 ergo

162 2091 464 2162 justitiam
488 2098 781 2164 operatur,
797 2095 895 2164 qui
919 2093 1116 2148 omnia
1136 2093 1480 2164 temporalia
1498 2093 1819 2147 communi-

168 2185 258 2235 ter
277 2181 550 2236 omnibus
577 2198 610 2236 a
633 2187 742 2237 Deo
766 2183 901 2237 data
922 2182 1214 2254 intelligit.
1243 2182 1360 2250 Ille,
1387 2182 1648 2252 inquam,
1681 2182 1817 2235 imi-

175 2270 576 2340 tatorjustitiaa
602 2270 702 2325 Dei
730 2271 947 2336 existit,
973 2271 1072 2342 qui
1099 2272 1169 2326 ad
1197 2270 1581 2324 imitationem
1605 2269 1810 2338 ipsius,

173 2357 276 2428 qui
303 2357 479 2413 solem
515 2376 689 2413 suum
723 2360 861 2414 oriri
894 2359 1033 2414 facit
1063 2375 1239 2431 super
1269 2359 1452 2413 honos
1499 2363 1556 2412 et
1606 2357 1810 2424 malos,

164 2450 298 2513 etc.,
322 2463 474 2517 quae,
496 2447 662 2518 queis
686 2449 1149 2518 superabundat,
1167 2453 1287 2503 tam
1311 2447 1535 2514 amicis,
1556 2464 1732 2517 quam
1757 2452 1814 2501 et

159 2534 417 2591 inimicis
442 2536 842 2592 indifferenter
873 2537 1094 2592 tribuit.

230 2624 509 2696 Sequitur
532 2642 544 2680 :
581 2627 686 2694 Qui
706 2635 892 2682 autem
911 2627 1268 2681 administrat
1290 2643 1474 2680 semen
1495 2626 1812 2695 seminanti,

161 2719 279 2768 etc.
316 2715 463 2770 Nota
492 2716 633 2786 quia
685 2716 779 2770 Ι)θὶ
825 2719 963 2771 sunt
1008 2715 1254 2782 semina,
1284 2720 1457 2785 atque
1491 2715 1809 2779 nascentia,

162 2803 449 2874 quoniam
470 2803 659 2874 ipsius
678 2808 822 2858 nutu
845 2809 902 2858 et
922 2804 1309 2867 seminantur,
1324 2807 1380 2856 et
1400 2808 1722 2857 nascuntur
1740 2804 1812 2857 ad

154 2892 657 2947 sustentationem
716 2891 1045 2946 hominum.
1069 2892 1137 2944 Et
1168 2891 1274 2944 hoc
1323 2889 1647 2955 sciendum,
1678 2890 1815 2958 quia

158 2978 260 3034 his
294 2979 488 3034 verbis
520 2995 796 3049 magnam
841 2977 1309 3033 subministravit
1355 2977 1473 3032 illis
1521 2978 1816 3032 tribuendi

151 3067 590 3122 conﬁdentiam
618 3084 630 3132 ;
664 3084 729 3121 ac
760 3068 806 3121 si
839 3067 1121 3122 dixisset:
1154 3067 1205 3121 Si
1240 3067 1367 3136 ejus
1397 3071 1536 3120 sunt
1567 3067 1813 3130 semina,

148 3160 342 3225 atque
389 3155 708 3223 nascentia,
741 3173 922 3228 quare
970 3156 1118 3227 pigri
1172 3156 1312 3210 estis
1363 3172 1430 3209 ea
1479 3173 1605 3226 quae
1655 3156 1810 3211 illius

147 3220 303 3299 sunt
335 3241 418 3297 illi
460 3220 714 3298 tribuere
738 3220 772 3298 Ἰ.
815 3220 986 3309 Nam;
1015 3220 1064 3299 si
1111 3245 1453 3310 tribueritis,
1488 3220 1808 3300 debitorem
1841 3220 1882 3286 C

147 3331 326 3387 vobis
358 3348 492 3386 eum
524 3332 768 3387 facietis.
803 3334 868 3387 Et
907 3333 1045 3402 quia
1075 3333 1188 3387 duo
1218 3333 1460 3398 dixerat,
1496 3333 1610 3387 duo
1642 3349 1808 3403 repe-

157 3421 229 3476 tit
257 3437 270 3474 :
303 3422 381 3473 Et
412 3419 812 3490 multiplicabit
840 3438 1022 3476 semen
1051 3426 1310 3486 vestrum,
1335 3427 1441 3476 etc.
1472 3423 1538 3475 Et
1563 3428 1651 3476 est
1672 3439 1807 3476 sen-

159 3525 296 3564 sus:
320 3508 426 3572 Qui
449 3508 822 3564 administrat
842 3526 1062 3579 semen,
1080 3509 1495 3581 multiplicabit
1512 3515 1568 3564 et
1591 3511 1807 3581 ipsum,

159 3604 216 3653 et
246 3596 351 3668 qui
382 3598 684 3668 praestabit
714 3614 945 3670 panem,
977 3608 1032 3653 et
1069 3599 1290 3666 augebit
1321 3603 1656 3653 incrementa
1684 3602 1809 3668 fru-

158 3703 314 3755 gum.
352 3687 552 3756 Itaque
585 3686 759 3742 nolite
789 3703 997 3757 segnes
1040 3703 1169 3742 esse
1217 3688 1526 3752 seminare,
1561 3688 1668 3742 hoc
1699 3693 1807 3752 est,

158 3775 522 3846 pauperibus
536 3776 1079 3847 erogare,quoniam
1099 3776 1145 3829 si
1165 3777 1343 3830 semel
1362 3776 1807 3846 seminaveritis,

157 3864 255 3918 bis
275 3864 633 3920 metetis.Bis
650 3881 904 3935 namque
923 3869 1136 3918 metere
1154 3868 1325 3928 est,et
1342 3865 1398 3916 in
1416 3864 1523 3918 hac
1544 3865 1806 3933 praesenti

156 3953 279 4007 vita
299 3952 715 4025 temporalium
739 3969 934 4008 rerum
960 3952 1402 4019 abundantiam,
1429 3952 1643 4022 quibus
1668 3969 1807 4023 pau-

157 4057 368 4112 perum
399 4041 658 4112 inopiam
690 4039 1088 4105 sublevemus,
1119 4046 1176 4096 et
1225 4040 1284 4094 in
1337 4041 1552 4105 futura,
1587 4046 1808 4095 aeternae

155 4130 648 4186 remunerationis
681 4131 984 4202 praemium
1009 4130 1326 4201 suscipere.
1355 4129 1501 4184 Nota
1523 4129 1662 4200 quia
1688 4131 1808 4184 f'ru-

156 4235 258 4290 ges
303 4219 550 4288 justitian
582 4220 893 4287 dicuntur;
927 4225 1328 4275 verumtamen
1362 4220 1577 4291 fruges,
1613 4220 1808 4290 fruges

147 4308 400 4379 justitiaa
422 4309 605 4380 justis
637 4313 794 4378 sunt,
822 4309 922 4380 qui
954 4325 1052 4364 eas
1074 4310 1220 4363 bene
1245 4308 1628 4378 dispensant;
1662 4309 1812 4378 inju-

153 4398 263 4453 stis
297 4402 498 4453 autem
533 4400 734 4469 utique
765 4401 962 4469 f'ruges
994 4403 1134 4452 sunt
1161 4397 1484 4467 injustitize.

226 4486 556 4557 Sequitur:
613 4489 675 4544 Ut
720 4490 782 4542 in
826 4487 1078 4542 omnibus
1119 4487 1448 4556 locupletati,
1481 4490 1588 4540 etc.
1626 4484 1806 4540 Locu-

1931 1914 2242 1985 pletionem
2273 1920 2474 1970 vestrae
2506 1917 2933 1986 promissionis,
2965 1916 3126 1971 eritis
3176 1914 3569 1987 gloriﬁcantes

1929 2009 2107 2058 Deum
2145 2007 2204 2058 in
2233 2005 2524 2074 Evangelia
2557 2005 2782 2060 Christi.
2822 2004 3096 2075 Sequitur
3127 2019 3140 2058 :
3189 2006 3255 2058 Et
3298 2005 3570 2074 simplici-

1929 2098 2036 2146 tate
2065 2095 2597 2148 communicationis.
2621 2093 3067 2164 Simplicitatem
3088 2091 3570 2148 communicatio-

1925 2181 2015 2235 nis
2048 2183 2188 2236 dicit
2222 2183 2435 2237 mentis
2468 2199 2698 2253 quoque
2743 2181 3173 2246 sinceritatem;
3207 2180 3316 2236 hoc
3363 2187 3470 2250 est,
3505 2185 3570 2236 ut

1925 2287 2038 2324 non
2086 2270 2243 2324 aliud
2300 2276 2613 2341 quaeratur,
2648 2287 2826 2341 quam
2859 2271 3012 2340 quod
3047 2270 3424 2340 quaerendum
3456 2274 3564 2326 est.

1921 2362 1986 2412 In
2018 2360 2140 2413 illos
2165 2359 2324 2426 dicit,
2359 2359 2460 2430 qui
2492 2363 2656 2413 erant
2700 2357 3115 2429 Jerosolymis;
3165 2368 3219 2412 et
3267 2360 3327 2412 in
3377 2373 3564 2414 omnes

1922 2447 2079 2513 dicit,
2116 2449 2185 2502 de
2217 2447 2352 2515 illis,
2380 2448 2596 2517 quibus
2627 2447 2740 2518 ipsi
2771 2446 3124 2512 tribuebant,
3156 2445 3243 2502 vel
3277 2450 3431 2501 certe
3459 2445 3563 2518 qui

1919 2536 2214 2601 videbant,
2246 2541 2304 2592 et
2342 2536 2400 2590 in
2433 2535 2564 2591 aliis
2596 2535 2739 2610 locis
2768 2535 3135 2590 habitabant.

1992 2625 2270 2696 Sequitur
2303 2642 2314 2679 :
2363 2627 2435 2678 Et
2466 2628 2715 2695 ipsorum
2744 2625 3110 2680 obsecratione
3136 2639 3236 2694 pro
3266 2624 3438 2691 vobis,
3470 2623 3563 2679 de-

1920 2714 2287 2768 siderantium
2306 2731 2417 2770 vos.
2433 2714 2700 2769 Ostendit
2720 2714 2812 2768 his
2835 2713 3028 2769 verbis
3040 2713 3372 2784 Apostolus,
3389 2729 3568 2784 quan-

1924 2820 2098 2874 quam
2121 2803 2546 2873 latenter,quod
2567 2820 2682 2857 non
2703 2803 2892 2857 solum
2911 2806 3271 2869 sanctorum,
3288 2800 3570 2872 quierant

1924 2891 2323 2961 Jorosolymis,
2361 2892 2604 2960 meritis,
2638 2895 2696 2945 et
2737 2891 3008 2961 precibus
3048 2895 3161 2946 Deo
3192 2890 3566 2946 commenda-

1925 2984 2127 3032 rentur
2157 2979 2461 3047 Corinthii,
2495 2980 2596 3033 sed
2646 2978 2818 3032 etiam
2870 2983 2926 3033 et
2983 2979 3233 3033 aliorum
3274 2979 3561 3046 omnium,

1925 3068 2023 3136 qui
2056 3067 2420 3131 videbant,et
2464 3069 2588 3122 suis
2622 3067 3094 3132 necessitatibus,
3127 3083 3244 3122 non
3278 3067 3389 3122 sibi
3421 3071 3564 3122 tunc

1924 3157 2238 3226 cupiebant
2266 3173 2394 3211 esse
2420 3157 2714 3225 subjectos
2736 3172 2913 3211 causa
2941 3155 3152 3209 salutis
3180 3155 3476 3226 ipsorum;
3508 3160 3565 3210 et

1921 3244 2049 3299 ideo
2082 3245 2257 3300 dicit:
2289 3247 2396 3299 Pro
2428 3245 2593 3309 vobis,
2627 3244 3051 3298 desiderantium
3084 3258 3199 3298 vos.
3233 3242 3373 3305 Quis
3403 3242 3561 3297 enim

1920 3338 2253 3389 sanctorum
2270 3351 2381 3388 non
2398 3333 2690 3387 desideret
2704 3332 2957 3403 aliquem
2976 3331 3100 3386 suis
3113 3330 3563 3387 necessitatibus

1919 3439 2048 3477 esse
2080 3423 2411 3491 subjectum
2461 3438 2640 3475 causa
2688 3420 2897 3476 salutis
2943 3420 3120 3491 ejus?
3169 3421 3337 3491 Nam,
3371 3420 3420 3474 si
3469 3419 3566 3476 ille

1920 3511 2019 3582 qui
2053 3512 2276 3577 tribuit,
2310 3528 2442 3566 eum
2479 3512 2568 3564 cui
2600 3511 2825 3577 tribuit,
2859 3509 2997 3564 velit
3045 3509 3158 3564 sibi
3205 3523 3334 3565 esse
3365 3509 3565 3579 subje-

1920 3604 2099 3667 ctum,
2151 3601 2368 3654 amittit
2415 3601 2620 3670 utique
2671 3600 3019 3653 mercedem.
3077 3602 3145 3653 Et
3191 3599 3320 3654 ideo
3379 3598 3565 3653 sancti

1919 3706 2152 3759 semper
2183 3690 2429 3759 cupiunt
2473 3689 2740 3743 homines
2785 3689 2910 3742 suis
2959 3687 3408 3742 necessitatibus
3439 3701 3568 3742 esse

1921 3779 2236 3847 subjectos,
2275 3793 2344 3830 ne
2378 3779 2621 3848 perdant
2651 3777 2997 3831 mercedem.
3023 3780 3266 3847 Propter
3295 3775 3434 3846 quid
3467 3791 3566 3831 eos

1919 3866 2271 3933 desiderent,
2305 3865 2557 3918 ostendit
2587 3865 2890 3918 subdendo
2925 3883 2938 3918 :
2982 3866 3210 3934 Propter
3237 3865 3568 3920 eminentem

1917 3955 2158 4023 gratiam
2188 3953 2327 4015 Dei;
2371 3952 2479 4005 hoc
2517 3957 2624 4019 est,
2662 3956 2725 4004 ut
2781 3952 2968 4020 gratia
3003 3950 3099 4004 Dei
3130 3951 3458 4006 eminenter
3487 3950 3566 4006 sit

1919 4041 1977 4094 in
2022 4040 2184 4095 vobis
2211 4057 2224 4105 ;
2279 4039 2556 4109 quoniam
2588 4055 2704 4108 quo
2735 4039 2898 4092 eritis
2930 4035 3293 4106 humiliores,
3325 4054 3391 4092 eo
3419 4038 3565 4092 emi-

1919 4129 2236 4184 nentiores.
2269 4127 2449 4182 Aliter
2483 4143 2494 4180 :
2547 4128 2777 4197 Propter
2818 4128 3150 4181 eminentem
3178 4126 3441 4195 gratiam,
3474 4125 3563 4179 vi-

1919 4217 2147 4283 delicet,
2180 4215 2459 4282 scientiae,
2496 4219 2552 4269 et
2582 4213 2902 4280 charitatis,
2935 4219 2992 4269 et
3021 4212 3308 4269 similium
3335 4231 3348 4280 ;
3379 4216 3446 4267 ut
3489 4212 3569 4268 sit

1919 4322 2130 4360 sensus
2165 4322 2176 4360 :
2213 4305 2282 4359 Ut
2314 4306 2413 4375 qui
2438 4305 2564 4372 jam
2597 4303 2655 4357 in
2687 4303 2817 4359 aliis
2849 4303 3123 4359 omnibus
3152 4301 3487 4366 abundatis,
3511 4304 3570 4357 et

1919 4395 1977 4449 in
2010 4395 2117 4448 hac
2163 4395 2350 4465 gratia
2379 4393 2667 4464 largitatis
2699 4393 3028 4448 abundetis.

1989 4483 2307 4552 Sequitur:
2371 4481 2591 4536 Gratias
2644 4487 2752 4536 Deo
2803 4498 2966 4553 super
3010 4480 3382 4535 inenarrabili
3428 4479 3570 4535 dono

156 4575 347 4646 pletes
381 4592 592 4648 nempe
640 4577 697 4630 in
730 4576 1004 4630 omnibus
1036 4578 1194 4641 aunt,
1229 4575 1327 4644 qui
1360 4575 1660 4628 abundant
1691 4579 1810 4627 tam
1841 4585 1888 4648 Ι)
1922 4574 2061 4642 ejus.
2095 4571 2429 4624 Notandum
2463 4571 2602 4641 quia
2643 4571 2702 4624 in
2735 4570 3057 4641 gratiarum
3093 4567 3319 4638 actione
3348 4582 3573 4622 sermo-

157 4665 612 4734 temporalibus,
647 4682 821 4734 quam
855 4663 1262 4737 spiritualibus
1293 4663 1480 4718 bonis.
1506 4665 1565 4718 In
1595 4679 1808 4717 omnem

156 4755 579 4824 simplicitatem
609 4753 748 4808 dicit
775 4772 788 4821 ;
848 4755 986 4825 quia
1013 4753 1111 4824 qui
1144 4752 1433 4815 tribuunt,
1467 4751 1809 4822 simpliciter

161 4841 269 4896 hoc
305 4842 498 4912 ipsum
532 4859 701 4914 agere
731 4843 943 4897 debent
971 4860 984 4908 ;
1020 4842 1126 4896 hoc
1158 4845 1265 4908 est,
1295 4857 1410 4895 non
1441 4856 1563 4905 eos,
1594 4840 1808 4908 quibus

158 4930 454 4995 tribuunt,
488 4931 602 4988 sibi
635 4930 777 4985 velle
827 4946 956 4987 esse
1004 4931 1318 5000 subjectos,
1352 4945 1540 5000 neque
1572 4928 1807 4999 aliquod

161 5035 271 5091 per
285 5019 390 5077 hoc
408 5036 667 5092 quaerere
685 5020 1065 5092 obsequium:
1083 5035 1216 5073 nam
1236 5018 1570 5090 quicunque
1587 5013 1808 5088 aliquid

163 5107 375 5165 horum
424 5110 692 5181 cupiunt,
741 5123 930 5179 suam,
979 5106 1244 5177 inquam,
1288 5106 1614 5163 mercedem
1665 5105 1806 5160 reei-

1922 4677 2053 4714 nem
2083 4659 2152 4713 de
2177 4676 2347 4729 opere
2372 4658 2782 4713 misericordiae
2804 4658 3098 4721 terminat,
3124 4671 3298 4725 quem
3329 4653 3503 4708 etiam
3539 4669 3574 4707 a

1918 4748 2198 4803 laudibus
2230 4747 2620 4802 inchoaverat.
2656 4745 2723 4798 Et
2762 4751 2852 4800 est
2898 4760 3107 4799 sensus
3140 4759 3151 4797 :
3205 4741 3433 4798 Gratias
3463 4755 3570 4811 ago

1920 4843 2057 4901 Deo,
2077 4835 2177 4906 qui
2200 4853 2300 4892 vos
2319 4852 2425 4890 sua
2448 4832 2819 4889 miseratione
2842 4831 3240 4887 ineﬂ'abilibus
3258 4829 3382 4886 suis
3403 4826 3573 4881 donis

1920 4927 2145 4980 ditavit.
2185 4926 2243 4979 Si
2292 4940 2426 4980 vero
2479 4924 2547 4978 ad
2601 4923 2904 4992 superiora
2950 4920 3257 4987 referatur,
3305 4914 3439 4970 talis
3485 4915 3576 4967 est

1923 5029 2134 5068 sensus
2170 5030 2180 5065 :
2235 5011 2465 5068 Gratias
2496 5012 2734 5081 agentes
2771 5014 2903 5074 Deo,
2935 5006 3035 5077 qui
3065 5004 3242 5062 vobis
3270 4997 3578 5058 immeritis

1922 5101 2340 5157 inenarrabilia
2368 5117 2477 5155 sua
2517 5101 2670 5152 dona
2701 5095 2969 5153 contulit.

2950 5187 2985 5196 π
3069 5180 3079 5196 Ι
3109 5193 3146 5196 κ-
3285 5183 3294 5196 ι
3317 5193 3329 5196 -
3411 5173 3584 5196 ττι--..ι
