3990 5306
454 411 568 476 46Ἰ
1479 416 1817 478 ATTONIS
1861 413 2324 476 VERCELLEN
2334 411 2445 475 SIS
2491 414 2843 476 EPISCOPI
3699 423 3784 482 418

461 545 893 605 misericordiae.
920 550 1052 606 Ideo
1078 550 1750 607 inseruitauctoritatem
1770 548 2102 620 Apostolus,
2134 548 2189 612 Α
2216 548 2392 616 fuerit
2441 556 2617 602 vestra
2663 548 2997 603 obedientia.
3033 547 3175 603 Nam
3227 548 3549 604 obedientia
3588 551 3788 612 ﬁdelium
3906 556 3907 615 l

462 639 707 694 dicendo
746 656 759 693 :
795 641 914 710 Ipse
943 644 1129 694 autem
1160 658 1273 709 ego,
1309 646 1415 695 etc.
1442 659 1454 706 ;
1488 641 1657 711 quasi
1689 639 1906 693 diceret
1936 655 1947 691 :
1984 637 2113 707 Ipse
2225 637 2575 690 condemnat
2605 637 3061 692 inobedientiam
3095 654 3209 692 non
3240 640 3590 693 credentium
3621 658 3632 695 :
3679 646 3791 713 quod

462 744 567 799 ego
618 732 800 799 pater,
833 733 889 783 et
938 730 1299 800 praedicator,
1352 736 1408 783 et
1455 731 1674 794 doctor,
1708 730 1807 799 qui
1862 743 1961 780 vos
2014 742 2115 797 per
2226 730 2366 779 tunc
2386 726 3792 800 ﬁt,quandoilli,quierantaflirmatoresfalsitatie,

463 821 653 874 totum
689 822 907 872 textum
955 819 1125 873 istius
1168 820 1433 890 Epistolas
1467 819 1690 883 monui,
1724 816 1900 871 veluti
1952 819 2116 886 pater
2228 815 2519 885 incipiunt
2549 832 2675 870 esse
2707 822 3025 872 assertores
3053 816 3338 870 veritatis.

474 905 661 973 ﬁlios;
712 905 849 972 sive,
898 906 1021 976 ipse
1052 924 1209 977 ergo,
1243 908 1341 980 qui
1375 925 1487 963 non
1521 907 1665 961 alter
1696 924 1825 960 sum
1861 920 2115 975 praesens
2301 904 2429 969 Quae
2458 904 2753 958 secundum
2784 907 2979 973 [mem
3007 907 3151 968 sunt,
3185 904 3396 965 videte;
3429 905 3482 959 id
3512 910 3609 971 est,
3632 924 3733 979 quae
3756 910 3794 965 in

473 1010 731 1065 corpore,
765 994 976 1049 absens
1008 1000 1203 1049 autem
1238 997 1294 1049 in
1329 995 1620 1067 Epistola;
1657 996 1793 1058 sive,
1832 994 1957 1063 ipse
2013 1008 2117 1063 ego
2231 997 2429 1061 aperto
2479 998 2531 1046 et
2583 994 2891 1049 manifesto
2941 999 3101 1057 sunt,
3152 992 3581 1048 animadverite.
3611 997 3666 1049 Et
3710 1014 3796 1067 qua

469 1085 568 1153 qui
610 1085 671 1136 in
713 1085 858 1153 facie
886 1085 1105 1155 quidem
1134 1085 1369 1139 humilis
1400 1089 1542 1139 inter
1572 1100 1682 1149 vos,
1716 1085 1909 1137 absens
1939 1090 2120 1135 autem
2233 1080 2353 1134 sint
2383 1081 2483 1135 illa
2514 1082 2715 1136 subdit
2740 1100 2751 1136 :
2788 1082 2847 1137 Si
2876 1085 2996 1153 quis
3026 1083 3250 1152 conﬁdit
3286 1082 3486 1137 Christi
3512 1098 3563 1137 se
3589 1100 3697 1147 esse,
3723 1092 3796 1141 etc.

472 1171 685 1243 conﬁdo
716 1173 772 1225 in
819 1174 1004 1228 vobis.
1041 1176 1266 1229 Obsecro
1298 1192 1406 1237 vos,
1441 1180 1549 1229 etc.
1583 1191 1595 1227 :
1631 1173 1799 1244 quasi
1854 1172 2073 1226 diceret
2108 1186 2119 1224 ε
2236 1170 2410 1223 Erant
2438 1170 2593 1224 enim
2630 1171 2893 1225 nonnulli
2925 1173 3077 1226 inter
3097 1170 3445 1233 Corinthios,
3469 1172 3559 1242 qui
3592 1173 3797 1228 dicebant

477 1262 583 1315 Per
612 1260 771 1315 illius
806 1263 1279 1318 mansuetudinem
1324 1269 1378 1317 et
1429 1262 1776 1318 modestiam
1813 1278 1912 1315 vos
1958 1260 2122 1313 obse-
2236 1274 2297 1311 se
2314 1258 2521 1312 Christi
2545 1275 2692 1329 esse,
2712 1261 2765 1314 id
2791 1258 3798 1332 est,pseudoapostoli,adversusquos

478 1366 597 1416 cro,
631 1351 750 1420 qui,
778 1368 911 1405 cum
946 1357 1140 1422 posset
1173 1369 1310 1407 suos
1344 1352 1547 1407 ulcisci
1582 1351 1875 1415 inimicos,
1901 1348 2124 1419 patien—
2238 1348 2499 1419 loquitur
2525 1348 2857 1419 Apostolus,
2893 1349 3135 1404 dicendo
3168 1366 3180 1402 :
3212 1348 3279 1403 Si
3307 1349 3427 1419 quis
3456 1349 3675 1417 conﬁdit,
3700 1357 3797 1415 eta;

478 1445 568 1494 ter
617 1439 901 1495 toleravit.
934 1442 1042 1495 Sed
1099 1458 1230 1495 cum
1282 1442 1439 1507 dicit,
1476 1442 1713 1495 obsecro
1764 1444 1821 1493 et
1874 1436 2123 1501 confido,
2240 1436 3797 1509 quasidiceret:SiChristivosessedicitis,etnosipsius

480 1528 711 1584 videtur
740 1529 957 1599 alloqui
981 1530 1184 1597 bonos,
1212 1532 1311 1585 sed
1338 1536 1535 1585 tamen
1570 1533 1806 1601 propter
1834 1526 2039 1581 malos.
2066 1524 2132 1577 Et
2242 1542 2468 1581 sumus.
2504 1528 2611 1580 Sed
2649 1527 2900 1581 multum
2933 1544 2994 1583 se
3024 1526 3321 1591 humiliat,
3355 1527 3617 1597 quoniam
3644 1544 3729 1581 non
3758 1543 3797 1582 se

485 1616 624 1687 quid
647 1618 982 1685 confideret,
1009 1619 1364 1679 manifestat,
1391 1619 1693 1673 subdendo
1719 1634 1730 1670 :
1760 1619 1895 1687 Rogo
1926 1619 2128 1680 autem,
2244 1615 2488 1686 praefert.
2518 1616 2755 1678 Quantae
2777 1616 2934 1670 enim
2958 1616 3309 1671 temeritatis
3333 1619 3423 1669 est
3442 1614 3534 1668 ille
3558 1615 3717 1680 homo,
3734 1618 3796 1685 qui

483 1721 552 1760 ne
585 1720 832 1775 ρνιεδθηδ
862 1706 1113 1761 audeam.
1149 1708 1326 1761 Erant
1355 1707 1510 1761 enim
1544 1706 1811 1761 nonnulli
1843 1706 1995 1759 inter
2024 1705 2131 1759 Co-
2242 1702 2365 1757 vult
2390 1720 2450 1757 se
2473 1703 2750 1774 Apostolo
2773 1704 3113 1774 coaequare?
3143 1704 3211 1757 Et
3232 1704 3281 1758 si
3315 1702 3430 1768 ille,
3456 1702 3624 1757 multo
3642 1719 3797 1773 magna

485 1793 757 1859 rinthios,
802 1796 899 1864 qui
951 1795 1141 1849 adhuc
1196 1796 1499 1850 incorrecti
1554 1795 1869 1850 manebant
1900 1820 1914 1861 ;
1971 1798 2136 1848 erant
2245 1792 2611 1860 temeritatis,
2646 1793 2747 1863 qui
2779 1809 2840 1847 se
2870 1794 3045 1848 etiam
3077 1792 3198 1847 vult
3230 1793 3516 1864 praeferre.
3549 1791 3643 1845 Sed
3669 1792 3800 1861 quiec

486 1879 659 1934 etiam
693 1885 749 1936 et
779 1881 1272 1953 pseudoapostoli,
1298 1901 1330 1937 a
1362 1884 1577 1953 quibus
1609 1884 1838 1937 fuerant
1866 1882 2128 1953 decepti;
2162 1917 2209 1980 B
2247 1882 2341 1935 hic
2372 1881 2663 1951 humiliat,
2689 1882 3091 1936 auctoritatem
3123 1900 3255 1937 mox
3288 1880 3587 1951 subjungit
3611 1880 3801 1951 suiApo-

487 1972 544 2022 et
572 1967 699 2023 ideo
728 1968 922 2025 taliter
951 1970 1233 2041 loquitur,
1267 1972 1434 2041 quasi
1479 1972 1694 2028 diceret
1728 1990 1739 2026 :
1791 1973 1949 2043 Rogo
2004 1988 2125 2037 vos,
2162 1967 2208 1980 "
2240 1971 2509 2039 stolatas,
2533 1971 2732 2025 dicens
2760 1988 2773 2025 :
2808 1971 2945 2026 Nam
2964 1976 3015 2026 et
3046 1974 3095 2026 si
3114 1972 3360 2041 amplius
3382 1970 3590 2040 aliquid
3606 1972 3798 2037 gloriatus

488 2061 555 2111 ut
584 2056 665 2111 ita
687 2060 1047 2130 congregetis
1077 2076 1199 2127 vos,
1226 2067 1288 2114 ut
1317 2077 1451 2114 cum
1480 2076 1710 2125 venero,
1736 2077 1848 2114 non
1880 2060 2128 2114 habeam
2239 2063 2414 2131 fuero,
2438 2064 2569 2126 etc.;
2594 2060 2759 2130 quasi
2795 2059 3010 2115 diceret
3032 2076 3044 2115 :
3069 2061 3126 2115 Si
3151 2077 3279 2129 ego,
3307 2059 3406 2130 qui
3440 2074 3527 2113 me
3554 2056 3797 2126 humiliari,

492 2146 645 2217 quod
678 2148 1124 2219 reprehendam,
1155 2153 1255 2203 aut
1298 2150 1876 2215 exeommunicando,
1912 2153 2012 2203 aut
2059 2149 2130 2202 ab
2243 2149 2649 2202 auctoritatem
2673 2149 2786 2202 mei
2810 2148 3177 2219 Apostolatus
3201 2147 3798 2210 manifestans,nonern-

493 2235 717 2291 unitate
748 2238 1095 2307 separando,
1129 2238 1227 2292 sed
1261 2238 1437 2293 veluti
1471 2245 1635 2309 pater
1676 2239 1734 2291 in
1787 2238 1921 2291 ﬁliis
1967 2238 2134 2291 laetus
2244 2238 2499 2302 bescam,
2521 2238 2764 2299 dicendo
2788 2238 2857 2291 de
2882 2253 2972 2291 me
2995 2237 3213 2291 dictum
3240 2236 3457 2291 fuisse:
3488 2236 3579 2289 Vas
3598 2233 3798 2288 electionis

489 2339 588 2394 per
650 2340 773 2378 eam
846 2325 1269 2393 conﬁdentiam,
1340 2331 1448 2381 etc.
1518 2328 1673 2390 Quos
1748 2327 2133 2398 appellasset,
2245 2335 2323 2380 est
2368 2328 2467 2381 iste
2512 2327 2652 2379 mihi
2695 2327 2829 2396 (Act.
2875 2327 3107 2395 ix,15);
3160 2325 3303 2396 quia
3350 2341 3464 2378 non
3497 2322 3626 2377 facio
3665 2324 3799 2374 contra

494 2390 848 2475 manifestat,
882 2390 1021 2468 dum
1055 2414 1253 2469 subdit
1288 2432 1298 2469 :
1357 2417 1462 2483 Qui
1506 2390 1853 2471 arbitrantur
1881 2432 1978 2470 nos
2010 2390 2132 2469 (an;
2247 2414 2389 2469 illud
2426 2432 2437 2469 :
2473 2415 2674 2469 Laudat
2701 2390 2753 2469 te
2783 2390 3004 2469 alienus
3035 2390 3216 2485 ('P'roo.
3250 2431 3427 2478 xxvu,
3458 2415 3531 2483 2),
3556 2416 3675 2465 etc.:
3703 2424 3798 2477 quo-
3906 2390 3907 2431 ‘

494 2518 659 2571 quam
677 2502 972 2556 secundum
999 2520 1225 2558 carnem
1252 2506 1597 2559 ambulemus
1612 2522 1631 2565 ,’
1658 2506 1712 2559 id
1745 2512 1852 2571 est,
1877 2506 1935 2558 in
1966 2521 2137 2558 carne
2249 2503 2403 2558 niam
2439 2521 2552 2557 non
2584 2520 2762 2558 causa
2792 2521 2929 2559 meae
2962 2503 3171 2569 laudis,
3198 2504 3299 2558 sed
3334 2506 3531 2557 vestrae
3560 2497 3740 2557 salutis,
3756 2511 3799 2548 ne

497 2590 889 2653 consistendo,
920 2591 1234 2647 carnaliter
1257 2594 1481 2659 vivere;
1517 2595 1634 2648 sive
1664 2594 1848 2665 legem
1869 2594 2136 2666 legendo,
2248 2591 2753 2664 pseudoapostolis
2794 2593 2969 2647 ﬁdem
3013 2590 3486 2657 accommodatis,
3545 2588 3670 2642 dico.
3719 2587 3797 2647 Ουδ

497 2696 614 2733 non
664 2683 817 2734 recte
866 2681 1102 2735 sentire.
1134 2680 1277 2736 Nam
1313 2682 1582 2737 dicebant
1628 2684 1969 2754 Apostolum
2023 2698 2134 2736 non
2249 2670 3799 2753 nempeintentione,postexhortationemcollattonis,sui

497 2772 649 2823 recte
670 2768 914 2834 sentire;
941 2774 997 2825 et
1028 2770 1154 2825 ideo
1177 2770 1226 2825 ei
1257 2771 1424 2826 ﬁdem
1452 2763 1573 2826 non
1587 2772 2012 2827 accommodari
2047 2773 2141 2824 de-
2249 2769 2935 2841 apostolatusinseruerit
2953 2766 3798 2837 auctoritatem,manifsstumest.

498 2857 653 2913 bere.
684 2858 750 2912 Et
782 2858 852 2912 ad
887 2858 1006 2913 haec
1029 2860 1143 2915 duo
1165 2862 1484 2930 respondit,
1508 2862 1810 2915 subdendo
1838 2880 1849 2917 :
1884 2865 1943 2917 In
1976 2880 2142 2917 carne
2249 2859 2354 2924 Qui
2379 2876 2611 2930 quoque
2636 2858 2692 2913 in
2717 2860 2844 2929 ipsa
2870 2860 3191 2915 intentione
3213 2852 3699 2913 commendationis
3723 2864 3797 2902 sua

499 2946 645 3000 enim
674 2947 1043 3011 ambulantes,
1066 2953 1208 3014 etc.;
1242 2948 1298 3001 id
1331 2954 1436 3013 est,
1462 2949 1518 3003 in
1554 2966 1725 3004 carne
1757 2950 1984 3005 mortali
2010 2968 2139 3004 con-
2251 2948 2580 3002 autoritatis
2614 2964 3008 3017 perseverans,
3034 2948 3175 3003 dicit
3203 2964 3213 3002 :
3254 2950 3320 3003 Ut
3347 2955 3522 3001 autem
3548 2958 3643 2996 non
3665 2936 3795 2993 existi-

498 3034 780 3103 sistendo,
811 3036 1173 3091 mortificatis
1207 3037 1515 3093 desideriis
1546 3038 1900 3107 carnalibus,
1931 3057 2140 3095 secun-
2248 3054 2365 3091 mer
2385 3046 2644 3107 tanquam
2668 3045 2873 3092 terrere
2892 3053 2979 3091 vos
3003 3037 3403 3107 (subauditur,
3426 3033 3625 3095 volens)
3641 3025 3797 3099 percpi-

492 3121 636 3176 dum
662 3123 859 3177 divina
889 3129 1173 3193 praecepta
1191 3126 1461 3193 vivimus,
1488 3127 1607 3181 sive
1632 3128 1896 3183 eamdem
1928 3128 2137 3200 legem,
2248 3127 2412 3182 stolas
2435 3126 2830 3195 (subauditur,
2850 3126 3020 3198 dico).
3041 3126 3156 3180 Hos
3180 3125 3265 3180 illi
3288 3139 3538 3195 namque
3556 3135 3642 3191 per
3657 3115 3796 3186 episto-

488 3226 666 3280 quam
696 3212 897 3279 Judaei,
930 3212 1234 3275 habentes,
1269 3215 1609 3284 spiritaliter
1638 3216 2038 3287 intelligimus.
2173 3281 2202 3287 _
2250 3214 2335 3270 las
2359 3220 2596 3280 terrent,
2624 3214 2721 3285 qui
2750 3214 2907 3268 nulla
2930 3216 3117 3287 gratia
3140 3213 3631 3273 commendantur,
3648 3203 3796 3274 quique

554 3304 697 3356 Nam
725 3317 892 3355 arma.
920 3302 1143 3357 militia
1180 3281 1405 3366 nostrae,
1456 3310 1596 3369 etc.;
1651 3281 2083 3374 quasivdiceret
2116 3325 2127 3361 :
2163 3281 2203 3345 Ο
2244 3303 2419 3357 etiam
2439 3281 2659 3357 nullam
2681 3303 2896 3356 habent
2913 3281 3798 3367 auctoritatem,nullumofﬁcium.

484 3389 660 3442 Arma
689 3393 889 3443 nostra
911 3406 1023 3443 non
1058 3395 1196 3444 sunt
1226 3397 1481 3456 scutum,
1507 3391 1758 3460 gladius,
1789 3394 2129 3465 materialia,
2244 3391 2591 3462 nullumque
2615 3391 3015 3463 magisterium
3042 3409 3055 3458 ;
3089 3390 3338 3461 ideoque
3361 3389 3570 3444 terrent
3589 3379 3798 3436 absentes,

372 3478 393 3489 “
482 3480 655 3545 atque
676 3475 951 3542 visibilis,
973 3478 1065 3531 sed
1089 3481 1340 3546 potentia
1367 3481 1494 3533 Deo.
1520 3480 1778 3535 Potentia
1810 3487 1971 3549 sunt,
1997 3483 2133 3553 quia
2244 3480 2383 3553 quia
2413 3481 2622 3534 timent
2652 3486 2984 3550 priesentes.
3010 3480 3257 3535 Econtra
3289 3496 3405 3534 non
3429 3478 3547 3532 erat
3570 3469 3679 3525 talis
3696 3471 3797 3531 APO'

486 3563 595 3616 hoc
628 3579 943 3632 possumus
974 3566 1185 3633 verbis,
1221 3567 1373 3634 quod
1406 3567 1501 3620 alii
1536 3567 1748 3637 gladiis
1795 3576 2131 3640 nequeunt;
2244 3569 2654 3639 stolus,neque
2676 3569 2872 3640 hi,qui
2899 3585 3029 3623 cum
3053 3585 3118 3623 eo
3146 3574 3345 3622 erant:
3371 3567 3492 3637 ipse
3513 3560 3645 3617 enim
3666 3554 3800 3641 aucto-

491 3650 612 3703 sive
644 3650 919 3720 potentia,
945 3652 1082 3721 quia
1112 3652 1206 3706 his
1238 3654 1417 3707 armis
1439 3656 1717 3710 adversus
1749 3672 1993 3727 regnum
2025 3658 2135 3713 ini-
2245 3658 2415 3713 ritate
2432 3656 3125 3728 commendabatur,quia
3146 3661 3199 3710 et
3219 3654 3474 3726 Spiritus
3492 3643 3653 3705 sancti
3675 3640 3801 3712 gratia

496 3736 737 3808 quitatis
768 3738 1139 3794 dimicamus.
1174 3741 1319 3795 Nam
1351 3743 1503 3797 sicut
1543 3744 1807 3799 Christus
1857 3746 2136 3802 adversus
2244 3750 2367 3800 erat
2389 3745 2734 3817 repletus,et
2763 3763 2795 3799 a
2817 3727 3057 3799 Domino
3080 3746 3148 3799 ad
3180 3736 3597 3816 praedicationis
3616 3727 3801 3817 ofﬁcinis

497 3840 747 3896 regnum
778 3826 1104 3897 iniquitatis
1134 3829 1391 3893 dimicat,
1421 3832 1499 3885 ita
1528 3836 1583 3885 et
1616 3848 1719 3886 nos
1751 3834 1919 3888 donis
1952 3836 2138 3906 ipsius
2248 3815 2502 3888 directus
2534 3851 2545 3900 ;
2580 3834 2794 3887 idcirco
2828 3833 3023 3887 omnia
3053 3832 3379 3887 secundum
3416 3825 3646 3898 Spiritus
3673 3815 3798 3906 eam“

501 3914 688 3981 ditati,
713 3918 768 3969 et
800 3932 964 3970 arma
992 3915 1300 3983 habemus,
1326 3924 1381 3973 et
1412 3936 1638 3986 sumus,
1663 3926 1719 3975 et
1749 3923 1817 3975 ad
1841 3904 2140 3981 destruen-
2248 3922 2691 3993 dispositionem
2716 3922 2943 3993 agebat.
2969 3922 3286 3991 Subjungit
3316 3925 3373 3973 et
3400 3915 3566 3970 verba
3590 3904 3802 3995 aestimari-

502 4002 643 4056 dum
664 4019 907 4074 regnum
931 4005 1260 4076 iniquitatis
1281 4006 1637 4063 laboramus.
1653 4010 1722 4065 Et
1744 4027 1923 4081 quare
1946 4019 2141 4083 poten-
2247 4012 2393 4067 tium
2417 4030 2477 4067 se
2499 4014 2768 4067 absentes
2796 4029 2897 4083 per
2916 4011 3193 4082 epistolas
3213 4016 3459 4070 terrere;
3486 3999 3708 4073 quoniam
3723 4000 3801 4083 (μέλ’

500 4090 582 4145 tia
602 4091 738 4157 Deo,
769 4092 1007 4148 subdit:
1042 4096 1124 4149 Ad
1151 4096 1569 4152 destructionem
1598 4078 1987 4156 munitionum.
2013 4108 2138 4157 Mu-
2246 4101 2369 4155 dem
2417 4100 2680 4169 epistolae,
2732 4078 3007 4169 inbuiunt,
3050 4114 3240 4167 graves
3287 4100 3417 4152 sunt
3461 4100 3509 4147 et
3547 4078 3800 4169 fortes,

500 4179 779 4236 nitionem
803 4199 1055 4254 namque
1076 4185 1327 4255 appellat
1343 4187 1663 4241 doctrinam
1690 4190 2139 4261 pseudoaposto-
2248 4190 2395 4243 Sane
2417 4165 2744 4254 sciendum,
2767 4165 2906 4258 quia
2929 4165 3229 4257 praesentia
3251 4190 3576 4240 sanctorum
3597 4165 3801 4261 tumenti:

495 4267 709 4336 lorum,
744 4272 843 4341 qui
876 4274 1001 4327 suis
1032 4272 1446 4330 calliditatibus
1478 4280 1652 4345 atque
1691 4257 1967 4332 versutiis
2010 4297 2135 4334 cam
2249 4277 2460 4340 bus,ac
2482 4257 2997 4346 superbisvidetur
3013 4291 3142 4329 esse
3163 4274 3478 4344 inﬁrma,et
3493 4274 3668 4321 eorum
3683 4257 3802 4346 WW3

496 4358 859 4422 muniebant,
893 4361 993 4413 sed
1039 4366 1234 4415 tamen
1266 4363 1548 4417 arietibus
1582 4364 1977 4433 apostolorum
2015 4370 2140 4437 ipsa
2248 4364 2686 4434 contemptibilis-
2720 4364 2907 4427 Quare
2929 4365 2956 4417 ?
3003 4363 3149 4427 Οαίδι
3192 4366 3522 4416 εθηοιοτυω
3553 4352 3721 4437 "amri
3742 4333 3801 4437 eff

496 4446 1693 4519 estmunitiodestructa,qusmadmodum
1722 4470 1927 4509 murus
1944 4421 2144 4510 visibi.
2250 4453 2399 4507 nolle
2431 4469 2597 4506 suam
2631 4453 3033 4507 auctoritatem
3066 4451 3388 4514 ostendere,
3422 4442 3528 4499 nisi
3575 4432 3735 4491 coacti.
3760 4421 3802 4472 Et

498 4529 570 4585 lis
593 4532 875 4589 arietibus
901 4536 1175 4605 dissipari
1203 4536 1365 4591 solet.
1396 4538 1637 4593 Consilia
1658 4541 2005 4613 destruentes,
2030 4550 2137 4599 etc.
2248 4542 2376 4595 ideo
2410 4559 2525 4612 quo
2556 4559 2653 4597 eos
2685 4542 2951 4596 inﬁrmos
2982 4541 3371 4610 conspiciunt,
3403 4550 3465 4590 eo
3509 4518 3801 4613 ηῑιηίυέοθέῗθ

499 4618 879 4676 Altitudinem
911 4598 1069 4677 enini
1099 4626 1323 4695 antiqui
1355 4627 1539 4683 hostis
1570 4630 1823 4700 appellat
1871 4598 2138 4697 insidias,
2170 4643 2215 4705 Ι)
2248 4598 2610 4685 auctoi'itatis
2640 4636 2868 4701 putant.
2903 4598 3149 4683 Econtra
3181 4598 3562 4683 aliterlﬁdeles
3591 4598 3800 4705 sentiat}:-

1246 4680 1256 4695 .
1521 4680 1533 4683 τ
1574 4680 1821 4700 ηερ-ην
1874 4680 2138 4697 ---μη-ν,
2196 4680 2215 4704 ,
2250 4680 2607 4685 π-η---η--τ
2642 4680 2867 4701 ιν---ητ-
2904 4680 3147 4683 --νηηη
3270 4680 3305 4682 κ-
3769 4680 3777 4689 .

503 4725 629 4778 quaa
652 4710 913 4766 consiliis
945 4728 1005 4767 se
1037 4713 1301 4768 inserunt
1322 4708 1648 4783 hominum,
1675 4722 1728 4773 et
1758 4720 1925 4789 quasi
1952 4722 2139 4775 muni-
2170 4680 2189 4705 ι
2249 4720 2391 4773 Nam
2428 4736 2541 4791 quo
2574 4735 2673 4773 eos
2704 4719 2813 4789 ipsi
2846 4718 3187 4788 abjectiores
3220 4709 3637 4791 inspiciuntﬁo
3670 4680 3799 4791 “ibi:

520 4771 535 4778 ’
1638 4771 1694 4783 ι*
1776 4771 2113 4789 ιν-ντ---ν-ν--η
2251 4771 2265 4773 -
2309 4771 2391 4773 --η
2438 4771 2533 4791 νινν
2584 4771 2665 4773 ενκ
2728 4771 2786 4789 ιν
2915 4771 2937 4788 υ
3317 4771 3331 4785 ι
3600 4788 3608 4795 .

504 4798 721 4853 tionem
755 4800 996 4865 faciunt,
1031 4804 1129 4857 sed
1161 4808 1355 4858 tamen
1388 4806 1704 4875 apostolica
1734 4808 1999 4863 doctrina
2042 4811 2141 4865 de-
2254 4808 2467 4862 miores
2516 4813 2571 4861 et
2620 4808 2860 4877 majoris
2893 4823 3020 4861 esse
3051 4802 3413 4860 auctoritatis
3442 4778 3742 4875 intelligunt:
3766 4771 3802 4817 et

504 4887 769 4941 struitur.
790 4889 889 4943 Isti
907 4890 1060 4944 enim
1079 4891 1334 4947 volentes
1358 4910 1523 4948 suam
1544 4900 1797 4950 statuere
1814 4898 2139 4969 scientiam,
2254 4895 2469 4950 idcirco
2502 4896 2689 4967 magis
2720 4912 2817 4949 eos
2853 4896 3080 4949 timent.

504 4973 730 5020 hnmilii
765 4993 827 5020 SA
850 4978 945 5020 Πρὶ
970 4980 1138 5020 cnhdi
1163 4980 1475 5020 nnlnnrnnt
1499 4983 1751 5020 uniantim
1804 4987 1862 5020 ΠΙ
1891 4992 1944 5020 in
1972 5002 2080 5020 ι-ηηι

2324 4946 2638 5020 Qonnitnno~
2680 4986 2799 5020 "mr-
2821 4985 2964 5020 οηιίνκ
2987 4985 3177 5020 ρηηίΙοΙ
3223 4983 3316 5020 ηηί
3340 4965 3592 5020 ρέηςηιοάὶ
3613 4959 3704 5015 est;
3727 4946 3799 4999 hoc
