  <div class='ocr_page' id='page_1' title='image "/cluster/home/n/w/nwhite01/storage/ocr_20150623/134/hvd.32044015471741/234.png"; bbox 0 0 3990 5306; ppageno 0'>
   <div class='ocr_carea' id='block_1_1' title="bbox 132 431 240 493">
    <p class='ocr_par' dir='ltr' id='par_1_1' title="bbox 132 431 240 493">
     <span class='ocr_line' id='line_1_1' title="bbox 132 431 240 493; baseline -0.019 -1"><span class='ocrx_word' id='word_1_1' title='bbox 132 431 240 493; x_wconf 73' lang='grc'><strong>473</strong></span> 
     </span>
    </p>
   </div>
   <div class='ocr_carea' id='block_1_2' title="bbox 662 428 2961 494">
    <p class='ocr_par' dir='ltr' id='par_1_2' title="bbox 662 428 2961 494">
     <span class='ocr_line' id='line_1_2' title="bbox 662 428 2961 494; baseline -0.002 -1"><span class='ocrx_word' id='word_1_2' title='bbox 662 428 1074 494; x_wconf 85' lang='lat' dir='ltr'><strong>EXPOSI&#39;I‘IO</strong></span> <span class='ocrx_word' id='word_1_3' title='bbox 1120 432 1198 493; x_wconf 87' lang='lat' dir='ltr'><strong>IN</strong></span> <span class='ocrx_word' id='word_1_4' title='bbox 1241 431 1670 494; x_wconf 78' lang='lat' dir='ltr'><strong>EPISTULAS</strong></span> <span class='ocrx_word' id='word_1_5' title='bbox 1715 428 1974 492; x_wconf 77' lang='lat' dir='ltr'><strong>PAULI.</strong></span> <span class='ocrx_word' id='word_1_6' title='bbox 2009 463 2083 473; x_wconf 95' lang='lat'><strong>—</strong></span> <span class='ocrx_word' id='word_1_7' title='bbox 2130 432 2206 491; x_wconf 82' lang='lat' dir='ltr'><strong>IN</strong></span> <span class='ocrx_word' id='word_1_8' title='bbox 2250 432 2498 493; x_wconf 83' lang='lat' dir='ltr'><strong>EPIST.</strong></span> <span class='ocrx_word' id='word_1_9' title='bbox 2544 431 2595 492; x_wconf 89' lang='lat' dir='ltr'><strong>II</strong></span> <span class='ocrx_word' id='word_1_10' title='bbox 2640 432 2741 493; x_wconf 84' lang='lat' dir='ltr'><strong>AD</strong></span> <span class='ocrx_word' id='word_1_11' title='bbox 2786 430 2961 494; x_wconf 79' lang='lat' dir='ltr'><strong>COR.</strong></span> 
     </span>
    </p>
   </div>
   <div class='ocr_carea' id='block_1_3' title="bbox 3392 424 3509 485">
    <p class='ocr_par' dir='ltr' id='par_1_3' title="bbox 3392 424 3509 485">
     <span class='ocr_line' id='line_1_3' title="bbox 3392 424 3509 485; baseline 0 0"><span class='ocrx_word' id='word_1_12' title='bbox 3392 424 3509 485; x_wconf 67' lang='lat'><strong>4&#39;14</strong></span> 
     </span>
    </p>
   </div>
   <div class='ocr_carea' id='block_1_4' title="bbox 136 557 3508 635">
    <p class='ocr_par' dir='ltr' id='par_1_4' title="bbox 136 557 3508 635">
     <span class='ocr_line' id='line_1_4' title="bbox 136 557 3508 635; baseline -0.002 -16"><span class='ocrx_word' id='word_1_13' title='bbox 136 562 435 619; x_wconf 84' lang='lat' dir='ltr'><strong>etminoris</strong></span> <span class='ocrx_word' id='word_1_14' title='bbox 449 562 812 619; x_wconf 79' lang='lat' dir='ltr'><strong>auctoritatis</strong></span> <span class='ocrx_word' id='word_1_15' title='bbox 833 581 959 620; x_wconf 90' lang='lat' dir='ltr'><strong>esse</strong></span> <span class='ocrx_word' id='word_1_16' title='bbox 981 567 1759 635; x_wconf 81' lang='lat' dir='ltr'><strong>monstrarent.Quapropter</strong></span> <span class='ocrx_word' id='word_1_17' title='bbox 1786 564 1839 629; x_wconf 81' lang='grc' dir='ltr'>Α</span> <span class='ocrx_word' id='word_1_18' title='bbox 1871 579 2052 618; x_wconf 90' lang='lat' dir='ltr'><strong>nuum</strong></span> <span class='ocrx_word' id='word_1_19' title='bbox 2074 561 2489 629; x_wconf 87' lang='lat' dir='ltr'><strong>laboribus,vel</strong></span> <span class='ocrx_word' id='word_1_20' title='bbox 2511 564 2757 619; x_wconf 89' lang='lat' dir='ltr'><strong>aliarum</strong></span> <span class='ocrx_word' id='word_1_21' title='bbox 2774 560 3160 616; x_wconf 84' lang='lat' dir='ltr'><strong>Ecclesiarum</strong></span> <span class='ocrx_word' id='word_1_22' title='bbox 3178 557 3508 630; x_wconf 84' lang='lat' dir='ltr'><strong>stipendiis,</strong></span> 
     </span>
    </p>
   </div>
   <div class='ocr_carea' id='block_1_5' title="bbox 136 651 1762 726">
    <p class='ocr_par' dir='ltr' id='par_1_5' title="bbox 136 651 1762 726">
     <span class='ocr_line' id='line_1_5' title="bbox 136 651 1762 726; baseline -0.001 -19"><span class='ocrx_word' id='word_1_23' title='bbox 136 670 257 708; x_wconf 92' lang='lat' dir='ltr'><strong>cum</strong></span> <span class='ocrx_word' id='word_1_24' title='bbox 273 651 504 707; x_wconf 90' lang='lat' dir='ltr'><strong>locutus</strong></span> <span class='ocrx_word' id='word_1_25' title='bbox 526 653 732 708; x_wconf 85' lang='lat' dir='ltr'><strong>fuisset</strong></span> <span class='ocrx_word' id='word_1_26' title='bbox 748 654 1025 709; x_wconf 87' lang='lat' dir='ltr'><strong>adversus</strong></span> <span class='ocrx_word' id='word_1_27' title='bbox 1049 655 1308 721; x_wconf 78' lang='lat' dir='ltr'><strong>falsos,et</strong></span> <span class='ocrx_word' id='word_1_28' title='bbox 1322 671 1423 726; x_wconf 89' lang='lat' dir='ltr'><strong>pro</strong></span> <span class='ocrx_word' id='word_1_29' title='bbox 1444 654 1593 707; x_wconf 85' lang='lat' dir='ltr'><strong>veris</strong></span> <span class='ocrx_word' id='word_1_30' title='bbox 1608 668 1762 707; x_wconf 89' lang='lat' dir='ltr'><strong>nunc</strong></span> 
     </span>
    </p>
   </div>
   <div class='ocr_carea' id='block_1_6' title="bbox 135 740 1764 814">
    <p class='ocr_par' dir='ltr' id='par_1_6' title="bbox 135 740 1764 814">
     <span class='ocr_line' id='line_1_6' title="bbox 135 740 1764 814; baseline -0.001 -19"><span class='ocrx_word' id='word_1_31' title='bbox 135 757 255 795; x_wconf 89' lang='lat' dir='ltr'><strong>vero</strong></span> <span class='ocrx_word' id='word_1_32' title='bbox 285 745 342 793; x_wconf 90' lang='lat' dir='ltr'><strong>et</strong></span> <span class='ocrx_word' id='word_1_33' title='bbox 372 740 630 811; x_wconf 81' lang='lat' dir='ltr'><strong>loquitur</strong></span> <span class='ocrx_word' id='word_1_34' title='bbox 662 742 940 796; x_wconf 89' lang='lat' dir='ltr'><strong>adversus</strong></span> <span class='ocrx_word' id='word_1_35' title='bbox 966 760 1083 809; x_wconf 87' lang='lat' dir='ltr'><strong>eos,</strong></span> <span class='ocrx_word' id='word_1_36' title='bbox 1114 744 1210 814; x_wconf 88' lang='lat' dir='ltr'><strong>qui</strong></span> <span class='ocrx_word' id='word_1_37' title='bbox 1248 742 1304 796; x_wconf 92' lang='lat' dir='ltr'><strong>in</strong></span> <span class='ocrx_word' id='word_1_38' title='bbox 1359 741 1764 813; x_wconf 62' lang='lat' dir='ltr'><strong>praedicatione</strong></span> 
     </span>
    </p>
   </div>
   <div class='ocr_carea' id='block_1_7' title="bbox 136 829 1762 902">
    <p class='ocr_par' dir='ltr' id='par_1_7' title="bbox 136 829 1762 902">
     <span class='ocr_line' id='line_1_7' title="bbox 136 829 1762 902; baseline -0.002 -17"><span class='ocrx_word' id='word_1_39' title='bbox 136 829 466 900; x_wconf 66' lang='lat' dir='ltr'><strong>eloquentiae</strong></span> <span class='ocrx_word' id='word_1_40' title='bbox 481 831 855 901; x_wconf 79' lang='lat' dir='ltr'><strong>requirebant</strong></span> <span class='ocrx_word' id='word_1_41' title='bbox 868 831 1133 887; x_wconf 88' lang='lat' dir='ltr'><strong>nitorem.</strong></span> <span class='ocrx_word' id='word_1_42' title='bbox 1155 834 1214 887; x_wconf 83' lang='lat' dir='ltr'><strong>Si</strong></span> <span class='ocrx_word' id='word_1_43' title='bbox 1231 830 1762 902; x_wconf 76' lang='lat' dir='ltr'><strong>imperitus,inquit,</strong></span> 
     </span>
    </p>
   </div>
   <div class='ocr_carea' id='block_1_8' title="bbox 134 919 1766 990">
    <p class='ocr_par' dir='ltr' id='par_1_8' title="bbox 134 919 1766 990">
     <span class='ocr_line' id='line_1_8' title="bbox 134 919 1766 990; baseline 0 -17"><span class='ocrx_word' id='word_1_44' title='bbox 134 934 385 983; x_wconf 77' lang='lat' dir='ltr'><strong>sermone,</strong></span> <span class='ocrx_word' id='word_1_45' title='bbox 421 925 526 973; x_wconf 91' lang='lat' dir='ltr'><strong>etc.</strong></span> <span class='ocrx_word' id='word_1_46' title='bbox 561 920 729 990; x_wconf 90' lang='lat' dir='ltr'><strong>quasi</strong></span> <span class='ocrx_word' id='word_1_47' title='bbox 781 920 1054 975; x_wconf 84' lang='lat' dir='ltr'><strong>dixisset:</strong></span> <span class='ocrx_word' id='word_1_48' title='bbox 1108 924 1220 974; x_wconf 86' lang='lat' dir='ltr'><strong>Cur</strong></span> <span class='ocrx_word' id='word_1_49' title='bbox 1263 921 1438 975; x_wconf 86' lang='lat' dir='ltr'><strong>etiam</strong></span> <span class='ocrx_word' id='word_1_50' title='bbox 1490 919 1633 973; x_wconf 88' lang='lat' dir='ltr'><strong>mihi</strong></span> <span class='ocrx_word' id='word_1_51' title='bbox 1668 935 1766 973; x_wconf 88' lang='lat' dir='ltr'><strong>eos</strong></span> 
     </span>
    </p>
   </div>
   <div class='ocr_carea' id='block_1_9' title="bbox 136 1006 1764 1080">
    <p class='ocr_par' dir='ltr' id='par_1_9' title="bbox 136 1006 1764 1080">
     <span class='ocr_line' id='line_1_9' title="bbox 136 1006 1764 1080; baseline -0.001 -19"><span class='ocrx_word' id='word_1_52' title='bbox 136 1006 293 1061; x_wconf 80' lang='lat' dir='ltr'><strong>vultis</strong></span> <span class='ocrx_word' id='word_1_53' title='bbox 328 1010 613 1075; x_wconf 72' lang='lat' dir='ltr'><strong>praeferre,</strong></span> <span class='ocrx_word' id='word_1_54' title='bbox 647 1008 745 1078; x_wconf 90' lang='lat' dir='ltr'><strong>qui</strong></span> <span class='ocrx_word' id='word_1_55' title='bbox 776 1008 835 1062; x_wconf 89' lang='lat' dir='ltr'><strong>in</strong></span> <span class='ocrx_word' id='word_1_56' title='bbox 871 1009 1272 1080; x_wconf 64' lang='lat' dir='ltr'><strong>praedicatione</strong></span> <span class='ocrx_word' id='word_1_57' title='bbox 1301 1008 1641 1079; x_wconf 66' lang='lat' dir='ltr'><strong>eloquentia:</strong></span> <span class='ocrx_word' id='word_1_58' title='bbox 1674 1024 1764 1060; x_wconf 92' lang='lat' dir='ltr'><strong>re-</strong></span> 
     </span>
    </p>
   </div>
   <div class='ocr_carea' id='block_1_10' title="bbox 140 1096 1765 1169">
    <p class='ocr_par' dir='ltr' id='par_1_10' title="bbox 140 1096 1765 1169">
     <span class='ocr_line' id='line_1_10' title="bbox 140 1096 1765 1169; baseline -0.001 -18"><span class='ocrx_word' id='word_1_59' title='bbox 140 1096 367 1167; x_wconf 90' lang='lat' dir='ltr'><strong>quirunt</strong></span> <span class='ocrx_word' id='word_1_60' title='bbox 398 1097 693 1151; x_wconf 81' lang='lat' dir='ltr'><strong>nitorem?</strong></span> <span class='ocrx_word' id='word_1_61' title='bbox 722 1098 867 1163; x_wconf 85' lang='lat' dir='ltr'><strong>Non,</strong></span> <span class='ocrx_word' id='word_1_62' title='bbox 923 1099 1181 1169; x_wconf 88' lang='lat' dir='ltr'><strong>inquam,</strong></span> <span class='ocrx_word' id='word_1_63' title='bbox 1229 1116 1326 1152; x_wconf 86' lang='lat' dir='ltr'><strong>eos</strong></span> <span class='ocrx_word' id='word_1_64' title='bbox 1367 1099 1590 1153; x_wconf 80' lang='lat' dir='ltr'><strong>debetis</strong></span> <span class='ocrx_word' id='word_1_65' title='bbox 1625 1096 1765 1150; x_wconf 90' lang='lat' dir='ltr'><strong>mihi</strong></span> 
     </span>
    </p>
   </div>
   <div class='ocr_carea' id='block_1_11' title="bbox 142 1186 1766 1259">
    <p class='ocr_par' dir='ltr' id='par_1_11' title="bbox 142 1186 1766 1259">
     <span class='ocr_line' id='line_1_11' title="bbox 142 1186 1766 1259; baseline 0.001 -21"><span class='ocrx_word' id='word_1_66' title='bbox 142 1186 410 1257; x_wconf 66' lang='lat' dir='ltr'><strong>praeferre,</strong></span> <span class='ocrx_word' id='word_1_67' title='bbox 436 1186 572 1256; x_wconf 83' lang='lat' dir='ltr'><strong>quia</strong></span> <span class='ocrx_word' id='word_1_68' title='bbox 588 1187 699 1240; x_wconf 86' lang='lat' dir='ltr'><strong>etsi</strong></span> <span class='ocrx_word' id='word_1_69' title='bbox 723 1187 891 1256; x_wconf 82' lang='lat' dir='ltr'><strong>periti</strong></span> <span class='ocrx_word' id='word_1_70' title='bbox 915 1188 1156 1252; x_wconf 90' lang='lat' dir='ltr'><strong>sunt,ibi</strong></span> <span class='ocrx_word' id='word_1_71' title='bbox 1179 1189 1393 1258; x_wconf 86' lang='lat' dir='ltr'><strong>quippe</strong></span> <span class='ocrx_word' id='word_1_72' title='bbox 1411 1195 1547 1241; x_wconf 90' lang='lat' dir='ltr'><strong>sunt</strong></span> <span class='ocrx_word' id='word_1_73' title='bbox 1577 1187 1766 1259; x_wconf 86' lang='lat' dir='ltr'><strong>periti,</strong></span> 
     </span>
    </p>
   </div>
   <div class='ocr_carea' id='block_1_12' title="bbox 143 1274 1769 1348">
    <p class='ocr_par' dir='ltr' id='par_1_12' title="bbox 143 1274 1769 1348">
     <span class='ocr_line' id='line_1_12' title="bbox 143 1274 1769 1348; baseline 0.001 -18"><span class='ocrx_word' id='word_1_74' title='bbox 143 1275 225 1330; x_wconf 89' lang='lat' dir='ltr'><strong>ubi</strong></span> <span class='ocrx_word' id='word_1_75' title='bbox 254 1274 578 1345; x_wconf 88' lang='lat' dir='ltr'><strong>perieulum</strong></span> <span class='ocrx_word' id='word_1_76' title='bbox 611 1292 738 1331; x_wconf 89' lang='lat' dir='ltr'><strong>esse</strong></span> <span class='ocrx_word' id='word_1_77' title='bbox 771 1282 961 1348; x_wconf 87' lang='lat' dir='ltr'><strong>potest</strong></span> <span class='ocrx_word' id='word_1_78' title='bbox 986 1295 998 1331; x_wconf 90' lang='lat'><strong>:</strong></span> <span class='ocrx_word' id='word_1_79' title='bbox 1023 1294 1127 1347; x_wconf 87' lang='lat' dir='ltr'><strong>ego</strong></span> <span class='ocrx_word' id='word_1_80' title='bbox 1159 1283 1376 1339; x_wconf 88' lang='lat' dir='ltr'><strong>autem,</strong></span> <span class='ocrx_word' id='word_1_81' title='bbox 1402 1278 1509 1332; x_wconf 85' lang='lat' dir='ltr'><strong>etsi</strong></span> <span class='ocrx_word' id='word_1_82' title='bbox 1541 1278 1769 1347; x_wconf 89' lang='lat' dir='ltr'><strong>imperi-</strong></span> 
     </span>
    </p>
   </div>
   <div class='ocr_carea' id='block_1_13' title="bbox 138 1363 1768 1437">
    <p class='ocr_par' dir='ltr' id='par_1_13' title="bbox 138 1363 1768 1437">
     <span class='ocr_line' id='line_1_13' title="bbox 138 1363 1768 1437; baseline 0.001 -20"><span class='ocrx_word' id='word_1_83' title='bbox 138 1368 222 1418; x_wconf 86' lang='lat' dir='ltr'><strong>tus</strong></span> <span class='ocrx_word' id='word_1_84' title='bbox 248 1378 405 1427; x_wconf 88' lang='lat' dir='ltr'><strong>sum,</strong></span> <span class='ocrx_word' id='word_1_85' title='bbox 430 1363 509 1417; x_wconf 92' lang='lat' dir='ltr'><strong>ibi</strong></span> <span class='ocrx_word' id='word_1_86' title='bbox 542 1382 671 1419; x_wconf 90' lang='lat' dir='ltr'><strong>sum</strong></span> <span class='ocrx_word' id='word_1_87' title='bbox 706 1365 1036 1436; x_wconf 89' lang='lat' dir='ltr'><strong>imperitus,</strong></span> <span class='ocrx_word' id='word_1_88' title='bbox 1060 1366 1156 1419; x_wconf 93' lang='lat' dir='ltr'><strong>ubi</strong></span> <span class='ocrx_word' id='word_1_89' title='bbox 1178 1366 1403 1420; x_wconf 90' lang='lat' dir='ltr'><strong>nullum</strong></span> <span class='ocrx_word' id='word_1_90' title='bbox 1436 1366 1587 1421; x_wconf 90' lang='lat' dir='ltr'><strong>inest</strong></span> <span class='ocrx_word' id='word_1_91' title='bbox 1620 1365 1768 1437; x_wconf 87' lang='lat' dir='ltr'><strong>peri-</strong></span> 
     </span>
    </p>
   </div>
   <div class='ocr_carea' id='block_1_14' title="bbox 138 1451 1767 1525">
    <p class='ocr_par' dir='ltr' id='par_1_14' title="bbox 138 1451 1767 1525">
     <span class='ocr_line' id='line_1_14' title="bbox 138 1451 1767 1525; baseline 0 -18"><span class='ocrx_word' id='word_1_92' title='bbox 138 1451 317 1507; x_wconf 88' lang='lat' dir='ltr'><strong>culum</strong></span> <span class='ocrx_word' id='word_1_93' title='bbox 358 1470 370 1518; x_wconf 90' lang='lat'><strong>;</strong></span> <span class='ocrx_word' id='word_1_94' title='bbox 397 1452 535 1523; x_wconf 83' lang='lat' dir='ltr'><strong>quia</strong></span> <span class='ocrx_word' id='word_1_95' title='bbox 560 1454 608 1508; x_wconf 90' lang='lat' dir='ltr'><strong>si</strong></span> <span class='ocrx_word' id='word_1_96' title='bbox 633 1470 766 1508; x_wconf 89' lang='lat' dir='ltr'><strong>sum</strong></span> <span class='ocrx_word' id='word_1_97' title='bbox 794 1454 1101 1525; x_wconf 89' lang='lat' dir='ltr'><strong>imperitus</strong></span> <span class='ocrx_word' id='word_1_98' title='bbox 1123 1470 1406 1510; x_wconf 80' lang='lat' dir='ltr'><strong>sermone:</strong></span> <span class='ocrx_word' id='word_1_99' title='bbox 1430 1472 1543 1510; x_wconf 91' lang='lat' dir='ltr'><strong>non</strong></span> <span class='ocrx_word' id='word_1_100' title='bbox 1577 1461 1767 1509; x_wconf 88' lang='lat' dir='ltr'><strong>tamen</strong></span> 
     </span>
    </p>
   </div>
   <div class='ocr_carea' id='block_1_15' title="bbox 140 1540 1772 1614">
    <p class='ocr_par' dir='ltr' id='par_1_15' title="bbox 140 1540 1772 1614">
     <span class='ocr_line' id='line_1_15' title="bbox 140 1540 1772 1614; baseline 0.001 -19"><span class='ocrx_word' id='word_1_101' title='bbox 140 1540 389 1595; x_wconf 88' lang='lat' dir='ltr'><strong>scientia.</strong></span> <span class='ocrx_word' id='word_1_102' title='bbox 434 1546 632 1596; x_wconf 86' lang='lat' dir='ltr'><strong>Potest</strong></span> <span class='ocrx_word' id='word_1_103' title='bbox 678 1542 832 1597; x_wconf 91' lang='lat' dir='ltr'><strong>enim</strong></span> <span class='ocrx_word' id='word_1_104' title='bbox 866 1543 1080 1613; x_wconf 85' lang='lat' dir='ltr'><strong>aliquis</strong></span> <span class='ocrx_word' id='word_1_105' title='bbox 1111 1544 1377 1614; x_wconf 76' lang='lat' dir='ltr'><strong>perfectae</strong></span> <span class='ocrx_word' id='word_1_106' title='bbox 1409 1545 1564 1607; x_wconf 84' lang='lat' dir='ltr'><strong>ﬁdei,</strong></span> <span class='ocrx_word' id='word_1_107' title='bbox 1597 1549 1772 1614; x_wconf 88' lang='lat' dir='ltr'><strong>atque</strong></span> 
     </span>
    </p>
   </div>
   <div class='ocr_carea' id='block_1_16' title="bbox 139 1628 1770 1698">
    <p class='ocr_par' dir='ltr' id='par_1_16' title="bbox 139 1628 1770 1698">
     <span class='ocr_line' id='line_1_16' title="bbox 139 1628 1770 1698; baseline 0.001 -15"><span class='ocrx_word' id='word_1_108' title='bbox 139 1628 383 1684; x_wconf 63' lang='lat' dir='ltr'><strong>scientias</strong></span> <span class='ocrx_word' id='word_1_109' title='bbox 416 1646 566 1698; x_wconf 87' lang='lat' dir='ltr'><strong>esse,</strong></span> <span class='ocrx_word' id='word_1_110' title='bbox 586 1631 790 1685; x_wconf 89' lang='lat' dir='ltr'><strong>tardus</strong></span> <span class='ocrx_word' id='word_1_111' title='bbox 822 1636 1016 1686; x_wconf 90' lang='lat' dir='ltr'><strong>tamen</strong></span> <span class='ocrx_word' id='word_1_112' title='bbox 1046 1632 1105 1685; x_wconf 92' lang='lat' dir='ltr'><strong>in</strong></span> <span class='ocrx_word' id='word_1_113' title='bbox 1139 1630 1770 1687; x_wconf 90' lang='lat' dir='ltr'><strong>locutione.Sciendum</strong></span> 
     </span>
    </p>
   </div>
   <div class='ocr_carea' id='block_1_17' title="bbox 136 1718 1771 1791">
    <p class='ocr_par' dir='ltr' id='par_1_17' title="bbox 136 1718 1771 1791">
     <span class='ocr_line' id='line_1_17' title="bbox 136 1718 1771 1791; baseline 0 -18"><span class='ocrx_word' id='word_1_114' title='bbox 136 1723 312 1773; x_wconf 82' lang='lat' dir='ltr'><strong>tamen</strong></span> <span class='ocrx_word' id='word_1_115' title='bbox 336 1718 480 1789; x_wconf 85' lang='lat' dir='ltr'><strong>quia</strong></span> <span class='ocrx_word' id='word_1_116' title='bbox 501 1720 681 1790; x_wconf 71' lang='lat' dir='ltr'><strong>quaeri</strong></span> <span class='ocrx_word' id='word_1_117' title='bbox 701 1724 887 1789; x_wconf 86' lang='lat' dir='ltr'><strong>potest</strong></span> <span class='ocrx_word' id='word_1_118' title='bbox 904 1736 1007 1775; x_wconf 89' lang='lat' dir='ltr'><strong>cur</strong></span> <span class='ocrx_word' id='word_1_119' title='bbox 1028 1736 1089 1774; x_wconf 87' lang='lat' dir='ltr'><strong>se</strong></span> <span class='ocrx_word' id='word_1_120' title='bbox 1106 1721 1771 1791; x_wconf 87' lang='lat' dir='ltr'><strong>dicatimperitum,cum</strong></span> 
     </span>
    </p>
   </div>
   <div class='ocr_carea' id='block_1_18' title="bbox 137 1806 1771 1877">
    <p class='ocr_par' dir='ltr' id='par_1_18' title="bbox 137 1806 1771 1877">
     <span class='ocr_line' id='line_1_18' title="bbox 137 1806 1771 1877; baseline -0.001 -15"><span class='ocrx_word' id='word_1_121' title='bbox 137 1808 273 1862; x_wconf 86' lang='lat' dir='ltr'><strong>dicat</strong></span> <span class='ocrx_word' id='word_1_122' title='bbox 295 1807 510 1862; x_wconf 84' lang='lat' dir='ltr'><strong>Festus</strong></span> <span class='ocrx_word' id='word_1_123' title='bbox 532 1808 601 1861; x_wconf 90' lang='lat' dir='ltr'><strong>de</strong></span> <span class='ocrx_word' id='word_1_124' title='bbox 624 1806 724 1863; x_wconf 93' lang='lat' dir='ltr'><strong>illo</strong></span> <span class='ocrx_word' id='word_1_125' title='bbox 750 1826 762 1862; x_wconf 90' lang='lat'><strong>:</strong></span> <span class='ocrx_word' id='word_1_126' title='bbox 790 1812 833 1863; x_wconf 91' lang='grc' dir='ltr'>Ο</span> <span class='ocrx_word' id='word_1_127' title='bbox 851 1808 1050 1877; x_wconf 88' lang='lat' dir='ltr'><strong>Paule,</strong></span> <span class='ocrx_word' id='word_1_128' title='bbox 1072 1810 1265 1865; x_wconf 57' lang='lat' dir='ltr'><strong>multa)</strong></span> <span class='ocrx_word' id='word_1_129' title='bbox 1286 1811 1487 1865; x_wconf 73' lang='lat' dir='ltr'><strong>litterae</strong></span> <span class='ocrx_word' id='word_1_130' title='bbox 1517 1818 1567 1863; x_wconf 77' lang='lat' dir='ltr'><strong>te</strong></span> <span class='ocrx_word' id='word_1_131' title='bbox 1586 1809 1656 1863; x_wconf 82' lang='lat' dir='ltr'><strong>ad</strong></span> <span class='ocrx_word' id='word_1_132' title='bbox 1686 1811 1771 1862; x_wconf 83' lang='lat' dir='ltr'><strong>in-</strong></span> 
     </span>
    </p>
   </div>
   <div class='ocr_carea' id='block_1_19' title="bbox 1873 648 3505 723">
    <p class='ocr_par' dir='ltr' id='par_1_19' title="bbox 1873 648 3505 723">
     <span class='ocr_line' id='line_1_19' title="bbox 1873 648 3505 723; baseline -0.004 -17"><span class='ocrx_word' id='word_1_133' title='bbox 1873 653 1971 706; x_wconf 89' lang='lat' dir='ltr'><strong>sed</strong></span> <span class='ocrx_word' id='word_1_134' title='bbox 2007 651 2179 705; x_wconf 85' lang='lat' dir='ltr'><strong>etiam</strong></span> <span class='ocrx_word' id='word_1_135' title='bbox 2204 668 2306 705; x_wconf 74' lang='lat' dir='ltr'><strong>nec</strong></span> <span class='ocrx_word' id='word_1_136' title='bbox 2332 654 2731 723; x_wconf 87' lang='lat' dir='ltr'><strong>tunc,quando</strong></span> <span class='ocrx_word' id='word_1_137' title='bbox 2755 650 3085 722; x_wconf 86' lang='lat' dir='ltr'><strong>patiebatur</strong></span> <span class='ocrx_word' id='word_1_138' title='bbox 3103 648 3505 718; x_wconf 79' lang='lat' dir='ltr'><strong>indigentiam.</strong></span> 
     </span>
    </p>
   </div>
   <div class='ocr_carea' id='block_1_20' title="bbox 1877 736 3510 812">
    <p class='ocr_par' dir='ltr' id='par_1_20' title="bbox 1877 736 3510 812">
     <span class='ocr_line' id='line_1_20' title="bbox 1877 736 3510 812; baseline -0.002 -17"><span class='ocrx_word' id='word_1_139' title='bbox 1877 740 2035 795; x_wconf 86' lang='lat' dir='ltr'><strong>Unde</strong></span> <span class='ocrx_word' id='word_1_140' title='bbox 2059 740 2197 794; x_wconf 83' lang='lat' dir='ltr'><strong>dicit</strong></span> <span class='ocrx_word' id='word_1_141' title='bbox 2227 742 2430 794; x_wconf 89' lang='lat' dir='ltr'><strong>beatus</strong></span> <span class='ocrx_word' id='word_1_142' title='bbox 2454 759 2602 812; x_wconf 89' lang='lat' dir='ltr'><strong>papa</strong></span> <span class='ocrx_word' id='word_1_143' title='bbox 2647 740 2992 811; x_wconf 84' lang='lat' dir='ltr'><strong>Gregorius:</strong></span> <span class='ocrx_word' id='word_1_144' title='bbox 3026 738 3131 802; x_wconf 89' lang='lat' dir='ltr'><strong>Qui</strong></span> <span class='ocrx_word' id='word_1_145' title='bbox 3164 736 3319 791; x_wconf 89' lang='lat' dir='ltr'><strong>enim</strong></span> <span class='ocrx_word' id='word_1_146' title='bbox 3351 752 3510 791; x_wconf 88' lang='lat' dir='ltr'><strong>com-</strong></span> 
     </span>
    </p>
   </div>
   <div class='ocr_carea' id='block_1_21' title="bbox 1874 825 3509 902">
    <p class='ocr_par' dir='ltr' id='par_1_21' title="bbox 1874 825 3509 902">
     <span class='ocr_line' id='line_1_21' title="bbox 1874 825 3509 902; baseline -0.003 -19"><span class='ocrx_word' id='word_1_147' title='bbox 1874 830 2337 902; x_wconf 88' lang='lat' dir='ltr'><strong>prehendere,vel</strong></span> <span class='ocrx_word' id='word_1_148' title='bbox 2358 847 2627 885; x_wconf 80' lang='lat' dir='ltr'><strong>enarrare</strong></span> <span class='ocrx_word' id='word_1_149' title='bbox 2646 830 2796 885; x_wconf 87' lang='lat' dir='ltr'><strong>valet</strong></span> <span class='ocrx_word' id='word_1_150' title='bbox 2821 830 3041 884; x_wconf 85' lang='lat' dir='ltr'><strong>viscera</strong></span> <span class='ocrx_word' id='word_1_151' title='bbox 3064 826 3256 881; x_wconf 80' lang='lat' dir='ltr'><strong>Pauli?</strong></span> <span class='ocrx_word' id='word_1_152' title='bbox 3268 825 3509 896; x_wconf 91' lang='lat' dir='ltr'><strong>Quippe,</strong></span> 
     </span>
    </p>
   </div>
   <div class='ocr_carea' id='block_1_22' title="bbox 1876 913 3516 986">
    <p class='ocr_par' dir='ltr' id='par_1_22' title="bbox 1876 913 3516 986">
     <span class='ocr_line' id='line_1_22' title="bbox 1876 913 3516 986; baseline -0.003 -13"><span class='ocrx_word' id='word_1_153' title='bbox 1876 937 2008 975; x_wconf 86' lang='lat' dir='ltr'><strong>cum</strong></span> <span class='ocrx_word' id='word_1_154' title='bbox 2038 920 2391 975; x_wconf 85' lang='lat' dir='ltr'><strong>ministraret</strong></span> <span class='ocrx_word' id='word_1_155' title='bbox 2413 920 2726 974; x_wconf 68' lang='lat' dir='ltr'><strong>Corinthiis</strong></span> <span class='ocrx_word' id='word_1_156' title='bbox 2740 918 3075 972; x_wconf 87' lang='lat' dir='ltr'><strong>alimoniam</strong></span> <span class='ocrx_word' id='word_1_157' title='bbox 3100 916 3212 971; x_wconf 91' lang='lat' dir='ltr'><strong>cibi</strong></span> <span class='ocrx_word' id='word_1_158' title='bbox 3236 913 3516 986; x_wconf 85' lang='lat' dir='ltr'><strong>spiritalis</strong></span> 
     </span>
    </p>
   </div>
   <div class='ocr_carea' id='block_1_23' title="bbox 1876 1001 3515 1083">
    <p class='ocr_par' dir='ltr' id='par_1_23' title="bbox 1876 1001 3515 1083">
     <span class='ocr_line' id='line_1_23' title="bbox 1876 1001 3515 1083; baseline -0.005 -20"><span class='ocrx_word' id='word_1_159' title='bbox 1876 1009 2110 1063; x_wconf 85' lang='lat' dir='ltr'><strong>nolebat</strong></span> <span class='ocrx_word' id='word_1_160' title='bbox 2141 1011 2211 1062; x_wconf 90' lang='lat' dir='ltr'><strong>ab</strong></span> <span class='ocrx_word' id='word_1_161' title='bbox 2238 1009 2321 1062; x_wconf 91' lang='lat' dir='ltr'><strong>eis</strong></span> <span class='ocrx_word' id='word_1_162' title='bbox 2360 1008 2616 1079; x_wconf 89' lang='lat' dir='ltr'><strong>accipere</strong></span> <span class='ocrx_word' id='word_1_163' title='bbox 2668 1007 3004 1061; x_wconf 84' lang='lat' dir='ltr'><strong>alimoniam</strong></span> <span class='ocrx_word' id='word_1_164' title='bbox 3031 1005 3145 1059; x_wconf 90' lang='lat' dir='ltr'><strong>cibi</strong></span> <span class='ocrx_word' id='word_1_165' title='bbox 3178 1001 3515 1083; x_wconf 70' lang='lat' dir='ltr'><strong>corporalis.</strong></span> 
     </span>
    </p>
   </div>
   <div class='ocr_carea' id='block_1_24' title="bbox 1877 1096 3517 1167">
    <p class='ocr_par' dir='ltr' id='par_1_24' title="bbox 1877 1096 3517 1167">
     <span class='ocr_line' id='line_1_24' title="bbox 1877 1096 3517 1167; baseline -0.004 -16"><span class='ocrx_word' id='word_1_166' title='bbox 1877 1098 1981 1161; x_wconf 86' lang='lat' dir='ltr'><strong>Qui</strong></span> <span class='ocrx_word' id='word_1_167' title='bbox 2017 1099 2170 1151; x_wconf 87' lang='lat' dir='ltr'><strong>enim</strong></span> <span class='ocrx_word' id='word_1_168' title='bbox 2203 1103 2469 1152; x_wconf 88' lang='lat' dir='ltr'><strong>nostrum</strong></span> <span class='ocrx_word' id='word_1_169' title='bbox 2502 1097 2757 1167; x_wconf 87' lang='lat' dir='ltr'><strong>aliquem</strong></span> <span class='ocrx_word' id='word_1_170' title='bbox 2789 1096 3026 1149; x_wconf 87' lang='lat' dir='ltr'><strong>divitem</strong></span> <span class='ocrx_word' id='word_1_171' title='bbox 3060 1111 3164 1148; x_wconf 85' lang='lat' dir='ltr'><strong>sua</strong></span> <span class='ocrx_word' id='word_1_172' title='bbox 3188 1110 3343 1147; x_wconf 91' lang='lat' dir='ltr'><strong>nunc</strong></span> <span class='ocrx_word' id='word_1_173' title='bbox 3376 1108 3517 1163; x_wconf 76' lang='lat' dir='ltr'><strong>prae-</strong></span> 
     </span>
    </p>
   </div>
   <div class='ocr_carea' id='block_1_25' title="bbox 1879 1184 3519 1241">
    <p class='ocr_par' dir='ltr' id='par_1_25' title="bbox 1879 1184 3519 1241">
     <span class='ocr_line' id='line_1_25' title="bbox 1879 1184 3519 1241; baseline -0.005 0"><span class='ocrx_word' id='word_1_174' title='bbox 1879 1188 2166 1241; x_wconf 86' lang='lat' dir='ltr'><strong>dicatione</strong></span> <span class='ocrx_word' id='word_1_175' title='bbox 2184 1187 2517 1241; x_wconf 82' lang='lat' dir='ltr'><strong>traheretad</strong></span> <span class='ocrx_word' id='word_1_176' title='bbox 2540 1187 2712 1240; x_wconf 83' lang='lat' dir='ltr'><strong>ﬁdem</strong></span> <span class='ocrx_word' id='word_1_177' title='bbox 2738 1202 2750 1239; x_wconf 90' lang='lat'><strong>:</strong></span> <span class='ocrx_word' id='word_1_178' title='bbox 2787 1185 2835 1239; x_wconf 92' lang='lat' dir='ltr'><strong>si</strong></span> <span class='ocrx_word' id='word_1_179' title='bbox 2864 1184 3077 1238; x_wconf 89' lang='lat' dir='ltr'><strong>videret</strong></span> <span class='ocrx_word' id='word_1_180' title='bbox 3101 1200 3233 1235; x_wconf 91' lang='lat' dir='ltr'><strong>eum</strong></span> <span class='ocrx_word' id='word_1_181' title='bbox 3258 1186 3519 1236; x_wconf 90' lang='lat' dir='ltr'><strong>tenacem</strong></span> 
     </span>
    </p>
   </div>
   <div class='ocr_carea' id='block_1_26' title="bbox 1878 1269 3522 1346">
    <p class='ocr_par' dir='ltr' id='par_1_26' title="bbox 1878 1269 3522 1346">
     <span class='ocr_line' id='line_1_26' title="bbox 1878 1269 3522 1346; baseline -0.005 -16"><span class='ocrx_word' id='word_1_182' title='bbox 1878 1292 2015 1346; x_wconf 87' lang='lat' dir='ltr'><strong>erga</strong></span> <span class='ocrx_word' id='word_1_183' title='bbox 2046 1293 2125 1341; x_wconf 88' lang='lat' dir='ltr'><strong>se,</strong></span> <span class='ocrx_word' id='word_1_184' title='bbox 2163 1293 2276 1329; x_wconf 90' lang='lat' dir='ltr'><strong>non</strong></span> <span class='ocrx_word' id='word_1_185' title='bbox 2313 1276 2777 1345; x_wconf 84' lang='lat' dir='ltr'><strong>reprehenderet,</strong></span> <span class='ocrx_word' id='word_1_186' title='bbox 2812 1291 2923 1329; x_wconf 90' lang='lat' dir='ltr'><strong>non</strong></span> <span class='ocrx_word' id='word_1_187' title='bbox 2957 1273 3129 1327; x_wconf 89' lang='lat' dir='ltr'><strong>etiam</strong></span> <span class='ocrx_word' id='word_1_188' title='bbox 3152 1269 3522 1340; x_wconf 86' lang='lat' dir='ltr'><strong>increparet?</strong></span> 
     </span>
    </p>
   </div>
   <div class='ocr_carea' id='block_1_27' title="bbox 1878 1362 3523 1435">
    <p class='ocr_par' dir='ltr' id='par_1_27' title="bbox 1878 1362 3523 1435">
     <span class='ocr_line' id='line_1_27' title="bbox 1878 1362 3523 1435; baseline -0.005 -15"><span class='ocrx_word' id='word_1_189' title='bbox 1878 1367 2019 1421; x_wconf 86' lang='lat' dir='ltr'><strong>Nam</strong></span> <span class='ocrx_word' id='word_1_190' title='bbox 2048 1367 2195 1435; x_wconf 78' lang='lat' dir='ltr'><strong>quod</strong></span> <span class='ocrx_word' id='word_1_191' title='bbox 2221 1366 2742 1430; x_wconf 78' lang='lat' dir='ltr'><strong>miliideerat,etc.;</strong></span> <span class='ocrx_word' id='word_1_192' title='bbox 2780 1362 2837 1417; x_wconf 90' lang='lat' dir='ltr'><strong>id</strong></span> <span class='ocrx_word' id='word_1_193' title='bbox 2869 1368 2958 1417; x_wconf 91' lang='lat' dir='ltr'><strong>est</strong></span> <span class='ocrx_word' id='word_1_194' title='bbox 3006 1362 3199 1415; x_wconf 88' lang='lat' dir='ltr'><strong>labore</strong></span> <span class='ocrx_word' id='word_1_195' title='bbox 3237 1374 3523 1414; x_wconf 90' lang='lat' dir='ltr'><strong>manuum</strong></span> 
     </span>
    </p>
   </div>
   <div class='ocr_carea' id='block_1_28' title="bbox 1880 1448 3525 1525">
    <p class='ocr_par' dir='ltr' id='par_1_28' title="bbox 1880 1448 3525 1525">
     <span class='ocr_line' id='line_1_28' title="bbox 1880 1448 3525 1525; baseline -0.005 -16"><span class='ocrx_word' id='word_1_196' title='bbox 1880 1455 2182 1525; x_wconf 87' lang='lat' dir='ltr'><strong>acquirere</strong></span> <span class='ocrx_word' id='word_1_197' title='bbox 2214 1471 2326 1508; x_wconf 90' lang='lat' dir='ltr'><strong>non</strong></span> <span class='ocrx_word' id='word_1_198' title='bbox 2362 1458 2643 1525; x_wconf 89' lang='lat' dir='ltr'><strong>poteram,</strong></span> <span class='ocrx_word' id='word_1_199' title='bbox 2666 1454 3047 1523; x_wconf 80' lang='lat' dir='ltr'><strong>suppleverunt</strong></span> <span class='ocrx_word' id='word_1_200' title='bbox 3076 1453 3295 1520; x_wconf 78' lang='lat' dir='ltr'><strong>fratres.</strong></span> <span class='ocrx_word' id='word_1_201' title='bbox 3320 1448 3465 1502; x_wconf 90' lang='lat' dir='ltr'><strong>Nam</strong></span> <span class='ocrx_word' id='word_1_202' title='bbox 3492 1463 3525 1501; x_wconf 92' lang='lat' dir='ltr'><strong>a</strong></span> 
     </span>
    </p>
   </div>
   <div class='ocr_carea' id='block_1_29' title="bbox 1883 1537 3527 1615">
    <p class='ocr_par' dir='ltr' id='par_1_29' title="bbox 1883 1537 3527 1615">
     <span class='ocr_line' id='line_1_29' title="bbox 1883 1537 3527 1615; baseline -0.004 -18"><span class='ocrx_word' id='word_1_203' title='bbox 1883 1544 2073 1615; x_wconf 90' lang='lat' dir='ltr'><strong>prima</strong></span> <span class='ocrx_word' id='word_1_204' title='bbox 2104 1544 2248 1597; x_wconf 87' lang='lat' dir='ltr'><strong>hora</strong></span> <span class='ocrx_word' id='word_1_205' title='bbox 2269 1543 2382 1597; x_wconf 89' lang='lat' dir='ltr'><strong>diei</strong></span> <span class='ocrx_word' id='word_1_206' title='bbox 2406 1560 2594 1613; x_wconf 90' lang='lat' dir='ltr'><strong>usque</strong></span> <span class='ocrx_word' id='word_1_207' title='bbox 2616 1544 2684 1596; x_wconf 89' lang='lat' dir='ltr'><strong>ad</strong></span> <span class='ocrx_word' id='word_1_208' title='bbox 2702 1542 2987 1613; x_wconf 86' lang='lat' dir='ltr'><strong>quintam,</strong></span> <span class='ocrx_word' id='word_1_209' title='bbox 3009 1539 3281 1594; x_wconf 88' lang='lat' dir='ltr'><strong>manibus</strong></span> <span class='ocrx_word' id='word_1_210' title='bbox 3301 1537 3527 1592; x_wconf 89' lang='lat' dir='ltr'><strong>labora-</strong></span> 
     </span>
    </p>
   </div>
   <div class='ocr_carea' id='block_1_30' title="bbox 1883 1628 3528 1701">
    <p class='ocr_par' dir='ltr' id='par_1_30' title="bbox 1883 1628 3528 1701">
     <span class='ocr_line' id='line_1_30' title="bbox 1883 1628 3528 1701; baseline -0.004 -15"><span class='ocrx_word' id='word_1_211' title='bbox 1883 1633 2003 1697; x_wconf 88' lang='lat' dir='ltr'><strong>bat,</strong></span> <span class='ocrx_word' id='word_1_212' title='bbox 2035 1638 2096 1686; x_wconf 86' lang='lat' dir='ltr'><strong>ut</strong></span> <span class='ocrx_word' id='word_1_213' title='bbox 2131 1632 2243 1687; x_wconf 91' lang='lat' dir='ltr'><strong>sibi</strong></span> <span class='ocrx_word' id='word_1_214' title='bbox 2264 1632 2481 1685; x_wconf 91' lang='lat' dir='ltr'><strong>victum</strong></span> <span class='ocrx_word' id='word_1_215' title='bbox 2515 1631 2841 1701; x_wconf 89' lang='lat' dir='ltr'><strong>acquireret</strong></span> <span class='ocrx_word' id='word_1_216' title='bbox 2865 1648 2877 1695; x_wconf 88' lang='lat'><strong>;</strong></span> <span class='ocrx_word' id='word_1_217' title='bbox 2900 1647 2931 1685; x_wconf 87' lang='lat' dir='ltr'><strong>a</strong></span> <span class='ocrx_word' id='word_1_218' title='bbox 2962 1628 3166 1700; x_wconf 89' lang='lat' dir='ltr'><strong>quinta</strong></span> <span class='ocrx_word' id='word_1_219' title='bbox 3184 1644 3316 1682; x_wconf 88' lang='lat' dir='ltr'><strong>vero</strong></span> <span class='ocrx_word' id='word_1_220' title='bbox 3341 1642 3528 1696; x_wconf 89' lang='lat' dir='ltr'><strong>usque</strong></span> 
     </span>
    </p>
   </div>
   <div class='ocr_carea' id='block_1_31' title="bbox 1883 1714 3528 1790">
    <p class='ocr_par' dir='ltr' id='par_1_31' title="bbox 1883 1714 3528 1790">
     <span class='ocr_line' id='line_1_31' title="bbox 1883 1714 3528 1790; baseline -0.005 -14"><span class='ocrx_word' id='word_1_221' title='bbox 1883 1723 1953 1777; x_wconf 92' lang='lat' dir='ltr'><strong>ad</strong></span> <span class='ocrx_word' id='word_1_222' title='bbox 1990 1722 2361 1776; x_wconf 85' lang='lat' dir='ltr'><strong>undecimam</strong></span> <span class='ocrx_word' id='word_1_223' title='bbox 2389 1720 2763 1790; x_wconf 65' lang='lat' dir='ltr'><strong>praedicabat,</strong></span> <span class='ocrx_word' id='word_1_224' title='bbox 2785 1724 2841 1774; x_wconf 87' lang='lat' dir='ltr'><strong>et</strong></span> <span class='ocrx_word' id='word_1_225' title='bbox 2870 1720 3011 1774; x_wconf 92' lang='lat' dir='ltr'><strong>adeo</strong></span> <span class='ocrx_word' id='word_1_226' title='bbox 3035 1718 3298 1782; x_wconf 87' lang='lat' dir='ltr'><strong>viriliter,</strong></span> <span class='ocrx_word' id='word_1_227' title='bbox 3323 1721 3388 1770; x_wconf 90' lang='lat' dir='ltr'><strong>ut</strong></span> <span class='ocrx_word' id='word_1_228' title='bbox 3416 1714 3528 1769; x_wconf 88' lang='lat' dir='ltr'><strong>sibi</strong></span> 
     </span>
    </p>
   </div>
   <div class='ocr_carea' id='block_1_32' title="bbox 1884 1805 3526 1881">
    <p class='ocr_par' dir='ltr' id='par_1_32' title="bbox 1884 1805 3526 1881">
     <span class='ocr_line' id='line_1_32' title="bbox 1884 1805 3526 1881; baseline -0.004 -17"><span class='ocrx_word' id='word_1_229' title='bbox 1884 1812 2222 1866; x_wconf 86' lang='lat' dir='ltr'><strong>resistentes</strong></span> <span class='ocrx_word' id='word_1_230' title='bbox 2278 1826 2535 1881; x_wconf 77' lang='lat' dir='ltr'><strong>paganos</strong></span> <span class='ocrx_word' id='word_1_231' title='bbox 2568 1809 2894 1880; x_wconf 89' lang='lat' dir='ltr'><strong>superando</strong></span> <span class='ocrx_word' id='word_1_232' title='bbox 2925 1808 2994 1862; x_wconf 91' lang='lat' dir='ltr'><strong>ad</strong></span> <span class='ocrx_word' id='word_1_233' title='bbox 3029 1808 3200 1861; x_wconf 78' lang='lat' dir='ltr'><strong>finem</strong></span> <span class='ocrx_word' id='word_1_234' title='bbox 3250 1805 3526 1859; x_wconf 88' lang='lat' dir='ltr'><strong>traheret.</strong></span> 
     </span>
    </p>
   </div>
   <div class='ocr_carea' id='block_1_33' title="bbox 135 1892 3529 2000">
    <p class='ocr_par' dir='ltr' id='par_1_33' title="bbox 135 1892 3529 2000">
     <span class='ocr_line' id='line_1_33' title="bbox 135 1892 3529 2000; baseline -0.001 -50"><span class='ocrx_word' id='word_1_235' title='bbox 135 1898 345 1950; x_wconf 82' lang='lat' dir='ltr'><strong>saniam</strong></span> <span class='ocrx_word' id='word_1_236' title='bbox 394 1900 712 1952; x_wconf 80' lang='lat' dir='ltr'><strong>convertunt</strong></span> <span class='ocrx_word' id='word_1_237' title='bbox 760 1900 895 1964; x_wconf 79' lang='lat' dir='ltr'><strong>(Act.</strong></span> <span class='ocrx_word' id='word_1_238' title='bbox 946 1915 1097 1963; x_wconf 81' lang='lat' dir='ltr'><strong>xxxi,</strong></span> <span class='ocrx_word' id='word_1_239' title='bbox 1148 1900 1257 1968; x_wconf 73' lang='grc'><strong>24).</strong></span> <span class='ocrx_word' id='word_1_240' title='bbox 1309 1899 1418 1953; x_wconf 88' lang='lat' dir='ltr'><strong>Sed</strong></span> <span class='ocrx_word' id='word_1_241' title='bbox 1470 1898 1773 1952; x_wconf 89' lang='lat' dir='ltr'><strong>sciendum</strong></span> <span class='ocrx_word' id='word_1_242' title='bbox 1808 1937 1853 2000; x_wconf 78' lang='grc' dir='ltr'><strong>Β</strong></span> <span class='ocrx_word' id='word_1_243' title='bbox 1887 1902 1992 1968; x_wconf 82' lang='lat' dir='ltr'><strong>Qui</strong></span> <span class='ocrx_word' id='word_1_244' title='bbox 2020 1907 2286 1954; x_wconf 83' lang='lat' dir='ltr'><strong>venerunt</strong></span> <span class='ocrx_word' id='word_1_245' title='bbox 2315 1917 2347 1953; x_wconf 89' lang='lat' dir='ltr'><strong>a</strong></span> <span class='ocrx_word' id='word_1_246' title='bbox 2377 1899 2713 1956; x_wconf 79' lang='lat' dir='ltr'><strong>Macedonia.</strong></span> <span class='ocrx_word' id='word_1_247' title='bbox 2763 1898 2874 1952; x_wconf 90' lang='lat' dir='ltr'><strong>Sed</strong></span> <span class='ocrx_word' id='word_1_248' title='bbox 2908 1913 3087 1968; x_wconf 85' lang='lat' dir='ltr'><strong>quare</strong></span> <span class='ocrx_word' id='word_1_249' title='bbox 3116 1895 3188 1949; x_wconf 91' lang='lat' dir='ltr'><strong>ab</strong></span> <span class='ocrx_word' id='word_1_250' title='bbox 3221 1894 3349 1948; x_wconf 90' lang='lat' dir='ltr'><strong>istis</strong></span> <span class='ocrx_word' id='word_1_251' title='bbox 3380 1892 3529 1948; x_wconf 90' lang='lat' dir='ltr'><strong>acci-</strong></span> 
     </span>
    </p>
   </div>
   <div class='ocr_carea' id='block_1_34' title="bbox 136 1985 1776 2057">
    <p class='ocr_par' dir='ltr' id='par_1_34' title="bbox 136 1985 1776 2057">
     <span class='ocr_line' id='line_1_34' title="bbox 136 1985 1776 2057; baseline 0 -18"><span class='ocrx_word' id='word_1_252' title='bbox 136 1985 276 2056; x_wconf 87' lang='lat' dir='ltr'><strong>quia,</strong></span> <span class='ocrx_word' id='word_1_253' title='bbox 296 1986 482 2055; x_wconf 84' lang='lat' dir='ltr'><strong>juxta</strong></span> <span class='ocrx_word' id='word_1_254' title='bbox 505 1988 661 2057; x_wconf 90' lang='lat' dir='ltr'><strong>quod</strong></span> <span class='ocrx_word' id='word_1_255' title='bbox 693 1987 775 2041; x_wconf 88' lang='lat' dir='ltr'><strong>ait</strong></span> <span class='ocrx_word' id='word_1_256' title='bbox 806 1988 1031 2054; x_wconf 83' lang='lat' dir='ltr'><strong>Festus,</strong></span> <span class='ocrx_word' id='word_1_257' title='bbox 1058 1987 1262 2043; x_wconf 90' lang='lat' dir='ltr'><strong>multis</strong></span> <span class='ocrx_word' id='word_1_258' title='bbox 1294 1987 1502 2041; x_wconf 85' lang='lat' dir='ltr'><strong>litteris</strong></span> <span class='ocrx_word' id='word_1_259' title='bbox 1533 1992 1657 2041; x_wconf 91' lang='lat' dir='ltr'><strong>erat</strong></span> <span class='ocrx_word' id='word_1_260' title='bbox 1686 1986 1776 2039; x_wconf 89' lang='lat' dir='ltr'><strong>in-</strong></span> 
     </span>
    </p>
   </div>
   <div class='ocr_carea' id='block_1_35' title="bbox 136 2075 1778 2132">
    <p class='ocr_par' dir='ltr' id='par_1_35' title="bbox 136 2075 1778 2132">
     <span class='ocr_line' id='line_1_35' title="bbox 136 2075 1778 2132; baseline -0.001 -3"><span class='ocrx_word' id='word_1_261' title='bbox 136 2080 428 2130; x_wconf 80' lang='lat' dir='ltr'><strong>structus:</strong></span> <span class='ocrx_word' id='word_1_262' title='bbox 472 2080 873 2132; x_wconf 88' lang='lat' dir='ltr'><strong>verumtamen</strong></span> <span class='ocrx_word' id='word_1_263' title='bbox 907 2093 1086 2132; x_wconf 89' lang='lat' dir='ltr'><strong>causa</strong></span> <span class='ocrx_word' id='word_1_264' title='bbox 1144 2076 1495 2131; x_wconf 86' lang='lat' dir='ltr'><strong>humilitatis</strong></span> <span class='ocrx_word' id='word_1_265' title='bbox 1546 2093 1607 2130; x_wconf 92' lang='lat' dir='ltr'><strong>se</strong></span> <span class='ocrx_word' id='word_1_266' title='bbox 1633 2075 1778 2129; x_wconf 81' lang='lat' dir='ltr'><strong>dixit</strong></span> 
     </span>
    </p>
   </div>
   <div class='ocr_carea' id='block_1_36' title="bbox 138 2164 1778 2236">
    <p class='ocr_par' dir='ltr' id='par_1_36' title="bbox 138 2164 1778 2236">
     <span class='ocr_line' id='line_1_36' title="bbox 138 2164 1778 2236; baseline 0.001 -19"><span class='ocrx_word' id='word_1_267' title='bbox 138 2164 807 2236; x_wconf 80' lang='lat' dir='ltr'><strong>imperitum.Sequitur:</strong></span> <span class='ocrx_word' id='word_1_268' title='bbox 845 2168 906 2220; x_wconf 89' lang='lat' dir='ltr'><strong>In</strong></span> <span class='ocrx_word' id='word_1_269' title='bbox 947 2168 1200 2221; x_wconf 83' lang='lat' dir='ltr'><strong>omnibus</strong></span> <span class='ocrx_word' id='word_1_270' title='bbox 1240 2166 1624 2235; x_wconf 83' lang='lat' dir='ltr'><strong>manifestatus</strong></span> <span class='ocrx_word' id='word_1_271' title='bbox 1660 2181 1778 2219; x_wconf 81' lang='lat' dir='ltr'><strong>sum</strong></span> 
     </span>
    </p>
   </div>
   <div class='ocr_carea' id='block_1_37' title="bbox 147 2253 1778 2326">
    <p class='ocr_par' dir='ltr' id='par_1_37' title="bbox 147 2253 1778 2326">
     <span class='ocr_line' id='line_1_37' title="bbox 147 2253 1778 2326; baseline -0.001 -19"><span class='ocrx_word' id='word_1_272' title='bbox 147 2253 308 2315; x_wconf 77' lang='lat' dir='ltr'><strong>vobis;</strong></span> <span class='ocrx_word' id='word_1_273' title='bbox 338 2253 456 2308; x_wconf 89' lang='lat' dir='ltr'><strong>hoc</strong></span> <span class='ocrx_word' id='word_1_274' title='bbox 503 2258 610 2319; x_wconf 90' lang='lat' dir='ltr'><strong>est,</strong></span> <span class='ocrx_word' id='word_1_275' title='bbox 663 2255 1072 2310; x_wconf 81' lang='lat' dir='ltr'><strong>manifestatus</strong></span> <span class='ocrx_word' id='word_1_276' title='bbox 1121 2272 1275 2319; x_wconf 90' lang='lat' dir='ltr'><strong>sum,</strong></span> <span class='ocrx_word' id='word_1_277' title='bbox 1309 2257 1447 2326; x_wconf 89' lang='lat' dir='ltr'><strong>quia</strong></span> <span class='ocrx_word' id='word_1_278' title='bbox 1474 2270 1587 2309; x_wconf 91' lang='lat' dir='ltr'><strong>non</strong></span> <span class='ocrx_word' id='word_1_279' title='bbox 1623 2270 1778 2307; x_wconf 64' lang='lat' dir='ltr'><strong>vanm</strong></span> 
     </span>
    </p>
   </div>
   <div class='ocr_carea' id='block_1_38' title="bbox 153 2340 1778 2415">
    <p class='ocr_par' dir='ltr' id='par_1_38' title="bbox 153 2340 1778 2415">
     <span class='ocr_line' id='line_1_38' title="bbox 153 2340 1778 2415; baseline 0.001 -20"><span class='ocrx_word' id='word_1_280' title='bbox 153 2340 319 2397; x_wconf 83' lang='lat' dir='ltr'><strong>laudis</strong></span> <span class='ocrx_word' id='word_1_281' title='bbox 376 2359 577 2411; x_wconf 88' lang='lat' dir='ltr'><strong>causa,</strong></span> <span class='ocrx_word' id='word_1_282' title='bbox 632 2351 731 2397; x_wconf 87' lang='lat' dir='ltr'><strong>aut</strong></span> <span class='ocrx_word' id='word_1_283' title='bbox 782 2346 993 2398; x_wconf 89' lang='lat' dir='ltr'><strong>terreni</strong></span> <span class='ocrx_word' id='word_1_284' title='bbox 1030 2348 1287 2415; x_wconf 61' lang='lat' dir='ltr'><strong>quaestus</strong></span> <span class='ocrx_word' id='word_1_285' title='bbox 1320 2344 1643 2414; x_wconf 70' lang='lat' dir='ltr'><strong>praedicavi,</strong></span> <span class='ocrx_word' id='word_1_286' title='bbox 1678 2342 1778 2396; x_wconf 86' lang='lat' dir='ltr'><strong>sed</strong></span> 
     </span>
    </p>
   </div>
   <div class='ocr_carea' id='block_1_39' title="bbox 156 2431 1783 2501">
    <p class='ocr_par' dir='ltr' id='par_1_39' title="bbox 156 2431 1783 2501">
     <span class='ocr_line' id='line_1_39' title="bbox 156 2431 1783 2501; baseline 0.001 -18"><span class='ocrx_word' id='word_1_287' title='bbox 156 2446 305 2485; x_wconf 86' lang='lat' dir='ltr'><strong>causa</strong></span> <span class='ocrx_word' id='word_1_288' title='bbox 332 2436 542 2488; x_wconf 61' lang='lat' dir='ltr'><strong>vertrm</strong></span> <span class='ocrx_word' id='word_1_289' title='bbox 573 2431 798 2487; x_wconf 88' lang='lat' dir='ltr'><strong>salutis.</strong></span> <span class='ocrx_word' id='word_1_290' title='bbox 822 2433 1229 2488; x_wconf 85' lang='lat' dir='ltr'><strong>Manifestatus</strong></span> <span class='ocrx_word' id='word_1_291' title='bbox 1261 2450 1392 2488; x_wconf 91' lang='lat' dir='ltr'><strong>sum</strong></span> <span class='ocrx_word' id='word_1_292' title='bbox 1424 2433 1620 2497; x_wconf 88' lang='lat' dir='ltr'><strong>etiam,</strong></span> <span class='ocrx_word' id='word_1_293' title='bbox 1644 2433 1783 2501; x_wconf 85' lang='lat' dir='ltr'><strong>quia</strong></span> 
     </span>
    </p>
   </div>
   <div class='ocr_carea' id='block_1_40' title="bbox 152 2522 1774 2594">
    <p class='ocr_par' dir='ltr' id='par_1_40' title="bbox 152 2522 1774 2594">
     <span class='ocr_line' id='line_1_40' title="bbox 152 2522 1774 2594; baseline 0 -19"><span class='ocrx_word' id='word_1_294' title='bbox 152 2537 251 2574; x_wconf 87' lang='lat' dir='ltr'><strong>non</strong></span> <span class='ocrx_word' id='word_1_295' title='bbox 290 2538 360 2576; x_wconf 88' lang='lat' dir='ltr'><strong>ex</strong></span> <span class='ocrx_word' id='word_1_296' title='bbox 393 2522 701 2576; x_wconf 85' lang='lat' dir='ltr'><strong>verborum</strong></span> <span class='ocrx_word' id='word_1_297' title='bbox 753 2523 971 2594; x_wconf 80' lang='lat' dir='ltr'><strong>inopia,</strong></span> <span class='ocrx_word' id='word_1_298' title='bbox 1007 2524 1105 2577; x_wconf 90' lang='lat' dir='ltr'><strong>sed</strong></span> <span class='ocrx_word' id='word_1_299' title='bbox 1140 2522 1333 2593; x_wconf 90' lang='lat' dir='ltr'><strong>potius</strong></span> <span class='ocrx_word' id='word_1_300' title='bbox 1364 2522 1727 2578; x_wconf 86' lang='lat' dir='ltr'><strong>abundantia</strong></span> <span class='ocrx_word' id='word_1_301' title='bbox 1762 2539 1774 2588; x_wconf 90' lang='lat'><strong>;</strong></span> 
     </span>
    </p>
   </div>
   <div class='ocr_carea' id='block_1_41' title="bbox 143 2609 1653 2683">
    <p class='ocr_par' dir='ltr' id='par_1_41' title="bbox 143 2609 1653 2683">
     <span class='ocr_line' id='line_1_41' title="bbox 143 2609 1653 2683; baseline 0.001 -20"><span class='ocrx_word' id='word_1_302' title='bbox 143 2609 249 2665; x_wconf 84' lang='lat' dir='ltr'><strong>sive</strong></span> <span class='ocrx_word' id='word_1_303' title='bbox 280 2610 695 2666; x_wconf 84' lang='lat' dir='ltr'><strong>manifestatus</strong></span> <span class='ocrx_word' id='word_1_304' title='bbox 726 2628 858 2666; x_wconf 86' lang='lat' dir='ltr'><strong>sum</strong></span> <span class='ocrx_word' id='word_1_305' title='bbox 897 2611 1083 2683; x_wconf 84' lang='lat' dir='ltr'><strong>signis</strong></span> <span class='ocrx_word' id='word_1_306' title='bbox 1115 2618 1287 2683; x_wconf 90' lang='lat' dir='ltr'><strong>atque</strong></span> <span class='ocrx_word' id='word_1_307' title='bbox 1319 2613 1653 2666; x_wconf 87' lang='lat' dir='ltr'><strong>virtutibus.</strong></span> 
     </span>
    </p>
   </div>
   <div class='ocr_carea' id='block_1_42' title="bbox 204 2700 1781 2772">
    <p class='ocr_par' dir='ltr' id='par_1_42' title="bbox 204 2700 1781 2772">
     <span class='ocr_line' id='line_1_42' title="bbox 204 2700 1781 2772; baseline 0.001 -19"><span class='ocrx_word' id='word_1_308' title='bbox 204 2700 481 2771; x_wconf 85' lang='lat' dir='ltr'><strong>Sequitur</strong></span> <span class='ocrx_word' id='word_1_309' title='bbox 506 2717 517 2754; x_wconf 93' lang='lat'><strong>:</strong></span> <span class='ocrx_word' id='word_1_310' title='bbox 542 2701 649 2755; x_wconf 77' lang='lat' dir='ltr'><strong>Aut</strong></span> <span class='ocrx_word' id='word_1_311' title='bbox 697 2702 949 2772; x_wconf 78' lang='lat' dir='ltr'><strong>nunquid</strong></span> <span class='ocrx_word' id='word_1_312' title='bbox 980 2706 1258 2772; x_wconf 84' lang='lat' dir='ltr'><strong>peccatum</strong></span> <span class='ocrx_word' id='word_1_313' title='bbox 1286 2705 1414 2770; x_wconf 87' lang='lat' dir='ltr'><strong>feci,</strong></span> <span class='ocrx_word' id='word_1_314' title='bbox 1449 2707 1592 2766; x_wconf 85' lang='lat' dir='ltr'><strong>etc.;</strong></span> <span class='ocrx_word' id='word_1_315' title='bbox 1628 2719 1691 2755; x_wconf 90' lang='lat' dir='ltr'><strong>ac</strong></span> <span class='ocrx_word' id='word_1_316' title='bbox 1733 2701 1781 2755; x_wconf 88' lang='lat' dir='ltr'><strong>si</strong></span> 
     </span>
    </p>
   </div>
   <div class='ocr_carea' id='block_1_43' title="bbox 139 2788 1780 2862">
    <p class='ocr_par' dir='ltr' id='par_1_43' title="bbox 139 2788 1780 2862">
     <span class='ocr_line' id='line_1_43' title="bbox 139 2788 1780 2862; baseline 0.001 -21"><span class='ocrx_word' id='word_1_317' title='bbox 139 2788 403 2844; x_wconf 87' lang='lat' dir='ltr'><strong>dixisset:</strong></span> <span class='ocrx_word' id='word_1_318' title='bbox 434 2789 695 2855; x_wconf 89' lang='lat' dir='ltr'><strong>Nullum,</strong></span> <span class='ocrx_word' id='word_1_319' title='bbox 719 2790 983 2861; x_wconf 90' lang='lat' dir='ltr'><strong>inquam.</strong></span> <span class='ocrx_word' id='word_1_320' title='bbox 1018 2796 1320 2862; x_wconf 87' lang='lat' dir='ltr'><strong>peceatum</strong></span> <span class='ocrx_word' id='word_1_321' title='bbox 1353 2792 1459 2844; x_wconf 86' lang='lat' dir='ltr'><strong>feci</strong></span> <span class='ocrx_word' id='word_1_322' title='bbox 1483 2791 1634 2860; x_wconf 84' lang='lat' dir='ltr'><strong>apud</strong></span> <span class='ocrx_word' id='word_1_323' title='bbox 1660 2807 1780 2857; x_wconf 90' lang='lat' dir='ltr'><strong>vos,</strong></span> 
     </span>
    </p>
   </div>
   <div class='ocr_carea' id='block_1_44' title="bbox 136 2878 1786 2949">
    <p class='ocr_par' dir='ltr' id='par_1_44' title="bbox 136 2878 1786 2949">
     <span class='ocr_line' id='line_1_44' title="bbox 136 2878 1786 2949; baseline 0.002 -19"><span class='ocrx_word' id='word_1_324' title='bbox 136 2882 371 2948; x_wconf 88' lang='lat' dir='ltr'><strong>propter</strong></span> <span class='ocrx_word' id='word_1_325' title='bbox 393 2878 548 2948; x_wconf 86' lang='lat' dir='ltr'><strong>quod</strong></span> <span class='ocrx_word' id='word_1_326' title='bbox 584 2879 852 2947; x_wconf 71' lang='lat' dir='ltr'><strong>praeferre</strong></span> <span class='ocrx_word' id='word_1_327' title='bbox 875 2878 1019 2931; x_wconf 88' lang='lat' dir='ltr'><strong>mihi</strong></span> <span class='ocrx_word' id='word_1_328' title='bbox 1046 2878 1307 2933; x_wconf 89' lang='lat' dir='ltr'><strong>debeatis</strong></span> <span class='ocrx_word' id='word_1_329' title='bbox 1332 2880 1786 2949; x_wconf 87' lang='lat' dir='ltr'><strong>pseudoaposto-</strong></span> 
     </span>
    </p>
   </div>
   <div class='ocr_carea' id='block_1_45' title="bbox 130 2965 1788 3037">
    <p class='ocr_par' dir='ltr' id='par_1_45' title="bbox 130 2965 1788 3037">
     <span class='ocr_line' id='line_1_45' title="bbox 130 2965 1788 3037; baseline 0.001 -19"><span class='ocrx_word' id='word_1_330' title='bbox 130 2965 237 3031; x_wconf 93' lang='lat' dir='ltr'><strong>los,</strong></span> <span class='ocrx_word' id='word_1_331' title='bbox 272 2966 389 3021; x_wconf 90' lang='lat' dir='ltr'><strong>nisi</strong></span> <span class='ocrx_word' id='word_1_332' title='bbox 424 2967 482 3021; x_wconf 88' lang='lat' dir='ltr'><strong>in</strong></span> <span class='ocrx_word' id='word_1_333' title='bbox 516 2966 624 3021; x_wconf 88' lang='lat' dir='ltr'><strong>hoc</strong></span> <span class='ocrx_word' id='word_1_334' title='bbox 658 2967 802 3020; x_wconf 77' lang='lat' dir='ltr'><strong>forte</strong></span> <span class='ocrx_word' id='word_1_335' title='bbox 830 2967 1237 3037; x_wconf 88' lang='lat' dir='ltr'><strong>peccavi,quia</strong></span> <span class='ocrx_word' id='word_1_336' title='bbox 1267 2983 1394 3036; x_wconf 67' lang='lat' dir='ltr'><strong>quae</strong></span> <span class='ocrx_word' id='word_1_337' title='bbox 1427 2971 1616 3020; x_wconf 82' lang='lat' dir='ltr'><strong>vestra</strong></span> <span class='ocrx_word' id='word_1_338' title='bbox 1648 2970 1788 3020; x_wconf 88' lang='lat' dir='ltr'><strong>sunt</strong></span> 
     </span>
    </p>
   </div>
   <div class='ocr_carea' id='block_1_46' title="bbox 131 3054 1781 3125">
    <p class='ocr_par' dir='ltr' id='par_1_46' title="bbox 131 3054 1781 3125">
     <span class='ocr_line' id='line_1_46' title="bbox 131 3054 1781 3125; baseline -0.001 -17"><span class='ocrx_word' id='word_1_339' title='bbox 131 3072 245 3111; x_wconf 91' lang='lat' dir='ltr'><strong>non</strong></span> <span class='ocrx_word' id='word_1_340' title='bbox 266 3054 522 3121; x_wconf 87' lang='lat' dir='ltr'><strong>abstuli;</strong></span> <span class='ocrx_word' id='word_1_341' title='bbox 545 3060 602 3108; x_wconf 91' lang='lat' dir='ltr'><strong>et</strong></span> <span class='ocrx_word' id='word_1_342' title='bbox 623 3054 672 3109; x_wconf 90' lang='lat' dir='ltr'><strong>si</strong></span> <span class='ocrx_word' id='word_1_343' title='bbox 690 3054 1085 3123; x_wconf 84' lang='lat' dir='ltr'><strong>hancoulpam</strong></span> <span class='ocrx_word' id='word_1_344' title='bbox 1112 3055 1781 3125; x_wconf 66' lang='lat' dir='ltr'><strong>t‘eci,ignoscite,qumso:</strong></span> 
     </span>
    </p>
   </div>
   <div class='ocr_carea' id='block_1_47' title="bbox 122 3142 1787 3215">
    <p class='ocr_par' dir='ltr' id='par_1_47' title="bbox 122 3142 1787 3215">
     <span class='ocr_line' id='line_1_47' title="bbox 122 3142 1787 3215; baseline -0.001 -17"><span class='ocrx_word' id='word_1_345' title='bbox 122 3146 374 3215; x_wconf 85' lang='lat' dir='ltr'><strong>propter</strong></span> <span class='ocrx_word' id='word_1_346' title='bbox 408 3143 516 3196; x_wconf 90' lang='lat' dir='ltr'><strong>hoc</strong></span> <span class='ocrx_word' id='word_1_347' title='bbox 555 3142 708 3196; x_wconf 91' lang='lat' dir='ltr'><strong>enim</strong></span> <span class='ocrx_word' id='word_1_348' title='bbox 733 3143 922 3214; x_wconf 89' lang='lat' dir='ltr'><strong>magis</strong></span> <span class='ocrx_word' id='word_1_349' title='bbox 946 3142 1027 3197; x_wconf 90' lang='lat' dir='ltr'><strong>illi</strong></span> <span class='ocrx_word' id='word_1_350' title='bbox 1047 3143 1353 3208; x_wconf 88' lang='lat' dir='ltr'><strong>timebant,</strong></span> <span class='ocrx_word' id='word_1_351' title='bbox 1388 3143 1527 3213; x_wconf 88' lang='lat' dir='ltr'><strong>quia</strong></span> <span class='ocrx_word' id='word_1_352' title='bbox 1548 3143 1691 3197; x_wconf 90' lang='lat' dir='ltr'><strong>nihil</strong></span> <span class='ocrx_word' id='word_1_353' title='bbox 1716 3144 1787 3197; x_wconf 89' lang='lat' dir='ltr'><strong>ab</strong></span> 
     </span>
    </p>
   </div>
   <div class='ocr_carea' id='block_1_48' title="bbox 116 3230 1785 3304">
    <p class='ocr_par' dir='ltr' id='par_1_48' title="bbox 116 3230 1785 3304">
     <span class='ocr_line' id='line_1_48' title="bbox 116 3230 1785 3304; baseline 0.001 -18"><span class='ocrx_word' id='word_1_354' title='bbox 116 3232 204 3287; x_wconf 86' lang='lat' dir='ltr'><strong>eis</strong></span> <span class='ocrx_word' id='word_1_355' title='bbox 243 3230 639 3302; x_wconf 80' lang='lat' dir='ltr'><strong>accipiebant,</strong></span> <span class='ocrx_word' id='word_1_356' title='bbox 662 3237 893 3303; x_wconf 86' lang='lat' dir='ltr'><strong>propter</strong></span> <span class='ocrx_word' id='word_1_357' title='bbox 926 3233 1079 3303; x_wconf 91' lang='lat' dir='ltr'><strong>quod</strong></span> <span class='ocrx_word' id='word_1_358' title='bbox 1112 3236 1287 3287; x_wconf 88' lang='lat' dir='ltr'><strong>etiam</strong></span> <span class='ocrx_word' id='word_1_359' title='bbox 1330 3233 1785 3304; x_wconf 89' lang='lat' dir='ltr'><strong>pseudoaposto-</strong></span> 
     </span>
    </p>
   </div>
   <div class='ocr_carea' id='block_1_49' title="bbox 1889 1983 3529 2061">
    <p class='ocr_par' dir='ltr' id='par_1_49' title="bbox 1889 1983 3529 2061">
     <span class='ocr_line' id='line_1_49' title="bbox 1889 1983 3529 2061; baseline -0.003 -19"><span class='ocrx_word' id='word_1_360' title='bbox 1889 1990 2083 2061; x_wconf 89' lang='lat' dir='ltr'><strong>piebat</strong></span> <span class='ocrx_word' id='word_1_361' title='bbox 2106 1990 2132 2041; x_wconf 80' lang='lat'><strong>‘?</strong></span> <span class='ocrx_word' id='word_1_362' title='bbox 2163 1989 2308 2052; x_wconf 88' lang='lat' dir='ltr'><strong>Quia</strong></span> <span class='ocrx_word' id='word_1_363' title='bbox 2338 2006 2451 2042; x_wconf 91' lang='lat' dir='ltr'><strong>non</strong></span> <span class='ocrx_word' id='word_1_364' title='bbox 2486 1992 2649 2042; x_wconf 89' lang='lat' dir='ltr'><strong>erant</strong></span> <span class='ocrx_word' id='word_1_365' title='bbox 2680 1986 2904 2058; x_wconf 89' lang='lat' dir='ltr'><strong>decepti</strong></span> <span class='ocrx_word' id='word_1_366' title='bbox 2937 2004 2969 2041; x_wconf 90' lang='lat' dir='ltr'><strong>a</strong></span> <span class='ocrx_word' id='word_1_367' title='bbox 3005 1983 3529 2057; x_wconf 89' lang='lat' dir='ltr'><strong>pseudoapostolis.</strong></span> 
     </span>
    </p>
   </div>
   <div class='ocr_carea' id='block_1_50' title="bbox 1884 2072 3531 2145">
    <p class='ocr_par' dir='ltr' id='par_1_50' title="bbox 1884 2072 3531 2145">
     <span class='ocr_line' id='line_1_50' title="bbox 1884 2072 3531 2145; baseline -0.004 -13"><span class='ocrx_word' id='word_1_368' title='bbox 1884 2079 1968 2132; x_wconf 89' lang='lat' dir='ltr'><strong>Ab</strong></span> <span class='ocrx_word' id='word_1_369' title='bbox 2001 2078 2130 2132; x_wconf 87' lang='lat' dir='ltr'><strong>istis</strong></span> <span class='ocrx_word' id='word_1_370' title='bbox 2160 2095 2290 2132; x_wconf 86' lang='lat' dir='ltr'><strong>vero</strong></span> <span class='ocrx_word' id='word_1_371' title='bbox 2322 2076 2555 2132; x_wconf 84' lang='lat' dir='ltr'><strong>nolebat</strong></span> <span class='ocrx_word' id='word_1_372' title='bbox 2584 2077 2861 2145; x_wconf 89' lang='lat' dir='ltr'><strong>accipere,</strong></span> <span class='ocrx_word' id='word_1_373' title='bbox 2887 2092 2957 2130; x_wconf 90' lang='lat' dir='ltr'><strong>ne</strong></span> <span class='ocrx_word' id='word_1_374' title='bbox 2988 2074 3349 2129; x_wconf 87' lang='lat' dir='ltr'><strong>occasionem</strong></span> <span class='ocrx_word' id='word_1_375' title='bbox 3379 2072 3531 2127; x_wconf 88' lang='lat' dir='ltr'><strong>acci-</strong></span> 
     </span>
    </p>
   </div>
   <div class='ocr_carea' id='block_1_51' title="bbox 1889 2162 3531 2239">
    <p class='ocr_par' dir='ltr' id='par_1_51' title="bbox 1889 2162 3531 2239">
     <span class='ocr_line' id='line_1_51' title="bbox 1889 2162 3531 2239; baseline -0.004 -17"><span class='ocrx_word' id='word_1_376' title='bbox 1889 2168 2083 2239; x_wconf 88' lang='lat' dir='ltr'><strong>piendi</strong></span> <span class='ocrx_word' id='word_1_377' title='bbox 2114 2166 2636 2237; x_wconf 89' lang='lat' dir='ltr'><strong>pseudoapostolis,</strong></span> <span class='ocrx_word' id='word_1_378' title='bbox 2670 2166 2767 2236; x_wconf 89' lang='lat' dir='ltr'><strong>qui</strong></span> <span class='ocrx_word' id='word_1_379' title='bbox 2802 2166 2950 2219; x_wconf 89' lang='lat' dir='ltr'><strong>inter</strong></span> <span class='ocrx_word' id='word_1_380' title='bbox 2973 2180 3071 2219; x_wconf 90' lang='lat' dir='ltr'><strong>eos</strong></span> <span class='ocrx_word' id='word_1_381' title='bbox 3100 2172 3284 2232; x_wconf 87' lang='lat' dir='ltr'><strong>erant,</strong></span> <span class='ocrx_word' id='word_1_382' title='bbox 3316 2162 3531 2216; x_wconf 81' lang='lat' dir='ltr'><strong>tribue-</strong></span> 
     </span>
    </p>
   </div>
   <div class='ocr_carea' id='block_1_52' title="bbox 1890 2252 3536 2323">
    <p class='ocr_par' dir='ltr' id='par_1_52' title="bbox 1890 2252 3536 2323">
     <span class='ocr_line' id='line_1_52' title="bbox 1890 2252 3536 2323; baseline -0.005 -12"><span class='ocrx_word' id='word_1_383' title='bbox 1890 2264 1993 2311; x_wconf 87' lang='lat' dir='ltr'><strong>ret.</strong></span> <span class='ocrx_word' id='word_1_384' title='bbox 2028 2261 2095 2311; x_wconf 81' lang='lat' dir='ltr'><strong>Et</strong></span> <span class='ocrx_word' id='word_1_385' title='bbox 2127 2258 2183 2310; x_wconf 87' lang='lat' dir='ltr'><strong>in</strong></span> <span class='ocrx_word' id='word_1_386' title='bbox 2218 2256 2467 2310; x_wconf 80' lang='lat' dir='ltr'><strong>omnibus</strong></span> <span class='ocrx_word' id='word_1_387' title='bbox 2513 2258 2630 2310; x_wconf 81' lang='lat' dir='ltr'><strong>sine</strong></span> <span class='ocrx_word' id='word_1_388' title='bbox 2679 2256 2884 2310; x_wconf 80' lang='lat' dir='ltr'><strong>honore</strong></span> <span class='ocrx_word' id='word_1_389' title='bbox 2929 2254 3097 2323; x_wconf 72' lang='lat'><strong>(761),</strong></span> <span class='ocrx_word' id='word_1_390' title='bbox 3157 2257 3263 2307; x_wconf 90' lang='lat' dir='ltr'><strong>etc.</strong></span> <span class='ocrx_word' id='word_1_391' title='bbox 3301 2269 3314 2318; x_wconf 87' lang='lat'><strong>;</strong></span> <span class='ocrx_word' id='word_1_392' title='bbox 3348 2252 3405 2305; x_wconf 90' lang='lat' dir='ltr'><strong>id</strong></span> <span class='ocrx_word' id='word_1_393' title='bbox 3447 2253 3536 2304; x_wconf 89' lang='lat' dir='ltr'><strong>est</strong></span> 
     </span>
    </p>
   </div>
   <div class='ocr_carea' id='block_1_53' title="bbox 1890 2339 3531 2414">
    <p class='ocr_par' dir='ltr' id='par_1_53' title="bbox 1890 2339 3531 2414">
     <span class='ocr_line' id='line_1_53' title="bbox 1890 2339 3531 2414; baseline -0.006 -13"><span class='ocrx_word' id='word_1_394' title='bbox 1890 2363 2005 2401; x_wconf 90' lang='lat' dir='ltr'><strong>non</strong></span> <span class='ocrx_word' id='word_1_395' title='bbox 2039 2344 2224 2399; x_wconf 89' lang='lat' dir='ltr'><strong>solum</strong></span> <span class='ocrx_word' id='word_1_396' title='bbox 2260 2345 2317 2397; x_wconf 89' lang='lat' dir='ltr'><strong>in</strong></span> <span class='ocrx_word' id='word_1_397' title='bbox 2342 2346 2492 2411; x_wconf 91' lang='lat' dir='ltr'><strong>cibo,</strong></span> <span class='ocrx_word' id='word_1_398' title='bbox 2516 2349 2603 2399; x_wconf 89' lang='lat' dir='ltr'><strong>vel</strong></span> <span class='ocrx_word' id='word_1_399' title='bbox 2636 2344 2694 2398; x_wconf 92' lang='lat' dir='ltr'><strong>in</strong></span> <span class='ocrx_word' id='word_1_400' title='bbox 2730 2348 2893 2414; x_wconf 91' lang='lat' dir='ltr'><strong>potu,</strong></span> <span class='ocrx_word' id='word_1_401' title='bbox 2926 2343 3024 2397; x_wconf 91' lang='lat' dir='ltr'><strong>sed</strong></span> <span class='ocrx_word' id='word_1_402' title='bbox 3058 2340 3231 2396; x_wconf 89' lang='lat' dir='ltr'><strong>etiam</strong></span> <span class='ocrx_word' id='word_1_403' title='bbox 3263 2340 3321 2395; x_wconf 88' lang='lat' dir='ltr'><strong>in</strong></span> <span class='ocrx_word' id='word_1_404' title='bbox 3354 2339 3531 2395; x_wconf 91' lang='lat' dir='ltr'><strong>servi-</strong></span> 
     </span>
    </p>
   </div>
   <div class='ocr_carea' id='block_1_54' title="bbox 1890 2428 3534 2503">
    <p class='ocr_par' dir='ltr' id='par_1_54' title="bbox 1890 2428 3534 2503">
     <span class='ocr_line' id='line_1_54' title="bbox 1890 2428 3534 2503; baseline -0.004 -15"><span class='ocrx_word' id='word_1_405' title='bbox 1890 2435 1991 2499; x_wconf 88' lang='lat' dir='ltr'><strong>tio,</strong></span> <span class='ocrx_word' id='word_1_406' title='bbox 2025 2435 2083 2488; x_wconf 90' lang='lat' dir='ltr'><strong>in</strong></span> <span class='ocrx_word' id='word_1_407' title='bbox 2115 2434 2415 2503; x_wconf 90' lang='lat' dir='ltr'><strong>obsequio,</strong></span> <span class='ocrx_word' id='word_1_408' title='bbox 2449 2438 2505 2487; x_wconf 89' lang='lat' dir='ltr'><strong>et</strong></span> <span class='ocrx_word' id='word_1_409' title='bbox 2534 2434 2591 2486; x_wconf 88' lang='lat' dir='ltr'><strong>in</strong></span> <span class='ocrx_word' id='word_1_410' title='bbox 2645 2434 2864 2488; x_wconf 61' lang='lat' dir='ltr'><strong>caeteris</strong></span> <span class='ocrx_word' id='word_1_411' title='bbox 2896 2430 3111 2487; x_wconf 89' lang='lat' dir='ltr'><strong>talibus</strong></span> <span class='ocrx_word' id='word_1_412' title='bbox 3162 2429 3287 2484; x_wconf 89' lang='lat' dir='ltr'><strong>sine</strong></span> <span class='ocrx_word' id='word_1_413' title='bbox 3318 2428 3534 2482; x_wconf 89' lang='lat' dir='ltr'><strong>honore</strong></span> 
     </span>
    </p>
   </div>
   <div class='ocr_carea' id='block_1_55' title="bbox 1891 2517 3530 2593">
    <p class='ocr_par' dir='ltr' id='par_1_55' title="bbox 1891 2517 3530 2593">
     <span class='ocr_line' id='line_1_55' title="bbox 1891 2517 3530 2593; baseline -0.005 -15"><span class='ocrx_word' id='word_1_414' title='bbox 1891 2524 1992 2578; x_wconf 86' lang='lat' dir='ltr'><strong>t&#39;ui.</strong></span> <span class='ocrx_word' id='word_1_415' title='bbox 2028 2525 2096 2577; x_wconf 85' lang='lat' dir='ltr'><strong>Et</strong></span> <span class='ocrx_word' id='word_1_416' title='bbox 2128 2540 2197 2577; x_wconf 91' lang='lat' dir='ltr'><strong>ne</strong></span> <span class='ocrx_word' id='word_1_417' title='bbox 2230 2528 2500 2593; x_wconf 88' lang='lat' dir='ltr'><strong>putarent</strong></span> <span class='ocrx_word' id='word_1_418' title='bbox 2530 2522 2609 2575; x_wconf 88' lang='lat' dir='ltr'><strong>illi</strong></span> <span class='ocrx_word' id='word_1_419' title='bbox 2644 2523 2716 2577; x_wconf 92' lang='lat' dir='ltr'><strong>ob</strong></span> <span class='ocrx_word' id='word_1_420' title='bbox 2773 2522 2879 2575; x_wconf 87' lang='lat' dir='ltr'><strong>hoc</strong></span> <span class='ocrx_word' id='word_1_421' title='bbox 2923 2536 3056 2575; x_wconf 91' lang='lat' dir='ltr'><strong>eum</strong></span> <span class='ocrx_word' id='word_1_422' title='bbox 3106 2518 3321 2573; x_wconf 86' lang='lat' dir='ltr'><strong>dixisse</strong></span> <span class='ocrx_word' id='word_1_423' title='bbox 3354 2517 3530 2583; x_wconf 91' lang='lat' dir='ltr'><strong>istud,</strong></span> 
     </span>
    </p>
   </div>
   <div class='ocr_carea' id='block_1_56' title="bbox 1891 2606 3534 2683">
    <p class='ocr_par' dir='ltr' id='par_1_56' title="bbox 1891 2606 3534 2683">
     <span class='ocr_line' id='line_1_56' title="bbox 1891 2606 3534 2683; baseline -0.005 -16"><span class='ocrx_word' id='word_1_424' title='bbox 1891 2613 2045 2683; x_wconf 88' lang='lat' dir='ltr'><strong>quod</strong></span> <span class='ocrx_word' id='word_1_425' title='bbox 2080 2613 2149 2666; x_wconf 88' lang='lat' dir='ltr'><strong>ab</strong></span> <span class='ocrx_word' id='word_1_426' title='bbox 2185 2613 2269 2666; x_wconf 86' lang='lat' dir='ltr'><strong>eis</strong></span> <span class='ocrx_word' id='word_1_427' title='bbox 2302 2611 2559 2682; x_wconf 88' lang='lat' dir='ltr'><strong>accipere</strong></span> <span class='ocrx_word' id='word_1_428' title='bbox 2588 2610 2777 2679; x_wconf 88' lang='lat' dir='ltr'><strong>vellet,</strong></span> <span class='ocrx_word' id='word_1_429' title='bbox 2809 2610 2935 2664; x_wconf 86' lang='lat' dir='ltr'><strong>ideo</strong></span> <span class='ocrx_word' id='word_1_430' title='bbox 2966 2607 3308 2676; x_wconf 86' lang='lat' dir='ltr'><strong>subjunxit:</strong></span> <span class='ocrx_word' id='word_1_431' title='bbox 3343 2606 3534 2660; x_wconf 85' lang='lat' dir='ltr'><strong>Serva-</strong></span> 
     </span>
    </p>
   </div>
   <div class='ocr_carea' id='block_1_57' title="bbox 1892 2694 3535 2770">
    <p class='ocr_par' dir='ltr' id='par_1_57' title="bbox 1892 2694 3535 2770">
     <span class='ocr_line' id='line_1_57' title="bbox 1892 2694 3535 2770; baseline -0.004 -14"><span class='ocrx_word' id='word_1_432' title='bbox 1892 2704 1946 2756; x_wconf 82' lang='lat' dir='ltr'><strong>vi</strong></span> <span class='ocrx_word' id='word_1_433' title='bbox 1976 2710 2026 2756; x_wconf 80' lang='lat' dir='ltr'><strong>et</strong></span> <span class='ocrx_word' id='word_1_434' title='bbox 2054 2702 2313 2761; x_wconf 83' lang='lat' dir='ltr'><strong>servabo;</strong></span> <span class='ocrx_word' id='word_1_435' title='bbox 2351 2701 2519 2770; x_wconf 89' lang='lat' dir='ltr'><strong>quasi</strong></span> <span class='ocrx_word' id='word_1_436' title='bbox 2552 2699 2801 2754; x_wconf 87' lang='lat' dir='ltr'><strong>diceret:</strong></span> <span class='ocrx_word' id='word_1_437' title='bbox 2852 2697 3017 2753; x_wconf 90' lang='lat' dir='ltr'><strong>Absit</strong></span> <span class='ocrx_word' id='word_1_438' title='bbox 3064 2701 3128 2752; x_wconf 92' lang='lat' dir='ltr'><strong>ut</strong></span> <span class='ocrx_word' id='word_1_439' title='bbox 3157 2712 3282 2767; x_wconf 85' lang='lat' dir='ltr'><strong>ego,</strong></span> <span class='ocrx_word' id='word_1_440' title='bbox 3317 2694 3416 2766; x_wconf 90' lang='lat' dir='ltr'><strong>qui</strong></span> <span class='ocrx_word' id='word_1_441' title='bbox 3447 2710 3535 2749; x_wconf 89' lang='lat' dir='ltr'><strong>se-</strong></span> 
     </span>
    </p>
   </div>
   <div class='ocr_carea' id='block_1_58' title="bbox 1894 2784 3537 2859">
    <p class='ocr_par' dir='ltr' id='par_1_58' title="bbox 1894 2784 3537 2859">
     <span class='ocr_line' id='line_1_58' title="bbox 1894 2784 3537 2859; baseline -0.004 -15"><span class='ocrx_word' id='word_1_442' title='bbox 1894 2791 2007 2844; x_wconf 91' lang='lat' dir='ltr'><strong>mel</strong></span> <span class='ocrx_word' id='word_1_443' title='bbox 2042 2790 2352 2844; x_wconf 85' lang='lat' dir='ltr'><strong>deliberavi</strong></span> <span class='ocrx_word' id='word_1_444' title='bbox 2400 2806 2511 2844; x_wconf 89' lang='lat' dir='ltr'><strong>non</strong></span> <span class='ocrx_word' id='word_1_445' title='bbox 2546 2789 2822 2859; x_wconf 84' lang='lat' dir='ltr'><strong>accipere,</strong></span> <span class='ocrx_word' id='word_1_446' title='bbox 2858 2793 2921 2843; x_wconf 90' lang='lat' dir='ltr'><strong>ut</strong></span> <span class='ocrx_word' id='word_1_447' title='bbox 2950 2787 3254 2857; x_wconf 90' lang='lat' dir='ltr'><strong>accipiam.</strong></span> <span class='ocrx_word' id='word_1_448' title='bbox 3286 2784 3416 2839; x_wconf 89' lang='lat' dir='ltr'><strong>Sive</strong></span> <span class='ocrx_word' id='word_1_449' title='bbox 3446 2798 3537 2837; x_wconf 89' lang='lat' dir='ltr'><strong>se-</strong></span> 
     </span>
    </p>
   </div>
   <div class='ocr_carea' id='block_1_59' title="bbox 1894 2874 3538 2949">
    <p class='ocr_par' dir='ltr' id='par_1_59' title="bbox 1894 2874 3538 2949">
     <span class='ocr_line' id='line_1_59' title="bbox 1894 2874 3538 2949; baseline -0.004 -16"><span class='ocrx_word' id='word_1_450' title='bbox 1894 2882 2151 2933; x_wconf 87' lang='lat' dir='ltr'><strong>cundum</strong></span> <span class='ocrx_word' id='word_1_451' title='bbox 2185 2880 2509 2949; x_wconf 88' lang='lat' dir='ltr'><strong>quosdam:</strong></span> <span class='ocrx_word' id='word_1_452' title='bbox 2542 2878 2789 2932; x_wconf 89' lang='lat' dir='ltr'><strong>Servabo</strong></span> <span class='ocrx_word' id='word_1_453' title='bbox 2816 2893 2908 2932; x_wconf 89' lang='lat' dir='ltr'><strong>me</strong></span> <span class='ocrx_word' id='word_1_454' title='bbox 2941 2891 3248 2948; x_wconf 90' lang='lat' dir='ltr'><strong>quousque</strong></span> <span class='ocrx_word' id='word_1_455' title='bbox 3286 2874 3538 2946; x_wconf 86' lang='lat' dir='ltr'><strong>pseudo-</strong></span> 
     </span>
    </p>
   </div>
   <div class='ocr_carea' id='block_1_60' title="bbox 1896 2967 2876 3038">
    <p class='ocr_par' dir='ltr' id='par_1_60' title="bbox 1896 2967 2876 3038">
     <span class='ocr_line' id='line_1_60' title="bbox 1896 2967 2876 3038; baseline 0.001 -17"><span class='ocrx_word' id='word_1_456' title='bbox 1896 2968 2192 3038; x_wconf 86' lang='lat' dir='ltr'><strong>apostolos</strong></span> <span class='ocrx_word' id='word_1_457' title='bbox 2224 2967 2374 3021; x_wconf 86' lang='lat' dir='ltr'><strong>inter</strong></span> <span class='ocrx_word' id='word_1_458' title='bbox 2400 2984 2499 3021; x_wconf 74' lang='lat' dir='ltr'><strong>vos</strong></span> <span class='ocrx_word' id='word_1_459' title='bbox 2530 2967 2876 3022; x_wconf 84' lang='lat' dir='ltr'><strong>habueritis.</strong></span> 
     </span>
    </p>
   </div>
   <div class='ocr_carea' id='block_1_61' title="bbox 1968 3052 3539 3119">
    <p class='ocr_par' dir='ltr' id='par_1_61' title="bbox 1968 3052 3539 3119">
     <span class='ocr_line' id='line_1_61' title="bbox 1968 3052 3539 3119; baseline -0.003 -9"><span class='ocrx_word' id='word_1_460' title='bbox 1968 3061 2060 3110; x_wconf 73' lang='lat' dir='ltr'><strong>Est</strong></span> <span class='ocrx_word' id='word_1_461' title='bbox 2114 3059 2309 3110; x_wconf 79' lang='lat' dir='ltr'><strong>veritas</strong></span> <span class='ocrx_word' id='word_1_462' title='bbox 2343 3056 2546 3111; x_wconf 75' lang='lat' dir='ltr'><strong>Christi</strong></span> <span class='ocrx_word' id='word_1_463' title='bbox 2574 3058 2631 3109; x_wconf 85' lang='lat' dir='ltr'><strong>in</strong></span> <span class='ocrx_word' id='word_1_464' title='bbox 2663 3073 2767 3110; x_wconf 84' lang='lat' dir='ltr'><strong>me.</strong></span> <span class='ocrx_word' id='word_1_465' title='bbox 2822 3055 2997 3119; x_wconf 79' lang='lat' dir='ltr'><strong>Quasi</strong></span> <span class='ocrx_word' id='word_1_466' title='bbox 3047 3055 3237 3109; x_wconf 87' lang='lat' dir='ltr'><strong>dicat:</strong></span> <span class='ocrx_word' id='word_1_467' title='bbox 3270 3054 3431 3108; x_wconf 88' lang='lat' dir='ltr'><strong>Sicut</strong></span> <span class='ocrx_word' id='word_1_468' title='bbox 3480 3052 3539 3107; x_wconf 89' lang='lat' dir='ltr'><strong>in</strong></span> 
     </span>
    </p>
   </div>
   <div class='ocr_carea' id='block_1_62' title="bbox 1898 3136 3540 3213">
    <p class='ocr_par' dir='ltr' id='par_1_62' title="bbox 1898 3136 3540 3213">
     <span class='ocr_line' id='line_1_62' title="bbox 1898 3136 3540 3213; baseline -0.002 -14"><span class='ocrx_word' id='word_1_469' title='bbox 1898 3136 2267 3199; x_wconf 35' lang='lat' dir='ltr'><strong>Christo&#39;non</strong></span> <span class='ocrx_word' id='word_1_470' title='bbox 2292 3150 2495 3209; x_wconf 80' lang='lat' dir='ltr'><strong>estest,</strong></span> <span class='ocrx_word' id='word_1_471' title='bbox 2522 3150 2721 3206; x_wconf 79' lang='lat' dir='ltr'><strong>etnon.</strong></span> <span class='ocrx_word' id='word_1_472' title='bbox 2746 3144 2825 3199; x_wconf 88' lang='lat' dir='ltr'><strong>ita</strong></span> <span class='ocrx_word' id='word_1_473' title='bbox 2846 3143 2905 3197; x_wconf 92' lang='lat' dir='ltr'><strong>in</strong></span> <span class='ocrx_word' id='word_1_474' title='bbox 2929 3160 3039 3208; x_wconf 89' lang='lat' dir='ltr'><strong>me,</strong></span> <span class='ocrx_word' id='word_1_475' title='bbox 3075 3143 3174 3213; x_wconf 91' lang='lat' dir='ltr'><strong>qui</strong></span> <span class='ocrx_word' id='word_1_476' title='bbox 3209 3143 3540 3197; x_wconf 83' lang='lat' dir='ltr'><strong>membrum</strong></span> 
     </span>
    </p>
   </div>
   <div class='ocr_carea' id='block_1_63' title="bbox 1899 3231 3545 3304">
    <p class='ocr_par' dir='ltr' id='par_1_63' title="bbox 1899 3231 3545 3304">
     <span class='ocr_line' id='line_1_63' title="bbox 1899 3231 3545 3304; baseline -0.002 -17"><span class='ocrx_word' id='word_1_477' title='bbox 1899 3233 2057 3288; x_wconf 91' lang='lat' dir='ltr'><strong>illius</strong></span> <span class='ocrx_word' id='word_1_478' title='bbox 2090 3234 2407 3289; x_wconf 89' lang='lat' dir='ltr'><strong>existimor.</strong></span> <span class='ocrx_word' id='word_1_479' title='bbox 2441 3235 2557 3304; x_wconf 84' lang='lat' dir='ltr'><strong>Ego</strong></span> <span class='ocrx_word' id='word_1_480' title='bbox 2589 3234 2940 3295; x_wconf 89' lang='lat' dir='ltr'><strong>membrum,</strong></span> <span class='ocrx_word' id='word_1_481' title='bbox 2969 3231 3066 3285; x_wconf 89' lang='lat' dir='ltr'><strong>ille</strong></span> <span class='ocrx_word' id='word_1_482' title='bbox 3086 3237 3305 3297; x_wconf 89' lang='lat' dir='ltr'><strong>auctor,</strong></span> <span class='ocrx_word' id='word_1_483' title='bbox 3338 3247 3442 3302; x_wconf 88' lang='lat' dir='ltr'><strong>ego</strong></span> <span class='ocrx_word' id='word_1_484' title='bbox 3462 3245 3545 3284; x_wconf 90' lang='lat' dir='ltr'><strong>re-</strong></span> 
     </span>
    </p>
   </div>
   <div class='ocr_carea' id='block_1_64' title="bbox 120 3303 3543 3394">
    <p class='ocr_par' dir='ltr' id='par_1_64' title="bbox 120 3303 3543 3394">
     <span class='ocr_line' id='line_1_64' title="bbox 120 3303 3543 3394; baseline -0 -20"><span class='ocrx_word' id='word_1_485' title='bbox 120 3321 232 3383; x_wconf 86' lang='lat' dir='ltr'><strong>los,</strong></span> <span class='ocrx_word' id='word_1_486' title='bbox 258 3319 349 3375; x_wconf 88' lang='lat' dir='ltr'><strong>illi</strong></span> <span class='ocrx_word' id='word_1_487' title='bbox 387 3321 788 3390; x_wconf 82' lang='lat' dir='ltr'><strong>praeferebant,</strong></span> <span class='ocrx_word' id='word_1_488' title='bbox 824 3321 1103 3392; x_wconf 89' lang='lat' dir='ltr'><strong>quoniam</strong></span> <span class='ocrx_word' id='word_1_489' title='bbox 1136 3322 1324 3393; x_wconf 88' lang='lat' dir='ltr'><strong>magis</strong></span> <span class='ocrx_word' id='word_1_490' title='bbox 1353 3339 1413 3376; x_wconf 91' lang='lat' dir='ltr'><strong>se</strong></span> <span class='ocrx_word' id='word_1_491' title='bbox 1440 3323 1509 3376; x_wconf 91' lang='lat' dir='ltr'><strong>ab</strong></span> <span class='ocrx_word' id='word_1_492' title='bbox 1543 3303 1685 3393; x_wconf 85' lang='lat' dir='ltr'><strong>ipsis</strong></span> <span class='ocrx_word' id='word_1_493' title='bbox 1702 3322 1786 3375; x_wconf 88' lang='lat' dir='ltr'><strong>di-</strong></span> <span class='ocrx_word' id='word_1_494' title='bbox 1818 3303 1860 3367; x_wconf 69' lang='grc' dir='ltr'><strong>ί]</strong></span> <span class='ocrx_word' id='word_1_495' title='bbox 1900 3324 2138 3393; x_wconf 91' lang='lat' dir='ltr'><strong>cipiens,</strong></span> <span class='ocrx_word' id='word_1_496' title='bbox 2174 3323 2268 3376; x_wconf 89' lang='lat' dir='ltr'><strong>ille</strong></span> <span class='ocrx_word' id='word_1_497' title='bbox 2287 3323 2638 3393; x_wconf 62' lang='lat' dir='ltr'><strong>praecedens,</strong></span> <span class='ocrx_word' id='word_1_498' title='bbox 2671 3338 2776 3394; x_wconf 85' lang='lat' dir='ltr'><strong>ego</strong></span> <span class='ocrx_word' id='word_1_499' title='bbox 2806 3321 3192 3391; x_wconf 87' lang='lat' dir='ltr'><strong>subsequens.</strong></span> <span class='ocrx_word' id='word_1_500' title='bbox 3217 3321 3403 3382; x_wconf 87' lang='lat' dir='ltr'><strong>Quare</strong></span> <span class='ocrx_word' id='word_1_501' title='bbox 3432 3318 3543 3373; x_wconf 90' lang='lat' dir='ltr'><strong>hoc</strong></span> 
     </span>
    </p>
   </div>
   <div class='ocr_carea' id='block_1_65' title="bbox 123 3409 1781 3482">
    <p class='ocr_par' dir='ltr' id='par_1_65' title="bbox 123 3409 1781 3482">
     <span class='ocr_line' id='line_1_65' title="bbox 123 3409 1781 3482; baseline 0.001 -18"><span class='ocrx_word' id='word_1_502' title='bbox 123 3409 399 3482; x_wconf 78' lang='lat' dir='ltr'><strong>ligebant</strong></span> <span class='ocrx_word' id='word_1_503' title='bbox 428 3410 606 3479; x_wconf 85' lang='lat'><strong>(758):</strong></span> <span class='ocrx_word' id='word_1_504' title='bbox 644 3409 728 3462; x_wconf 91' lang='lat' dir='ltr'><strong>illi</strong></span> <span class='ocrx_word' id='word_1_505' title='bbox 770 3427 1025 3481; x_wconf 90' lang='lat' dir='ltr'><strong>namque</strong></span> <span class='ocrx_word' id='word_1_506' title='bbox 1064 3427 1130 3465; x_wconf 92' lang='lat' dir='ltr'><strong>eo</strong></span> <span class='ocrx_word' id='word_1_507' title='bbox 1163 3427 1224 3464; x_wconf 89' lang='lat' dir='ltr'><strong>se</strong></span> <span class='ocrx_word' id='word_1_508' title='bbox 1272 3412 1585 3465; x_wconf 89' lang='lat' dir='ltr'><strong>credebant</strong></span> <span class='ocrx_word' id='word_1_509' title='bbox 1615 3428 1781 3465; x_wconf 86' lang='lat' dir='ltr'><strong>sanc-</strong></span> 
     </span>
    </p>
   </div>
   <div class='ocr_carea' id='block_1_66' title="bbox 120 3497 1783 3569">
    <p class='ocr_par' dir='ltr' id='par_1_66' title="bbox 120 3497 1783 3569">
     <span class='ocr_line' id='line_1_66' title="bbox 120 3497 1783 3569; baseline 0 -16"><span class='ocrx_word' id='word_1_510' title='bbox 120 3497 318 3561; x_wconf 87' lang='lat' dir='ltr'><strong>tiores,</strong></span> <span class='ocrx_word' id='word_1_511' title='bbox 357 3514 482 3567; x_wconf 90' lang='lat' dir='ltr'><strong>quo</strong></span> <span class='ocrx_word' id='word_1_512' title='bbox 512 3498 596 3552; x_wconf 91' lang='lat' dir='ltr'><strong>eis</strong></span> <span class='ocrx_word' id='word_1_513' title='bbox 627 3502 790 3552; x_wconf 89' lang='lat' dir='ltr'><strong>erant</strong></span> <span class='ocrx_word' id='word_1_514' title='bbox 839 3499 1157 3569; x_wconf 90' lang='lat' dir='ltr'><strong>gratiores;</strong></span> <span class='ocrx_word' id='word_1_515' title='bbox 1193 3504 1248 3553; x_wconf 91' lang='lat' dir='ltr'><strong>et</strong></span> <span class='ocrx_word' id='word_1_516' title='bbox 1295 3500 1423 3553; x_wconf 89' lang='lat' dir='ltr'><strong>ideo</strong></span> <span class='ocrx_word' id='word_1_517' title='bbox 1458 3499 1539 3553; x_wconf 92' lang='lat' dir='ltr'><strong>illi</strong></span> <span class='ocrx_word' id='word_1_518' title='bbox 1573 3500 1643 3554; x_wconf 90' lang='lat' dir='ltr'><strong>ad</strong></span> <span class='ocrx_word' id='word_1_519' title='bbox 1678 3501 1783 3553; x_wconf 87' lang='lat' dir='ltr'><strong>tri-</strong></span> 
     </span>
    </p>
   </div>
   <div class='ocr_carea' id='block_1_67' title="bbox 125 3586 1786 3659">
    <p class='ocr_par' dir='ltr' id='par_1_67' title="bbox 125 3586 1786 3659">
     <span class='ocr_line' id='line_1_67' title="bbox 125 3586 1786 3659; baseline 0.001 -18"><span class='ocrx_word' id='word_1_520' title='bbox 125 3586 435 3641; x_wconf 87' lang='lat' dir='ltr'><strong>buendum</strong></span> <span class='ocrx_word' id='word_1_521' title='bbox 484 3586 701 3639; x_wconf 79' lang='lat' dir='ltr'><strong>fiebant</strong></span> <span class='ocrx_word' id='word_1_522' title='bbox 752 3586 1107 3641; x_wconf 86' lang='lat' dir='ltr'><strong>libentiores.</strong></span> <span class='ocrx_word' id='word_1_523' title='bbox 1158 3588 1228 3641; x_wconf 87' lang='lat' dir='ltr'><strong>Et</strong></span> <span class='ocrx_word' id='word_1_524' title='bbox 1279 3587 1607 3655; x_wconf 88' lang='lat' dir='ltr'><strong>sciendum,</strong></span> <span class='ocrx_word' id='word_1_525' title='bbox 1646 3589 1786 3659; x_wconf 90' lang='lat' dir='ltr'><strong>quia</strong></span> 
     </span>
    </p>
   </div>
   <div class='ocr_carea' id='block_1_68' title="bbox 128 3675 1782 3749">
    <p class='ocr_par' dir='ltr' id='par_1_68' title="bbox 128 3675 1782 3749">
     <span class='ocr_line' id='line_1_68' title="bbox 128 3675 1782 3749; baseline 0.001 -19"><span class='ocrx_word' id='word_1_526' title='bbox 128 3675 369 3745; x_wconf 79' lang='lat' dir='ltr'><strong>pulchre</strong></span> <span class='ocrx_word' id='word_1_527' title='bbox 388 3675 565 3729; x_wconf 88' lang='lat' dir='ltr'><strong>dicit:</strong></span> <span class='ocrx_word' id='word_1_528' title='bbox 595 3676 931 3730; x_wconf 84' lang='lat' dir='ltr'><strong>Humilians:</strong></span> <span class='ocrx_word' id='word_1_529' title='bbox 957 3677 1097 3747; x_wconf 91' lang='lat' dir='ltr'><strong>quid</strong></span> <span class='ocrx_word' id='word_1_530' title='bbox 1122 3677 1782 3749; x_wconf 86' lang='lat' dir='ltr'><strong>enimhumilius,quam</strong></span> 
     </span>
    </p>
   </div>
   <div class='ocr_carea' id='block_1_69' title="bbox 136 3765 1782 3837">
    <p class='ocr_par' dir='ltr' id='par_1_69' title="bbox 136 3765 1782 3837">
     <span class='ocr_line' id='line_1_69' title="bbox 136 3765 1782 3837; baseline 0.001 -17"><span class='ocrx_word' id='word_1_531' title='bbox 136 3772 371 3837; x_wconf 84' lang='lat' dir='ltr'><strong>accepta</strong></span> <span class='ocrx_word' id='word_1_532' title='bbox 392 3769 677 3835; x_wconf 88' lang='lat' dir='ltr'><strong>potestate</strong></span> <span class='ocrx_word' id='word_1_533' title='bbox 723 3782 837 3819; x_wconf 87' lang='lat' dir='ltr'><strong>non</strong></span> <span class='ocrx_word' id='word_1_534' title='bbox 870 3765 1002 3819; x_wconf 84' lang='lat' dir='ltr'><strong>uti?</strong></span> <span class='ocrx_word' id='word_1_535' title='bbox 1033 3766 1162 3819; x_wconf 74' lang='lat' dir='ltr'><strong>Haec</strong></span> <span class='ocrx_word' id='word_1_536' title='bbox 1212 3782 1444 3837; x_wconf 89' lang='lat' dir='ltr'><strong>quoque</strong></span> <span class='ocrx_word' id='word_1_537' title='bbox 1477 3766 1782 3821; x_wconf 88' lang='lat' dir='ltr'><strong>humilitas</strong></span> 
     </span>
    </p>
   </div>
   <div class='ocr_carea' id='block_1_70' title="bbox 138 3854 1780 3909">
    <p class='ocr_par' dir='ltr' id='par_1_70' title="bbox 138 3854 1780 3909">
     <span class='ocr_line' id='line_1_70' title="bbox 138 3854 1780 3909; baseline -0.001 0"><span class='ocrx_word' id='word_1_538' title='bbox 138 3855 390 3909; x_wconf 89' lang='lat' dir='ltr'><strong>multum</strong></span> <span class='ocrx_word' id='word_1_539' title='bbox 474 3854 543 3907; x_wconf 90' lang='lat' dir='ltr'><strong>ad</strong></span> <span class='ocrx_word' id='word_1_540' title='bbox 606 3854 1041 3909; x_wconf 89' lang='lat' dir='ltr'><strong>Corinthiorum</strong></span> <span class='ocrx_word' id='word_1_541' title='bbox 1104 3854 1387 3908; x_wconf 87' lang='lat' dir='ltr'><strong>attinebat</strong></span> <span class='ocrx_word' id='word_1_542' title='bbox 1455 3855 1780 3909; x_wconf 88' lang='lat' dir='ltr'><strong>libertatem</strong></span> 
     </span>
    </p>
   </div>
   <div class='ocr_carea' id='block_1_71' title="bbox 138 3940 1783 4013">
    <p class='ocr_par' dir='ltr' id='par_1_71' title="bbox 138 3940 1783 4013">
     <span class='ocr_line' id='line_1_71' title="bbox 138 3940 1783 4013; baseline -0.001 -17"><span class='ocrx_word' id='word_1_543' title='bbox 138 3943 273 4013; x_wconf 75' lang='lat'><strong>(759)</strong></span> <span class='ocrx_word' id='word_1_544' title='bbox 303 3959 316 3998; x_wconf 82' lang='lat'><strong>:</strong></span> <span class='ocrx_word' id='word_1_545' title='bbox 353 3946 413 3997; x_wconf 87' lang='lat' dir='ltr'><strong>et</strong></span> <span class='ocrx_word' id='word_1_546' title='bbox 445 3942 573 3996; x_wconf 89' lang='lat' dir='ltr'><strong>ideo</strong></span> <span class='ocrx_word' id='word_1_547' title='bbox 605 3940 784 3996; x_wconf 86' lang='lat' dir='ltr'><strong>dicit:</strong></span> <span class='ocrx_word' id='word_1_548' title='bbox 820 3943 881 3997; x_wconf 80' lang='lat' dir='ltr'><strong>Ut</strong></span> <span class='ocrx_word' id='word_1_549' title='bbox 924 3957 1014 3995; x_wconf 87' lang='lat' dir='ltr'><strong>vos</strong></span> <span class='ocrx_word' id='word_1_550' title='bbox 1043 3943 1407 4001; x_wconf 73' lang='lat' dir='ltr'><strong>exaltemini;</strong></span> <span class='ocrx_word' id='word_1_551' title='bbox 1441 3944 1716 4013; x_wconf 89' lang='lat' dir='ltr'><strong>quoniam</strong></span> <span class='ocrx_word' id='word_1_552' title='bbox 1750 3960 1783 3995; x_wconf 91' lang='lat' dir='ltr'><strong>a</strong></span> 
     </span>
    </p>
   </div>
   <div class='ocr_carea' id='block_1_72' title="bbox 140 4030 1567 4101">
    <p class='ocr_par' dir='ltr' id='par_1_72' title="bbox 140 4030 1567 4101">
     <span class='ocr_line' id='line_1_72' title="bbox 140 4030 1567 4101; baseline -0.001 -15"><span class='ocrx_word' id='word_1_553' title='bbox 140 4031 537 4089; x_wconf 88' lang='lat' dir='ltr'><strong>dominatione</strong></span> <span class='ocrx_word' id='word_1_554' title='bbox 568 4030 847 4085; x_wconf 86' lang='lat' dir='ltr'><strong>falsorum</strong></span> <span class='ocrx_word' id='word_1_555' title='bbox 873 4030 1119 4101; x_wconf 89' lang='lat' dir='ltr'><strong>apostoli</strong></span> <span class='ocrx_word' id='word_1_556' title='bbox 1148 4030 1567 4085; x_wconf 89' lang='lat' dir='ltr'><strong>liberabantur.</strong></span> 
     </span>
    </p>
   </div>
   <div class='ocr_carea' id='block_1_73' title="bbox 201 4119 1782 4192">
    <p class='ocr_par' dir='ltr' id='par_1_73' title="bbox 201 4119 1782 4192">
     <span class='ocr_line' id='line_1_73' title="bbox 201 4119 1782 4192; baseline -0.001 -17"><span class='ocrx_word' id='word_1_557' title='bbox 201 4122 270 4175; x_wconf 91' lang='lat' dir='ltr'><strong>Et</strong></span> <span class='ocrx_word' id='word_1_558' title='bbox 292 4120 435 4192; x_wconf 89' lang='lat' dir='ltr'><strong>quia</strong></span> <span class='ocrx_word' id='word_1_559' title='bbox 494 4124 721 4190; x_wconf 86' lang='lat' dir='ltr'><strong>poterat</strong></span> <span class='ocrx_word' id='word_1_560' title='bbox 752 4119 966 4189; x_wconf 89' lang='lat' dir='ltr'><strong>aliquis</strong></span> <span class='ocrx_word' id='word_1_561' title='bbox 1001 4120 1222 4173; x_wconf 86' lang='lat' dir='ltr'><strong>dicere:</strong></span> <span class='ocrx_word' id='word_1_562' title='bbox 1255 4120 1555 4181; x_wconf 91' lang='lat' dir='ltr'><strong>Quomodo</strong></span> <span class='ocrx_word' id='word_1_563' title='bbox 1588 4124 1643 4173; x_wconf 91' lang='lat' dir='ltr'><strong>te</strong></span> <span class='ocrx_word' id='word_1_564' title='bbox 1674 4120 1782 4174; x_wconf 90' lang='lat' dir='ltr'><strong>hu-</strong></span> 
     </span>
    </p>
   </div>
   <div class='ocr_carea' id='block_1_74' title="bbox 141 4206 1785 4278">
    <p class='ocr_par' dir='ltr' id='par_1_74' title="bbox 141 4206 1785 4278">
     <span class='ocr_line' id='line_1_74' title="bbox 141 4206 1785 4278; baseline -0.001 -15"><span class='ocrx_word' id='word_1_565' title='bbox 141 4209 396 4274; x_wconf 88' lang='lat' dir='ltr'><strong>miliasti,</strong></span> <span class='ocrx_word' id='word_1_566' title='bbox 426 4213 493 4262; x_wconf 90' lang='lat' dir='ltr'><strong>ut</strong></span> <span class='ocrx_word' id='word_1_567' title='bbox 524 4224 629 4263; x_wconf 91' lang='lat' dir='ltr'><strong>nos</strong></span> <span class='ocrx_word' id='word_1_568' title='bbox 683 4207 1093 4277; x_wconf 84' lang='lat' dir='ltr'><strong>exaltaremur,</strong></span> <span class='ocrx_word' id='word_1_569' title='bbox 1125 4206 1317 4277; x_wconf 90' lang='lat' dir='ltr'><strong>inquit</strong></span> <span class='ocrx_word' id='word_1_570' title='bbox 1348 4211 1491 4278; x_wconf 90' lang='lat' dir='ltr'><strong>ipse,</strong></span> <span class='ocrx_word' id='word_1_571' title='bbox 1526 4210 1785 4278; x_wconf 85' lang='lat' dir='ltr'><strong>quoniam</strong></span> 
     </span>
    </p>
   </div>
   <div class='ocr_carea' id='block_1_75' title="bbox 136 4296 1784 4367">
    <p class='ocr_par' dir='ltr' id='par_1_75' title="bbox 136 4296 1784 4367">
     <span class='ocr_line' id='line_1_75' title="bbox 136 4296 1784 4367; baseline 0 -15"><span class='ocrx_word' id='word_1_572' title='bbox 136 4301 295 4367; x_wconf 81' lang='lat' dir='ltr'><strong>gratis</strong></span> <span class='ocrx_word' id='word_1_573' title='bbox 338 4298 713 4367; x_wconf 81' lang='lat' dir='ltr'><strong>Evangelium</strong></span> <span class='ocrx_word' id='word_1_574' title='bbox 741 4298 953 4352; x_wconf 73' lang='lat' dir='ltr'><strong>Christi</strong></span> <span class='ocrx_word' id='word_1_575' title='bbox 991 4296 1367 4367; x_wconf 73' lang='lat' dir='ltr'><strong>evangelimvi</strong></span> <span class='ocrx_word' id='word_1_576' title='bbox 1394 4297 1561 4351; x_wconf 81' lang='lat' dir='ltr'><strong>vobis.</strong></span> <span class='ocrx_word' id='word_1_577' title='bbox 1596 4298 1664 4351; x_wconf 84' lang='lat' dir='ltr'><strong>Et</strong></span> <span class='ocrx_word' id='word_1_578' title='bbox 1695 4304 1784 4353; x_wconf 89' lang='lat' dir='ltr'><strong>est</strong></span> 
     </span>
    </p>
   </div>
   <div class='ocr_carea' id='block_1_76' title="bbox 140 4384 1785 4455">
    <p class='ocr_par' dir='ltr' id='par_1_76' title="bbox 140 4384 1785 4455">
     <span class='ocr_line' id='line_1_76' title="bbox 140 4384 1785 4455; baseline 0.001 -15"><span class='ocrx_word' id='word_1_579' title='bbox 140 4402 339 4442; x_wconf 87' lang='lat' dir='ltr'><strong>sensus</strong></span> <span class='ocrx_word' id='word_1_580' title='bbox 367 4402 380 4441; x_wconf 90' lang='lat'><strong>:</strong></span> <span class='ocrx_word' id='word_1_581' title='bbox 416 4384 574 4439; x_wconf 91' lang='lat' dir='ltr'><strong>Nihil</strong></span> <span class='ocrx_word' id='word_1_582' title='bbox 609 4402 643 4439; x_wconf 87' lang='lat' dir='ltr'><strong>a</strong></span> <span class='ocrx_word' id='word_1_583' title='bbox 670 4384 836 4440; x_wconf 89' lang='lat' dir='ltr'><strong>vobis</strong></span> <span class='ocrx_word' id='word_1_584' title='bbox 867 4384 1159 4455; x_wconf 89' lang='lat' dir='ltr'><strong>accipiens</strong></span> <span class='ocrx_word' id='word_1_585' title='bbox 1191 4400 1291 4454; x_wconf 92' lang='lat' dir='ltr'><strong>per</strong></span> <span class='ocrx_word' id='word_1_586' title='bbox 1322 4401 1566 4447; x_wconf 90' lang='lat' dir='ltr'><strong>annum,</strong></span> <span class='ocrx_word' id='word_1_587' title='bbox 1600 4391 1655 4439; x_wconf 89' lang='lat' dir='ltr'><strong>et</strong></span> <span class='ocrx_word' id='word_1_588' title='bbox 1687 4404 1785 4441; x_wconf 87' lang='lat' dir='ltr'><strong>sex</strong></span> 
     </span>
    </p>
   </div>
   <div class='ocr_carea' id='block_1_77' title="bbox 142 4471 1785 4543">
    <p class='ocr_par' dir='ltr' id='par_1_77' title="bbox 142 4471 1785 4543">
     <span class='ocr_line' id='line_1_77' title="bbox 142 4471 1785 4543; baseline 0 -15"><span class='ocrx_word' id='word_1_589' title='bbox 142 4490 385 4541; x_wconf 88' lang='lat' dir='ltr'><strong>menses,</strong></span> <span class='ocrx_word' id='word_1_590' title='bbox 410 4472 757 4529; x_wconf 89' lang='lat' dir='ltr'><strong>annuntiavi</strong></span> <span class='ocrx_word' id='word_1_591' title='bbox 784 4473 948 4527; x_wconf 92' lang='lat' dir='ltr'><strong>vobis</strong></span> <span class='ocrx_word' id='word_1_592' title='bbox 982 4471 1356 4543; x_wconf 86' lang='lat' dir='ltr'><strong>Evangelium</strong></span> <span class='ocrx_word' id='word_1_593' title='bbox 1384 4491 1395 4527; x_wconf 89' lang='lat'><strong>:</strong></span> <span class='ocrx_word' id='word_1_594' title='bbox 1430 4478 1505 4539; x_wconf 91' lang='lat' dir='ltr'><strong>et,</strong></span> <span class='ocrx_word' id='word_1_595' title='bbox 1541 4489 1608 4527; x_wconf 89' lang='lat' dir='ltr'><strong>ne</strong></span> <span class='ocrx_word' id='word_1_596' title='bbox 1642 4474 1785 4528; x_wconf 80' lang='lat' dir='ltr'><strong>forte</strong></span> 
     </span>
    </p>
   </div>
   <div class='ocr_carea' id='block_1_78' title="bbox 141 4561 1784 4631">
    <p class='ocr_par' dir='ltr' id='par_1_78' title="bbox 141 4561 1784 4631">
     <span class='ocr_line' id='line_1_78' title="bbox 141 4561 1784 4631; baseline 0.002 -16"><span class='ocrx_word' id='word_1_597' title='bbox 141 4561 478 4619; x_wconf 86' lang='lat' dir='ltr'><strong>incredibile</strong></span> <span class='ocrx_word' id='word_1_598' title='bbox 508 4563 617 4617; x_wconf 90' lang='lat' dir='ltr'><strong>hoc</strong></span> <span class='ocrx_word' id='word_1_599' title='bbox 646 4563 963 4628; x_wconf 89' lang='lat' dir='ltr'><strong>videretur,</strong></span> <span class='ocrx_word' id='word_1_600' title='bbox 1022 4562 1328 4631; x_wconf 77' lang='lat' dir='ltr'><strong>subjunxit</strong></span> <span class='ocrx_word' id='word_1_601' title='bbox 1355 4580 1367 4616; x_wconf 88' lang='lat'><strong>:</strong></span> <span class='ocrx_word' id='word_1_602' title='bbox 1418 4563 1575 4617; x_wconf 83' lang='lat' dir='ltr'><strong>Alias</strong></span> <span class='ocrx_word' id='word_1_603' title='bbox 1604 4564 1784 4618; x_wconf 77' lang='lat' dir='ltr'><strong>Eccle-</strong></span> 
     </span>
    </p>
   </div>
   <div class='ocr_carea' id='block_1_79' title="bbox 1895 3406 3540 3482">
    <p class='ocr_par' dir='ltr' id='par_1_79' title="bbox 1895 3406 3540 3482">
     <span class='ocr_line' id='line_1_79' title="bbox 1895 3406 3540 3482; baseline -0.003 -17"><span class='ocrx_word' id='word_1_604' title='bbox 1895 3412 2155 3482; x_wconf 84' lang='lat' dir='ltr'><strong>dixisset,</strong></span> <span class='ocrx_word' id='word_1_605' title='bbox 2181 3412 2417 3466; x_wconf 89' lang='lat' dir='ltr'><strong>subdit:</strong></span> <span class='ocrx_word' id='word_1_606' title='bbox 2454 3414 2725 3479; x_wconf 83' lang='lat' dir='ltr'><strong>Quoniam</strong></span> <span class='ocrx_word' id='word_1_607' title='bbox 2769 3411 2885 3467; x_wconf 61' lang='lat' dir='ltr'><strong>haec</strong></span> <span class='ocrx_word' id='word_1_608' title='bbox 2912 3409 3109 3478; x_wconf 82' lang='lat' dir='ltr'><strong>gloria,</strong></span> <span class='ocrx_word' id='word_1_609' title='bbox 3144 3412 3251 3463; x_wconf 89' lang='lat' dir='ltr'><strong>etc.</strong></span> <span class='ocrx_word' id='word_1_610' title='bbox 3286 3406 3540 3461; x_wconf 88' lang='lat' dir='ltr'><strong>Gloriam</strong></span> 
     </span>
    </p>
   </div>
   <div class='ocr_carea' id='block_1_80' title="bbox 1896 3496 3543 3571">
    <p class='ocr_par' dir='ltr' id='par_1_80' title="bbox 1896 3496 3543 3571">
     <span class='ocr_line' id='line_1_80' title="bbox 1896 3496 3543 3571; baseline -0.004 -15"><span class='ocrx_word' id='word_1_611' title='bbox 1896 3519 2061 3557; x_wconf 83' lang='lat' dir='ltr'><strong>suam</strong></span> <span class='ocrx_word' id='word_1_612' title='bbox 2104 3500 2375 3571; x_wconf 88' lang='lat' dir='ltr'><strong>appellat,</strong></span> <span class='ocrx_word' id='word_1_613' title='bbox 2411 3507 2646 3571; x_wconf 86' lang='lat' dir='ltr'><strong>accepta</strong></span> <span class='ocrx_word' id='word_1_614' title='bbox 2691 3504 2973 3571; x_wconf 88' lang='lat' dir='ltr'><strong>potestate</strong></span> <span class='ocrx_word' id='word_1_615' title='bbox 3024 3516 3137 3553; x_wconf 91' lang='lat' dir='ltr'><strong>non</strong></span> <span class='ocrx_word' id='word_1_616' title='bbox 3190 3497 3294 3552; x_wconf 92' lang='lat' dir='ltr'><strong>uti.</strong></span> <span class='ocrx_word' id='word_1_617' title='bbox 3351 3497 3415 3551; x_wconf 88' lang='lat' dir='ltr'><strong>Et</strong></span> <span class='ocrx_word' id='word_1_618' title='bbox 3448 3496 3543 3550; x_wconf 90' lang='lat' dir='ltr'><strong>hic</strong></span> 
     </span>
    </p>
   </div>
   <div class='ocr_carea' id='block_1_81' title="bbox 1894 3586 3539 3661">
    <p class='ocr_par' dir='ltr' id='par_1_81' title="bbox 1894 3586 3539 3661">
     <span class='ocr_line' id='line_1_81' title="bbox 1894 3586 3539 3661; baseline -0.003 -16"><span class='ocrx_word' id='word_1_619' title='bbox 1894 3591 2169 3660; x_wconf 81' lang='lat' dir='ltr'><strong>ostendit,</strong></span> <span class='ocrx_word' id='word_1_620' title='bbox 2197 3590 2335 3661; x_wconf 85' lang='lat' dir='ltr'><strong>quia</strong></span> <span class='ocrx_word' id='word_1_621' title='bbox 2367 3592 2519 3661; x_wconf 92' lang='lat' dir='ltr'><strong>quod</strong></span> <span class='ocrx_word' id='word_1_622' title='bbox 2553 3590 2648 3645; x_wconf 91' lang='lat' dir='ltr'><strong>ille</strong></span> <span class='ocrx_word' id='word_1_623' title='bbox 2680 3607 2790 3645; x_wconf 91' lang='lat' dir='ltr'><strong>non</strong></span> <span class='ocrx_word' id='word_1_624' title='bbox 2825 3593 3146 3660; x_wconf 89' lang='lat' dir='ltr'><strong>acceperat,</strong></span> <span class='ocrx_word' id='word_1_625' title='bbox 3180 3586 3367 3657; x_wconf 84' lang='lat' dir='ltr'><strong>gloria</strong></span> <span class='ocrx_word' id='word_1_626' title='bbox 3396 3591 3539 3651; x_wconf 88' lang='lat' dir='ltr'><strong>erat,</strong></span> 
     </span>
    </p>
   </div>
   <div class='ocr_carea' id='block_1_82' title="bbox 1895 3677 3542 3750">
    <p class='ocr_par' dir='ltr' id='par_1_82' title="bbox 1895 3677 3542 3750">
     <span class='ocr_line' id='line_1_82' title="bbox 1895 3677 3542 3750; baseline -0.002 -17"><span class='ocrx_word' id='word_1_627' title='bbox 1895 3697 2009 3734; x_wconf 88' lang='lat' dir='ltr'><strong>non</strong></span> <span class='ocrx_word' id='word_1_628' title='bbox 2039 3686 2336 3749; x_wconf 88' lang='lat' dir='ltr'><strong>peccatum</strong></span> <span class='ocrx_word' id='word_1_629' title='bbox 2369 3698 2380 3745; x_wconf 91' lang='lat'><strong>;</strong></span> <span class='ocrx_word' id='word_1_630' title='bbox 2427 3680 2578 3734; x_wconf 90' lang='lat' dir='ltr'><strong>unde</strong></span> <span class='ocrx_word' id='word_1_631' title='bbox 2610 3679 2879 3750; x_wconf 86' lang='lat' dir='ltr'><strong>superius</strong></span> <span class='ocrx_word' id='word_1_632' title='bbox 2906 3696 2917 3733; x_wconf 91' lang='lat'><strong>:</strong></span> <span class='ocrx_word' id='word_1_633' title='bbox 2952 3677 3238 3747; x_wconf 85' lang='lat' dir='ltr'><strong>Numquid</strong></span> <span class='ocrx_word' id='word_1_634' title='bbox 3266 3684 3542 3747; x_wconf 79' lang='lat' dir='ltr'><strong>peccatum</strong></span> 
     </span>
    </p>
   </div>
   <div class='ocr_carea' id='block_1_83' title="bbox 1891 3765 3541 3839">
    <p class='ocr_par' dir='ltr' id='par_1_83' title="bbox 1891 3765 3541 3839">
     <span class='ocr_line' id='line_1_83' title="bbox 1891 3765 3541 3839; baseline -0.004 -15"><span class='ocrx_word' id='word_1_635' title='bbox 1891 3771 2046 3839; x_wconf 87' lang='lat' dir='ltr'><strong>feci?</strong></span> <span class='ocrx_word' id='word_1_636' title='bbox 2073 3771 2191 3825; x_wconf 84' lang='lat' dir='ltr'><strong>Non</strong></span> <span class='ocrx_word' id='word_1_637' title='bbox 2222 3771 2580 3839; x_wconf 80' lang='lat' dir='ltr'><strong>infringetur,</strong></span> <span class='ocrx_word' id='word_1_638' title='bbox 2615 3774 2721 3824; x_wconf 90' lang='lat' dir='ltr'><strong>etc.</strong></span> <span class='ocrx_word' id='word_1_639' title='bbox 2760 3787 2771 3834; x_wconf 92' lang='lat'><strong>;</strong></span> <span class='ocrx_word' id='word_1_640' title='bbox 2826 3769 2879 3823; x_wconf 93' lang='lat' dir='ltr'><strong>id</strong></span> <span class='ocrx_word' id='word_1_641' title='bbox 2914 3772 3021 3835; x_wconf 89' lang='lat' dir='ltr'><strong>est,</strong></span> <span class='ocrx_word' id='word_1_642' title='bbox 3076 3766 3214 3837; x_wconf 85' lang='lat' dir='ltr'><strong>quia</strong></span> <span class='ocrx_word' id='word_1_643' title='bbox 3245 3782 3358 3820; x_wconf 90' lang='lat' dir='ltr'><strong>non</strong></span> <span class='ocrx_word' id='word_1_644' title='bbox 3391 3765 3541 3819; x_wconf 89' lang='lat' dir='ltr'><strong>acci-</strong></span> 
     </span>
    </p>
   </div>
   <div class='ocr_carea' id='block_1_84' title="bbox 1897 3853 3537 3928">
    <p class='ocr_par' dir='ltr' id='par_1_84' title="bbox 1897 3853 3537 3928">
     <span class='ocr_line' id='line_1_84' title="bbox 1897 3853 3537 3928; baseline -0.001 -18"><span class='ocrx_word' id='word_1_645' title='bbox 1897 3860 2051 3928; x_wconf 82' lang='lat' dir='ltr'><strong>piam</strong></span> <span class='ocrx_word' id='word_1_646' title='bbox 2082 3877 2092 3911; x_wconf 86' lang='lat'><strong>:</strong></span> <span class='ocrx_word' id='word_1_647' title='bbox 2130 3864 2267 3912; x_wconf 91' lang='lat' dir='ltr'><strong>tunc</strong></span> <span class='ocrx_word' id='word_1_648' title='bbox 2298 3859 2512 3911; x_wconf 88' lang='lat' dir='ltr'><strong>etenim</strong></span> <span class='ocrx_word' id='word_1_649' title='bbox 2562 3857 2930 3928; x_wconf 82' lang='lat' dir='ltr'><strong>infringetur,</strong></span> <span class='ocrx_word' id='word_1_650' title='bbox 2968 3856 3016 3911; x_wconf 89' lang='lat' dir='ltr'><strong>si</strong></span> <span class='ocrx_word' id='word_1_651' title='bbox 3049 3854 3387 3925; x_wconf 89' lang='lat' dir='ltr'><strong>accepisset.</strong></span> <span class='ocrx_word' id='word_1_652' title='bbox 3425 3853 3537 3908; x_wconf 88' lang='lat' dir='ltr'><strong>Sed</strong></span> 
     </span>
    </p>
   </div>
   <div class='ocr_carea' id='block_1_85' title="bbox 1898 3943 3540 4017">
    <p class='ocr_par' dir='ltr' id='par_1_85' title="bbox 1898 3943 3540 4017">
     <span class='ocr_line' id='line_1_85' title="bbox 1898 3943 3540 4017; baseline -0.002 -19"><span class='ocrx_word' id='word_1_653' title='bbox 1898 3947 2277 4016; x_wconf 68' lang='lat' dir='ltr'><strong>quaerendum</strong></span> <span class='ocrx_word' id='word_1_654' title='bbox 2308 3951 2413 4010; x_wconf 83' lang='lat' dir='ltr'><strong>est,</strong></span> <span class='ocrx_word' id='word_1_655' title='bbox 2451 3963 2581 4000; x_wconf 91' lang='lat' dir='ltr'><strong>cum</strong></span> <span class='ocrx_word' id='word_1_656' title='bbox 2612 3947 2885 4017; x_wconf 90' lang='lat' dir='ltr'><strong>superius</strong></span> <span class='ocrx_word' id='word_1_657' title='bbox 2916 3962 3013 3999; x_wconf 91' lang='lat' dir='ltr'><strong>eos</strong></span> <span class='ocrx_word' id='word_1_658' title='bbox 3037 3946 3106 3998; x_wconf 86' lang='lat' dir='ltr'><strong>ad</strong></span> <span class='ocrx_word' id='word_1_659' title='bbox 3141 3961 3289 4014; x_wconf 90' lang='lat' dir='ltr'><strong>opus</strong></span> <span class='ocrx_word' id='word_1_660' title='bbox 3312 3943 3540 3997; x_wconf 89' lang='lat' dir='ltr'><strong>miseri-</strong></span> 
     </span>
    </p>
   </div>
   <div class='ocr_carea' id='block_1_86' title="bbox 1895 4032 3539 4104">
    <p class='ocr_par' dir='ltr' id='par_1_86' title="bbox 1895 4032 3539 4104">
     <span class='ocr_line' id='line_1_86' title="bbox 1895 4032 3539 4104; baseline -0.002 -17"><span class='ocrx_word' id='word_1_661' title='bbox 1895 4034 2102 4087; x_wconf 69' lang='lat' dir='ltr'><strong>cordia:</strong></span> <span class='ocrx_word' id='word_1_662' title='bbox 2137 4038 2526 4104; x_wconf 88' lang='lat' dir='ltr'><strong>provocasset,</strong></span> <span class='ocrx_word' id='word_1_663' title='bbox 2562 4050 2740 4104; x_wconf 91' lang='lat' dir='ltr'><strong>quare</strong></span> <span class='ocrx_word' id='word_1_664' title='bbox 2770 4050 2925 4087; x_wconf 90' lang='lat' dir='ltr'><strong>nunc</strong></span> <span class='ocrx_word' id='word_1_665' title='bbox 2956 4032 3131 4085; x_wconf 89' lang='lat' dir='ltr'><strong>dicit:</strong></span> <span class='ocrx_word' id='word_1_666' title='bbox 3167 4033 3284 4087; x_wconf 84' lang='lat' dir='ltr'><strong>Non</strong></span> <span class='ocrx_word' id='word_1_667' title='bbox 3328 4033 3539 4100; x_wconf 81' lang='lat' dir='ltr'><strong>infrin-</strong></span> 
     </span>
    </p>
   </div>
   <div class='ocr_carea' id='block_1_87' title="bbox 1891 4120 3541 4192">
    <p class='ocr_par' dir='ltr' id='par_1_87' title="bbox 1891 4120 3541 4192">
     <span class='ocr_line' id='line_1_87' title="bbox 1891 4120 3541 4192; baseline -0.002 -15"><span class='ocrx_word' id='word_1_668' title='bbox 1891 4126 2049 4192; x_wconf 83' lang='lat' dir='ltr'><strong>getur</strong></span> <span class='ocrx_word' id='word_1_669' title='bbox 2079 4124 2139 4176; x_wconf 87' lang='lat' dir='ltr'><strong>in</strong></span> <span class='ocrx_word' id='word_1_670' title='bbox 2173 4138 2276 4175; x_wconf 86' lang='lat' dir='ltr'><strong>me.</strong></span> <span class='ocrx_word' id='word_1_671' title='bbox 2314 4122 2448 4174; x_wconf 89' lang='lat' dir='ltr'><strong>ldeo</strong></span> <span class='ocrx_word' id='word_1_672' title='bbox 2482 4122 2619 4190; x_wconf 84' lang='lat' dir='ltr'><strong>quia</strong></span> <span class='ocrx_word' id='word_1_673' title='bbox 2662 4137 2773 4175; x_wconf 90' lang='lat' dir='ltr'><strong>non</strong></span> <span class='ocrx_word' id='word_1_674' title='bbox 2811 4138 2925 4175; x_wconf 71' lang='lat' dir='ltr'><strong>suae</strong></span> <span class='ocrx_word' id='word_1_675' title='bbox 2960 4120 3327 4175; x_wconf 88' lang='lat' dir='ltr'><strong>necessitatis</strong></span> <span class='ocrx_word' id='word_1_676' title='bbox 3364 4135 3541 4173; x_wconf 89' lang='lat' dir='ltr'><strong>causa</strong></span> 
     </span>
    </p>
   </div>
   <div class='ocr_carea' id='block_1_88' title="bbox 1895 4206 3541 4282">
    <p class='ocr_par' dir='ltr' id='par_1_88' title="bbox 1895 4206 3541 4282">
     <span class='ocr_line' id='line_1_88' title="bbox 1895 4206 3541 4282; baseline -0.003 -18"><span class='ocrx_word' id='word_1_677' title='bbox 1895 4211 2235 4282; x_wconf 87' lang='lat' dir='ltr'><strong>accipiebat,</strong></span> <span class='ocrx_word' id='word_1_678' title='bbox 2280 4211 2378 4264; x_wconf 88' lang='lat' dir='ltr'><strong>sed</strong></span> <span class='ocrx_word' id='word_1_679' title='bbox 2413 4214 2647 4281; x_wconf 85' lang='lat' dir='ltr'><strong>propter</strong></span> <span class='ocrx_word' id='word_1_680' title='bbox 2676 4226 2993 4281; x_wconf 89' lang='lat' dir='ltr'><strong>pauperes,</strong></span> <span class='ocrx_word' id='word_1_681' title='bbox 3030 4206 3128 4278; x_wconf 92' lang='lat' dir='ltr'><strong>qui</strong></span> <span class='ocrx_word' id='word_1_682' title='bbox 3160 4206 3541 4277; x_wconf 88' lang='lat' dir='ltr'><strong>Jerosolymis</strong></span> 
     </span>
    </p>
   </div>
   <div class='ocr_carea' id='block_1_89' title="bbox 1895 4296 3539 4370">
    <p class='ocr_par' dir='ltr' id='par_1_89' title="bbox 1895 4296 3539 4370">
     <span class='ocr_line' id='line_1_89' title="bbox 1895 4296 3539 4370; baseline -0.004 -14"><span class='ocrx_word' id='word_1_683' title='bbox 1895 4300 2311 4356; x_wconf 84' lang='lat' dir='ltr'><strong>consistebant.</strong></span> <span class='ocrx_word' id='word_1_684' title='bbox 2339 4301 2502 4354; x_wconf 90' lang='lat' dir='ltr'><strong>Tunc</strong></span> <span class='ocrx_word' id='word_1_685' title='bbox 2531 4298 2714 4370; x_wconf 82' lang='lat' dir='ltr'><strong>gloria</strong></span> <span class='ocrx_word' id='word_1_686' title='bbox 2742 4301 2870 4370; x_wconf 89' lang='lat' dir='ltr'><strong>ejus</strong></span> <span class='ocrx_word' id='word_1_687' title='bbox 2899 4296 3396 4367; x_wconf 82' lang='lat' dir='ltr'><strong>infringeretur,si</strong></span> <span class='ocrx_word' id='word_1_688' title='bbox 3421 4312 3539 4349; x_wconf 74' lang='lat' dir='ltr'><strong>suae</strong></span> 
     </span>
    </p>
   </div>
   <div class='ocr_carea' id='block_1_90' title="bbox 1894 4388 2830 4459">
    <p class='ocr_par' dir='ltr' id='par_1_90' title="bbox 1894 4388 2830 4459">
     <span class='ocr_line' id='line_1_90' title="bbox 1894 4388 2830 4459; baseline -0.001 -16"><span class='ocrx_word' id='word_1_689' title='bbox 1894 4390 2258 4445; x_wconf 80' lang='lat' dir='ltr'><strong>necessitatis</strong></span> <span class='ocrx_word' id='word_1_690' title='bbox 2285 4406 2461 4443; x_wconf 81' lang='lat' dir='ltr'><strong>causa</strong></span> <span class='ocrx_word' id='word_1_691' title='bbox 2492 4388 2830 4459; x_wconf 86' lang='lat' dir='ltr'><strong>accepisset.</strong></span> 
     </span>
    </p>
   </div>
   <div class='ocr_carea' id='block_1_91' title="bbox 1968 4475 3539 4547">
    <p class='ocr_par' dir='ltr' id='par_1_91' title="bbox 1968 4475 3539 4547">
     <span class='ocr_line' id='line_1_91' title="bbox 1968 4475 3539 4547; baseline -0.001 -15"><span class='ocrx_word' id='word_1_692' title='bbox 1968 4481 2185 4547; x_wconf 70' lang='lat' dir='ltr'><strong>Quare?</strong></span> <span class='ocrx_word' id='word_1_693' title='bbox 2213 4480 2387 4542; x_wconf 86' lang='lat' dir='ltr'><strong>Quasi</strong></span> <span class='ocrx_word' id='word_1_694' title='bbox 2440 4479 2703 4533; x_wconf 86' lang='lat' dir='ltr'><strong>diceret:</strong></span> <span class='ocrx_word' id='word_1_695' title='bbox 2750 4478 2914 4532; x_wconf 82' lang='lat' dir='ltr'><strong>Forte</strong></span> <span class='ocrx_word' id='word_1_696' title='bbox 2946 4476 3072 4531; x_wconf 89' lang='lat' dir='ltr'><strong>ideo</strong></span> <span class='ocrx_word' id='word_1_697' title='bbox 3122 4475 3539 4547; x_wconf 73' lang='lat' dir='ltr'><strong>confringatur,</strong></span> 
     </span>
    </p>
   </div>
   <div class='ocr_carea' id='block_1_92' title="bbox 1896 4565 3540 4637">
    <p class='ocr_par' dir='ltr' id='par_1_92' title="bbox 1896 4565 3540 4637">
     <span class='ocr_line' id='line_1_92' title="bbox 1896 4565 3540 4637; baseline -0.001 -16"><span class='ocrx_word' id='word_1_698' title='bbox 1896 4570 2032 4637; x_wconf 78' lang='lat' dir='ltr'><strong>quia</strong></span> <span class='ocrx_word' id='word_1_699' title='bbox 2064 4584 2172 4621; x_wconf 77' lang='lat' dir='ltr'><strong>non.</strong></span> <span class='ocrx_word' id='word_1_700' title='bbox 2222 4567 2392 4631; x_wconf 80' lang='lat' dir='ltr'><strong>diligo</strong></span> <span class='ocrx_word' id='word_1_701' title='bbox 2422 4583 2539 4633; x_wconf 75' lang='lat' dir='ltr'><strong>vos,</strong></span> <span class='ocrx_word' id='word_1_702' title='bbox 2577 4570 2633 4620; x_wconf 90' lang='lat' dir='ltr'><strong>et</strong></span> <span class='ocrx_word' id='word_1_703' title='bbox 2686 4566 2813 4620; x_wconf 91' lang='lat' dir='ltr'><strong>ideo</strong></span> <span class='ocrx_word' id='word_1_704' title='bbox 2872 4582 2987 4620; x_wconf 89' lang='lat' dir='ltr'><strong>non</strong></span> <span class='ocrx_word' id='word_1_705' title='bbox 3020 4565 3349 4636; x_wconf 83' lang='lat' dir='ltr'><strong>accipiam?</strong></span> <span class='ocrx_word' id='word_1_706' title='bbox 3392 4565 3540 4619; x_wconf 88' lang='lat' dir='ltr'><strong>Non.</strong></span> 
     </span>
    </p>
   </div>
   <div class='ocr_carea' id='block_1_93' title="bbox 142 4650 3597 4735">
    <p class='ocr_par' dir='ltr' id='par_1_93' title="bbox 142 4650 3597 4735">
     <span class='ocr_line' id='line_1_93' title="bbox 142 4650 3597 4735; baseline 0.001 -30"><span class='ocrx_word' id='word_1_707' title='bbox 142 4654 243 4709; x_wconf 84' lang='lat' dir='ltr'><strong>sias</strong></span> <span class='ocrx_word' id='word_1_708' title='bbox 262 4653 732 4724; x_wconf 73' lang='lat' dir='ltr'><strong>exspoliavi,etc.,</strong></span> <span class='ocrx_word' id='word_1_709' title='bbox 754 4652 920 4721; x_wconf 88' lang='lat' dir='ltr'><strong>quasi</strong></span> <span class='ocrx_word' id='word_1_710' title='bbox 947 4651 1230 4705; x_wconf 87' lang='lat' dir='ltr'><strong>dixisset:</strong></span> <span class='ocrx_word' id='word_1_711' title='bbox 1257 4651 1343 4704; x_wconf 83' lang='lat' dir='ltr'><strong>Ab</strong></span> <span class='ocrx_word' id='word_1_712' title='bbox 1366 4650 1496 4705; x_wconf 89' lang='lat' dir='ltr'><strong>aliis</strong></span> <span class='ocrx_word' id='word_1_713' title='bbox 1516 4652 1787 4707; x_wconf 84' lang='lat' dir='ltr'><strong>Ecclesiis</strong></span> <span class='ocrx_word' id='word_1_714' title='bbox 1824 4672 1867 4735; x_wconf 76' lang='grc' dir='ltr'><strong>ι)</strong></span> <span class='ocrx_word' id='word_1_715' title='bbox 1898 4657 2043 4719; x_wconf 86' lang='lat' dir='ltr'><strong>Quia</strong></span> <span class='ocrx_word' id='word_1_716' title='bbox 2070 4672 2173 4725; x_wconf 86' lang='lat' dir='ltr'><strong>ego</strong></span> <span class='ocrx_word' id='word_1_717' title='bbox 2198 4655 2374 4725; x_wconf 90' lang='lat' dir='ltr'><strong>diligo</strong></span> <span class='ocrx_word' id='word_1_718' title='bbox 2395 4656 2779 4727; x_wconf 87' lang='lat' dir='ltr'><strong>vos,etmagis</strong></span> <span class='ocrx_word' id='word_1_719' title='bbox 2802 4672 2902 4710; x_wconf 89' lang='lat' dir='ltr'><strong>vos</strong></span> <span class='ocrx_word' id='word_1_720' title='bbox 2920 4654 3097 4724; x_wconf 86' lang='lat' dir='ltr'><strong>diligo</strong></span> <span class='ocrx_word' id='word_1_721' title='bbox 3112 4671 3225 4709; x_wconf 91' lang='lat' dir='ltr'><strong>non</strong></span> <span class='ocrx_word' id='word_1_722' title='bbox 3254 4654 3542 4725; x_wconf 91' lang='lat' dir='ltr'><strong>accipien-</strong></span> <span class='ocrx_word' id='word_1_723' title='bbox 3592 4720 3597 4724; x_wconf 28' lang='grc' dir='ltr'><strong><em>π</em></strong></span> 
     </span>
    </p>
   </div>
   <div class='ocr_carea' id='block_1_94' title="bbox 145 4740 1789 4815">
    <p class='ocr_par' dir='ltr' id='par_1_94' title="bbox 145 4740 1789 4815">
     <span class='ocr_line' id='line_1_94' title="bbox 145 4740 1789 4815; baseline 0.001 -18"><span class='ocrx_word' id='word_1_724' title='bbox 145 4749 408 4815; x_wconf 90' lang='lat' dir='ltr'><strong>sumptus</strong></span> <span class='ocrx_word' id='word_1_725' title='bbox 440 4740 660 4812; x_wconf 87' lang='lat' dir='ltr'><strong>accepi,</strong></span> <span class='ocrx_word' id='word_1_726' title='bbox 692 4746 759 4795; x_wconf 90' lang='lat' dir='ltr'><strong>ut</strong></span> <span class='ocrx_word' id='word_1_727' title='bbox 790 4741 952 4796; x_wconf 89' lang='lat' dir='ltr'><strong>vobis</strong></span> <span class='ocrx_word' id='word_1_728' title='bbox 976 4740 1288 4813; x_wconf 59' lang='lat' dir='ltr'><strong>praedicare</strong></span> <span class='ocrx_word' id='word_1_729' title='bbox 1320 4742 1789 4798; x_wconf 76' lang='lat' dir='ltr'><strong>sufliceremJta-</strong></span> 
     </span>
    </p>
   </div>
   <div class='ocr_carea' id='block_1_95' title="bbox 144 4830 1789 4903">
    <p class='ocr_par' dir='ltr' id='par_1_95' title="bbox 144 4830 1789 4903">
     <span class='ocr_line' id='line_1_95' title="bbox 144 4830 1789 4903; baseline 0.002 -19"><span class='ocrx_word' id='word_1_730' title='bbox 144 4846 245 4899; x_wconf 88' lang='lat' dir='ltr'><strong>que</strong></span> <span class='ocrx_word' id='word_1_731' title='bbox 274 4849 348 4887; x_wconf 89' lang='lat' dir='ltr'><strong>ne</strong></span> <span class='ocrx_word' id='word_1_732' title='bbox 379 4848 626 4903; x_wconf 88' lang='lat' dir='ltr'><strong>parvum</strong></span> <span class='ocrx_word' id='word_1_733' title='bbox 661 4847 790 4885; x_wconf 90' lang='lat' dir='ltr'><strong>esse</strong></span> <span class='ocrx_word' id='word_1_734' title='bbox 822 4831 1138 4895; x_wconf 89' lang='lat' dir='ltr'><strong>videretur,</strong></span> <span class='ocrx_word' id='word_1_735' title='bbox 1173 4830 1327 4900; x_wconf 90' lang='lat' dir='ltr'><strong>quod</strong></span> <span class='ocrx_word' id='word_1_736' title='bbox 1361 4832 1507 4901; x_wconf 79' lang='lat'><strong>(760)</strong></span> <span class='ocrx_word' id='word_1_737' title='bbox 1554 4833 1624 4887; x_wconf 90' lang='lat' dir='ltr'><strong>ab</strong></span> <span class='ocrx_word' id='word_1_738' title='bbox 1657 4832 1789 4888; x_wconf 89' lang='lat' dir='ltr'><strong>aliis</strong></span> 
     </span>
    </p>
   </div>
   <div class='ocr_carea' id='block_1_96' title="bbox 148 4918 1788 4989">
    <p class='ocr_par' dir='ltr' id='par_1_96' title="bbox 148 4918 1788 4989">
     <span class='ocr_line' id='line_1_96' title="bbox 148 4918 1788 4989; baseline 0.002 -16"><span class='ocrx_word' id='word_1_739' title='bbox 148 4918 407 4977; x_wconf 86' lang='lat' dir='ltr'><strong>Ecclesiis</strong></span> <span class='ocrx_word' id='word_1_740' title='bbox 439 4920 513 4975; x_wconf 91' lang='lat' dir='ltr'><strong>ad</strong></span> <span class='ocrx_word' id='word_1_741' title='bbox 565 4935 766 4974; x_wconf 89' lang='lat' dir='ltr'><strong>eorum</strong></span> <span class='ocrx_word' id='word_1_742' title='bbox 829 4918 1083 4976; x_wconf 89' lang='lat' dir='ltr'><strong>salutem</strong></span> <span class='ocrx_word' id='word_1_743' title='bbox 1142 4924 1462 4989; x_wconf 86' lang='lat' dir='ltr'><strong>acceperat,</strong></span> <span class='ocrx_word' id='word_1_744' title='bbox 1522 4920 1648 4977; x_wconf 90' lang='lat' dir='ltr'><strong>ideo</strong></span> <span class='ocrx_word' id='word_1_745' title='bbox 1676 4922 1788 4977; x_wconf 88' lang='lat' dir='ltr'><strong>tale</strong></span> 
     </span>
    </p>
   </div>
   <div class='ocr_carea' id='block_1_97' title="bbox 145 5005 1789 5082">
    <p class='ocr_par' dir='ltr' id='par_1_97' title="bbox 145 5005 1789 5082">
     <span class='ocr_line' id='line_1_97' title="bbox 145 5005 1789 5082; baseline 0.003 -22"><span class='ocrx_word' id='word_1_746' title='bbox 145 5009 376 5064; x_wconf 88' lang='lat' dir='ltr'><strong>verbum</strong></span> <span class='ocrx_word' id='word_1_747' title='bbox 437 5008 654 5080; x_wconf 87' lang='lat' dir='ltr'><strong>posuit,</strong></span> <span class='ocrx_word' id='word_1_748' title='bbox 714 5007 822 5062; x_wconf 91' lang='lat' dir='ltr'><strong>hoc</strong></span> <span class='ocrx_word' id='word_1_749' title='bbox 871 5012 980 5074; x_wconf 88' lang='lat' dir='ltr'><strong>est,</strong></span> <span class='ocrx_word' id='word_1_750' title='bbox 1023 5007 1350 5077; x_wconf 69' lang='lat' dir='ltr'><strong>exspoliavi.</strong></span> <span class='ocrx_word' id='word_1_751' title='bbox 1407 5008 1523 5062; x_wconf 88' lang='lat' dir='ltr'><strong>Hoc</strong></span> <span class='ocrx_word' id='word_1_752' title='bbox 1556 5005 1789 5082; x_wconf 75' lang='lat' dir='ltr'><strong>qﬁoque</strong></span> 
     </span>
    </p>
   </div>
   <div class='ocr_carea' id='block_1_98' title="bbox 151 5095 1787 5169">
    <p class='ocr_par' dir='ltr' id='par_1_98' title="bbox 151 5095 1787 5169">
     <span class='ocr_line' id='line_1_98' title="bbox 151 5095 1787 5169; baseline 0.004 -20"><span class='ocrx_word' id='word_1_753' title='bbox 151 5096 466 5166; x_wconf 87' lang='lat' dir='ltr'><strong>sciendum,</strong></span> <span class='ocrx_word' id='word_1_754' title='bbox 500 5096 639 5166; x_wconf 91' lang='lat' dir='ltr'><strong>quia</strong></span> <span class='ocrx_word' id='word_1_755' title='bbox 671 5112 786 5165; x_wconf 89' lang='lat' dir='ltr'><strong>quo</strong></span> <span class='ocrx_word' id='word_1_756' title='bbox 818 5095 965 5150; x_wconf 90' lang='lat' dir='ltr'><strong>nihil</strong></span> <span class='ocrx_word' id='word_1_757' title='bbox 999 5111 1063 5149; x_wconf 90' lang='lat' dir='ltr'><strong>se</strong></span> <span class='ocrx_word' id='word_1_758' title='bbox 1092 5096 1347 5151; x_wconf 86' lang='lat' dir='ltr'><strong>ostendit</strong></span> <span class='ocrx_word' id='word_1_759' title='bbox 1376 5098 1668 5169; x_wconf 89' lang='lat' dir='ltr'><strong>accepisse</strong></span> <span class='ocrx_word' id='word_1_760' title='bbox 1714 5102 1787 5155; x_wconf 89' lang='lat' dir='ltr'><strong>ab</strong></span> 
     </span>
    </p>
   </div>
   <div class='ocr_carea' id='block_1_99' title="bbox 153 5182 1071 5214">
    <p class='ocr_par' dir='ltr' id='par_1_99' title="bbox 153 5182 1071 5214">
     <span class='ocr_line' id='line_1_99' title="bbox 153 5182 1071 5214; baseline 0 0"><span class='ocrx_word' id='word_1_761' title='bbox 307 5202 371 5214; x_wconf 67' lang='grc' dir='ltr'><strong>ΛΑ</strong></span> <span class='ocrx_word' id='word_1_762' title='bbox 406 5185 594 5214; x_wconf 57' lang='grc' dir='ltr'><strong>Μαικία</strong></span> <span class='ocrx_word' id='word_1_763' title='bbox 628 5184 720 5214; x_wconf 57' lang='grc' dir='ltr'><strong>πίε-ιζ</strong></span> <span class='ocrx_word' id='word_1_764' title='bbox 757 5188 1071 5214; x_wconf 59' lang='grc' dir='ltr'><strong>η-Αιοηηιιῖνὶ</strong></span> 
     </span>
    </p>
   </div>
   <div class='ocr_carea' id='block_1_100' title="bbox 1901 4740 3541 4815">
    <p class='ocr_par' dir='ltr' id='par_1_100' title="bbox 1901 4740 3541 4815">
     <span class='ocr_line' id='line_1_100' title="bbox 1901 4740 3541 4815; baseline -0.002 -16"><span class='ocrx_word' id='word_1_765' title='bbox 1901 4747 1997 4810; x_wconf 83' lang='grc'><strong>(10,</strong></span> <span class='ocrx_word' id='word_1_766' title='bbox 2032 4762 2208 4815; x_wconf 88' lang='lat' dir='ltr'><strong>quam</strong></span> <span class='ocrx_word' id='word_1_767' title='bbox 2244 4743 2578 4813; x_wconf 87' lang='lat' dir='ltr'><strong>accipiendo</strong></span> <span class='ocrx_word' id='word_1_768' title='bbox 2606 4761 2616 4796; x_wconf 94' lang='lat'><strong>:</strong></span> <span class='ocrx_word' id='word_1_769' title='bbox 2668 4748 2724 4797; x_wconf 89' lang='lat' dir='ltr'><strong>et</strong></span> <span class='ocrx_word' id='word_1_770' title='bbox 2754 4748 2819 4798; x_wconf 91' lang='lat' dir='ltr'><strong>ut</strong></span> <span class='ocrx_word' id='word_1_771' title='bbox 2847 4744 3115 4797; x_wconf 86' lang='lat' dir='ltr'><strong>ostendat</strong></span> <span class='ocrx_word' id='word_1_772' title='bbox 3143 4759 3241 4797; x_wconf 91' lang='lat' dir='ltr'><strong>eos</strong></span> <span class='ocrx_word' id='word_1_773' title='bbox 3281 4740 3541 4810; x_wconf 85' lang='lat' dir='ltr'><strong>diligere,</strong></span> 
     </span>
    </p>
   </div>
   <div class='ocr_carea' id='block_1_101' title="bbox 1901 4828 3544 4897">
    <p class='ocr_par' dir='ltr' id='par_1_101' title="bbox 1901 4828 3544 4897">
     <span class='ocr_line' id='line_1_101' title="bbox 1901 4828 3544 4897; baseline -0.005 -9"><span class='ocrx_word' id='word_1_774' title='bbox 1901 4833 2139 4888; x_wconf 87' lang='lat' dir='ltr'><strong>subdit:</strong></span> <span class='ocrx_word' id='word_1_775' title='bbox 2172 4834 2313 4888; x_wconf 80' lang='lat' dir='ltr'><strong>Deus</strong></span> <span class='ocrx_word' id='word_1_776' title='bbox 2364 4833 2507 4892; x_wconf 80' lang='lat' dir='ltr'><strong>scit;</strong></span> <span class='ocrx_word' id='word_1_777' title='bbox 2562 4836 2624 4884; x_wconf 86' lang='lat' dir='ltr'><strong>ut</strong></span> <span class='ocrx_word' id='word_1_778' title='bbox 2670 4832 2811 4886; x_wconf 92' lang='lat' dir='ltr'><strong>dum</strong></span> <span class='ocrx_word' id='word_1_779' title='bbox 2863 4830 2947 4884; x_wconf 89' lang='lat' dir='ltr'><strong>illi</strong></span> <span class='ocrx_word' id='word_1_780' title='bbox 2978 4846 3109 4884; x_wconf 90' lang='lat' dir='ltr'><strong>eum</strong></span> <span class='ocrx_word' id='word_1_781' title='bbox 3144 4829 3411 4891; x_wconf 90' lang='lat' dir='ltr'><strong>audiunt,</strong></span> <span class='ocrx_word' id='word_1_782' title='bbox 3445 4828 3544 4897; x_wconf 90' lang='lat' dir='ltr'><strong>qui</strong></span> 
     </span>
    </p>
   </div>
   <div class='ocr_carea' id='block_1_102' title="bbox 1900 4919 3545 4982">
    <p class='ocr_par' dir='ltr' id='par_1_102' title="bbox 1900 4919 3545 4982">
     <span class='ocr_line' id='line_1_102' title="bbox 1900 4919 3545 4982; baseline -0.006 -5"><span class='ocrx_word' id='word_1_783' title='bbox 1900 4921 2165 4977; x_wconf 90' lang='lat' dir='ltr'><strong>omnium</strong></span> <span class='ocrx_word' id='word_1_784' title='bbox 2193 4920 2419 4977; x_wconf 91' lang='lat' dir='ltr'><strong>occulta</strong></span> <span class='ocrx_word' id='word_1_785' title='bbox 2442 4919 2707 4975; x_wconf 87' lang='lat' dir='ltr'><strong>cordium</strong></span> <span class='ocrx_word' id='word_1_786' title='bbox 2731 4920 2988 4982; x_wconf 87' lang='lat' dir='ltr'><strong>novit,ad</strong></span> <span class='ocrx_word' id='word_1_787' title='bbox 3012 4919 3404 4973; x_wconf 88' lang='lat' dir='ltr'><strong>ostensionem</strong></span> <span class='ocrx_word' id='word_1_788' title='bbox 3428 4932 3545 4968; x_wconf 61' lang='lat' dir='ltr'><strong>suae</strong></span> 
     </span>
    </p>
   </div>
   <div class='ocr_carea' id='block_1_103' title="bbox 1899 5006 3547 5071">
    <p class='ocr_par' dir='ltr' id='par_1_103' title="bbox 1899 5006 3547 5071">
     <span class='ocr_line' id='line_1_103' title="bbox 1899 5006 3547 5071; baseline -0.007 -6"><span class='ocrx_word' id='word_1_789' title='bbox 1899 5011 2233 5067; x_wconf 77' lang='lat' dir='ltr'><strong>dilectionis</strong></span> <span class='ocrx_word' id='word_1_790' title='bbox 2253 5010 2525 5071; x_wconf 85' lang='lat' dir='ltr'><strong>traxisse,</strong></span> <span class='ocrx_word' id='word_1_791' title='bbox 2561 5010 2709 5065; x_wconf 87' lang='lat' dir='ltr'><strong>certi</strong></span> <span class='ocrx_word' id='word_1_792' title='bbox 2730 5011 2797 5065; x_wconf 90' lang='lat' dir='ltr'><strong>de</strong></span> <span class='ocrx_word' id='word_1_793' title='bbox 2820 5007 3129 5062; x_wconf 88' lang='lat' dir='ltr'><strong>dilectione</strong></span> <span class='ocrx_word' id='word_1_794' title='bbox 3153 5006 3547 5061; x_wconf 89' lang='lat' dir='ltr'><strong>redderentur.</strong></span> 
     </span>
    </p>
   </div>
   <div class='ocr_carea' id='block_1_104' title="bbox 1901 5092 3556 5171">
    <p class='ocr_par' dir='ltr' id='par_1_104' title="bbox 1901 5092 3556 5171">
     <span class='ocr_line' id='line_1_104' title="bbox 1901 5092 3556 5171; baseline -0.007 -17"><span class='ocrx_word' id='word_1_795' title='bbox 1901 5100 2053 5168; x_wconf 85' lang='lat' dir='ltr'><strong>Quod</strong></span> <span class='ocrx_word' id='word_1_796' title='bbox 2082 5105 2263 5157; x_wconf 85' lang='lat' dir='ltr'><strong>autem</strong></span> <span class='ocrx_word' id='word_1_797' title='bbox 2293 5101 2473 5171; x_wconf 83' lang='lat' dir='ltr'><strong>facio,</strong></span> <span class='ocrx_word' id='word_1_798' title='bbox 2504 5104 2557 5152; x_wconf 74' lang='lat' dir='ltr'><strong>et</strong></span> <span class='ocrx_word' id='word_1_799' title='bbox 2586 5100 2834 5167; x_wconf 83' lang='lat' dir='ltr'><strong>faciam;</strong></span> <span class='ocrx_word' id='word_1_800' title='bbox 2866 5095 2927 5148; x_wconf 88' lang='lat' dir='ltr'><strong>id</strong></span> <span class='ocrx_word' id='word_1_801' title='bbox 2956 5099 3065 5161; x_wconf 87' lang='lat' dir='ltr'><strong>est,</strong></span> <span class='ocrx_word' id='word_1_802' title='bbox 3096 5096 3251 5149; x_wconf 89' lang='lat' dir='ltr'><strong>sicut</strong></span> <span class='ocrx_word' id='word_1_803' title='bbox 3276 5092 3556 5145; x_wconf 88' lang='lat' dir='ltr'><strong>hactenus</strong></span> 
     </span>
    </p>
   </div>
   <div class='ocr_carea' id='block_1_105' title="bbox 2779 5180 3560 5214">
    <p class='ocr_par' dir='ltr' id='par_1_105' title="bbox 2779 5180 3560 5214">
     <span class='ocr_line' id='line_1_105' title="bbox 2779 5180 3560 5214; baseline 0 0"><span class='ocrx_word' id='word_1_804' title='bbox 2779 5206 2791 5214; x_wconf 86' lang='lat'>.</span> <span class='ocrx_word' id='word_1_805' title='bbox 2829 5190 2876 5214; x_wconf 62' lang='grc' dir='ltr'><strong>λι</strong></span> <span class='ocrx_word' id='word_1_806' title='bbox 2926 5182 3037 5214; x_wconf 57' lang='grc' dir='ltr'><strong>ἈΛΛ</strong></span> <span class='ocrx_word' id='word_1_807' title='bbox 3069 5188 3152 5214; x_wconf 62' lang='grc' dir='ltr'><strong>θαι</strong></span> <span class='ocrx_word' id='word_1_808' title='bbox 3211 5180 3355 5214; x_wconf 74' lang='lat' dir='ltr'><strong>nunt&quot;</strong></span> <span class='ocrx_word' id='word_1_809' title='bbox 3390 5192 3560 5214; x_wconf 71' lang='lat' dir='ltr'><strong>anno-</strong></span> 
     </span>
    </p>
   </div>
   <div class='ocr_carea' id='block_1_106' title="bbox 1900 5203 2674 5214">
    <p class='ocr_par' dir='ltr' id='par_1_106' title="bbox 1900 5203 2674 5214">
     <span class='ocr_line' id='line_1_106' title="bbox 1900 5203 2674 5214; baseline 0 0"><span class='ocrx_word' id='word_1_810' title='bbox 1900 5207 2009 5214; x_wconf 55' lang='grc' dir='ltr'><strong>..Α-Α</strong></span> <span class='ocrx_word' id='word_1_811' title='bbox 2052 5203 2239 5214; x_wconf 53' lang='grc' dir='ltr'><strong>αΑΑΑυΑζ</strong></span> <span class='ocrx_word' id='word_1_812' title='bbox 2305 5206 2413 5214; x_wconf 56' lang='grc' dir='ltr'><strong>..Α-ς</strong></span> <span class='ocrx_word' id='word_1_813' title='bbox 2454 5203 2674 5214; x_wconf 60' lang='grc' dir='ltr'><strong>Αηηὶηιλ</strong></span> 
     </span>
    </p>
   </div>
  </div>
