3990 5306
494 400 613 460 475
1015 354 1025 361 ’
1520 406 1859 469 ATTONIS
1906 403 2483 467 VEBCELLENSIS
2529 404 2877 468 EPISCOPI
3719 415 3796 476 ae

499 528 694 606 piendi
720 534 1101 610 perciperent,
1136 544 1424 612 quatenus
1472 542 1522 597 si
1555 542 1653 598 ille
1692 543 2010 615 accepisset
2041 558 2139 614 pa-
2171 540 2225 604 Α
2255 542 2622 611 promeretur
2651 540 2853 607 Deum,
2888 538 3029 611 quia
3057 538 3129 594 ab
3158 554 3222 595 eo
3253 556 3367 595 non
3397 539 3617 612 accipiet
3641 545 3796 602 exalta-

499 639 654 687 nem,
690 623 772 677 illi
803 643 1008 681 aurum
1039 647 1051 689 ;
1086 636 1142 683 et
1179 630 1305 685 ideo
1346 632 1455 687 sub
1495 633 1732 688 obtentu
1774 633 1943 688 istius
1983 650 2143 687 occa-
2253 628 2493 697 tionem,
2528 629 2627 682 sed
2678 627 3165 695 humiliationem,
3215 632 3272 683 et
3327 645 3434 683 non
3467 627 3801 705 laudationem,

500 712 683 768 sionis
717 714 977 787 accipere
1010 718 1261 774 nolebat.
1301 722 1365 778 Ut
1406 724 1463 776 in
1490 739 1593 793 quo
1624 724 1959 795 gloriantur,
1993 726 2140 779 inve-
2254 719 2353 772 sed
2387 716 2789 772 defectionem.
2844 718 2913 771 Et
2970 717 3077 773 hoc
3134 716 3365 788 exponit
3417 718 3803 779 SUbdend0:Sed

495 804 724 857 niantur
748 806 889 858 sicut
917 815 969 860 et
1003 822 1117 863 nos.
1152 808 1678 867 Gloriabanturisti
1711 815 1781 867 de
1812 814 2141 884 acceptione
2251 809 2418 877 quasi
2447 808 2505 859 ίη
2532 808 2876 877 insipientia,
2910 811 3049 871 ϐῒοις
3082 807 3250 877 quasi
3307 806 3545 861 diceret:
3574 810 3800 871 Quantum

497 907 829 957 munerum,
865 895 999 965 quia
1048 914 1115 950 ea
1160 900 1478 955 sanctiores
1530 918 1657 956 esse
1688 904 1993 972 putabant,
2027 920 2141 972 quo
2252 896 2321 950 ad
2356 912 2575 961 vocem,
2602 898 2662 951 in
2692 895 3327 966 hacsubstantiagloriaa
3361 893 3558 965 loquor.
3590 898 3805 970 insipien-

493 980 772 1051 gratiores
806 983 1196 1040 reddebantur
1218 986 1352 1052 illis,
1372 989 1471 1059 qui
1497 989 1770 1044 libentius
1791 991 1875 1044 eis
1894 992 2135 1045 dabant:
2252 983 2333 1038 tia
2362 984 2592 1039 videtur
2621 1002 2783 1051 esse;
2836 986 2971 1056 quia
3024 984 3361 1056 insipientia
3388 989 3473 1038 est
3498 984 3725 1042 homines
3748 1006 3805 1043 se-

494 1068 893 1125 invenirentur
923 1072 1002 1126 illi
1039 1075 1190 1129 sicut
1220 1081 1275 1129 et
1306 1078 1570 1147 apostoli,
1604 1080 1650 1131 si
1681 1080 2059 1150 accepissent.
2253 1075 2535 1144 metipsos
2565 1073 2803 1129 laudare
2825 1074 2989 1136 velle,
3024 1079 3088 1127 ut
3118 1072 3261 1127 illud
3289 1089 3303 1127 :
3336 1075 3535 1128 Laudet
3562 1082 3607 1127 te
3632 1076 3805 1145 alienis,

488 1157 635 1226 (762)
673 1158 811 1212 Nam
831 1162 1112 1230 ejusmodi,
1147 1169 1253 1218 etc.
1282 1166 1547 1227 Subdoli;
1578 1166 1683 1235 illi,
1718 1168 1775 1220 in
1805 1168 2018 1238 quibus
2054 1168 2138 1221 la—
2249 1166 2356 1215 etc.
2392 1164 2570 1231 (Prov.
2604 1180 2776 1227 XXVII.
2808 1163 2884 1233 2).
2929 1163 3219 1225 Quantum
3256 1164 3325 1216 ad
3359 1162 3701 1217 intentionem
3730 1183 3805 1220 non

492 1249 570 1299 tet
604 1246 849 1313 malum,
884 1250 941 1303 id
972 1257 1078 1315 est,
1116 1253 1211 1323 qui
1246 1252 1401 1308 aliud
1436 1262 1630 1310 mente
1671 1260 1945 1319 tractant,
1980 1257 2135 1311 aliud
2249 1255 2338 1304 est
2372 1251 2708 1321 insipientia
2738 1269 2751 1319 ;
2811 1257 2867 1306 et
2922 1252 3048 1305 ideo
3099 1251 3275 1306 dicit:
3327 1253 3495 1320 Quasi
3539 1253 3805 1319 insipientia.

492 1350 662 1405 opere
696 1342 948 1405 patrant,
982 1339 1177 1407 veluti,
1231 1344 1720 1415 pseudoapostoli.
1760 1345 1844 1399 llli
1884 1362 2138 1417 namque
2250 1359 2360 1395 non
2392 1358 2542 1395 vere.

491 1424 789 1480 Christum
844 1428 1256 1499 praedicabant,
1314 1432 1812 1505 baptismumque,
1850 1439 1959 1488 etc.
1988 1452 1999 1488 :
2035 1436 2135 1490 sed
2320 1432 2588 1497 Quoniam
2617 1432 2785 1485 multi
2813 1432 3147 1501 gloriantur,
3173 1435 3280 1485 etc.
3314 1431 3413 1485 His
3434 1431 3611 1485 verbis
3638 1433 3801 1486 denotat

493 1515 692 1567 tamen
727 1515 841 1569 alia
873 1516 1231 1587 intentione;
1256 1522 1305 1575 ei
1339 1521 1467 1577 ideo
1513 1524 1819 1595 subjungit
1853 1540 1862 1577 :
1901 1525 2136 1593 Tuansﬁ-
2244 1518 2481 1573 Judeeos
2511 1521 2837 1584 credentes,
2869 1520 2939 1574 de
2969 1518 3272 1575 nobilitate
3294 1519 3517 1589 generis
3546 1517 3803 1590 gloriantes,

493 1611 758 1670 gurantes
812 1622 867 1659 se
925 1608 981 1661 in
1032 1610 1303 1679 apostolos
1347 1612 1593 1673 Christi;
1643 1612 1917 1681 quoniam
1959 1629 2136 1667 causa
2246 1607 2624 1662 credentibus
2682 1625 2743 1662 se
2777 1624 2844 1663 ex
2900 1607 3172 1679 gentibus
3232 1608 3615 1678 praeferentes:
3658 1614 3702 1661 et
3732 1607 3800 1663 hoc
3866 1662 3873 1673 ,

492 1699 752 1761 quiestus
782 1699 838 1748 et
861 1695 1005 1749 lucri
1039 1699 1463 1766 praedicabant;
1497 1700 1742 1770 apostoli
1773 1718 1906 1756 vero
1938 1702 2134 1757 Chris-
2244 1713 2580 1767 perversum
2613 1703 2757 1762 erat,
2808 1698 2947 1767 quia
2999 1714 3114 1752 non
3165 1696 3501 1768 propagatio
3541 1696 3716 1763 carnis,
3738 1706 3796 1751 sed

486 1779 550 1847 ti,
583 1797 761 1836 causa
790 1783 997 1840 salutis
1029 1787 1381 1842 animarum.
2243 1785 2624 1850 conversatio,
2671 1791 2727 1840 et
2792 1787 3041 1841 imitatio
3082 1787 3219 1840 facit
3268 1785 3417 1841 ﬁlios
3456 1786 3685 1840 Abrahae.
3728 1786 3794 1840 Ubi

563 1872 628 1924 Et
656 1887 766 1925 non
797 1875 1021 1938 mirum,
1052 1880 1159 1929 etc.
1196 1878 1369 1939 Quasi
1419 1879 1671 1935 diceret:
1714 1881 1858 1943 Quid
1890 1883 2133 1936 mirum-
2165 1909 2211 1973 B
2243 1875 2571 1929 ostenditur
2600 1879 2828 1945 quantas
2860 1875 3208 1931 temeritatis
3229 1880 3371 1930 sunt
3400 1873 3505 1940 illi,
3532 1876 3614 1942 qui
3646 1891 3723 1944 per
3744 1891 3800 1928 sa-

490 1956 538 2014 si
568 1960 830 2015 membra
859 1964 1374 2035 transfigurantur,
1394 1985 1524 2023 cum
1554 1969 1725 2024 etiam
1760 1976 1933 2042 caput
1953 1972 1979 2025 ?
2009 1971 2132 2038 Dia,
2165 1956 2211 1973 ”
2245 1970 2608 2018 cramentum
2669 1964 2945 2033 baptismi
2980 1963 3081 2017 lilii
3114 1964 3215 2019 Dei
3246 1964 3455 2029 effecti,
3492 1965 3556 2018 de
3583 1962 3800 2017 nobilitate

488 2045 658 2101 holus
690 2065 942 2120 namque
972 2053 1213 2123 angelus
1257 2060 1345 2110 est
1377 2057 1769 2125 tenebrarum,
1812 2065 1866 2114 et
1899 2061 1944 2114 si
1976 2061 2035 2114 in
2069 2078 2135 2116 ea
2245 2054 2437 2107 carnis
2469 2052 2812 2124 gloriantur,
2844 2070 2970 2123 quae
3001 2069 3099 2107 eos
3131 2052 3349 2107 diaboli
3382 2050 3526 2106 ﬁlios
3579 2067 3801 2123 generave-

486 2136 677 2205 specie
708 2141 1061 2209 apparuerit,
1088 2148 1322 2213 quaest,
1357 2163 1472 2199 non
1493 2147 1767 2219 recipitur
1793 2167 1805 2214 ;
1837 2153 1894 2203 et
1922 2150 1992 2203 ob
2025 2149 2133 2205 hoc
2244 2146 2351 2196 Pat-

484 2239 540 2278 sc
570 2228 927 2297 transﬁgurat
958 2230 1015 2283 in
1048 2235 1302 2302 angelum
1328 2236 1484 2298 lucis,
1522 2243 1583 2290 ut
1630 2236 1858 2292 facilius
1890 2255 1952 2293 se
1981 2255 2134 2293 com-
2314 2232 2568 2286 Libenter
2596 2231 2860 2301 Saﬁertis,
2888 2235 2999 2285 etc.
3034 2236 3099 2285 In
3131 2235 3323 2301 coepta
3349 2230 3647 2285 intentione
3672 2228 3799 2282 mani-

484 2315 737 2369 mendet.
776 2316 839 2369 Et
867 2317 1001 2373 hinc
1033 2320 1195 2375 electi
1243 2324 1477 2378 solliciti
1512 2326 1857 2397 redduntur,
1892 2332 1957 2382 ut
1996 2345 2128 2383 cum
2245 2320 2420 2374 festat
2451 2336 2568 2374 suae
2609 2319 2971 2374 auctoritatis
3023 2320 3420 2374 ministerium
3451 2325 3506 2373 et
3556 2318 3798 2389 dignitatis

480 2409 743 2473 apparet,
779 2404 1085 2477 diligenter
1110 2413 1451 2481 perquirant
1477 2418 1674 2468 utrum
1698 2432 1827 2469 vere
1852 2416 1929 2469 sit
1964 2416 2126 2482 lucis,
2243 2425 2359 2479 qua
2392 2426 2502 2463 non
2538 2408 2727 2462 solum
2763 2408 3308 2480 pseudoapostolos,
3351 2408 3449 2463 sed
3479 2407 3635 2461 etiam
3662 2421 3799 2475 magos

480 2506 584 2544 nec
616 2508 705 2545 ne.
739 2493 882 2548 Hinc
913 2501 1001 2550 est
1031 2500 1183 2567 quod
1213 2501 1391 2556 Josue
1413 2504 1615 2557 videns
1647 2504 1919 2576 angelum
1954 2505 2047 2559 dix

2242 2499 2386 2569 (764)
2420 2497 2713 2552 videretur
2742 2499 3035 2565 excedere,
3072 2513 3449 2569 perseverans
3478 2496 3635 2551 dicit:
3674 2496 3798 2549 Liben-

482 2581 673 2635 Νοείεν
701 2598 774 2649 εδ,
805 2601 879 2637 an
931 2586 1390 2645 adversariorium
1422 2594 1612 2661 (Iosue
1658 2611 1709 2659 ν,
1749 2594 1871 2663 13)?
1901 2596 1968 2649 Et
1997 2612 2129 2667 apo-
2240 2595 2322 2642 ter
2350 2587 2607 2658 sli/fertis,
2640 2592 2747 2641 etc.
2784 2588 3131 2657 Insipientes
3164 2603 3422 2657 namque
3450 2585 3571 2640 illos
3598 2582 3796 2655 appellat,

484 2668 616 2722 stoli
647 2670 909 2727 videntes
939 2674 1252 2732 Dominum
1286 2680 1682 2736 ambulantem
1738 2700 1916 2755 supra
1948 2700 2125 2753 mare,
2245 2674 2344 2747 qui
2378 2676 2447 2729 de
2483 2674 2781 2729 nobilitate
2831 2675 3061 2746 generis
3092 2674 3515 2746 gloriabantur,
3563 2678 3707 2743 atque
3730 2671 3795 2723 cir-

478 2768 815 2830 pulaverunt
844 2766 1177 2834 phantasma
1195 2785 1327 2832 esse,
1356 2774 1407 2823 et
1436 2772 1809 2826 clamauerunt
1839 2774 2022 2843 (Marc.
2046 2791 2054 2804 η

2238 2764 2616 2829 cumcisione,
2651 2765 2928 2835 quoniam
2951 2764 3295 2835 insipientia
3318 2765 3487 2820 estde
3506 2762 3692 2817 talibus
3714 2758 3796 2829 glo-

481 2848 585 2915 49;
621 2853 818 2906 Matth.
852 2870 964 2923 xxv,
989 2856 1109 2926 26);
1146 2862 1203 2911 et
1236 2858 1440 2913 Petrus
1470 2860 1672 2915 videns
1704 2879 1882 2933 supra
1912 2863 2125 2917 fluctus
2237 2854 2391 2933 Piafri-
2428 2854 2587 2919 Ουοά
2620 2870 2753 2908 vero
2813 2854 2976 2921 dicit,
3033 2856 3328 2924 δαρίθηίεδν
3385 2851 3630 2907 nonnum
3657 2849 3798 2903 dicunt

481 2937 625 2991 dixit
658 2956 670 2992 :
704 2941 950 3009 Domine,
1010 2947 1060 2997 si
1089 2949 1148 2998 lu
1176 2962 1248 3013 es,
1300 2949 1434 3017 jube
1462 2966 1545 3004 me
1579 2952 1762 3005 venire
1786 2932 1858 3006 ad
1888 2960 1954 3017 te,
2016 2957 2121 3007 etc.
2235 2932 2452 2998 iI‘O'Dice
2482 2943 2704 2998 dictum
2737 2943 2938 3010 fUiSSB,
2973 2948 3031 2997 et
3057 2944 3130 2997 0b
3158 2943 3265 2998 hoc
3301 2944 3383 2998 ita
3404 2938 3718 3015 pronuntiari
3737 2937 3798 2990 de-

482 3026 699 3095 (Matlh.
735 3046 846 3099 xxv,
872 3032 987 3099 28.)
1013 3034 1254 3102 Quorum
1283 3038 1411 3106 ﬁnis
1441 3049 1580 3109 erat,
1615 3044 1721 3094 etc.
1755 3040 2127 3099 Sicutinterit
2236 3031 2391 3099 bere.
2442 3037 2507 3086 ut
2564 3031 2962 3102 intelligatur:
3024 3048 3159 3087 nam
3220 3047 3579 3103 unaquaeque
3624 3044 3696 3081 1‘89
3732 3029 3795 3079 ειη

478 3120 695 3187 venter,
729 3123 784 3172 et
811 3136 876 3175 ea
908 3138 1037 3193 quae
1070 3126 1308 3189 ventris,
1342 3133 1498 3193 sunt,
1533 3134 1589 3183 et
1619 3136 1826 3187 caetera
1858 3132 2127 3187 transito-
2237 3137 2434 3191 εθηευ,
2470 3128 2571 3176 ειη
2600 3120 3071 3192 Ρτοηυηίίθῗίοηθ
3100 3121 3467 3176 ἀίεοθνηίῖθτο
3500 3114 3788 3175 Ροίθδτθηίω

471 3203 576 3275 ria,
610 3205 691 3261 ita
719 3213 776 3263 et
802 3208 897 3265 isti
932 3210 1297 3282 interibunt;
1349 3221 1404 3270 et
1428 3234 1599 3287 quem
1635 3220 1809 3275 ﬁnem
1842 3220 2095 3276 habituri
2144 3272 2179 3287 ﬂ
2239 3209 2299 3264 in
2331 3210 2627 3265 similibus
2686 3210 2875 3264 verbis
2922 3209 3229 3264 dissimilis
3258 3226 3390 3265 esse
3446 3222 3661 3263 sensus:
3687 3199 3792 3256 verbi

478 3272 617 3348 sunt
642 3296 913 3364 adulteri,
974 3272 1575 3367 homicidameumdem
2139 3272 2181 3337 Ε
2231 3298 2438 3369 gratia,
2463 3298 2512 3352 Si
2546 3298 2756 3352 dicam:
2792 3302 2899 3352 Ρθτ
2922 3298 3268 3368 sapientiam
3284 3303 3449 3352 tuam
3464 3291 3794 3363 Ῡθοίείῖνροίθεί

480 3381 755 3440 simulate
786 3388 956 3442 bonis
979 3391 1147 3460 (763).
2234 3387 2382 3453 ﬁeri,
2401 3392 2465 3441 ut
2492 3387 2786 3442 laudando
2817 3387 2998 3453 dicas,
3034 3386 3415 3458 potestetiam
3436 3377 3790 3455 viturperando;

551 3472 761 3526 Iterum
791 3474 927 3530 ilico.
963 3476 1195 3533 Dixerat
1227 3480 1525 3550 superius:
1576 3484 1792 3538 Utinam
1829 3488 2121 3543 sustinere-
2233 3481 2291 3530 et
2334 3476 2461 3530 ideo
2493 3476 2904 3546 interrogative
2955 3475 3431 3546 pronuntiandus
3461 3477 3545 3529 est
3572 3473 3661 3525 iste
3684 3466 3796 3520 locus

481 3561 551 3613 tis
578 3560 870 3629 modicum,
901 3569 1013 3619 atc.
1041 3585 1052 3620 :
1088 3572 1142 3620 et
1191 3568 1388 3622 statim
1418 3570 1602 3624 voluit
1650 3572 1807 3627 istud
1843 3577 2076 3647 aggredi
2108 3594 2119 3643 ;
2236 3569 2300 3619 Ut
2333 3565 2561 3634 negatio
2596 3564 2980 3635 intelligatur.
3042 3564 3193 3618 sunt
3250 3564 3429 3618 etiam
3461 3557 3706 3623 110111101“.
3732 3550 3796 3648 (illi

479 3648 577 3702 sed
612 3653 807 3705 tamen
853 3654 1072 3723 Spiritu
1122 3661 1322 3710 sancto
1353 3658 1607 3714 dictante
1656 3663 1919 3731 quaedam
1952 3666 2126 3718 verba
2236 3652 2587 3724 SimpllCitef
2616 3652 2723 3707 hoc
2754 3653 2826 3706 ab
2877 3652 3153 3723 Αροειοιο
3201 3652 3423 3707 dictum
3483 3654 3665 3722 putant
3707 3656 3798 3731 qm“

478 3736 765 3805 inseruit;
800 3740 890 3795 his
934 3742 1191 3810 insertis,
1225 3746 1483 3801 derivata
1513 3730 1852 3821 intentione,
1889 3753 1957 3806 ad
2013 3770 2123 3809 σω·
2234 3747 2400 3799 erant
2426 3740 2692 3796 ΠοηΠυῙῙί
2728 3742 2877 3796 inter
2902 3742 3231 3796 corinthios
3260 3740 3568 3812 sapientes:
3597 3750 3712 3807 quos
3736 3730 3798 3823 ille

479 3828 645 3895 ptum
678 3827 940 3883 ordinem
977 3834 1303 3903 revertitur,
1338 3836 1615 3891 dicendo:
1652 3818 1856 3894 Iterum
1884 3841 2005 3897 dico
2037 3843 2053 3913 (

2236 3834 2291 3887 in
2325 3832 2516 3903 prima
2542 3829 2797 3901 Epistola
2826 3830 3179 3895 laudaverat,
3204 3834 3382 3901 atque
3412 3830 3468 3883 in
3493 3818 3799 3913 omnibus

481 3916 601 3984 quis
630 3932 715 3970 me
738 3927 890 3987 putet
920 3922 1311 3995 insipientem).
1360 3927 1476 3979 Hoc
1506 3927 1586 3981 ita
1625 3928 1783 3996 dicit,
1819 3930 1956 3999 quia
1986 3905 2057 3985 tal

2234 3921 2382 3975 vites
2413 3935 2540 3975 esse
2572 3919 2815 3983 dixerat,
2839 3918 2940 3987 qui
2962 3918 3135 3972 etiam
3160 3914 3657 3989 pseudoaposlolos
3676 3905 3797 3999 perle-

480 4002 751 4059 dicturus
782 4013 904 4062 erat
938 4009 994 4063 in
1027 4014 1576 4086 sequentibus,quaa
1608 4018 1677 4071 ad
1710 3998 1941 4075 laudem
1967 4020 2126 4076 illius
2236 4010 2476 4064 rebanti
2512 4014 2567 4062 et
2598 4008 2875 4061 adversus
2897 4004 3025 4060 ίῙῙοε
3055 3998 3798 4077 ῙοίίιιίῖυΓΑΡοδίο¹υειάί⁰θθ’

483 4094 725 4149 attinere
754 4096 934 4153 videri
966 4106 1233 4170 poterant
1263 4147 1273 4168 ,
1312 4105 1478 4175 quasi
1512 4106 1728 4161 diceret
1756 4124 1765 4162 :
1798 4108 1878 4162 Ne
1909 4116 2059 4179 putel

2239 4099 2348 4152 do:
2384 4098 2638 4151 Libenter
2692 4096 2955 4164 suﬂ'ertis,
3018 4094 3186 4165 quasi
3231 4095 3482 4149 diceret:
3542 4089 3692 4146 Miror
3732 4095 3800 4178 cur

482 4198 573 4238 me
610 4201 747 4239 meae
780 4186 974 4241 laudis
1006 4204 1183 4243 causa
1212 4189 1319 4244 hoc
1350 4192 1559 4258 dicere,
1596 4195 1696 4247 sed
1731 4175 1936 4249 vestra};
1968 4196 2124 4249 salu-
2236 4202 2336 4241 vos
2359 4185 2501 4239 adeo
2534 4183 2825 4254 sapientes
2848 4183 2991 4237 adeo
3025 4180 3543 4254 pseudoapostolos
3571 4175 3799 4232 toleratis:

479 4272 556 4327 tis
586 4291 598 4339 ;
635 4276 772 4345 quia
821 4278 1168 4333 necessitate
1200 4284 1437 4334 coactus
1470 4257 1616 4335 dico.
1650 4282 1817 4337 Sive:
1865 4288 1985 4338 Non
2021 4284 2127 4338 ali-
2240 4291 2373 4329 nam
2407 4271 2924 4344 pseudoapostolos
2971 4271 3241 4326 volebant
3288 4276 3536 4342 portare,
3566 4270 3623 4320 ut
3646 4257 3799 4353 gloria:

482 4361 615 4431 quis
648 4378 737 4416 me
754 4364 1325 4435 putetinsipientem,
1348 4366 1484 4437 quia
1508 4368 1809 4425 veritatem
1844 4372 2128 4437 dico,sive
2240 4364 2419 4419 SiOI‘eS
2452 4362 2824 4427 haberentur.
2858 4365 2914 4415 et
2944 4360 3072 4415 ideo
3090 4360 3323 4415 dﬂlebat
3346 4357 3658 4431 Αροειοίυεν
3682 4360 3801 4437 qua?”

482 4430 620 4519 quia
652 4430 773 4504 non
789 4456 975 4506 totum
1010 4430 1162 4523 quod
1185 4430 1464 4525 sapio-Et
1492 4456 1619 4512 ideo
1642 4430 2131 4529 subjunriitiAlio-
2239 4452 2486 4507 diceret:
2524 4451 2709 4513 Quare
2739 4449 2882 4504 istos
2912 4449 3177 4520 portatis,
3222 4453 3280 4505 et
3310 4430 3409 4504 me,
3434 4449 3572 4502 ferre
3599 4457 3694 4497 non
3711 4432 3801 4529 vul-I

486 4539 620 4607 quin
655 4539 799 4593 velut
831 4543 1177 4610 insipientem
1208 4546 1439 4615 accipite
1468 4563 1552 4601 me
1571 4549 1763 4618 ,'quasi
1791 4550 2005 4605 diceret
2031 4569 2042 4605 :

2237 4541 2314 4595 tis
2335 4540 2361 4594 τί
2394 4546 2501 4594 etc.
2534 4539 2864 4593 Notandum
2894 4538 3071 4605 enim,
3089 4538 3227 4609 quia
3249 4537 3479 4592 duobus
3500 4531 3669 4622 modis
3686 4525 3800 4622 electi

478 4629 653 4682 verba
698 4628 1088 4699 inspexeritis,
1124 4633 1259 4703 quia
1294 4650 1387 4688 me
1434 4617 1633 4690 videor
1662 4636 1921 4707 laudare,
1976 4639 2119 4694 insi-
2156 4639 2198 4703 D
2232 4630 2519 4700 Patienter
2551 4626 2736 4681 malos
2794 4628 3135 4697 Perierunt;
3182 4627 3324 4693 sive.
3375 4630 3440 4680 ut
3469 4640 3561 4679 608
3608 4617 3669 4673 ad
3692 4617 3801 4709 Vin“?

486 4716 741 4787 pientem
773 4735 864 4773 me
903 4735 1030 4774 esse
1088 4701 1404 4792 putabitis;
1456 4724 1504 4779 si
1551 4741 1683 4779 vero
1740 4701 2121 4783 intentionem
2159 4701 2182 4703 ὴ
2233 4717 2489 4773 veritatis
2517 4716 2746 4771 trahere
2799 4714 3063 4786 DOSSiDt:
3115 4717 3253 4780 Sive.
3288 4719 3370 4783 ut,
3403 4713 3450 4768 εί
3482 4727 3587 4766 non
3614 4701 3801 4779 Ροεείηίε

483 4808 1059 4878 perpenderitis,non
1088 4811 1481 4882 insipientem,
1507 4814 1607 4867 sed
1631 4815 2123 4888 sapientem,quia
2232 4806 2440 4861 saltem
2474 4821 2673 4860 eorum
2706 4804 2990 4874 Patientia
3020 4809 3442 4859 remuneretur-

484 4898 812 4967 agnoscetis
844 4916 935 4954 me
967 4900 1151 4954 facere
1182 4917 1358 4955 causa
1376 4900 1583 4957 salutis
1606 4902 1887 4972 aliorum;
1916 4914 1974 4959 ut
2002 4922 2116 4976 ego,
2262 4920 2271 4927 ‘
2299 4896 2594 4949 διιειῖηϐιίδ
2623 4895 2794 4961 enim,
2826 4897 2935 4948 etc-
2971 4893 3123 4955 QUOS
3155 4892 3239 4947 illi
3300 4888 3663 4947 sustinebant:
3690 4888 3800 4971 mm?

481 4987 633 5042 sicut
661 4986 764 5053 illi,
800 4988 1068 5043 modicum
1098 4989 1230 5059 quid
1258 4991 1483 5059 glorier,
1518 4991 1656 5061 quia
1679 4991 1761 5045 illi
1794 4993 2067 5049 multum:
2230 4984 2436 5055 ίτιοίρίῖ
2466 4982 2864 5046 ῐηθιηίῗθεῖατθν
2897 4982 3236 5037 sumendo:
3270 4981 3332 5036 δέ
3358 4982 3453 5053 (ἰαί
3477 4993 3565 5033 vos
3604 4976 3653 5028 in

552 5075 698 5142 Quod
726 5077 932 5146 loquor,
966 5093 1075 5131 non
1106 5054 1296 5149 loquor
1332 5054 1633 5133 secundum
1663 5084 1877 5135 Deum:
1918 5083 1973 5136 id
2010 5087 2120 5147 est,
2228 5077 2401 5127 tatem
2430 5073 2658 5140 redigit,
2682 5071 2741 5124 id
2773 5074 2881 5135 est.
2914 5070 3081 5142 legis,
3104 5070 3243 5141 quia
3270 5071 3341 5125 ad
3368 5069 3473 5124 hoc
3502 5054 3799 5120 laborabant’

478 5165 627 5196 (IIIan
667 5180 756 5196 mn
812 5164 986 5196 ιιι-πλη
1061 5172 1343 5196 ηι-ηηιιιννς
1400 5169 1467 5196 nr‘
1503 5183 1697 5196 cut-snam
1768 5185 1877 5196 una
1920 5170 2048 5196 ..κο-.-

2232 5166 2291 5196 ιιι
2321 5160 2581 5196 οοιηυίὓιιὶῖ
2613 5159 2926 5196 nnl’xdoranf
2958 5176 3056 5196 nnc:
3090 5158 3233 5196 Ιοηῖα
3260 5176 3271 5188 -
3297 5159 3412 5196 οἰυο
3457 5149 3794 5196 inservitum”.
