3990 5306
137 454 251 517 ΛΠ

682 455 1097 521 EXPOSITlO
1140 455 1220 519 ΙΝ
1268 454 1697 517 EPISTOLAS
1740 452 1998 517 PAULI.
2032 485 2111 497 —-
2139 453 2218 515 IN
2262 455 2515 519 EPIST.
2562 454 2615 518 ΙΙ
2659 456 2764 518 AD
2808 454 2981 518 COR.

3423 450 3541 514 478

140 593 228 645 tes
284 586 620 644 Judmorum
679 588 739 644 in
798 589 1087 662 plebibus,
1122 566 1300 663 quam
1324 606 1480 645 nunc
1529 587 1783 659 episcopi
1814 588 1869 653 Α
1901 586 2028 641 brio
2058 589 2500 655 manutenebat,
2534 605 2669 644 cum
2700 588 2891 644 tribus
2926 602 3061 643 vero
3086 584 3465 660 percutiebat,
3497 568 3556 643 οῖ

138 678 196 733 in
226 675 496 749 plebibus
525 683 807 733 exercent.
842 679 902 734 Si
930 682 1026 751 qui
1054 682 1272 738 devorat
1301 702 1314 751 ;
1349 683 1385 739 il
1420 689 1529 756 est,
1578 686 1626 741 si
1658 685 1792 757 quis

138 771 329 824 vestra
357 767 671 823 consumit:
706 785 840 823 nam
876 768 957 823 illi
989 787 1188 827 curam
1234 775 1453 830 ventris
1510 775 1787 846 praedica-

140 856 314 921 bant;
349 855 505 910 unde
536 856 686 912 idem
723 858 1069 928 Apostolus:
1130 862 1379 930 Quorum
1442 865 1577 919 Deus
1608 872 1796 919 venter

139 949 218 1001 est
239 945 513 1018 (Philipp.
550 962 633 1011 ιιι,
670 947 777 1014 19).
812 947 875 1003 Si
901 950 1022 1021 quis
1045 951 1287 1021 accipit;
1328 950 1383 1007 id
1416 957 1526 1023 est,
1562 953 1609 1007 si
1660 952 1794 1024 quis

142 1033 287 1105 rapit
318 1050 446 1105 quae
479 1039 671 1090 vestra
702 1040 880 1105 sunt;
910 1038 1067 1093 unde
1099 1039 1277 1095 etiam
1312 1040 1493 1096 Graeci
1530 1047 1793 1113 raptores

143 1121 448 1194 accipitres
478 1131 703 1195 vocant,
737 1130 794 1180 et
823 1142 927 1181 nos
956 1126 1089 1182 illas
1141 1145 1296 1195 aves,
1350 1146 1479 1201 quas
1536 1128 1792 1186 sollicita:

144 1215 276 1267 sunt
306 1209 450 1267 alias
482 1227 710 1284 capere,
773 1214 1080 1286 accipitres
1139 1217 1412 1272 dicimus.
1439 1217 1719 1274 Similiter
1739 1222 1795 1272 et

137 1298 230 1353 isti
260 1298 645 1371 accipiebant,
679 1301 817 1373 quia
847 1303 1170 1372 rapiebant.
1204 1305 1269 1360 Si
1323 1308 1450 1375 quis
1504 1307 1796 1361 extollitur

139 1386 609 1455 Extollebautur,
640 1391 778 1461 quia
806 1392 875 1446 de
898 1393 1321 1464 superstitione
1351 1394 1566 1466 gentis,
1620 1400 1795 1466 atque

150 1476 594 1533 circumcisione
624 1478 1047 1550 gloriabantur.
1080 1482 1144 1537 Si
1181 1485 1305 1554 quis
1334 1485 1394 1538 in
1449 1486 1649 1555 [aciem
1706 1498 1796 1538 vos

142 1565 317 1622 caedit.
354 1566 417 1620 In
451 1566 595 1622 facie
627 1585 882 1641 namque
932 1570 1153 1626 cedere
1211 1577 1319 1637 est,
1381 1578 1575 1644 aperte
1624 1572 1793 1627 dero-

138 1670 266 1727 gare
300 1659 479 1727 atque
504 1657 768 1712 convicia
796 1658 1034 1715 inferre.

203 1742 519 1799 Secundum
546 1746 954 1813 ignobilitatem
974 1748 1113 1804 dico.
1150 1750 1296 1815 Quia
1337 1749 1479 1805 talia
1526 1750 1795 1806 dicturus

141 1837 255 1887 erat
287 1832 351 1887 in
384 1835 802 1905 sequentibus;
836 1836 991 1891 unde
1021 1841 1247 1908 poterat
1274 1838 1455 1894 videri
1517 1838 1752 1911 gloriari
1779 1857 1792 1895 :

140 1920 356 1977 idcirco
387 1922 691 1993 praemisit,
723 1925 1015 1981 secundum
1045 1927 1449 1996 ignobilitatem
1475 1946 1488 1996 ;
1516 1927 1793 1999 quoniam
1826 1953 1872 2020 B

141 2009 207 2064 ad
233 2008 553 2066 stultitiam
586 2012 795 2068 attinet
825 2014 998 2069 alicui
1032 2015 1103 2070 de
1156 2017 1471 2088 semetipso
1531 2015 1792 2087 gloriari.

144 2098 310 2166 Quasi
336 2115 449 2154 non
476 2101 691 2170 inﬁrmi
716 2103 995 2173 fuerimus
1022 2107 1082 2158 in
1109 2105 1211 2159 hac
1236 2108 1431 2176 parte;
1464 2104 1521 2159 id
1565 2110 1675 2172 est,
1735 2104 1795 2160 in

143 2191 301 2259 parte
358 2187 745 2261 gloriationis.
805 2193 980 2257 Quasi
1039 2192 1289 2248 diceret:
1352 2193 1409 2249 Si
1443 2192 1526 2247 illi
1558 2192 1795 2267 gloriari

145 2274 361 2342 volunt,
393 2280 451 2331 et
480 2293 588 2333 nos
617 2276 853 2350 gloriari
891 2296 1209 2351 possumus
1235 2299 1248 2348 ;
1273 2282 1551 2353 quoniam
1576 2282 1795 2336 infirmi

150 2363 204 2418 in
229 2363 341 2429 his,
372 2366 527 2421 unde
559 2366 671 2438 ipsi
704 2367 1050 2440 gloriantur,
1076 2387 1190 2425 non
1225 2373 1523 2427 sumuan
1545 2388 1653 2444 quo
1676 2373 1797 2443 quis

144 2452 300 2507 audet
328 2452 592 2525 (gloriari
625 2456 1019 2529 subauditur).
1057 2458 1230 2521 Quasi
1265 2459 1520 2525 diceret,
1573 2460 1631 2513 Si
1692 2476 1794 2514 au-

144 2540 234 2594 det
265 2539 495 2614 aliquis
528 2543 587 2597 in
619 2544 725 2599 hoc
747 2544 1065 2619 gloriari,et
1095 2563 1193 2616 ego
1224 2549 1498 2604 audean
1531 2549 1795 2620 insipien-

134 2630 210 2684 tia
238 2630 387 2686 dico.
414 2631 485 2686 Et
513 2632 653 2704 quia
684 2650 745 2689 se
776 2633 1126 2692 laudaturus
1148 2641 1293 2704 erat,
1326 2636 1543 2694 idcirco
1567 2638 1796 2709 praemi-

131 2715 224 2783 sit,
259 2720 327 2773 in
359 2720 691 2791 insipientia
722 2724 864 2779 dico.

200 2806 406 2861 Semen
438 2809 675 2866 Abrahae
702 2813 851 2878 sunt,
883 2816 1017 2881 etc.,
1051 2829 1237 2884 usque
1269 2814 1368 2869 ubi
1400 2814 1541 2869 dicit
1572 2833 1584 2869 :
1634 2816 1798 2873 Mini-

131 2897 241 2951 stri
270 2897 481 2953 Christi
509 2906 653 2952 sunt.
678 2898 749 2953 Et
778 2899 917 2969 quia
945 2899 1212 2955 dicturus
1242 2904 1523 2973 erat,plus
1564 2920 1655 2974 ego
1687 2904 1796 2958 mi-

134 2984 353 3051 nister,
386 2984 518 3038 ideo
551 2986 854 3055 praemisit,
886 2991 949 3042 ut
979 2990 1164 3042 minus
1185 2991 1443 3059 Isapiens.
1498 2991 1563 3044 Et
1622 3008 1799 3061 quare

133 3072 391 3126 dixisset
417 3070 567 3143 plus,
596 3072 804 3144 incipit
833 3075 1206 3131 manifestare
1236 3079 1293 3130 in
1321 3078 1600 3133 laboribus
1628 3079 1802 3149 pluri-

128 3162 274 3213 mis.
312 3157 574 3230 Cceperat
602 3159 759 3232 loqui
792 3164 1335 3236 pseudoapostolis;
1370 3167 1470 3220 scd
1498 3170 1692 3221 tamen
1727 3168 1799 3222 ad

128 3249 331 3303 bonos
362 3247 658 3319 apostolos
690 3250 888 3306 referri
920 3256 1112 3323 potest
1140 3254 1295 3325 quod
1327 3254 1500 3310 dicit:
1550 3256 1614 3309 In
1645 3255 1795 3310 labo-

1901 675 1998 730 ille
2030 681 2357 748 prostratus
2388 684 2522 732 ante
2553 695 2687 733 eum
2710 678 3050 750 jacebat.Ac
3083 694 3185 750 per
3212 677 3320 733 hoc
3351 683 3546 734 osten-

1901 765 2064 819 ditur
2091 766 2230 837 quia
2260 768 2319 820 in
2350 768 2577 822 decima
2608 767 2981 839 percussione
3040 767 3451 839 trigenarium,
3485 768 3543 822 in

1900 860 2067 912 terna
2097 873 2228 912 vero
2260 856 2633 912 novenarium
2667 857 2951 929 explebat.
2984 857 3039 912 Si
3072 857 3228 912 enim
3300 861 3552 928 quatuor

1904 946 2842 1018 percussisset,quadragenarium
2866 946 3290 1018 explesset.Sed
3319 945 3368 1000 si
3393 963 3550 1017 quaa-

1904 1052 1999 1091 ras
2033 1036 2376 1108 mysterium
2433 1036 2603 1104 (768),
2666 1051 2846 1105 quare
2893 1035 2984 1090 lex
3014 1036 3124 1091 hoc
3158 1036 3548 1108 praecepisset,

1905 1126 2226 1181 notandum
2244 1125 2383 1195 quia
2406 1124 2904 1195 quadragenarius
2919 1140 3201 1180 numerus
3213 1124 3549 1180 conﬂictum

1904 1214 2079 1270 istius
2099 1214 2227 1267 vita:
2250 1213 2550 1284 praesentis
2566 1213 2857 1285 designat.
2884 1214 2949 1267 Et
2974 1214 3138 1279 bene;
3177 1213 3313 1284 quia
3342 1213 3558 1269 diffusa

1904 1319 2006 1375 per
2036 1307 2286 1373 quatuor
2318 1301 2520 1355 mundi
2553 1301 2790 1355 climata
2818 1317 2951 1356 cum
2983 1301 3254 1365 decalogo
3277 1303 3557 1357 adversus

1902 1390 2147 1445 insidias
2176 1389 2393 1444 diaboli
2426 1389 2686 1455 dimicat,
2711 1396 2776 1444 ut
2804 1392 2943 1445 vitia
2972 1390 3197 1461 patraia
3226 1395 3432 1463 tergat.
3461 1392 3556 1443 Ter

1901 1481 2076 1549 virgis
2103 1495 2271 1535 caesus
2299 1495 2437 1533 sum.
2475 1478 2823 1551 Flagellatus
2854 1496 2888 1534 a
2932 1480 3154 1534 Judaais
3212 1478 3547 1555 quinquies,

1904 1586 2008 1642 per
2036 1584 2516 1640 unamquamque
2539 1568 2720 1623 vicem
2750 1567 3085 1640 trigenas,ei
3118 1583 3371 1623 novenae
3393 1583 3550 1623 acce-

1904 1663 2104 1731 perat;
2141 1656 2467 1727 ﬂagellatus
2516 1674 2549 1711 a
2592 1656 2886 1727 gentibus,
2919 1657 3059 1728 quia
3117 1673 3231 1712 non
3280 1657 3546 1712 eamdem

1904 1747 2090 1819 legem
2123 1745 2636 1819 servabant,virgis
2667 1762 2801 1800 eum
2825 1745 3377 1801 cascideruntSemel
3408 1746 3550 1818 lapi-

1903 1836 2064 1890 datus
2091 1852 2209 1890 sum
2268 1838 2405 1906 (Act.
2464 1853 2579 1902 XIV,
2646 1835 3274 1907 l8).quemadmodum
3308 1834 3549 1906 Lystris.

1905 1927 2001 1981 Ter
2029 1926 2389 1997 nau/ragium
2414 1927 2521 1992 feci
2549 1924 2683 1995 (Act.
2717 1941 2855 1992 xvn,
2883 1926 2915 1979 4
2957 1927 2973 1994 )
3001 1942 3014 1991 ;
3048 1923 3188 1995 quia
3217 1924 3554 1995 frequenter

1906 2014 2239 2085 navigabat,
2271 2014 2399 2068 ideo
2451 2013 2821 2085 naufragium
2878 2014 3243 2084 patiebatur:
3303 2028 3439 2067 nam
3471 2012 3553 2068 ita

1906 2102 2051 2158 solet
2085 2103 2312 2157 evenire
2341 2102 2676 2174 frequenter
2705 2102 3135 2174 navigantibus.
3168 2101 3327 2157 Nocte
3380 2109 3431 2156 et
3458 2101 3551 2156 die

1906 2194 1963 2247 in
1989 2193 2264 2264 profundo
2295 2193 2465 2247 maris
2492 2193 2598 2262 fui.
2631 2190 2686 2245 Si
2720 2192 2892 2246 fidem
2926 2190 3184 2262 antiquis
3215 2189 3549 2245 doctoribus

1906 2282 2074 2353 cupis
2104 2281 2565 2346 accommodare,
2590 2297 2707 2335 non
2739 2280 2905 2335 aliter
2930 2284 3019 2335 est
3076 2277 3542 2350 intelligendum,

1907 2387 2085 2442 quam
2118 2375 2321 2425 sonat:
2358 2370 2414 2424 id
2447 2368 3008 2440 est.intelligendum
3030 2372 3118 2423 est
3144 2383 3281 2422 eum
3306 2369 3415 2422 sub
3438 2384 3546 2421 un-

1906 2460 1995 2514 dis
2023 2459 2265 2514 marinis
2298 2458 2559 2513 latuisse.
2592 2458 2705 2513 Sed
2736 2474 2849 2513 non
2882 2458 3051 2513 debet
3080 2456 3256 2511 alicui
3299 2454 3551 2510 incredi-

1907 2548 2021 2603 bile
2048 2548 2252 2619 videri,
2285 2550 2439 2619 quod
2471 2546 2566 2602 ille
2599 2548 2670 2602 ab
2702 2547 2879 2601 undis
2909 2563 3024 2601 non
3057 2544 3166 2600 fuit
3196 2549 3397 2600 nectus
3445 2557 3550 2598 nec

1905 2636 2083 2691 etiam
2114 2653 2147 2690 a
2177 2636 2381 2691 bestiis
2410 2640 2466 2690 et
2486 2634 2697 2690 belluis
2715 2633 2959 2689 marinis
2980 2637 3388 2704 consumptus,
3412 2646 3551 2702 quo-

1816 2730 1821 2733 ’
1905 2725 2063 2779 niam
2092 2724 2287 2780 divina
2316 2725 2688 2780 miseratione
2719 2724 2827 2778 fuit
2880 2724 3138 2793 ejectus;
3196 2721 3447 2776 maxime
3476 2720 3548 2776 ob

1905 2814 2035 2883 hoc,
2071 2815 2209 2885 quia
2224 2815 2426 2869 Petrus
2448 2831 2625 2885 super
2647 2814 2834 2868 undas
2854 2813 3033 2867 maris
3057 2810 3397 2866 ambulavit.
3422 2810 3547 2865 Ma-

1904 2919 2087 2975 gnum
2118 2903 2272 2958 enim
2305 2903 2414 2957 fuit
2446 2902 2608 2969 illud,
2643 2901 2742 2956 sed
2774 2905 2970 2955 tamen
2992 2900 3149 2955 istud
3176 2916 3289 2954 non
3308 2898 3553 2954 inferius

1907 2991 2026 3046 illo.
2058 2992 2167 3045 Sed
2202 2991 2250 3045 si
2281 2992 2365 3046 vis
2399 2992 2470 3046 ad
2503 2990 2844 3063 mysterium
2877 2990 3023 3060 (769)
3070 2989 3302 3053 referre,
3336 2985 3551 3041 Paulus

1908 3079 2229 3151 naufragiis
2257 3086 2367 3133 sub
2403 3079 2576 3133 undis
2608 3077 2851 3142 marinis
2872 3077 3286 3144 latens,divina
3314 3075 3552 3130 misera-

1907 3168 2067 3222 tione
2094 3172 2322 3222 erectus
2351 3168 2521 3238 (770),
2567 3166 2864 3238 signiﬁcat
2913 3166 3222 3231 eruendus,
3283 3164 3382 3235 qui
3436 3180 3551 3218 non

1909 3254 2101 3310 solum
2125 3254 2508 3310 exterioribus
2537 3252 2990 3308 adversitatibus
3032 3252 3393 3323 afﬂiguntur,
3450 3251 3551 3306 sed

128 3336 293 3391 ribus
306 3336 579 3407 plurimis
606 3355 620 3406 ;
652 3355 788 3394 nam
812 3341 1070 3396 ostendit
1097 3357 1196 3396 eos
1227 3342 1449 3398 instare
1471 3342 1789 3414 laboribus,
1824 3318 1868 3384 δ
1907 3343 2082 3399 etiam
2113 3359 2248 3398 cum
2270 3344 2341 3397 ad
2375 3346 2624 3398 mortem
2655 3340 3031 3407 venerint,vel
3062 3340 3236 3395 rebus
3256 3338 3550 3394 saeculari-

131 3423 333 3495 magis
359 3429 554 3480 tamen
587 3428 784 3484 seisto
815 3444 1084 3484 sermone
1135 3430 1334 3485 omnia
1387 3430 1489 3486 illa
1545 3448 1796 3503 sequen-

132 3511 214 3567 tia
246 3512 689 3583 comprehendi,
724 3518 784 3571 In
818 3519 1130 3573 carceribus
1186 3519 1584 3575 abundantius.
1648 3522 1794 3577 Cum

131 3598 317 3656 dicit:
354 3602 757 3669 Abundantius,
790 3608 1045 3661 ostendit
1074 3608 1249 3663 etiam
1302 3624 1401 3663 eos
1454 3609 1513 3664 in
1566 3626 1794 3666 carcere

132 3688 450 3752 detrusos;
480 3692 581 3747 sed
612 3696 809 3749 tamen
840 3694 948 3750 iste
964 3695 1790 3769 abundantius,quiainstanti

132 3777 550 3847 praedicatione
581 3780 777 3837 odium
812 3782 1060 3838 aliorum
1084 3785 1392 3840 adversum
1415 3787 1789 3854 seexcitabat,

133 3866 288 3921 unde
323 3868 382 3922 in
413 3884 646 3924 carcere
686 3870 1079 3927 detinebatur.
1131 3874 1195 3927 In
1248 3874 1432 3944 plagis
1459 3891 1629 3945 supra
1682 3892 1794 3930 mo-

134 3952 262 4009 dum
286 3972 310 4017 ;
342 3955 399 4010 id
430 3961 538 4023 est,
571 3961 629 4013 et
657 3963 884 4027 caetera,
914 3965 971 4015 et
1000 3960 1113 4015 ista
1143 3978 1320 4033 super
1360 3977 1696 4017 mensuram
1728 3965 1791 4019 In

136 4045 408 4099 mortibus
490 4049 830 4119 frequenter,
890 4053 978 4103 etc
1059 4049 1128 4104 Et
1184 4050 1320 4122 quid
1381 4054 1554 4118 esset,
1632 4053 1787 4122 quod

137 4147 317 4204 supra
373 4133 633 4191 dixerat:
694 4138 758 4192 In
840 4138 1039 4208 plagis,
1128 4143 1258 4207 etc.,
1321 4156 1476 4194 nunc
1531 4138 1785 4210 exponit,

136 4220 417 4277 dicendo:
478 4224 515 4277 Α
603 4224 804 4280 Iudaeis
912 4228 1219 4299 quinquies,
1298 4233 1432 4298 etc.,
1515 4226 1573 4282 id
1676 4233 1783 4296 est,

137 4310 303 4380 quasi
329 4313 905 4386 transgressorlegis.
925 4315 1069 4371 Nam
1096 4323 1447 4388 praeceptum
1472 4316 1619 4389 legis
1639 4321 1782 4384 erat,

138 4402 198 4452 ut
225 4398 276 4453 si
310 4399 446 4470 quis
475 4406 880 4474 transgressor
900 4405 1164 4476 ejusdem
1190 4405 1480 4474 existeret,
1501 4408 1572 4462 ad
1600 4408 1784 4477 majo-

138 4501 224 4541 res
250 4491 397 4543 natu
426 4489 835 4557 deduceretur,
867 4497 924 4546 ct
956 4492 1005 4547 si
1037 4494 1433 4549 decrevissent
1468 4501 1533 4549 ut
1582 4494 1785 4565 ﬂagel-

139 4572 373 4643 laretur,
405 4577 534 4649 ipsa
562 4578 873 4650 ﬂagellatio
905 4582 1435 4653 quadragenarium
1470 4599 1783 4637 numerum

1906 3432 2019 3487 bus
2047 3432 2233 3504 operti
2264 3432 2460 3487 divina
2491 3431 2864 3487 miseratione
2894 3430 3235 3485 liberantur.
3287 3433 3389 3484 Per
3445 3428 3548 3484 Pe-

1904 3525 2060 3575 trum
2094 3538 2371 3592 namque,
2403 3521 2501 3592 qui
2536 3537 2711 3593 super
2743 3520 2931 3575 undas
2963 3519 3144 3574 maris
3186 3518 3543 3575 ambulando

1904 3609 2209 3678 dubitavit,
2244 3616 2299 3665 et
2329 3610 2402 3665 ob
2433 3610 2542 3665 hoc
2574 3610 2757 3681 mergi
2788 3608 2983 3682 ccepit,
3023 3609 3124 3663 sed
3158 3623 3290 3663 mox
3344 3611 3543 3662 tamen

1904 3715 2080 3753 manu
2113 3699 2309 3754 divina
2340 3702 2707 3754 sustentatus
2724 3699 2897 3766 est,id
2919 3702 3010 3753 est
3033 3697 3218 3753 sancti
3239 3696 3552 3769 designau-

1900 3787 2121 3858 tur,qui
2152 3788 2417 3859 injuncta
2447 3788 2559 3843 fide
2589 3788 3040 3843 adversitatibus
3061 3785 3372 3841 istiusvitaa
3402 3801 3547 3856 pra:-

1900 3876 2085 3931 sentis
2139 3878 2440 3931 calcantur
2493 3878 2664 3949 (771),
2724 3882 2781 3930 et
2837 3876 2885 3931 si
2960 3875 3287 3948 contigerit,
3371 3877 3437 3928 ut
3489 3874 3548 3927 in

1899 3965 2096 4035 aliquo
2129 3971 2494 4034 moveantur,
2526 3964 2707 4019 veluti
2740 3964 3029 4031 homines,
3087 3963 3280 4018 divina
3338 3963 3548 4034 pietate

1898 4052 2501 4108 elevantur.Nonnulli
2522 4052 3223 4123 intelliguntprofundum
3238 4051 3416 4107 maris
3430 4067 3548 4106 non

1896 4140 2067 4213 longe
2098 4159 2133 4197 a
2159 4147 2335 4197 terra.

1967 4234 2028 4287 In
2059 4232 2347 4287 itineribus
2375 4245 2559 4301 saepe;
2588 4228 2728 4301 quia
2754 4230 2827 4285 de
2856 4229 2980 4285 loco
3000 4228 3073 4283 ad
3099 4228 3290 4283 locum
3315 4228 3541 4284 discur-

1896 4321 2077 4391 rebat,
2107 4326 2169 4377 ut
2199 4321 2466 4376 infideles
2496 4321 2567 4375 ad
2603 4320 2777 4374 finem
2805 4317 3078 4386 traheret,
3105 4316 3303 4373 fideles
3317 4334 3452 4373 vero
3483 4318 3543 4374 in

1896 4411 2007 4465 fide
2038 4412 2456 4467 corroboraret.
2490 4410 2759 4465 Periculis
2796 4412 3110 4480 ﬂuminum.
3145 4407 3341 4463 Potuit
3386 4407 3542 4464 enim

1895 4500 2040 4566 fieri,
2074 4505 2138 4555 ut
2166 4500 2378 4555 hiemis
2404 4506 2664 4571 tempore
2694 4500 2836 4555 isset
2867 4515 2983 4570 quo
3013 4498 3260 4552 ﬂumina
3303 4497 3542 4553 modum

1894 4590 2201 4656 excedunt,
2235 4588 2405 4643 utilli
2437 4588 2654 4644 volenti
2686 4589 2936 4644 transire
2970 4586 3339 4643 obstaculum
3397 4604 3541 4657 prae-

142 4678 250 4718 non
281 4665 607 4732 excederet,
641 4683 712 4723 ne
734 4666 880 4723 forte
911 4669 1057 4724 foede
1088 4669 1416 4742 ﬂagellatus
1467 4672 1646 4727 frater
1694 4673 1785 4743 ja-
1818 4684 1865 4747 D
1896 4678 2183 4746 buissent,
2218 4684 2275 4734 et
2330 4678 2403 4732 ob
2454 4678 2563 4733 hoc
2620 4678 2903 4749 pericula.
2936 4678 3207 4733 Periculis
3260 4677 3540 4731 latronum

140 4758 287 4808 ceret
315 4757 450 4809 ante
478 4752 679 4811 oculos
724 4756 853 4827 ejus
910 4758 1074 4826 (Deut
1129 4776 1258 4827 xxv,

142 4839 412 4896 traditum
438 4848 577 4899 esta
596 4844 920 4915 majoribus
940 4846 1298 4919 ipsorum,ut
1319 4850 1559 4922 triginta
1575 4866 1781 4906 novem

142 4931 542 4997 percussiones
570 4932 947 5003 darentur,ne
970 4934 1260 5008 loquendo
1282 4940 1785 5012 quadragenarius

142 5019 522 5085 excederetur,
552 5025 609 5076 et
636 5027 1038 5097 trausgressor
1068 5024 1212 5098 legis
1243 5029 1600 5084 redderetur.
1637 5028 1784 5085 Dicit

144 5104 287 5160 enim
318 5108 474 5165 Beda
504 5111 656 5180 quod
688 5111 745 5165 in
780 5112 953 5179 libro,
989 5129 1162 5184 quem
1194 5116 1245 5171 ei
1293 5118 1580 5174 detulerat
1635 5135 1781 5175 suus

144 5192 302 5218 -L---
337 5198 485 5218 rnatu
523 5199 577 5218 xl
621 5199 755 5220 _-_.L-
810 5203 850 5220 τι

1342 4761 1379 4832 ).
1419 4760 1618 4817 Postea
1647 4777 1781 4817 vero
1891 4768 2137 4822 Videbat
2161 4767 2318 4822 enim
2350 4766 2619 4821 diabolus
2650 4767 2990 4821 aviditatem
3019 4765 3201 4827 illius.
3258 4764 3413 4835 quod
3443 4762 3541 4819 ille

1894 4874 2000 4913 sua
2032 4854 2442 4928 prasdicati‘one
2464 4854 2681 4910 multos
2706 4855 2931 4911 salvare
2951 4853 3158 4909 vellet:
3184 4850 3543 4907 multietiam

1894 4949 2061 5001 erant
2092 4942 2461 5013 salvandi,'et
2490 4941 2731 5013 salvati;
2764 4945 2899 4999 ideo
2957 4945 3214 5002 latrones
3268 4943 3547 5002 adversus

1896 5051 2027 5090 cum
2059 5036 2371 5101 excitabat,
2403 5037 2470 5088 ut
2499 5032 2600 5103 qui
2632 5033 2691 5089 in
2724 5035 2966 5090 civitate
2995 5036 3279 5107 exstingui
3309 5048 3426 5089 non
3455 5048 3556 5103 po-

1893 5128 2061 5191 terat,
2097 5124 2304 5182 saltem
2338 5141 2372 5178 a
2400 5122 2735 5180 latronibus
2767 5121 3321 5194 extingueretur.Et
3362 5120 3423 5173 in
3452 5119 3561 5174 hoc

3290 5209 3309 5228 j
3328 5207 3567 5228 -ι·-..-ι.-ι
