3990 5306
463 386 581 450 479
1488 401 1826 465 ATTONIS
1872 401 2457 466 VERCELLENSIS
2502 405 2853 470 EPISGOPI
3704 412 3788 478 480

462 530 765 584 ternarum
802 532 1181 588 traditionum
1210 535 1603 594 simulatorem
1640 538 2105 612 (Gat.1,14),adeo
2135 538 2190 603 Α
2220 545 2521 611 penetrare
2542 541 2570 595 ‘?
2601 542 2703 598 llle
2733 542 2889 598 enim
2911 542 3165 599 exterius
3187 542 3616 599 adversitatibus
3632 544 3790 617 afﬂige-

462 624 527 670 ut
556 618 844 690 acciperet
872 623 1241 693 epistolas,ut
1270 626 1317 681 si
1350 645 1496 698 quos
1518 628 1800 686 inveniret
1829 631 2107 685 Cbristia-
2218 629 2410 697 batur,
2447 631 2693 687 interius
2715 650 2850 687 vero
2871 632 3262 687 sollicitudine
3283 633 3787 701 torquebatur,remi-

463 723 569 762 nos
601 710 736 774 (Act.
780 728 856 775 1x,
924 714 979 781 2)
1040 718 1173 781 etc.,
1236 720 1631 785 agnoscebant
1690 720 1782 775 his
1832 720 2106 775 omnibus
2218 719 2449 775 niscens
2478 722 2630 793 quod
2658 726 2963 777 monuerat
2991 722 3262 794 (Philipp.
3298 738 3360 791 ιι,
3392 723 3463 792 4),
3516 738 3614 776 non
3676 741 3791 795 quae.

463 813 826 869 repugnare:
860 804 916 856 et
939 802 1068 857 ideo
1100 808 1559 873 persecutionem
1594 810 2103 865 inferebantPeri-

452 888 593 939 culis
622 892 694 943 ex
716 891 983 957 gentibus.
1020 892 1303 949 Dolebant
1334 897 1489 951 enim
1522 900 1768 969 gentiles
1798 917 1931 954 eum
1968 918 2105 971 pras-

456 974 650 1030 dicare
671 977 880 1034 Christi
915 983 1785 1057 passionem,resurrectionem,
1818 994 1993 1059 atque
2031 990 2099 1043 ad

451 1064 626 1119 caelos
657 1068 1105 1137 Ascensionem;
1141 1076 1196 1126 et
1226 1075 1365 1143 quia
1400 1075 1574 1131 unius
1606 1077 1704 1130 Dei
1739 1077 2002 1131 notitiam
2041 1078 2100 1133 in

452 1154 724 1210 cordibus
758 1156 1062 1214 hominum
1098 1162 1449 1231 inculcabat,
1484 1169 1539 1219 et
1566 1165 1718 1219 idola
1740 1167 2098 1231 destruebat,

448 1246 504 1297 et
526 1244 597 1298 ob
630 1244 737 1299 hoc
769 1250 1231 1316 persecutionem
1264 1252 1608 1307 inferebant.
1643 1256 1909 1309 Periculis
1942 1258 1996 1309 in
2021 1257 2097 1310 ci-

450 1338 633 1388 vitate.
664 1334 854 1390 Veluti
887 1337 945 1390 in
978 1338 1280 1408 Damasco,
1318 1343 1417 1396 ubi
1448 1343 1531 1397 ita
1558 1344 1663 1397 fuit
1705 1345 2000 1415 astrictus,
2034 1350 2099 1400 ut

452 1423 675 1477 aditum
702 1424 958 1495 fugiendi
994 1444 1107 1482 non
1142 1429 1623 1497 inveniret,sedin
1658 1438 1855 1504 sporta
1877 1436 2096 1489 missus

448 1528 551 1583 per
605 1513 919 1569 fenestram
1005 1518 1155 1571 muri
1244 1537 1277 1573 a
1360 1521 1637 1577 fratribus
1710 1523 2097 1592 deponeretur

449 1602 528 1671 (II
558 1602 758 1669 Comm,
786 1606 896 1674 33).
928 1607 1198 1663 Periculis
1226 1611 1286 1662 in
1314 1612 1644 1665 solitudine.
1682 1612 1957 1667 Diabolus
1993 1614 2092 1667 ad-

445 1707 649 1747 versus
680 1710 813 1747 eum
839 1696 1178 1763 suscitabat,
1214 1702 1319 1753 etc.
1356 1701 1629 1754 Periculis
1659 1702 1717 1755 in
1747 1704 2092 1768 mari.Qua3-

447 1780 717 1846 rendum,
750 1799 882 1837 cum
916 1785 1187 1855 superius
1219 1786 1496 1843 dixisset:
1546 1791 1709 1844 Nocte
1763 1795 1814 1845 et
1866 1791 1955 1845 die
2012 1793 2094 1845 in-

2215 818 2394 864 rentes
2421 812 2632 880 singuli
2656 827 2773 881 qua
2803 828 2905 865 sua
2933 815 3077 865 sunt.
3112 811 3257 866 Nam
3282 810 3389 865 iste
3420 812 3595 881 magis
3622 813 3790 868 sollici-

2213 900 2415 953 tudine
2472 899 2720 955 aliorum
2761 901 3163 971 torquebatur,
3197 917 3373 971 quam
3432 917 3550 954 sua.
3581 902 3792 959 Timebat

2212 989 2367 1042 enim
2399 1005 2471 1043 ne
2502 989 2610 1059 ipsi
2642 990 2905 1045 videntes
2927 991 3275 1060 magistrum
3309 988 3793 1060 flagellatum,scan-

2212 1077 2622 1133 dalizarentur.
2658 1080 2762 1142 Qui
2795 1081 2949 1134 enim
2982 1079 3173 1134 verbis
3194 1078 3478 1150 explicare
3505 1078 3638 1134 valet
3662 1081 3794 1135 virtu-

2209 1173 2326 1223 tem
2362 1168 2573 1239 ipsius,
2610 1169 2709 1239 qui
2742 1186 2856 1223 uno
2916 1170 3238 1239 eodemque
3296 1174 3548 1239 tempore
3597 1170 3794 1224 exterius

2214 1257 2683 1312 adversitatibus
2721 1258 2998 1329 fatigatur
3029 1258 3275 1326 ,nterius
3304 1273 3437 1312 vero
3474 1257 3794 1315 sollicitudine

2206 1349 2510 1417 torquetur
2531 1348 2557 1401 ‘?

2281 1437 2410 1504 Quis
2441 1439 2778 1507 inﬁrmatur,
2811 1442 2921 1492 etc.
2952 1438 3069 1491 Hoc
3100 1436 3317 1492 etenim
3349 1435 3715 1506 compatiendo
3739 1437 3792 1490 di-

2212 1526 2396 1591 cebat,
2436 1543 2548 1580 non
2585 1526 3086 1595 simulando.Quis
3115 1525 3791 1594 scandalizatur,'etc.Scan-

2204 1614 2403 1669 dalum
2440 1616 2595 1670 enim
2635 1616 3059 1670 motumcarnis
3090 1613 3369 1686 appellat,
3401 1613 3495 1684 qui
3527 1612 3657 1668 solet
3700 1614 3782 1668 fieri

2207 1704 2436 1759 duobus
2467 1705 2789 1772 modis,aut
2809 1703 3052 1760 alterius
3074 1720 3341 1775 personae
3362 1700 3783 1774 pulchritudinem

2204 1792 2593 1863 inspiciendo,
2618 1798 2721 1848 aut
2750 1795 2957 1848 ardore
2979 1793 3224 1865 propria:
3246 1792 3571 1848 carnis.Sed
3587 1791 3677 1845 iste
3693 1789 3783 1843 talis

440 1870 716 1939 profundo
735 1876 918 1974 :naris
944 1875 1048 1943 fui,
1082 1891 1261 1945 quare
1290 1876 1499 1931 iterum
1552 1878 1787 1950 repetit:
1817 1880 2091 1934 Pericutis
2124 1910 2171 1974 B
2206 1896 2321 1935 non
2355 1881 2540 1947 cedat,
2563 1897 2667 1936 nec
2699 1882 3065 1949 succumbat,
3100 1881 3349 1936 audiens
3381 1880 3489 1935 sibi
3513 1878 3780 1950 Apostolum

442 1960 504 2012 in
534 1961 698 2013 mari.
734 1960 843 2015 Sed
868 1962 1016 2031 jam,
1050 1964 1188 2035 quia
1219 1965 1442 2036 repetit,
1465 1967 1750 2022 debemus
1772 1967 2093 2040 intelligere

448 2046 591 2101 illud
628 2048 972 2121 periculum,
1010 2054 1244 2123 quando
1294 2055 1576 2111 Caesarem
1635 2056 1944 2127 appellavit
1975 2060 2086 2128 (Ac.

450 2155 578 2207 xxv,
612 2140 722 2210 10),
746 2144 801 2194 et
832 2146 921 2195 est
952 2142 1198 2198 Romam
1231 2145 1486 2199 directus
1517 2162 1651 2200 cum
1684 2146 1925 2215 cmteris,
1959 2146 2087 2217 qui-

443 2228 553 2283 bus
585 2229 995 2301 navigantibus
1028 2233 1232 2289 incidit
1263 2236 1425 2289 navis
1458 2234 1516 2289 in
1539 2236 1743 2307 syrtim
1771 2238 2087 2304 [Achxxvm

444 2318 554 2383 41),
588 2322 645 2372 et
675 2319 1054 2376 decreverunt
1104 2322 1319 2378 milites
1377 2324 1684 2395 pervigiles
1744 2325 2084 2396 interficere,

445 2410 511 2461 ut
542 2405 747 2462 nullus
774 2411 1026 2465 natando
1061 2413 1300 2466 evadere
1340 2417 1573 2483 posset;
1635 2415 1735 2469 sed
1790 2415 2090 2485 prohibuit

447 2496 709 2551 centurio
740 2504 974 2569 propter
1005 2500 1249 2556 Paulum
1281 2502 1465 2572 ([bid.,
1500 2504 1882 2573 ‘43).Pericutis
1904 2506 1963 2559 in
1983 2506 2089 2575 fal-

439 2585 515 2639 sis
546 2587 839 2655 fratribus.
872 2588 1071 2645 Falsos
1103 2591 1308 2646 fratres
1365 2593 1620 2665 appellat
1675 2595 1973 2651 credentes
2022 2614 2089 2651 ex

439 2674 679 2737 Judteis,
714 2677 813 2747 qui
845 2695 1182 2750 quanquam
1216 2681 1618 2751 credidissent,
1652 2689 1846 2740 tamen
1870 2684 2085 2757 legales

439 2765 816 2821 caremonias
846 2769 1267 2836 observabant;
1298 2771 1497 2827 etideo
1521 2772 1863 2845 talsi,etipsi
1895 2791 2088 2845 perse-

436 2853 730 2909 cutionem
765 2855 1097 2911 inferebant
1127 2858 1325 2913 Paulo.
1356 2862 1419 2914 In
1449 2862 1656 2930 labore,
1712 2863 1767 2917 id
1821 2869 1910 2919 est
1965 2863 2086 2917 sive

439 2944 892 3009 manuum,sive
926 2947 1374 3015 praedicationis.
1417 2950 1561 3005 Nam
1622 2969 1655 3006 a
1702 2954 1891 3023 prima
1945 2952 2089 3007 hora

440 3029 552 3085 diei
585 3048 769 3102 usque
801 3033 870 3087 ad
903 3035 1489 3110 quintam,operando
1522 3040 1737 3096 victum
1761 3041 1870 3096 sibi
1889 3041 2087 3112 acqui-

440 3119 640 3186 rebat;
675 3136 706 3174 a
737 3120 940 3191 quinta
963 3140 1148 3196 usque
1178 3128 1249 3182 ad
1286 3128 1653 3183 undecimam
1712 3131 2082 3201 pradicabat.

448 3209 514 3263 Et
535 3210 675 3280 quia
707 3216 895 3281 potest
923 3228 1050 3269 esse
1080 3214 1244 3271 labor
1272 3218 1495 3287 absque
1553 3236 1833 3285 aarumna,
1890 3219 1947 3274 id
2000 3225 2089 3279 est

442 3296 568 3352 sine
599 3298 917 3370 indigentia
947 3306 1003 3357 et
1035 3306 1298 3374 penuria,
1332 3311 1396 3360 ut
1425 3307 1760 3362 ostenderet
1798 3309 2085 3363 extiosum
2121 3278 2163 3344 Ο

436 3384 717 3455 laborem,
748 3390 1087 3459 subjunxit:
1125 3398 1409 3450 (Erumna.
1446 3397 1506 3450 In
1526 3399 1731 3469 vigiliis
1746 3397 2086 3463 multis,sive

436 3474 886 3546 pradicationis,
917 3480 1035 3535 sive
1065 3484 1438 3553 operationis,
1464 3490 1529 3540 ut
1558 3487 1775 3541 victum
1816 3488 2084 3557 acquire—

440 3568 543 3618 ret.
570 3564 639 3618 Et
666 3566 812 3622 bene
842 3568 1053 3637 vigiliis
1084 3571 1361 3638 instabat,
1396 3573 1533 3645 quia
1566 3591 1800 3630 necesse
1855 3580 1962 3643 est,
2023 3582 2088 3630 ut

443 3655 542 3728 qui
577 3656 865 3727 angustiis
896 3658 1191 3731 fatigatur,
1213 3662 1726 3735 vigilet,quatenus
1751 3670 1927 3719 Deum
1963 3682 2087 3735 pro-

443 3754 736 3804 mereatur
764 3749 978 3804 habere
1008 3749 1397 3807 liberatorem.
1430 3755 1493 3807 In
1518 3757 1672 3824 fame
1728 3758 1777 3808 et
1823 3754 1941 3820 siti,
1968 3756 2087 3808 sive

439 3855 696 3908 necesse,
730 3839 849 3894 sive
878 3839 1270 3896 voluntarium
1297 3882 1309 3908 ,
1344 3841 1481 3913 quia
1511 3843 1582 3897 de
1610 3841 1733 3897 loco
1765 3844 1833 3897 ad
1891 3841 2085 3897 locum

444 3927 722 3999 tugiebat,
756 3933 812 3983 et
841 3928 969 3983 ideo
997 3946 1110 3984 non
1138 3930 1358 4001 absque
1389 3930 1542 3986 fame
1579 3948 1707 3986 esse
1744 3935 1988 4002 poterat.
2022 3931 2083 3991 E:

445 4016 584 4088 quid
616 4020 765 4071 esset
795 4019 947 4088 quod
980 4018 1235 4073 dixerat:
1270 4022 1329 4073 In
1360 4021 1508 4090 fame
1534 4028 1586 4075 et
1613 4022 1725 4085 siti,
1751 4020 2087 4090 subjunxit;

447 4110 515 4161 In
535 4106 773 4176 jejuniis
811 4107 986 4178 (7e7‘3)
1018 4109 1230 4175 multis,
1266 4108 1385 4162 sive
1416 4108 1776 4175 voluntariis,
1812 4109 1930 4164 sive
1989 4125 2089 4163 ne-

454 4194 719 4251 cessarie.
752 4195 814 4250 In
843 4198 1051 4267 frigore
1094 4201 1142 4251 et
1178 4196 1446 4251 nuditate.
1510 4197 1698 4251 Habes
1755 4197 2087 4268 exemplum

446 4284 505 4338 in
535 4284 780 4340 Actibus
811 4285 1227 4356 apostolorum,
1260 4285 1361 4340 ubi
1388 4284 1766 4355 legitur,quia
1783 4286 2091 4354 navigante

449 4372 807 4443 Paulo(.4ct.
857 4390 1054 4442 xxvm,
1106 4374 1156 4440 1,
1226 4375 1303 4443 2),
1391 4390 1522 4427 cum
1601 4373 1852 4428 venisset
1933 4373 2089 4427 Meli-

450 4465 570 4514 tam
629 4462 776 4533 (773)
828 4461 1104 4532 insulam,
1136 4466 1375 4534 propter
1430 4462 1636 4533 frigus,
1697 4462 1837 4516 dum
1897 4463 2089 4517 focum

447 4550 662 4603 faceret
690 4565 757 4603 ex
786 4551 1102 4605 sarmentis
1130 4548 1362 4618 vitium,
1388 4549 1583 4621 vipera
1604 4551 1817 4606 invasit
1850 4568 2089 4606 manum

450 4639 599 4710 ejus,

525 4732 737 4787 Praeter
763 4730 883 4799 illa,
912 4734 1018 4785 etc.
1054 4729 1156 4785 Illa
1186 4729 1327 4786 dicit
1359 4729 1741 4794 extrinsecus,
1776 4746 1901 4801 quae
1923 4746 2097 4801 supe-

454 4821 575 4876 rius
626 4825 1048 4876 numeraverat.
1084 4822 1151 4875 Et
1184 4827 1247 4875 ut
1305 4818 1521 4875 leviora
1572 4819 1861 4875 ostendat.
1914 4819 2098 4874 dixit:

452 4912 722 4966 lnstantia
748 4935 761 4978 ;
795 4910 933 4982 quia
964 4926 1078 4981 quo
1104 4910 1363 4965 crebrius
1391 4908 1768 4964 adversitates
1798 4908 2093 4974 eveniunt,

450 4996 514 5056 eo
551 4995 735 5056 levius
783 5001 1143 5055 tolerantur:
1204 5000 1537 5067 Quotidiana
1592 4997 1923 5066 sollicitudo,
1983 5001 2091 5050 etc.

447 5090 609 5132 Unda
642 5088 1445 5132 hmnnnnmwtndn«inqnpndit
1465 5087 1583 5132 ?F.Y
1608 5085 1850 5132 nntinna
1894 5084 2095 5132 ntimm

2205 1985 2333 2025 esse
2366 1970 2839 2040 compatientem.
2878 1971 3021 2025 Item
3055 1970 3103 2025 si
3127 1970 3330 2041 aliqua
3368 1965 3781 2037 titubationepul-

2200 2062 2503 2123 satur,non
2535 2059 2763 2114 difﬁdat
2793 2059 2905 2113 sibi
2940 2065 3114 2114 Deum
3131 2059 3452 2131 propitium
3472 2059 3637 2112 facere
3655 2069 3774 2127 posse

2201 2148 2477 2218 quoniam
2502 2147 2816 2218 Apostolus
2846 2148 2929 2201 illi
2964 2148 3404 2219 compatitur,et
3435 2145 3552 2217 ipse
3578 2145 3714 2199 etiam
3730 2160 3771 2197 se

2201 2236 2343 2291 dicit
2373 2237 2483 2290 uri.
2516 2241 2665 2291 Sunt
2694 2236 2982 2303 nonnulli,
3018 2236 3121 2308 qui
3149 2236 3356 2291 volunt
3411 2232 3696 2304 intelligere
3732 2231 3774 2284 f1-

2200 2326 2359 2391 dem,
2394 2328 2459 2379 ut
2489 2326 2567 2380 sit
2598 2342 2808 2381 sensus
2834 2342 2845 2379 :
2874 2326 3013 2392 Quis
3044 2324 3497 2391 intirmatur,vel
3524 2320 3641 2393 quis
3658 2334 3777 2374 scan-

2201 2414 2506 2481 dalizatur,
2539 2419 2595 2469 et
2618 2430 2724 2486 ego
2755 2431 2870 2469 non
2895 2414 3084 2486 patior
3102 2415 3129 2468 ‘I
3149 2413 3431 2469 Similiter
3459 2413 3526 2467 de
3565 2407 3777 2465 charitate

2197 2510 2253 2559 et
2284 2503 2505 2558 caeteris
2547 2502 2862 2559 virtutibus
2909 2502 3265 2575 intelligunt.
3332 2502 3538 2573 Magna
3588 2511 3777 2565 namque

2198 2593 2421 2647 dixerat
2452 2591 2744 2662 superius.
2777 2592 2878 2646 sed
2892 2595 3091 2646 tamen
3124 2590 3238 2645 ista
3262 2589 3537 2645 inferiora
3556 2602 3656 2641 non
3680 2584 3776 2637 sunt

2199 2682 2308 2736 Sed
2341 2681 2485 2735 forte
2517 2679 2660 2734 dicit
2689 2678 2941 2751 aliquis:
2976 2680 3277 2745 Quomodo
3310 2678 3420 2733 iste
3452 2679 3635 2747 justus
3676 2673 3773 2734 erat,

2196 2771 2294 2842 qui
2326 2769 2408 2824 ita
2437 2786 2544 2824 sua
2576 2770 2728 2824 bona
2749 2768 3078 2825 referebat?
3105 2768 3251 2834 Quia
3281 2768 3436 2823 Deus
3466 2781 3593 2821 suas
3618 2759 3773 2832 [laudes

2195 2860 2254 2914 in
2286 2858 2498 2913 divinis
2530 2858 2842 2930 Scripturis
2872 2857 3096 2925 inserit,
3120 2874 3233 2913 non
3267 2862 3361 2912 est
3384 2856 3534 2912 enim
3564 2852 3657 2910 sibi
3682 2865 3777 2903 con-

2195 2948 2414 3005 trarius
2446 2948 2563 3016 ille,
2599 2948 2701 3018 qui
2736 2946 2879 3003 dicit
2907 2965 2920 3002 :
2957 2948 3170 3002 Laudet
3200 2954 3254 3002 te
3283 2948 3517 3015 alienus,
3542 2950 3587 2999 et
3632 2960 3717 2998 non
3736 2959 3774 2997 os

2197 3048 2355 3094 tuum
2384 3038 2571 3109 (Prov.
2602 3054 2775 3103 xxv",
2806 3037 2881 3107 2),
2917 3040 3025 3091 etc.
3053 3054 3066 3103 ;
3102 3036 3202 3090 sed
3236 3036 3369 3091 ideo
3400 3033 3707 3096 manifestat,
3733 3034 3773 3085 ut

2198 3131 2567 3198 agnoscatur.
2628 3125 2911 3188 Quoniam
2939 3125 3007 3195 lsi
3064 3141 3180 3179 non
3242 3124 3646 3190 manifestatur,
3695 3136 3770 3174 non

2200 3221 2650 3289 agnosceretur;
2712 3214 2763 3269 si
2821 3230 2938 3268 non
3010 3218 3445 3285 agnosceretur,
3516 3229 3616 3267 non
3655 3226 3770 3265 ama-

2198 3311 2395 3372 retur;
2431 3305 2479 3360 si
2512 3321 2627 3359 non
2661 3306 2977 3368 amaretur,
3011 3318 3126 3357 non
3164 3307 3524 3374 sequeretur,
3571 3317 3664 3354 non
3705 3313 3769 3350 re-

2198 3398 2537 3451 muneraret
2552 3393 2972 3464 sequentes.Ea
2993 3390 3318 3446 intentione
3340 3390 3549 3447 Paulus
3562 3406 3651 3445 sua
3665 3387 3770 3440 bona

2196 3485 2501 3540 referebat.

2268 3572 2580 3643 Sequitur:
2616 3572 2675 3626 Si
2701 3571 2937 3640 gloriari
2965 3574 3190 3640 oportet,
3215 3572 3325 3623 etc.
3360 3570 3460 3624 Est
3497 3568 3632 3623 enim
3679 3579 3773 3617 sen-

2197 3679 2336 3719 sus:
2373 3662 2433 3717 Si
2463 3676 2699 3716 necesse
2730 3664 2817 3715 est
2847 3658 3107 3731 gloriari,
3142 3675 3257 3713 non
3286 3657 3349 3712 in
3373 3658 3499 3714 aliis
3527 3653 3772 3727 gloriabor,

2196 3752 2309 3806 nisi
2340 3753 2402 3806 in
2430 3748 2851 3820 inﬁrmitatibus
2877 3748 3183 3803 meis.Nota
3203 3746 3344 3818 quia
3366 3747 3696 3801 infirmitates
3710 3756 3775 3809 ap-

2197 3840 2374 3913 pellat
2403 3840 2668 3903 adversa,
2700 3854 2826 3908 quae
2841 3836 3113 3907 superius
3141 3836 3561 3907 descripserat:
3585 3832 3773 3900 Infame,

2194 3930 2410 4002 inquit,
2441 3938 2491 3984 et
2519 3928 2633 3992 siti,
2667 3932 2775 3982 etc.
2805 3926 2991 3989 Quare
3022 3940 3158 3995 ergo
3188 3924 3246 3980 in
3281 3924 3373 3980 bis
3403 3922 3770 3996 gloriatur,cnm

2196 4020 2257 4075 in
2289 4020 2511 4075 eisdem
2542 4016 2687 4071 nihil
2724 4015 2989 4069 videatur
3015 4030 3142 4069 esse
3173 4011 3607 4085 gloriosum,sed
3636 4010 3771 4063 totum

2200 4106 2389 4163 flebile
2406 4107 2433 4160 ?
2461 4109 2529 4159 At
2561 4120 2713 4168 vero,
2746 4103 2793 4157 si
2819 4101 3131 4173 diligenter
3151 4099 3598 4171 attendas,valde
3617 4092 3776 4168 glorio-

2199 4212 2332 4252 sum
2362 4200 2451 4250 est
2471 4194 2527 4247 in
2551 4192 2642 4247 his
2665 4190 3147 4263 gloriari,quibus
3162 4190 3436 4261 perennis
3460 4192 3778 4244 restatremu-

2201 4284 2422 4340 neratio
2452 4283 2604 4337 vitae.

2269 4372 2579 4443 Sequitur:
2616 4376 2763 4425 Deus
2794 4378 2846 4424 et
2874 4369 3037 4423 Pater
3064 4369 3289 4424 Domini
3341 4364 3655 4434 nostri,etc.
3694 4357 3775 4413 Ma-

2200 4480 2315 4535 gna
2345 4462 2561 4533 quippe
2593 4459 2662 4513 de
2694 4475 2756 4514 se
2785 4462 2910 4512 erat
2941 4457 3243 4523 dicturus;
3279 4462 3335 4512 et
3356 4456 3561 4511 idcirco
3581 4450 3779 4506 affirma.

2200 4551 2416 4605 tionem
2448 4546 2746 4619 prtemisit.
2780 4550 2859 4601 Ea
2900 4562 3154 4617 namque
3207 4546 3467 4600 dicturus
3513 4544 3638 4607 erat,
3686 4546 3776 4627 qua.

2136 4644 2184 4709 Ι)
2215 4636 2578 4694 incredibilia
2606 4635 2789 4693 videri
2819 4638 3106 4707 poterant.
3142 4633 3281 4699 Quis
3310 4634 3461 4689 enim
3502 4627 3722 4685 crederet
3743 4633 3776 4673 el

2208 4728 2361 4801 quod
2393 4726 2684 4797 principes
2697 4724 2958 4797 gentium
2977 4722 3300 4778 simulcum
3325 4720 3534 4778 Judais
3558 4717 3776 4801 adversus

2211 4798 2345 4874 eum
2379 4815 2855 4880 insurrexissent,
2888 4817 2945 4867 et
2973 4812 3213 4868 evadere
3230 4811 3509 4883 potuisset
3527 4808 3551 4862 ‘2
3569 4798 3777 4889 Siveidee

2197 4905 2450 4978 jurando
2481 4902 2932 4960 afﬁrmationem
2965 4899 3263 4972 praemisit,
3298 4904 3573 4971 quatenus
3598 4890 3778 4983 illud“!

2206 4975 2451 5050 minoris
2477 4990 2844 5048 auctoritatis
2884 5006 3018 5045 eum
3080 5005 3207 5045 esse
3266 4988 3560 5060 putabant,
3604 4975 3778 5035 facilius

2209 5084 2383 5132 dictis
2415 5082 2604 5132 insius
2634 5081 2807 5132 ﬁdem
2842 5079 3367 5132 accommodarent.
