3990 5306
150 215 249 274 481

684 211 1100 274 EXPOSITIO
1145 212 1222 271 ΙΝ
1267 211 1700 273 EPISTOLAS
1748 212 2001 273 PAULI.
2038 244 2114 258 —
2153 216 2227 274 IN
2276 216 2522 279 EPIST.
2572 220 2622 280 ΙΙ
2670 220 2770 280 AD
2815 225 2990 283 COR.

3424 231 3539 291 482

154 345 379 418 piebant
400 342 643 415 implere
665 360 767 415 per
790 343 1096 411 malitiam,
1123 344 1231 399 iste
1258 344 1527 415 impleret
1548 359 1648 414 per
1681 360 1787 413 po-
1816 346 1869 410 Α
1901 343 2020 399 licm
2052 350 2385 416 potestates,
2412 354 2467 405 et
2514 357 2849 407 sanctorum
2892 354 3099 409 anima:
3148 359 3316 427 cujus
3365 362 3539 417 etiam

152 434 414 498 tentiam;
450 433 569 487 sive
616 438 681 487 ut
726 432 941 487 Judaais
978 434 1209 499 faveret,
1245 433 1329 487 vel
1362 439 1513 487 certe
1563 438 1626 486 ut
1674 449 1787 502 quo

155 523 303 595 pacis
336 524 800 593 perturbatorem
833 523 1247 593 exstingueret,
1275 539 1340 577 eo
1373 522 1788 577 studiosiorem

156 614 209 667 in
239 612 430 665 officio
462 610 571 665 sibi
601 613 917 666 commisso
949 627 1076 666 esse
1110 615 1482 665 monstraret.

217 700 493 771 Sequitur
525 717 537 754 :
575 702 636 754 Et
658 716 756 768 per
775 700 1075 771 fenestram
1097 702 1153 753 in
1177 705 1366 769 sporta
1386 700 1646 754 dimissus
1676 716 1793 753 sum

156 806 242 864 per
258 806 501 857 murum,
522 793 629 843 etc.
654 788 921 859 Undique
945 788 1220 859 periculis
1244 789 1689 843 imminentibus
1714 789 1795 843 sic

160 882 338 935 fuerat
369 878 703 945 conclusus,
738 883 803 932 ut
844 880 968 945 jam
1018 878 1217 932 nullus
1250 896 1395 949 pene
1441 878 1799 933 inveniretur

162 968 429 1024 evadendi
459 967 652 1033 locus;
683 972 739 1021 et
780 967 908 1021 ideo
939 984 973 1021 a
1004 968 1283 1023 fratribus
1335 984 1437 1039 per
1484 968 1795 1022 fenestram

163 1057 437 1113 dimissus
468 1062 575 1123 est,
601 1062 657 1111 et
687 1056 745 1110 in
779 1062 999 1128 sporta,
1037 1062 1101 1111 ut
1128 1056 1217 1111 vel
1247 1056 1329 1111 sic
1362 1058 1639 1128 effugeret
1671 1073 1801 1127 per-

160 1146 524 1217 sequentium
556 1162 787 1200 manus.
808 1145 971 1200 Unde
1001 1146 1141 1199 dicit
1173 1146 1378 1201 beatus
1411 1164 1560 1217 papa
1586 1146 1801 1216 Grego-

160 1238 269 1291 rius
296 1253 309 1290 :
338 1235 555 1301 Quaerit
586 1236 732 1291 forte
755 1234 969 1305 aliquis
992 1236 1286 1305 quomodo
1318 1236 1427 1290 iste
1452 1238 1677 1305 justus,
1702 1233 1803 1305 qui

160 1326 232 1381 sic
253 1325 521 1380 studiose
544 1324 1021 1398 persequentium
1045 1324 1287 1390 rabiem,
1314 1329 1679 1395 mortemque
1706 1324 1803 1377 de-

159 1414 373 1471 clinat?
405 1414 515 1469 Sed
549 1415 788 1469 omnino
817 1418 1034 1484 justus,
1067 1414 1221 1484 quod
1262 1413 1390 1469 ideo
1424 1418 1670 1469 mortem
1704 1413 1807 1467 de-

160 1503 412 1568 clinavit,
447 1504 585 1575 quia
632 1502 690 1556 in
736 1519 803 1557 ea
835 1502 1064 1556 nullum
1098 1502 1350 1557 fructum
1380 1519 1509 1557 esse
1543 1502 1806 1556 futurum

160 1592 461 1647 intellexit.
491 1590 811 1645 Declinavit
834 1591 1049 1662 quippe
1078 1595 1344 1657 mortem,
1371 1608 1487 1645 non
1514 1596 1712 1645 tamen
1746 1594 1811 1643 ut

1899 433 2173 488 introitus
2206 435 2354 491 latro
2377 440 2599 494 audivit
2622 442 2882 513 (775-76).
2908 443 2991 496 [lli
3026 445 3242 516 itaque,
3267 450 3363 518 qui
3399 452 3546 506 diffi-

1901 524 2047 577 dunt
2079 524 2367 581 celebrata
2399 531 2822 586 resurrectione
2854 549 3097 604 corpora
3127 552 3252 589 esse
3285 554 3454 608 posse
3486 540 3545 595 in

1903 611 2066 681 cmlo,
2089 612 2175 667 vel
2202 614 2257 666 in
2283 616 2574 685 paradiso,
2601 621 2843 674 audiant
2866 623 3003 691 quia
3027 624 3341 694 Apostolus
3373 643 3432 680 se
3459 645 3553 682 nc-

1904 700 2053 755 scire
2076 702 2235 769 dicit,
2257 708 2451 757 utrum
2478 705 2531 757 in
2558 723 2816 778 corpore,
2843 728 2911 763 an
2938 717 3097 765 extra
3120 728 3329 783 corpus
3355 715 3548 781 fuerit,

1907 789 2005 858 qui
2039 791 2177 844 dum
2212 808 2271 844 se
2314 792 2580 862 ignorare
2610 799 2839 865 asserit,
2874 816 3000 854 esse
3052 818 3221 871 posse
3272 805 3549 874 ostendit,

1907 880 2122 933 Arrana
2151 880 2319 934 verba
2367 888 2586 937 secreta
2629 885 2814 940 dicit:
2850 904 2969 956 quae
3018 905 3125 943 non
3174 891 3298 945 licet
3346 894 3563 948 homini

1909 968 2065 1037 loqui
2094 986 2109 1021 :
2142 968 2231 1022 vel
2265 986 2378 1024 non
2412 970 2565 1035 licet,
2601 975 2739 1043 quia
2782 992 2896 1029 non
2931 983 3151 1047 potest;
3185 980 3270 1035 vel
3304 987 3477 1051 certe,
3513 982 3563 1035 si

1910 1062 2125 1127 potest,
2149 1074 2261 1111 non
2296 1063 2383 1111 est
2416 1060 2520 1113 fas.
2550 1060 2694 1115 Illud
2719 1080 2950 1135 quoque
2982 1067 3225 1123 solerter
3253 1076 3341 1125 est
3374 1076 3565 1126 atten-

1912 1145 2169 1199 dendum
2190 1149 2485 1216 quomodo
2508 1166 2709 1205 verum
2738 1169 2863 1207 esse
2890 1161 3079 1224 potest
3102 1158 3257 1227 quod
3282 1158 3568 1215 Dominus

1912 1234 2055 1288 dicit
2088 1250 2098 1287 :
2134 1236 2249 1290 Non
2279 1238 2427 1290 enim
2459 1238 2659 1294 videbit
2689 1258 2774 1294 me
2803 1243 2959 1297 homo
2991 1245 3182 1314 (Exod.
3220 1265 3419 1313 χχχιιι,
3452 1250 3568 1320 20),

1914 1327 2047 1389 ete.;
2089 1328 2143 1377 et
2191 1324 2240 1378 si
2292 1324 2387 1378 cui
2444 1327 2634 1381 adhuc
2696 1331 3037 1387 mortalium
3098 1336 3363 1404 ejusdem
3424 1337 3573 1394 visio

1916 1413 2294 1479 concedatur,
2329 1415 2428 1468 sed
2462 1415 2696 1484 penitus
2727 1436 2926 1474 verum
2960 1426 3067 1487 est,
3103 1424 3237 1493 quia
3274 1426 3374 1495 qui
3406 1427 3569 1481 vide-

1918 1505 2056 1555 runt
2088 1518 2245 1563 eum,
2278 1503 2497 1558 mundo
2549 1505 2787 1575 quidem
2840 1512 3049 1564 mortui
3103 1518 3259 1567 sunt.
3294 1514 3568 1570 Beatissi-

1920 1606 2053 1644 mus
2086 1607 2218 1645 vero
2268 1594 2638 1663 Augustinus
2669 1596 2811 1650 dicit
2845 1614 2855 1650 :
2892 1599 3075 1660 Qumri
3110 1606 3299 1671 potest
3332 1603 3469 1673 quid
3506 1621 3568 1659 se

162 1682 261 1737 sibi
287 1682 472 1737 vitam
497 1686 773 1744 servaret,
799 1680 899 1735 sed
928 1680 1121 1751 potius
1149 1684 1213 1734 ut
1233 1679 1362 1734 aliis
1384 1681 1560 1735 vitam
1585 1678 1809 1735 submi-
1840 1723 1886 1787 Β
1921 1679 2077 1733 dicat
2105 1680 2417 1750 Apostolus
2466 1688 2709 1753 nescire,
2741 1685 2827 1739 vel
2861 1689 2999 1757 quid
3034 1690 3202 1744 scire.
3237 1691 3344 1745 Sed
3398 1694 3572 1748 facia-

202 1774 260 1787 ,,
418 1774 526 1787 ,η
825 1768 1007 1787 ._.m
1060 1774 1132 1787 ί,
1684 1768 1799 1787 ,τω
1921 1784 2043 1787 ψη
2252 1770 2324 1787 ί.
2642 1775 2650 1787 ,
2950 1780 3119 1787 .-_

162 1774 454 1827 nistraret.
487 1771 647 1836 Quod
684 1770 762 1823 ita
792 1768 864 1823 sit
896 1768 1018 1839 ipse
1050 1770 1303 1823 ostendit
1337 1769 1437 1840 qui
1470 1770 1649 1823 dicit:
1684 1768 1808 1822 Non

163 1861 353 1917 solum
377 1858 603 1931 alligari
636 1860 695 1913 in
716 1856 1045 1913 Jerusalem
1068 1864 1310 1929 paratus
1332 1875 1487 1923 sum,
1512 1858 1612 1912 sed
1634 1857 1808 1911 etiam

165 1950 299 2006 mori
326 1950 469 2020 (Act.
495 1965 587 2014 xx,
619 1948 740 2018 22);
765 1952 822 2002 et
853 1948 1007 2018 quod
1042 1947 1285 2002 Romam
1312 1964 1600 2019 passurus
1630 1946 1808 2001 venit.

164 2039 297 2094 Hine
333 2036 512 2092 etiam
546 2036 687 2091 dicit
719 2037 871 2091 idem
898 2036 1211 2107 prmdictus
1246 2053 1417 2108 papa,
1450 2036 1587 2109 quia
1617 2034 1815 2091 omnia

174 2134 361 2183 nostra
395 2143 519 2197 quae
548 2127 800 2197 agimus,
834 2126 944 2180 sub
976 2141 1189 2197 magno
1222 2126 1595 2181 discretionis
1625 2125 1814 2180 mode-

175 2217 387 2271 ramine
419 2216 645 2286 agenda
686 2220 843 2269 sunt.
876 2215 1125 2269 Multum
1162 2232 1414 2286 namque
1464 2232 1697 2270 necesse
1728 2218 1816 2268 est

170 2306 409 2360 solerter
453 2304 769 2358 attendere.
800 2303 856 2357 Si
898 2304 1244 2375 magnitudo
1296 2306 1551 2360 fructum
1605 2318 1816 2375 praece-

165 2395 279 2465 dat,
306 2411 453 2460 non,
478 2393 740 2463 inquam,
767 2396 960 2463 potest
990 2394 1213 2465 absque
1244 2393 1500 2466 periculo
1525 2393 1615 2448 sui
1646 2391 1821 2446 decli-

166 2500 303 2538 nare
333 2483 595 2549 labmes;
628 2481 677 2537 si
706 2498 839 2537 vero
886 2483 1228 2555 magnitudo
1262 2484 1548 2555 praecedat
1578 2480 1817 2545 laboris,

162 2574 392 2644 absque
422 2572 512 2627 sui
538 2570 793 2643 periculo
819 2576 1004 2641 potest
1028 2572 1233 2626 mortis
1256 2572 1545 2626 declinare
1568 2570 1819 2625 labores.

160 2666 285 2717 Hoc
318 2660 477 2716 enim
511 2659 918 2714 considerabat
948 2659 1295 2729 Apostolus;
1330 2665 1385 2714 et
1416 2660 1542 2713 ideo
1575 2664 1824 2713 mortem

160 2750 435 2806 studiose
465 2746 817 2802 declinabat.
854 2746 983 2816 Egit
1012 2746 1251 2817 quippe,
1288 2752 1353 2801 ut
1386 2747 1551 2801 miles
1586 2745 1829 2801 fortissi-

160 2856 333 2905 mus,
379 2836 479 2906 qui
529 2834 791 2904 undique
829 2834 1133 2889 obsidione
1187 2834 1500 2889 conclusus
1553 2851 1829 2906 campum

158 2922 513 2983 certaminis
545 2923 709 2993 petit,
750 2927 813 2976 ut
834 2939 1008 2977 sacrae
1030 2922 1532 2978 tideiadversarios
1558 2940 1666 2978 sua
1698 2940 1837 2994 pras-

157 3012 469 3069 dieatione
508 3012 910 3066 substerneret
958 3010 1175 3083 plures.
1209 3014 1478 3068 Attamen
1526 3012 1833 3067 sciendum

1920 1784 2053 1822 mus
2084 1770 2502 1824 connexionem
2539 1775 2867 1843 verborum,
2905 1782 2963 1829 ut
3016 1780 3161 1831 forte
3191 1797 3257 1833 ex
3289 1798 3354 1833 ea
3387 1798 3573 1851 agno-

1920 1872 2080 1911 scere
2110 1857 2408 1913 valeamus
2443 1861 2583 1931 quid
2626 1862 2794 1929 sciat,
2818 1864 2903 1917 vel
2955 1867 3093 1935 quid
3149 1869 3388 1923 nesciat.
3423 1871 3579 1927 'I‘alis

1919 1962 2055 2016 ergo
2100 1950 2188 2000 est
2237 1949 2376 2001 ordo
2424 1951 2764 2017 verborum;
2801 1954 2939 2023 quia
2987 1954 3283 2011 hominem
3341 1966 3573 2031 raptum

1920 2036 1986 2089 ad
2034 2034 2264 2103 ccelum,
2299 2036 2379 2091 vel
2434 2038 2491 2091 in
2543 2042 2905 2111 paradisum,
2942 2043 3049 2099 hoc
3099 2063 3160 2100 se
3212 2047 3358 2103 scire
3408 2050 3570 2118 dicit,

1924 2124 2042 2179 sive
2086 2124 2143 2178 in
2195 2141 2451 2196 corpore,
2484 2128 2603 2182 sive
2659 2134 2817 2184 extra
2878 2149 3114 2204 corpus,
3149 2136 3256 2191 hoc
3315 2154 3375 2191 se
3433 2140 3575 2195 dicit

1925 2214 2459 2275 nescire.Quoniam
2492 2234 2689 2272 verum
2725 2225 2813 2274 est
2844 2224 2995 2292 quod
3023 2224 3179 2293 dicit,
3206 2231 3307 2280 aut
3340 2232 3573 2284 utrum-

1927 2318 2040 2371 que
2098 2303 2339 2369 sciebat,
2390 2310 2489 2358 aut
2549 2311 2865 2379 utrumque
2925 2312 3221 2367 nesciebat
3261 2317 3428 2386 (777).
3466 2319 3579 2373 Sed

1928 2391 2230 2445 sciendum
2281 2392 2417 2462 quia
2462 2410 2775 2465 corporeus
2817 2399 2927 2453 fuit
2960 2402 3288 2473 paradisus,
3323 2412 3423 2459 aut
3472 2424 3583 2461 cce-

1928 2481 2076 2549 lum,
2127 2483 2280 2551 quod
2343 2482 2389 2535 ei
2447 2489 2751 2540 ostensum
2812 2495 2946 2544 est:
2992 2506 3127 2562 ergo
3179 2495 3585 2564 corporalibus

1932 2568 2116 2624 oculis
2149 2570 2309 2639 vidit,
2345 2572 2619 2641 quoniam
2669 2592 2758 2631 res
2788 2580 3107 2649 corporalis
3156 2584 3581 2655 corporalibus,

1934 2658 2215 2727 spiritalis
2272 2676 2403 2715 vero
2453 2663 2815 2731 spiritalibus
2865 2669 3049 2723 oculis
3100 2671 3247 2725 solet
3292 2672 3491 2729 videri.
3526 2675 3583 2730 Si

1936 2762 2069 2799 vero
2102 2747 2387 2816 spiritalis
2419 2767 2507 2804 res
2540 2754 2937 2823 corporalibus
2969 2758 3154 2814 oculis
3186 2762 3434 2827 videtur,
3464 2780 3579 2819 non

1940 2832 2055 2901 jam
2119 2832 2215 2887 illo
2273 2836 2499 2901 etfectu,
2535 2855 2638 2892 nec
2687 2840 2787 2895 illa
2825 2844 3046 2899 visione
3077 2862 3193 2916 qua
3250 2851 3583 2920 corporales

1944 2921 2365 2990 corporalibus,
2400 2925 2691 2994 spiritales
2742 2935 2934 2984 autem
2985 2933 3257 2989 videntur
3308 2938 3587 3008 spiritali-

1945 3010 2087 3075 bus;
2121 3012 2219 3065 sed
2252 3012 2447 3082 potius
2481 3016 2735 3084 quadam
2767 3019 3003 3087 speciali
3034 3022 3274 3089 visione,
3304 3042 3429 3096 qua:
3462 3045 3587 3083 om-

158 3103 311 3176 quia
356 3100 449 3155 ille
481 3101 704 3170 absque
735 3100 823 3154 sui
856 3100 1115 3171 periculo
1148 3101 1402 3157 declinat
1448 3101 1696 3170 labores,
1725 3102 1825 3172 qui
1857 3090 1899 3155 C
1940 3115 2042 3153 nes
2094 3098 2238 3153 alias
2284 3103 2675 3172 transcendit;
2710 3106 2867 3159 verbi
2916 3110 3123 3179 gratia,
3159 3090 3441 3183 spiritalis
3492 3132 3584 3171 res

156 3194 423 3250 aliorum
458 3189 746 3260 patienter
774 3189 983 3245 tolerat
1011 3208 1219 3246 mores.

238 3279 405 3350 (CAP.
440 3278 585 3343 XII.)
633 3277 912 3347 Sequitur
963 3296 975 3332 :
1022 3280 1092 3333 Si
1130 3280 1368 3349 gloriari
1415 3284 1638 3351 oportet.
1690 3280 1824 3335 Pro-

165 3374 376 3441 pterea
405 3370 621 3431 tamen,
660 3364 797 3435 quia
843 3365 1048 3437 effugit
1078 3383 1287 3422 manus
1320 3385 1543 3424 eorum.
1575 3372 1693 3423 Non
1744 3378 1827 3422 ta-

167 3476 301 3514 men
352 3456 604 3527 expedit;
656 3456 794 3527 quia
853 3472 966 3511 non
1027 3458 1281 3527 prodest,
1342 3460 1619 3529 quoniam
1680 3464 1829 3513 Deus

170 3565 286 3603 non
364 3544 715 3617 propitiatur
779 3545 1158 3616 gloriatione,
1218 3547 1317 3601 sed
1396 3548 1825 3601 humiliatione.

168 3635 459 3708 Sequitur
501 3650 514 3687 :
574 3635 796 3688 Veniam
850 3642 1034 3688 autem
1086 3636 1164 3689 ad
1218 3638 1473 3704 visiones,
1525 3642 1635 3690 etc.
1687 3637 1830 3689 Nota

168 3726 308 3796 quia
373 3722 487 3779 sibi
543 3722 949 3791 inﬁrmitates,
1012 3723 1251 3778 Domino
1318 3724 1557 3779 ascribit
1616 3723 1829 3779 revela;

166 3815 385 3869 bones.

234 3901 525 3974 Sequitur
550 3918 563 3955 :
588 3902 708 3956 Scio
732 3902 1008 3955 hominem
1033 3902 1091 3953 in
1115 3899 1326 3955 Christo
1346 3910 1473 3955 ante
1500 3917 1671 3956 annos
1694 3917 1827 3971 qua-

165 3993 503 4056 tuordecim,
537 3994 645 4044 etc.
664 3994 807 4044 Nota
829 3990 965 4061 quia
988 4005 1203 4061 magna
1226 3991 1570 4046 necessitate
1593 3995 1828 4045 coactus

163 4099 229 4137 ea
263 4077 697 4149 manifestavit,
730 4095 853 4149 quze
900 4095 1002 4149 per
1053 4080 1498 4149 quatuordecim
1532 4094 1718 4133 annos
1749 4079 1827 4133 si-

163 4170 346 4226 lentio
380 4168 551 4222 texit.
586 4168 999 4221 Animadverte
1030 4168 1206 4223 etiam
1237 4168 1378 4238 quia
1410 4167 1707 4222 hominem
1739 4167 1827 4221 di-

169 4260 266 4325 cit,
302 4276 379 4313 ne
416 4256 732 4328 phantasia
779 4260 1107 4327 putaretur.
1141 4258 1201 4310 In
1242 4254 1451 4311 Christo
1497 4255 1659 4322 dicit,
1696 4272 1766 4310 ne
1798 4273 1831 4309 a

171 4348 413 4403 diabolo
448 4346 667 4400 factum
700 4344 1051 4399 crederetur.
1077 4345 1239 4408 Quod
1272 4350 1466 4399 autem
1498 4345 1636 4397 dicit
1666 4360 1677 4396 :
1717 4345 1833 4397 Ter-

171 4439 312 4492 tium
342 4436 565 4500 cwlum,
586 4451 698 4488 non
722 4433 869 4487 illud
891 4432 1213 4504 intelligere
1233 4433 1535 4499 debemus,
1562 4433 1660 4487 ubi
1692 4432 1831 4487 luna

170 4528 285 4582 sita
315 4530 431 4590 est,
468 4523 567 4578 sed
600 4540 783 4593 usque
815 4523 885 4576 ad
908 4522 1145 4577 tertium
1180 4522 1338 4590 dicit,
1364 4527 1427 4577 ut
1447 4523 1717 4577 ostendat
1738 4539 1832 4576 su-

177 4634 280 4687 pra
312 4630 555 4669 omnem
600 4616 929 4666 creaturam
962 4617 1017 4665 et
1048 4611 1247 4665 omnia
1276 4612 1585 4667 elementa.
1611 4612 1833 4666 Caelum

178 4722 313 4777 ergo
348 4700 613 4775 spiritale
658 4701 1102 4773 intelligendum
1151 4707 1238 4757 est
1285 4703 1744 4771 ﬁrmamentum,
1778 4705 1835 4756 et

181 4809 514 4867 supernum
566 4790 801 4846 solium.
840 4792 963 4845 llaec
994 4807 1225 4861 quoque
1256 4791 1527 4845 revelatio
1558 4790 1696 4859 quia
1746 4790 1833 4844 bis

182 4884 336 4938 facta
366 4887 478 4948 est,
515 4880 759 4952 ideoque
789 4880 1128 4951 subjunxit:
1164 4881 1225 4933 Et
1256 4882 1364 4935 scio
1396 4879 1712 4946 huiusmodi
1739 4880 1833 4934 ho-

184 4974 417 5036 minem,
451 4974 563 5025 etc.
598 4970 945 5024 Paradisum
991 4967 1206 5039 quippe
1235 4970 1527 5025 ccelestem
1581 4969 1839 5041 appellat

181 5059 539 5124 Jerusalem,
564 5075 687 5130 qua}
721 5063 807 5113 est
829 5062 1014 5111 mater
1035 5062 1256 5125 nostra,
1278 5064 1334 5114 et
1360 5059 1459 5115 ubi
1495 5064 1635 5115 sunt
1665 5075 1839 5129 ange-

251 5184 507 5255 (775-76)
540 5183 803 5255 Fortasse
848 5182 1139 5236 introitum
1190 5183 1333 5238 latro
1381 5182 1576 5255 adicit.
1615 5186 1836 5239 Sensus

181 5254 410 5306 scilicet
439 5254 585 5306 satis
628 5254 817 5306 clarus
864 5258 971 5306 est.
1006 5256 1273 5306 quamvis
1321 5256 1378 5306 in
1430 5254 1626 5306 verbis
1676 5269 1839 5306 error

1936 3188 2298 3259 spiritalibus
2330 3190 2559 3245 videtur
2599 3193 2805 3259 oculis,
2834 3201 2899 3250 ut
2929 3202 3017 3252 est
3042 3200 3300 3269 justitia,
3325 3209 3380 3257 et
3410 3204 3585 3259 simi-

1934 3279 2031 3332 lia.
2058 3278 2196 3342 Quis
2234 3278 2385 3333 enim
2412 3281 2619 3351 quaerit
2651 3283 2704 3336 in
2733 3284 2988 3352 justitia,
3022 3288 3160 3359 quid
3194 3292 3403 3363 sapiat,
3440 3294 3583 3365 quid

1938 3367 2105 3431 oleat,
2139 3372 2195 3421 et
2226 3368 2480 3424 similia?
2525 3370 2703 3425 Nemo
2754 3373 2861 3428 hoc
2892 3377 3156 3447 requirit,
3190 3384 3246 3434 et
3300 3371 3584 3451 spiritalis

1938 3461 2026 3511 est
2056 3457 2217 3523 [778).
2244 3457 2468 3528 Moyses
2497 3475 2631 3514 vero
2664 3460 3014 3532 loquebatur
3043 3482 3173 3520 cum
3202 3468 3490 3525 Deo'facie
3514 3472 3587 3526 ad

1940 3545 2172 3611 faciem;
2211 3548 2309 3600 sed
2342 3553 2536 3601 tamen
2571 3550 2935 3621 intelligebat
2956 3571 3065 3609 non
3104 3556 3209 3611 hoc
3232 3574 3358 3612 esse
3382 3564 3587 3627 Deum,

1939 3635 2092 3704 quod
2128 3635 2375 3701 videbat,
2409 3653 2474 3691 eo
2507 3641 2661 3705 quod
2705 3646 2859 3695 esset
2908 3642 3317 3716 incorporeus;
3351 3654 3406 3702 et
3438 3649 3592 3719 ideo,

1939 3724 2091 3791 quod
2127 3727 2273 3787 erat,
2304 3724 2499 3778 videre
2544 3728 2895 3795 requirebat.
2932 3732 3079 3785 Dicit
3108 3750 3339 3805 quoque
3370 3737 3588 3793 beatis-

1940 3811 2127 3864 simus
2150 3813 2535 3881 Augustinus,
2554 3814 2690 3883 quia
2716 3816 2861 3869 torte
2884 3819 2991 3873 hoc
3024 3822 3316 3877 nesciebat
3345 3826 3587 3894 Paulus,

1939 3899 2131 3953 ethos
2180 3899 2325 3953 scire
2368 3902 2685 3970 quaerebat,
2713 3913 2905 3958 utrum
2960 3908 3028 3961 ad
3079 3915 3310 3979 tempus
3357 3919 3590 3969 mortuo

1939 4004 2198 4059 corpore,
2224 3988 2420 4042 anima
2442 4006 2674 4061 quoque
2697 3998 2933 4048 evocata
2956 3995 3064 4050 hoc
3088 3997 3315 4065 viderit,
3343 4018 3414 4055 an
3441 4008 3595 4058 certe

1939 4094 2183 4131 manens
2218 4079 2274 4131 in
2299 4094 2558 4149 corpore,
2584 4079 2737 4133 sicut
2760 4084 3077 4155 prophetae,
3105 4086 3161 4140 in
3185 4090 3399 4144 exstasi
3434 4108 3597 4146 men-

1940 4166 2019 4219 tis
2050 4167 2367 4237 agnoverit.
2404 4171 2676 4222 Attamen
2723 4170 3026 4227 sciendum
3062 4174 3219 4245 quia,
3254 4177 3301 4231 si
3336 4184 3589 4248 certum,

1939 4259 1995 4309 et
2026 4253 2072 4308 si
2105 4255 2359 4309 selidum
2398 4255 2524 4324 fuit,
2560 4259 2710 4327 quod
2746 4258 2796 4312 ei
2830 4266 3133 4317 ostensum
3165 4270 3272 4333 est,
3302 4269 3455 4339 quod
3491 4286 3591 4325 ve-

1940 4343 2171 4398 rissime
2220 4344 2573 4399 credendum
2624 4352 2731 4414 est,
2765 4348 2863 4403 illa
2912 4352 3113 4423 utique
3155 4356 3395 4425 visione,
3432 4359 3585 4429 quod

1865 4456 1909 4520 D
1942 4432 2164 4487 dictum
2198 4438 2286 4487 est
2316 4433 2477 4498 vidit,
2512 4452 2636 4505 quae
2670 4436 2815 4492 alias
2847 4456 3049 4495 omnes
3083 4446 3461 4499 transcendit.

2014 4522 2293 4592 Sequitur
2335 4540 2347 4576 :
2406 4525 2508 4576 Pro
2556 4526 2825 4594 ejusmodi
2871 4530 3152 4595 gloriabor
3200 4533 3597 4603 (subauditur,

1943 4610 2234 4679 homine);
2256 4627 2354 4682 pro
2374 4629 2460 4666 me
2480 4618 2667 4666 autem
2694 4616 2863 4671 nihil.
2892 4617 3021 4672 Ideo
3047 4619 3153 4673 hoc
3177 4621 3335 4685 dicit,
3358 4622 3497 4692 quia
3518 4624 3603 4677 sic

1943 4700 2175 4755 locutus
2197 4707 2307 4763 est,
2334 4701 2503 4772 quasi
2528 4702 2596 4755 de
2622 4702 2802 4759 altera
2830 4722 3099 4775 persona.
3126 4710 3437 4781 Sequitur:
3465 4713 3599 4765 Nam

1946 4792 2047 4844 etsi
2078 4791 2303 4845 voluero
2336 4792 2594 4859 gloriari,
2628 4810 2739 4847 non
2769 4810 2861 4848 ero
2906 4796 3189 4866 insipiens.
3225 4799 3411 4860 Quare
3443 4801 3604 4852 non?

1954 4882 2245 4935 Veritatem
2266 4884 2413 4938 enim
2436 4881 2637 4934 dicam.
2657 4882 2901 4953 Hicjam
2928 4889 3125 4954 aperte
3151 4885 3405 4941 ostendit
3427 4902 3607 4955 quare

1950 4986 2127 5040 supra
2160 4972 2385 5027 dixerat
2422 4990 2433 5027 :
2480 4971 2552 5023 Ne
2582 4974 2704 5039 quis
2733 4989 2819 5027 me
2856 4975 3008 5041 putet
3056 4974 3423 5043 insipientem.
3458 4974 3609 5028 Sane

1951 5058 2252 5115 sciendum
2289 5062 2426 5132 quia
2460 5058 2560 5129 qui
2592 5059 2748 5115 dona
2780 5058 2889 5114 sibi
2924 5060 3154 5113 cmlitus
3186 5062 3397 5117 collata
3429 5062 3613 5116 mani-

1952 5188 2066 5254 rat;
2102 5200 2237 5238 nam
2268 5186 2314 5240 si
2345 5184 2513 5244 vidit,
2556 5196 2695 5254 ergo
2742 5180 3005 5254 scivit_se
3037 5198 3275 5254 corpore
3307 5184 3563 5241 adfuisse
3595 5201 3609 5240 ε

1950 5253 2035 5306 vel
2069 5261 2385 5306 utrumque
2408 5250 2677 5306 nescivit.
2704 5256 2759 5306 id
2793 5256 2881 5306 est
2916 5250 3254 5306 falsum—est
3284 5274 3415 5306 eum
3449 5255 3616 5306 (mid-
