3990 5306
507 209 625 269 483

1524 208 1861 269 ATTONIS
1907 206 2492 270 VERCELLENSIS
2537 205 2890 268 EPISCOPI

3711 217 3791 279 484

510 343 703 404 festat,
738 358 851 396 non
902 345 991 397 est
1032 340 1338 414 insipiens,
1371 344 1430 397 et
1477 341 1580 412 qui
1623 341 1875 396 occultat
1920 358 2007 408 ea,
2041 358 2156 397 non
2187 341 2242 407 Î‘
2273 357 2341 396 ex
2367 339 2598 412 vipereo
2624 337 2891 396 veneno?
2936 338 3117 394 Datus
3144 340 3233 394 est
3259 336 3408 395 enim
3450 339 3570 398 huic
3595 344 3795 406 stimulus

509 435 599 487 est
627 431 992 502 imprudens.
1027 430 1344 502 Sequitur:
1380 433 1555 486 Parca
1584 435 1785 486 autem.
1820 430 2156 486 Notandum

2267 428 2771 499 concupiscentiae,
2823 433 2889 483 ut
2939 426 3317 499 expelleretur
3368 426 3610 486 elationis
3642 436 3794 503 tumor,

510 520 651 593 quia
709 520 898 574 multo
949 520 1173 590 majora
1222 523 1458 574 noverat
1501 517 1838 590 Apostolus,
1887 536 2034 590 quae,
2085 534 2157 573 ne
2263 518 2437 574 datus
2465 524 2554 574 est
2597 518 2863 585 Satanas,
2896 521 2961 571 ut
3005 520 3372 588 superaretur
3396 520 3628 574 Satanas.
3651 523 3709 576 Ac
3731 541 3796 595 per

509 608 704 665 extolli
736 608 1047 678 videretur,
1083 607 1271 664 noluit
1317 608 1652 673 ostendere;
1694 613 1752 662 et
1802 607 1932 662 ideo
1964 607 2106 662 dicit
2138 625 2151 662 :

508 701 683 754 Pareo
711 707 914 763 autem,
944 698 1050 752 hoc
1080 702 1192 762 est,
1226 697 1365 752 celo.
1392 697 1618 762 Quare?
1646 698 1721 751 Ne
1744 698 1866 768 quis
1893 713 1976 751 me
2003 698 2151 752 exis-

507 792 662 844 timet
687 804 853 858 supra.
884 786 944 840 id
972 786 1113 857 quod
1144 786 1286 841 videt
1324 802 1409 841 me
1440 787 1605 857 (779),
1640 785 1903 840 videlicet
1932 786 1989 839 in
2022 802 2153 857 ope-

502 878 745 942 ratione,
774 880 869 931 aut
897 876 1053 931 audit
1095 875 1309 945 aliquid
1356 892 1425 930 ea:
1474 892 1576 942 me,
1609 874 1830 930 scilicet
1859 874 1917 928 in
1947 876 2151 946 pracdi-

499 967 748 1022 catione.
783 970 995 1020 Beatus
1054 981 1206 1035 papa
1264 963 1578 1035 Gregorius
1628 963 1790 1027 dicit,
1840 962 1979 1035 quia
2037 964 2146 1018 sub

497 1072 715 1126 magna
758 1053 1123 1125 providentia
1153 1053 1300 1123 (780)
1332 1069 1501 1107 suam
1546 1053 1891 1124 temperavit
1944 1053 2149 1123 praedi-

492 1144 782 1200 cationem
817 1160 830 1198 :
865 1158 998 1197 nam
1033 1142 1297 1213 quaedam
1331 1142 1477 1196 dixit
1519 1146 1756 1212 propter
1801 1158 1941 1196 suos
1971 1140 2142 1196 audi-

490 1237 667 1301 tores,
704 1232 971 1303 quzedam
1016 1231 1217 1295 tacuit,
1252 1247 1323 1285 ne
1376 1230 1519 1301 ipsis
1567 1228 1765 1284 extolli
1815 1228 2137 1297 videretur;

488 1323 756 1393 quaedam
810 1320 974 1386 dixit,
1010 1325 1074 1375 ut
1132 1319 1257 1375 suis
1303 1320 1480 1374 vitam
1533 1318 1834 1389 tribueret,
1869 1320 2137 1390 quaedam

483 1427 616 1466 vero
647 1410 850 1475 tacuit,
886 1414 951 1464 ut
981 1408 1094 1464 sibi
1127 1422 1291 1463 suam
1330 1407 1601 1463 salvaret.

557 1499 838 1570 Sequitur
886 1516 900 1553 :
950 1500 1025 1553 Ne
1073 1496 1397 1566 magnitudo
1453 1498 1854 1552 revelationum
1908 1498 2135 1552 extollat

482 1605 585 1651 me.
620 1594 728 1643 etc.
762 1588 1099 1642 Notandum
1150 1586 1428 1656 quoniam
1482 1603 1595 1641 non
1644 1586 1810 1650 dicit,
1841 1586 1978 1657 quia
2009 1603 2133 1641 ma-

480 1676 727 1747 gnitudo
773 1675 1192 1729 revelationum
1223 1674 1428 1729 extulit
1459 1691 1571 1739 me,
1603 1675 1726 1741 sed,
1757 1692 1826 1729 ne
1873 1675 2130 1735 extollat;

480 1764 760 1835 quoniam
795 1780 911 1818 non
944 1764 1072 1819 ideo
1112 1764 1269 1818 datus
1298 1768 1399 1828 est,
1432 1768 1495 1818 ut
1541 1762 1728 1834 culpa,
1764 1780 1888 1834 qua:
1920 1763 2127 1833 inerat,

476 1857 826 1925 tergeretur,
859 1853 981 1922 sed,
1016 1869 1141 1924 quze
1182 1852 1376 1908 inesse
1410 1856 1655 1925 poterat,
1686 1857 2127 1922 praecaveretur.

478 1941 626 1997 Illud
688 1946 883 1998 autem
941 1942 1246 1997 sciendum
1308 1942 1466 2014 quia,
1514 1942 1669 1995 sicut
1725 1939 1866 1995 dicit
1923 1940 2131 1995 beatus

476 2048 628 2104 papa
677 2031 1011 2104 Gregorius,
1044 2032 1199 2087 Deus
1252 2032 1361 2086 sub
1410 2031 1650 2103 provida
1692 2029 2129 2100 dispensatione

477 2123 656 2176 corda
696 2137 939 2193 suorum
971 2122 1232 2193 disponit
1261 2127 1619 2176 sanctorum.
1654 2120 1856 2190 latque
1902 2118 1986 2173 sic
2030 2134 2128 2173 eos

480 2208 910 2281 multiplicibus
941 2209 1066 2264 suis
1113 2209 1282 2264 donis
1316 2209 1483 2279 ditat,
1515 2214 1571 2263 et
1600 2208 1923 2263 multorum
1952 2206 2124 2262 vitio-

479 2314 613 2353 rum
650 2298 901 2353 victores
947 2314 1074 2352 esse
1121 2298 1318 2363 donat,
1352 2301 1416 2351 ut
1463 2297 1661 2368 aliqua
1707 2297 1769 2351 in
1817 2297 1902 2351 eis
1949 2296 2122 2364 sinat,

476 2390 680 2441 contra
710 2403 836 2456 quae
870 2402 1129 2457 pugnare
1159 2385 1435 2454 sentiant,
1469 2389 1526 2439 et
1555 2386 1946 2456 experiantur,
1981 2403 2122 2458 qua-

472 2477 649 2530 tenus
679 2475 821 2529 dum
853 2491 1028 2545 parva
1057 2490 1335 2545 superare
1368 2477 1684 2545 nequeunt,
1714 2479 2032 2545 agnoscant
2060 2492 2122 2530 se

467 2580 584 2619 non
650 2562 773 2618 suis
820 2562 1042 2619 viribus
1076 2580 1287 2635 magna
1319 2578 1650 2634 superasse,
1686 2564 1868 2618 instar
1921 2563 2120 2634 p0puli

474 2651 674 2724 Israel,
708 2652 809 2724 qui
860 2651 1062 2708 multis
1110 2652 1382 2725 gentibus
1430 2650 1852 2716 exterminatis,
1904 2649 2119 2706 Philis-

473 2742 603 2796 tiim
635 2742 1024 2796 exterminare
1056 2740 1469 2812 nequiverunt;
1495 2741 1649 2795 unde
1676 2740 1959 2812 scriptum
1991 2745 2113 2795 est:

474 2830 669 2884 Relicti
694 2839 821 2884 sunt
869 2829 1197 2896 Philisliim,
1231 2832 1290 2885 ul
1325 2832 1669 2901 experiretur
1696 2832 1864 2885 Israel
1908 2829 2112 2896 (Judic.

471 2936 556 2982 III,
589 2920 666 2989 4).
702 2920 769 2973 Et
816 2919 925 2974 hoc
974 2920 1276 2975 sciendum
1318 2920 1457 2991 quia
1488 2919 1744 2991 quinque
1791 2919 1980 2973 modis
2013 2918 2112 2973 fla-

465 3006 643 3079 gellat
680 3008 832 3063 Deus
863 3008 1179 3077 hominem,
1212 3011 1368 3081 quod
1398 3010 1459 3065 in
1491 3010 1600 3064 hoc
1647 3008 1771 3063 loco
1821 3012 2113 3063 monstra-

463 3100 578 3151 tur.

533 3185 844 3255 Sequitur:
865 3189 1033 3241 Datus
1055 3190 1135 3241 est
1158 3188 1299 3241 mihi
1325 3187 1582 3241 stimulus
1606 3187 1790 3240 carnis
1819 3201 1972 3252 meae,
1998 3190 2105 3241 etc.

467 3277 533 3328 In
565 3272 674 3328 hoc
703 3273 828 3328 loco
851 3274 1062 3329 diversi
1093 3275 1321 3330 diversa
1350 3274 1628 3340 sentiunt,
1651 3273 1751 3329 alii
1775 3290 1874 3345 per
1905 3274 2111 3328 stimu-

465 3360 588 3415 lu-m
631 3377 958 3432 pressuras,
993 3361 1090 3417 alii
1138 3362 1347 3433 capitis
1396 3361 1644 3427 dolores,
1678 3360 1945 3417 nonnulli
1975 3377 2108 3417 vero

464 3449 660 3505 carnis
713 3448 1047 3522 intelligunt
1102 3451 1658 3522 concupiscentiam.
1726 3449 2108 3506 Bcatissimus

463 3554 598 3593 vero
644 3539 1029 3610 Augustinus,
1064 3540 1162 3610 qui
1212 3540 1363 3595 inter
1393 3545 1633 3595 cunctos
1678 3539 1949 3594 Romana:
1991 3537 2105 3592 elo-

463 3626 717 3696 quentiae
750 3628 1014 3683 doctores
1044 3628 1350 3683 facundior
1378 3627 1617 3696 exstitit,
1642 3629 1725 3682 sic
1748 3627 1864 3682 ait:
1890 3628 2106 3683 Paulus

460 3714 789 3786 discipulus
838 3715 1071 3784 Christi,
1108 3734 1220 3772 non
1272 3716 1541 3789 Pelagius
1591 3715 1917 3788 discipulus
1948 3716 2105 3771 anti-

456 3803 686 3871 christi,
719 3805 861 3860 dicit
891 3806 1001 3861 sibi
1033 3806 1225 3862 inesse
1257 3806 1479 3862 malum
1514 3806 2018 3877 concupiscentiae,
2051 3811 2108 3862 et

457 3892 847 3964 apertissimis
866 3895 1055 3950 verbis
1072 3896 1557 3967 concupiscentiae
1577 3897 1797 3951 malum
1819 3895 2100 3951 ostendit:

458 3986 515 4036 et
545 3998 677 4038 cum
706 4001 825 4039 sure
858 3984 1049 4039 carnis
1072 3985 1453 4055 incentivum,
1479 3990 1535 4040 et
1555 3985 1664 4039 sibi
1691 3984 1854 4039 civile
1885 3983 2101 4038 bellum

457 4069 650 4127 inesse
677 4079 1036 4144 agnosceret,
1064 4073 1291 4127 nullum
1316 4070 1614 4127 inveniens
1645 4071 1836 4127 locum
1861 4072 2103 4126 evaden-

458 4158 538 4228 di,
574 4159 684 4215 nisi
718 4161 908 4232 gratia
954 4161 1054 4216 Dei
1085 4160 1450 4230 exclamavit,
1492 4160 1692 4215 dicens
1718 4178 1731 4215 :
1759 4160 1963 4231 Infelix
2007 4176 2102 4227 ego

456 4246 629 4316 (Rom.
662 4266 762 4314 vn,
802 4250 915 4321 2/1),
943 4254 1050 4303 etc.
1084 4250 1225 4303 Ecce
1272 4248 1381 4303 iste
1426 4248 1711 4304 intellexit
1757 4265 1819 4304 se
1868 4248 2101 4305 nonnisi

452 4334 639 4404 gratia
674 4335 770 4389 Dei
802 4336 1056 4391 liberari.
1086 4336 1353 4408 Pelagius
1382 4353 1517 4392 vero
1548 4338 1673 4394 suis
1701 4337 1921 4393 viribus
1953 4355 2014 4394 se
2044 4342 2101 4394 et

2263 606 2372 661 hoc
2430 606 2515 661 sic
2572 607 2864 678 perforata
2920 610 3011 660 est
3070 603 3301 660 maxilla
3352 605 3635 663 Behemoth
3678 611 3795 685 (782),

2260 696 2416 765 quod
2460 700 2549 751 est
2603 694 2862 750 diaboli:
2899 711 3056 759 nam,
3088 694 3236 749 sicut
3293 694 3429 749 dicit
3476 695 3654 752 beatus
3695 717 3795 771 papa

2259 784 2593 856 Gregorius,
2627 785 2783 839 unde
2834 784 3100 849 conterit,
3132 782 3266 836 inde
3312 782 3511 850 salvat;
3541 786 3657 856 quia
3693 791 3795 846 unde

2255 877 2443 928 tentat
2474 882 2727 943 sanctos,
2755 877 2821 928 ut
2847 872 3049 944 perdat
3078 870 3295 937 volens,
3319 870 3447 926 inde
3474 873 3704 943 probatos
3724 876 3795 933 sal-

2254 968 2349 1017 vat
2380 962 2605 1017 nolens.
3582 1004 3596 1021 Î·

2325 1052 2635 1124 Sequitur:
2680 1055 2907 1122 Propter
2932 1050 3075 1123 quod
3100 1053 3183 1106 ter
3220 1051 3505 1106 Dominum
3529 1055 3704 1120 rogavi,
3727 1061 3794 1109 etc.

2251 1140 2308 1195 Si
2343 1141 2496 1196 enim
2531 1141 2774 1212 rogavit,
2798 1146 2855 1196 et
2878 1157 2989 1195 non
3013 1145 3102 1195 est
3127 1140 3453 1204 exauditus,
3475 1141 3565 1195 ubi
3586 1147 3674 1206 est,
3692 1145 3792 1213 quod

2249 1229 2533 1286 Dominus
2565 1231 2645 1284 ait
2677 1248 2689 1285 :
2724 1231 3023 1301 Antequam
3052 1245 3138 1285 me
3177 1230 3445 1293 invocetis,
3475 1230 3635 1284 dicam
3656 1232 3792 1287 vobis:

2248 1318 2469 1385 Adsum,
2498 1325 2606 1386 etc,
2647 1320 2771 1391 (lsa.
2808 1337 2962 1386 LVIII,
2984 1319 3071 1391 9);
3105 1322 3162 1373 et
3189 1319 3328 1373 item
3361 1336 3374 1373 :
3403 1318 3792 1391 Quodcunqu

2247 1409 2471 1474 tieritis,
2520 1408 2658 1464 dabo
2690 1410 2838 1464 vobis
2859 1413 2885 1462 Î¡
2909 1407 3132 1477 (Matth.
3166 1424 3286 1477 xxr,
3318 1407 3415 1475 22;
3441 1407 3584 1462 Joan.
3608 1409 3791 1476 x1v,i&)

2244 1495 2520 1568 Nunquid
2554 1514 2669 1553 non
2701 1514 2960 1569 praesens
3003 1499 3146 1563 erat,
3179 1496 3324 1551 dum
3356 1511 3466 1551 non
3494 1496 3791 1552 exaudiebat?

2242 1584 2378 1640 Erat
2436 1587 2658 1657 utique,
2693 1585 2865 1642 veluti
2924 1585 3208 1653 medicus,
3250 1585 3353 1657 qui
3409 1588 3612 1641 resecat
3648 1584 3789 1640 vulnus

2243 1673 2480 1740 infirmi,
2515 1692 2647 1729 cum
2697 1674 2971 1731 inï¬rmus
3019 1674 3130 1729 sub
3180 1674 3453 1729 manibus
3489 1676 3603 1744 ejus
3627 1673 3788 1738 clamet,

2243 1763 2430 1834 magis
2460 1781 2714 1834 praesens
2748 1765 2915 1820 adest
2959 1781 3072 1818 non
3120 1763 3431 1835 parcendo,
3462 1779 3620 1833 quam
3645 1763 3681 1816 si
3704 1780 3788 1833 par-

2240 1858 2426 1920 ceret;
2470 1852 2741 1907 similiter
2771 1856 2827 1908 et
2859 1853 3143 1908 Dominus
3176 1852 3365 1923 magis
3415 1867 3644 1923 praesens
3668 1851 3791 1905 adluit

2242 1958 2357 1996 non
2406 1941 2792 2011 exaudiendo,
2825 1957 3002 2013 quam
3035 1940 3085 1996 si
3114 1940 3417 1996 exaudiret
3442 1958 3454 1994 :
3482 1956 3604 1994 nam
3644 1939 3678 1994 si
3711 1955 3785 1993 non

2239 2030 2531 2085 exaudivit
2568 2030 2642 2085 ad
2690 2034 2912 2094 votum,
2944 2029 3235 2085 exaudivit
3264 2033 3461 2084 tamen
3502 2029 3568 2083 ad
3596 2027 3787 2083 salutem.

2238 2117 2423 2189 Magis
2454 2118 2609 2173 enim
2643 2118 2932 2174 exaudivit
2963 2118 3165 2186 istum,
3190 2134 3370 2188 quam
3399 2117 3675 2187 damones,
3692 2131 3787 2187 quos

2236 2205 2462 2262 dimisit
2490 2207 2573 2263 ire
2603 2207 2663 2262 in
2694 2224 2900 2279 porcos
2932 2209 3149 2280 (Matth.
3182 2224 3309 2275 vm,
3344 2207 3448 2275 30;
3480 2208 3635 2262 Marc.
3660 2222 3700 2275 v,
3725 2206 3788 2270 tl;

2235 2300 2365 2351 Luc.
2398 2312 2520 2362 V111,
2559 2297 2673 2367 32).

2306 2385 2617 2456 Sequitur:
2642 2385 2865 2458 Sufï¬cit
2892 2387 2997 2441 tibi
3022 2388 3207 2458 gratia
3228 2403 3375 2458 mea,
3400 2386 3557 2459 quasi
3586 2382 3785 2440 dixisset:

2231 2473 2316 2529 Tu
2357 2472 2609 2541 laboras,
2644 2478 2703 2528 tu
2756 2474 3011 2541 haesitas,
3042 2479 3103 2530 tu
3154 2475 3330 2531 times
3377 2492 3449 2531 ne
3492 2489 3688 2547 pereas;
3722 2469 3785 2526 sed

2229 2562 2450 2617 sufficit
2472 2562 2575 2617 tibi
2598 2562 2788 2633 gratia
2808 2579 2956 2632 mea,
2981 2564 3038 2618 id
3062 2570 3154 2619 est
3174 2564 3397 2620 sufficit
3414 2563 3514 2619 tibi
3536 2561 3786 2624 vocatio,ac

2226 2651 2664 2722 praedestinatio
2712 2668 2842 2707 mea
2875 2669 2886 2707 :
2922 2652 3377 2725 praedestinatus
3413 2669 3492 2720 es,
3524 2652 3681 2724 perire
3713 2664 3786 2703 non

2226 2740 2442 2810 poteris
2466 2741 2644 2808 (783);
2667 2745 2723 2796 et
2753 2741 2881 2796 ideo
2912 2740 3026 2797 noli
3058 2742 3264 2797 timere
3290 2759 3304 2798 :
3328 2744 3466 2798 Nam
3484 2744 3638 2797 virtus
3661 2741 3706 2794 in
3728 2739 3786 2792 iu-

2223 2828 2487 2897 ï¬rmitate
2510 2830 2831 2900 perï¬citur;
2864 2830 2971 2885 hoc
3014 2835 3126 2901 est,
3151 2833 3294 2902 quia
3339 2849 3451 2904 quo
3482 2829 3646 2901 magis
3666 2827 3782 2881 homo

2224 2918 2730 2989 persecutionibus
2758 2919 3047 2985 atteritur,
3073 2936 3139 2974 eo
3172 2920 3362 2992 magis
3397 2919 3655 2976 reveletur
3669 2914 3782 2986 (784).

2294 3007 2572 3078 Sequitur
2598 3024 2611 3062 :
2638 3008 2889 3063 Libenter
2907 3009 3077 3077 igitur
3102 3009 3414 3078 gloriabor;
3434 3026 3500 3064 ac
3522 3008 3569 3063 si
3586 3004 3781 3066 dixisset;

2139 3084 2181 3150 C
2221 3095 2359 3167 quia
2390 3095 2591 3150 audire
2615 3096 2910 3168 promerui
2935 3097 3213 3168 quoniam
3237 3097 3426 3153 virtus
3449 3097 3505 3152 in
3529 3092 3785 3151 inï¬rmitate

2220 3184 2538 3255 perficitur,
2587 3185 2866 3255 gloriabor
2908 3201 3003 3256 ego
3054 3186 3286 3242 libenter
3334 3189 3395 3242 in
3450 3179 3784 3255 inï¬rmitatibus

2215 3274 2370 3328 meis.
2404 3273 2633 3336 Quare?
2666 3274 2729 3329 Ut
2763 3273 3034 3329 inhabitet
3055 3276 3117 3328 in
3146 3290 3232 3329 me
3260 3277 3438 3330 virtus
3470 3274 3668 3329 Christi.
3692 3273 3789 3323 Pro.

2214 3371 2334 3433 pter
2357 3361 2498 3434 quod
2523 3362 2713 3433 placeo
2742 3363 2904 3424 mihi.
2931 3368 3038 3418 etc.
3064 3362 3302 3419 Dixerat
3332 3363 3625 3436 superius:
3652 3356 3786 3414 Liben-

2216 3460 2300 3505 ter
2329 3450 2633 3520 gloriabor,
2665 3456 2798 3517 etc.;
2833 3451 2961 3507 ideo
2993 3451 3336 3523 subjunxit:
3365 3454 3584 3523 Propter
3608 3445 3734 3520 quod,
3747 3441 3786 3497 id

2215 3543 2302 3594 est
2334 3543 2568 3610 prepter
2616 3539 2746 3603 hoc,
2779 3540 2933 3610 quod
2967 3539 3150 3595 virtus
3196 3539 3255 3594 in
3305 3540 3631 3597 infirmitate
3662 3532 3788 3608 perï¬-

2213 3629 2387 3693 citur,
2443 3628 2636 3700 placeo
2686 3628 2846 3696 mihi,
2904 3634 3013 3683 etc.
3073 3629 3652 3685 Animadvertendum
3694 3620 3790 3694 quia

2196 3717 2400 3773 -multa
2429 3717 2651 3774 dixerat
2696 3718 2969 3790 superius
3003 3734 3015 3771 :
3051 3718 3320 3789 quaedam
3371 3720 3543 3775 etiam
3588 3716 3788 3771 dicturus

2213 3812 2336 3862 erat
2379 3807 2435 3862 in
2485 3808 2889 3878 sequentibus,
2921 3808 3019 3862 sed
3066 3812 3185 3862 tam
3237 3807 3357 3874 illa,
3390 3824 3515 3879 quae
3562 3801 3787 3876 superius,

2214 3912 2389 3967 quam
2414 3913 2538 3967 qua:
2562 3896 2619 3951 in
2644 3897 3046 3968 sequentibus,
3070 3895 3390 3968 praevalent
3420 3890 3727 3951 inï¬rmitati.
3743 3885 3791 3940 Et

2213 3986 2350 4058 quia
2380 3984 2499 4050 illa,
2524 4002 2650 4057 quae
2685 3985 2953 4055 superius
2984 3985 3224 4054 dixerat,
3248 3986 3495 4041 attinere
3519 3984 3585 4040 ad
3614 3978 3790 4037 laudem

2211 4072 2369 4128 illius
2400 4072 2581 4128 videri
2611 4077 2901 4144 poterant,
2935 4073 3149 4129 idcirco
3190 4074 3391 4129 oculos
3436 4070 3637 4129 mentis
3662 4068 3707 4122 in
3730 4064 3792 4118 in-

2212 4161 2549 4216 ï¬rmitatem
2581 4159 2789 4226 infixit,
2813 4162 2983 4232 cujus
3008 4163 3242 4219 nomine
3269 4160 3621 4217 infirmitatis
3647 4150 3794 4214 omnis

2210 4249 2483 4322 praedicta
2531 4248 2990 4321 comprehendit.
3024 4252 3087 4306 In
3134 4253 3503 4321 contumeliis,
3536 4250 3588 4305 id
3616 4250 3689 4303 est
3710 4256 3792 4298 non

2209 4338 2266 4393 in
2300 4338 2517 4395 honore
2545 4358 2558 4406 ;
2590 4340 2651 4394 in
2678 4340 3115 4408 necessitatibus,
3147 4340 3201 4397 id
3247 4347 3336 4397 est
3364 4358 3480 4396 non
3511 4340 3566 4394 in
3594 4331 3792 4394 divitiis;

454 4421 675 4476 malum
716 4424 1000 4491 deserere,
1036 4430 1092 4480 et
1130 4427 1199 4479 ad
1255 4427 1472 4483 bonum
1520 4443 1871 4499 consurgere
1927 4445 2099 4500 posse
2132 4452 2178 4513 Î¹)
2208 4430 2268 4483 in
2298 4429 2786 4499 persecutionibus,
2817 4429 2871 4484 id
2905 4434 2994 4485 est
3023 4447 3137 4486 non
3172 4430 3228 4485 in
3260 4430 3482 4502 requie,
3506 4426 3588 4483 vel
3615 4421 3795 4492 refrige-

451 4510 654 4564 credit.
696 4512 772 4567 Ne
800 4514 1119 4581 magnitudo
1166 4515 1580 4581 reuelationem,
1614 4521 1719 4571 etc.
1748 4516 1895 4570 Dicit
1944 4517 2098 4572 idem

2209 4516 2326 4585 rio;
2363 4519 2423 4571 in
2449 4521 2748 4591 angustiis,
2774 4519 2831 4574 id
2859 4523 2947 4574 est
2967 4536 3081 4574 non
3109 4519 3358 4575 elatione
3390 4518 3478 4573 vel
3508 4512 3792 4572 altitudine;

451 4598 1069 4672 ipseAugustinus:O
1102 4608 1290 4658 terror
1315 4608 1370 4659 et
1398 4604 1802 4676 tremorlquis
1826 4606 1952 4675 jam
1983 4622 2098 4661 non
2202 4622 2303 4677 pro
2353 4606 2585 4674 Christo,
2618 4607 2673 4661 id
2723 4614 2810 4662 est
2858 4624 2971 4663 non
3020 4625 3123 4678 pro
3173 4608 3428 4681 ï¬‚agitiis,
3462 4604 3547 4661 vel
3595 4594 3793 4676 peccatis

449 4686 660 4743 timeat
705 4690 922 4756 extolli,
959 4691 1006 4745 si
1040 4692 1196 4759 talis,
1233 4698 1290 4748 et
1336 4696 1534 4748 tantus
1564 4695 1732 4747 timet
1763 4710 1833 4748 ne
1864 4694 2100 4749 extollac

450 4780 567 4830 tur.
594 4777 871 4850 Sequitur
901 4796 914 4835 :
949 4781 1122 4836 Datus
1151 4785 1228 4836 est
1258 4783 1398 4836 mihi
1428 4782 1700 4843 stimulus,
1725 4787 1833 4836 etc.
1857 4784 2098 4837 Antido-

451 4867 581 4919 tum
614 4865 890 4941 salutare,
925 4884 1040 4940 quo
1072 4875 1387 4941 superatur
1416 4886 1723 4939 venenum,
1748 4874 1804 4924 et
1833 4871 1986 4941 quod
2018 4871 2101 4925 di-

453 4967 580 5007 cam
612 4954 722 5011 hoc
750 4973 879 5012 esse
911 4958 1024 5012 nisi
1056 4957 1381 5013 theriacum
1412 4959 1581 5029 (781),
1607 4959 1759 5030 quod
1792 4960 2101 5015 conficitur

544 5165 673 5241 Z79)
703 5167 875 5241 Yulg.
907 5173 965 5226 in
997 5189 1101 5229 me.

545 5236 673 5302 780)
707 5236 872 5296 Forte
899 5245 1212 5306 prudentia.

2206 4694 2323 4750 ista
2352 4694 2632 4761 sustineo,
2658 4696 3150 4767 quemadmodum
3179 4695 3431 4753 latrones
3462 4688 3695 4750 haeretici
3720 4699 3794 4757 ÏÎ¹-

2208 4783 2456 4838 tiuntur.
2501 4784 2662 4839 Unde
2714 4784 2994 4840 Dominus
3027 4804 3040 4840 :
3072 4787 3248 4849 Beati,
3279 4788 3376 4859 qui
3418 4779 3796 4857 persecutionem

2202 4875 2493 4944 patiuntur
2518 4872 2684 4944 (785),
2716 4879 2823 4928 etc.

2279 4964 2415 5016 Cum
2458 4963 2606 5017 enim
2653 4962 2929 5032 inï¬rmor,
2954 4966 3065 5018 etc.
3092 4963 3207 5019 Iste
3252 4963 3429 5034 enim,
3453 4979 3565 5035 quo
3592 4949 3797 5014 verberi-

2207 5175 2874 5253 nomine_i_ntelligunt._
3046 5250 3055 5253 _
3456 5248 3468 5253 Î”
3570 5247 3580 5253 ,
3666 5240 3694 5253 ,,
3762 5233 3772 5245 .

2283 5251 2429 5306 (783)
2450 5247 2630 5303 Valde
2661 5247 2917 5306 notanda
2944 5250 3139 5306 verba.
3161 5269 3287 5306 quin
3318 5247 3798 5306 praedestinationls
