3990 5306
129 435 232 495 485

656 427 1073 488 EXPOSITIO
1117 426 1193 485 ΙΝ
1242 426 1674 486 EPIS'l‘OLAS
1719 425 1977 485 PAULI.
2016 425 2197 484 -ΙΝ
2246 424 2491 483 EPIST.
2541 425 2588 482 ll
2638 424 2742 483 AD
2790 425 2964 484 COIt.

3398 426 3515 485 486

130 567 227 620 bus
256 560 639 631 affligebatur,
670 575 736 613 eo
768 560 1182 621 roborabatur;
1219 558 1355 628 quia
1396 558 1450 610 in
1511 555 1749 625 sanctis,
1786 559 1840 624 Α
1872 555 2217 626 doapostoli,
2249 573 2372 627 quae
2403 559 2594 610 vestra
2625 558 2764 610 sunt
2804 558 3091 625 quierunt,
3152 554 3331 610 nolite
3390 556 3519 609 dili-

131 668 234 723 quo
266 649 451 718 magis
483 647 728 702 exterior
758 646 929 700 homo
960 646 1305 711 al‘ﬁcitur,eo
1337 645 1576 700 interior
1598 646 1759 699 robo-

131 746 298 795 ratur.
331 738 470 791 llinc
492 741 580 791 est
609 735 762 806 quod
794 734 977 788 sancti
1004 740 1286 806 martyres
1308 736 1450 789 adeo
1487 736 1660 789 fortes
1700 734 1757 787 in

130 825 589 883 tribulationibus
620 824 1162 879 existebantfactus
1193 841 1312 878 sum
1348 826 1756 894 insipiens,etc.

131 918 261 973 Nota
290 915 429 985 quia
456 912 829 983 insipientem
868 928 929 966 se
987 912 1126 966 dicit
1165 918 1220 966 et
1276 919 1563 981 coactum,
1624 912 1762 982 quia

131 1022 290 1060 causa
322 1004 708 1067 necessitatis,
744 1002 800 1055 id
828 1007 917 1055 est
938 1018 1179 1055 suorum
1212 1002 1548 1055 auditorum
1583 1017 1763 1054 causa

132 1093 320 1150 salutis
353 1109 415 1147 se
445 1092 816 1156 laudaverat;
845 1096 899 1144 et
932 1090 1055 1143 ideo
1086 1089 1225 1143 dicit
1257 1106 1270 1143 :
1312 1091 1404 1143 Vos
1450 1105 1532 1142 me
1587 1090 1759 1158 coegi-

129 1185 233 1237 stis.
264 1180 324 1233 Et
355 1181 655 1235 sciendum
677 1179 815 1249 quia
836 1179 1149 1232 stultorum
1173 1183 1480 1248 estsponte
1503 1176 1758 1247 gloriari,

129 1287 231 1327 non
257 1269 711 1324 sanctorum.Ad
745 1268 853 1321 hoc
884 1267 1093 1321 attinet
1122 1267 1277 1337 quod
1309 1266 1613 1337 subjungit
1637 1266 1763 1336 :Ego

125 1364 286 1415 autem
314 1359 491 1414 debui
538 1376 571 1412 a
624 1358 771 1412 vobis
817 1356 1210 1419 commendari,
1271 1356 1442 1426 quasi
1500 1354 1758 1409 diceret:

126 1446 747 1517 Pseudoapostolis,qui
782 1445 893 1499 mei
928 1449 1067 1499 sunt
1095 1446 1529 1512 obtrectatores,
1554 1448 1611 1497 et
1634 1459 1761 1514 per-

125 1536 707 1604 secutores,resistere
746 1534 1055 1589 debuistis.
1090 1533 1245 1589 Nihil
1273 1534 1422 1587 enim
1450 1534 1633 1587 minus
1664 1532 1761 1586 ha-

126 1626 522 1697 bui(786),etc.
566 1622 741 1689 Quasi
799 1624 1053 1677 diceret:
1115 1621 1269 1676 Nihil
1326 1621 1522 1675 minus
1583 1620 1762 1675 habui

130 1716 296 1780 Petro,
325 1716 564 1768 Andrea
593 1716 649 1766 et
670 1711 893 1767 caeteris
929 1730 941 1778 ;
976 1712 1113 1783 quia
1135 1711 1269 1782 plus
1301 1712 1576 1765 omnibus
1609 1709 1763 1764 labo-

130 1804 251 1859 ravi.
282 1803 431 1858 Nam
469 1801 517 1855 si
539 1803 610 1856 ad
632 1800 958 1856 doctrinam
999 1800 1236 1864 referas,
1268 1816 1381 1853 non
1441 1798 1601 1852 aliud
1654 1799 1760 1851 do-

131 1897 359 1949 cuerunt
395 1908 574 1962 quam
599 1906 703 1961 ego
728 1908 740 1954 ;
768 1890 816 1944 si
840 1890 910 1943 ad
936 1888 1320 1961 patrationem
1347 1886 1764 1941 miraculorum

133 1999 231 2036 non
262 1982 488 2051 majora
505 1978 777 2033 similiter
800 1994 958 2033 :nam
985 1977 1094 2031 etsi
1118 1971 1309 2030 minor
1329 1992 1461 2030 sum
1485 1980 1766 2044 tempore,

134 2087 232 2124 non
261 2074 462 2123 tamen
492 2066 889 2138 dignitate,vel
924 2066 1148 2119 merito.
1177 2064 1277 2119 His
1335 2063 1524 2119 verbis
1572 2069 1766 2116 osten-

138 2160 376 2230 ditquod
439 2157 558 2212 sint
614 2155 957 2227 praeferendi
1014 2156 1264 2224 majores
1312 2159 1571 2224 tempore
1630 2151 1769 2215 illis,

141 2250 222 2319 qui
250 2250 506 2318 majores
528 2249 666 2300 sunt
697 2244 902 2298 merito
931 2261 942 2297 :
968 2243 1124 2297 verbi
1147 2241 1630 2313 gratia,nunquid
1655 2256 1769 2294 non

142 2341 366 2393 Joannes
404 2339 536 2390 ante
564 2332 1098 2405 praedicavit,quam
1135 2330 1445 2385 Christus?
1478 2329 1577 2384 Vel
1620 2345 1768 2383 nun-

144 2426 258 2495 quid
278 2425 545 2480 Christus
561 2423 931 2485 Joannem,et
955 2437 1067 2475 non
1080 2420 1336 2475 Joannes
1355 2419 1647 2473 Christum
1670 2418 1772 2471 ba-

137 2512 518 2583 ptizavit?Sed
535 2527 648 2565 non
663 2511 734 2565 ob
762 2510 869 2565 hoc
900 2509 1182 2580 major.Et
1212 2508 1477 2579 nunquid
1501 2523 1615 2561 non
1656 2506 1771 2559 An-

135 2602 285 2656 dreas
318 2604 457 2655 ante
488 2598 785 2653 Christum
817 2602 1257 2668 secutus,quam
1292 2594 1652 2661 Petrus?,Sed
1682 2598 1765 2647 ta-

135 2706 255 2745 men
287 2694 345 2743 et
378 2690 540 2743 Petro
575 2686 889 2741 Ecclesium
920 2685 1235 2751 commisit,
1269 2685 1551 2740 dicendo:
1586 2684 1657 2737 Tu
1711 2697 1770 2737 es

132 2780 456 2843 Petrus,etc.
485 2777 670 2831 Habes
696 2775 870 2830 etiam
902 2774 1231 2844 exemplum
1264 2774 1323 2828 in
1355 2772 1546 2827 Veteri
1579 2773 1777 2826 Testa-

130 2872 340 2920 mento.
373 2865 600 2936 Moyses
630 2864 786 2918 enim
822 2862 1010 2917 minor
1040 2862 1149 2915 fuit
1172 2866 1337 2915 aetate
1362 2863 1566 2929 Aaron,
1591 2861 1691 2914 sed
1724 2859 1774 2913 ei

127 2959 317 3009 tamen
354 2959 507 3008 Deus
539 2948 812 3022 apparuit
840 2949 901 3002 in
925 2950 1297 3013 rubo,dicens
1323 2966 1334 3001 :
1372 2950 1484 3019 Ego
1501 2965 1622 3002 sum
1639 2950 1777 3002 Deus

112 3042 404 3096 Abraham
433 3042 630 3107 (Exod.
666 3055 751 3106 ιιι,
783 3039 859 3107 6),
893 3042 1001 3091 etc.
1042 3055 1054 3103 ;
1088 3038 1337 3091 maxime
1368 3053 1501 3090 cum
1537 3035 1631 3089 ille
1663 3036 1777 3090 elo-

112 3130 404 3202 quentior
428 3127 629 3198 (Exod.
667 3143 740 3192 ιν,
777 3128 884 3196 10),
920 3131 1029 3180 etc.
1061 3126 1391 3196 Hocipsum
1416 3124 1588 3179 etiam
1614 3141 1779 3180 cano-

118 3220 258 3273 nica
290 3217 615 3272 auctoritas
646 3215 1023 3285 monet,quod
1056 3213 1160 3279 illi,
1184 3216 1283 3285 qui
1336 3215 1586 3285 majores
1638 3220 1779 3269 sunt

1870 661 2049 715 gere;
2109 662 2214 716 ego
2264 645 2361 715 qui
2422 662 2544 708 vos,
2604 645 2755 714 quod
2818 644 3009 712 majus
3066 650 3172 713 est,
3234 660 3325 698 me
3384 645 3518 698 dili-

1870 733 2005 804 gite.
2040 735 2141 787 Nee
2168 736 2315 788 enim
2343 733 2534 788 debent
2567 732 2698 800 ﬁlii.
2765 733 2861 786 His
2918 733 3110 787 verbis
3142 733 3395 787 ostendit
3457 750 3518 789 se

1870 837 1998 875 esse
2030 827 2284 892 patrem;
2321 827 2604 893 quantum
2640 822 2796 875 enim
2830 822 2900 875 ad
2948 822 3274 875 humanum
3308 822 3515 877 attinet

1874 928 2068 980 usum,
2105 916 2369 982 parentes
2420 910 2819 964 thesaurizant
2879 910 3032 976 filiis,
3089 928 3199 964 non
3263 912 3361 965 ﬁlii
3416 930 3516 982 pa-

1873 1001 2158 1066 rentibus,
2194 1001 2289 1053 sed
2326 998 2580 1064 sibimet,
2621 998 2707 1052 vel
2771 998 2934 1063 filiis;
2999 1000 3052 1051 in
3113 1000 3520 1070 spiritualibus

1870 1106 2002 1141 vero
2034 1106 2063 1140 e
2095 1095 2295 1142 contra
2326 1089 2425 1141 filii
2464 1088 2821 1159 parentibus,
2866 1106 2979 1141 non
3042 1095 3307 1159 parentes
3359 1089 3517 1157 ﬁliis,

1873 1178 1969 1231 sed
2006 1177 2107 1230 filii
2144 1178 2499 1247 parentibus,
2537 1177 2674 1246 quia
2706 1177 3031 1231 necessaria
3064 1178 3518 1234 subministrant

1872 1266 2101 1335 thuia
2158 1267 2290 1320 talis
2346 1272 2433 1320 est
2482 1283 2644 1331 usus,
2704 1266 2830 1319 ideo
2888 1266 2995 1319 hoc
3053 1267 3301 1335 dicebat,
3353 1268 3521 1338 quasi

1872 1354 2121 1409 diceret:
2156 1356 2300 1409 Cum
2334 1354 2463 1408 talis
2495 1356 2571 1408 sit
2614 1356 2974 1409 consuetudo
3032 1360 3150 1409 tam
3202 1358 3257 1410 in
3320 1374 3521 1412 carna-

1872 1443 2053 1509 tibus,
2096 1460 2272 1514 quam
2324 1443 2383 1497 in
2460 1443 2843 1513 spiritalibus,
2900 1460 3003 1511 ego
3063 1446 3355 1500 contraria
3410 1446 3526 1517 egi,

1873 1532 2011 1603 quia
2041 1532 2121 1585 nil
2172 1533 2392 1603 accepi,
2449 1533 2549 1585 sed
2591 1533 2733 1587 alias
2790 1534 3055 1587 Ecelesias
3104 1535 3408 1605 exspoliari
3455 1535 3530 1604 (ιι

1871 1625 1996 1678 Cor.
2030 1639 2104 1690 x1,
2138 1622 2212 1691 8),
2242 1626 2302 1674 ut
2334 1621 2494 1675 vobis
2528 1621 2922 1691 praedicarem.
2980 1622 3045 1674 Et
3102 1622 3173 1674 ad
3228 1622 3334 1677 hoc
3393 1624 3525 1678 atti-

1874 1715 1971 1764 net
2002 1713 2155 1780 quod
2191 1709 2495 1779 subjungit
2528 1726 2539 1762 :
2574 1712 2680 1780 Ego
2701 1717 2890 1764 autem
2923 1710 3301 1777 libentissime,
3326 1713 3383 1766 id
3415 1718 3525 1781 est,

1875 1798 2249 1853 devotissime
2294 1798 2624 1867 impendam,
2686 1798 2742 1851 id
2800 1804 2909 1863 est,
2945 1798 3229 1869 quidquid
3284 1818 3523 1871 possum

1877 1889 1947 1941 ab
1973 1887 2086 1941 illis
2118 1887 2387 1941 Ecclesiis
2420 1887 2697 1955 accipere,
2725 1893 2786 1941 ut
2819 1887 2981 1941 vobis
3014 1888 3326 1957 praedicare
3359 1890 3521 1943 sufﬁ-

1883 1976 2054 2030 ciam.
2096 1979 2160 2029 Et
2215 1976 2685 2046 superimpendar,
2748 1977 2804 2029 id
2863 1982 2971 2036 est.
3029 1977 3100 2029 ab
3142 1977 3271 2032 aliis
3360 1979 3531 2033 morti

1880 2065 2077 2136 tradar
2109 2082 2209 2135 pro
2242 2070 2432 2119 vestra
2462 2064 2666 2119 salule.
2693 2065 2806 2118 Hac
2831 2064 3109 2118 charitzite
3144 2066 3302 2119 nulla
3351 2068 3536 2135 major

1880 2154 2045 2207 Unde
2062 2153 2383 2208 Dominus:
2417 2155 2674 2222 Majorem
2719 2154 3050 2208 eharitalem
3079 2157 3263 2222 (Joan.
3299 2172 3386 2219 xv,
3424 2156 3532 2225 13),

1881 2246 1988 2296 etc.
2027 2243 2165 2295 Licet
2186 2257 2275 2295 vos
2317 2243 2443 2312 plus
2497 2242 2755 2311 diligens,
2816 2247 2950 2308 etc.,
3010 2260 3077 2296 ex
3135 2244 3535 2313 superioribus

1883 2330 2114 2400 pendet.
2150 2331 2379 2384 Dixerat
2409 2331 2679 2401 superius
2708 2348 2719 2384 :
2752 2332 3212 2400 Superimpemlar
3248 2351 3259 2399 ;
3295 2338 3351 2385 et
3399 2333 3529 2387 ideo

1883 2418 2221 2489 subjuuxit:
2259 2420 2403 2472 Licet
2436 2435 2544 2483 vos,
2569 2424 2700 2481 etc.,
2733 2420 3046 2489 plusquam
3079 2420 3225 2474 alios
3256 2420 3531 2487 meos,vel

1884 2507 2198 2579 plusquam
2231 2507 2323 2561 alii
2354 2525 2386 2561 a
2435 2508 2657 2562 caeteris
2715 2508 3010 2577 apostolis,
3067 2508 3263 2562 minus
3321 2510 3534 2580 diligar

1887 2614 1919 2652 ει
1947 2596 2108 2651 vobis
2139 2613 2315 2667 quam
2350 2597 2624 2650 acoeteris
2675 2597 2840 2662 meis,
2877 2598 2961 2650 vel
2988 2614 3163 2667 quam
3195 2598 3292 2651 alii
3323 2616 3356 2652 a
3386 2598 3529 2653 suis.

1956 2686 2060 2740 Sed
2086 2692 2192 2739 esto
2225 2704 2242 2738 :
2274 2702 2368 2753 ego
2393 2702 2487 2739 vos
2516 2688 2763 2753 gravavi,
2811 2692 2920 2739 etc.
2960 2703 2972 2751 ;
3027 2686 3080 2739 id
3140 2691 3228 2739 est
3289 2704 3537 2757 praesen-

1886 2773 2101 2827 tialiter
2121 2791 2297 2828 censu
2333 2791 2443 2828 non
2478 2774 2709 2844 gravavi
2748 2774 2894 2828 :Sed
2923 2790 3047 2827 eum
3071 2791 3239 2827 essem
3296 2780 3529 2837 astutus,

1887 2868 1992 2917 etc.
2030 2879 2043 2927 ;
2080 2863 2248 2933 quasi
2275 2863 2521 2917 diceret:
2555 2863 2677 2916 Non
2713 2863 2838 2917 ideo
2872 2879 2985 2917 non
3017 2863 3232 2934 accepi,
3284 2868 3347 2916 ut
3408 2880 3534 2918 rna-

1887 2951 1976 3020 gis
2006 2951 2264 3020 accipere
2294 2950 2498 3005 vellem
2535 2969 2547 3017 ;
2582 2968 2715 3005 nam
2749 2951 2918 3005 dolus
2947 2952 3161 3005 dicitur
3191 2953 3369 3017 fraus,
3418 2952 3537 3007 sive

1891 3038 2313 3103 simulatio;ille
2346 3055 2599 3108 namque
2621 3040 2860 3093 dolosus
2882 3044 2990 3107 est,
3027 3041 3125 3110 qui
3161 3040 3315 3094 aliud
3342 3047 3536 3095 mente

1890 3127 2126 3197 cogitat,
2158 3124 2313 3179 aliud
2357 3126 2718 3179 extrinsecus
2778 3126 2914 3195 agit.
2978 3128 3140 3180 Tunc
3191 3145 3325 3199 ergo
3378 3132 3532 3200 Apo-

1888 3214 2075 3269 stolus
2105 3231 2202 3269 eos
2234 3214 2363 3268 dolo
2396 3231 2599 3285 capere
2630 3212 2816 3281 vellet,
2868 3215 2915 3269 si
2961 3220 3197 3285 propter
3252 3232 3533 3286 magnum

121 3305 415 3378 sapientia
446 3311 504 3360 et
536 3304 1105 3373 merito,praaferendi
1136 3303 1252 3358 sint
1285 3303 1606 3373 majoribus
1628 3308 1775 3358 tem-
1808 3307 1849 3373 ο
1893 3304 2090 3358 minus
2121 3303 2380 3374 accipere
2412 3302 2606 3357 nollet.

117 3414 251 3469 pore
279 3393 591 3462 ;similiter
620 3394 751 3448 iste.
788 3394 1016 3447 Tametsi
1042 3393 1192 3447 nihil
1222 3408 1364 3459 sum,
1399 3393 1601 3447 etc.lta
1616 3393 1773 3448 enim

122 3502 177 3541 se
208 3482 513 3550 humiliat,
548 3488 612 3537 ut
641 3482 863 3553 erigat;
896 3487 953 3536 et
986 3482 1114 3536 ideo
1144 3498 1277 3536 cum
1313 3482 1589 3537 dixisset:
1624 3483 1773 3537 Nihil

118 3591 251 3640 sum,
285 3572 638 3641 subjunxit:
673 3572 848 3639 Signa
877 3579 1060 3626 tamen
1087 3571 1505 3641 Apostoli(787).
1542 3572 1609 3625 Et
1640 3577 1776 3626 nota

121 3662 248 3733 quia
280 3665 341 3715 in
373 3661 526 3716 omni
551 3662 830 3731 patientia
859 3660 1017 3714 dicit.
1045 3664 1163 3715 Hac
1188 3659 1466 3732 patientia
1498 3659 1773 3715 tolerave-

128 3755 208 3804 rat
238 3749 336 3804 ille
360 3747 717 3815 Corinthios,
748 3754 803 3802 et
834 3748 1260 3803 medicamento
1296 3748 1694 3818 prodigiorum
1720 3753 1777 3803 et

127 3839 423 3910 signorum
454 3854 658 3892 eorum
689 3842 1013 3892 correxerat
1039 3854 1296 3903 errores;
1330 3838 1497 3907 quasi
1529 3839 1773 3901 diceret;

130 3931 184 3981 In
215 3944 278 3982 eo
304 3926 462 3998 quod
496 3926 669 3979 homo
700 3942 853 3995 sum,
874 3924 1196 3991 nibilsum;
1232 3926 1290 3978 in
1321 3941 1386 3980 eo
1432 3927 1585 3996 quod
1637 3943 1773 3995 apo-

130 4016 324 4085 stolus,
359 4015 585 4087 aliquid
618 4031 771 4069 sum.

194 4106 333 4172 Quid
359 4108 439 4160 est
469 4104 657 4158 enim?
713 4108 821 4159 etc.
857 4122 869 4169 ;
921 4103 1086 4174 quasi
1119 4103 1335 4157 diceret
1368 4120 1380 4156 :
1432 4106 1557 4158 Non
1590 4102 1777 4174 magis

132 4200 334 4250 cetera:
369 4194 646 4249 Ecclesia
677 4194 897 4265 aliquid
948 4198 1297 4264 acceperunt
1344 4211 1376 4247 a
1441 4193 1631 4259 Petro,
1688 4192 1777 4247 vel

130 4286 364 4355 Andrea,
401 4301 582 4355 quam
612 4300 711 4337 vos
741 4301 775 4337 a
807 4299 919 4349 me,
954 4282 1067 4338 nisi
1100 4283 1248 4337 forte
1280 4300 1486 4351 unum,
1548 4282 1605 4336 id
1665 4287 1773 4352 est,

133 4376 271 4443 quod
303 4391 414 4430 non
447 4374 673 4443 gravavi
728 4388 834 4443 eos,
894 4376 1190 4443 sumptum
1245 4371 1602 4442 accipiendo.
1664 4372 1775 4426 Sed

130 4462 172 4515 si
201 4463 526 4534 hocipsum
579 4466 879 4533 peccatum
942 4461 1069 4529 fuit,
1132 4461 1419 4531 ignoscite
1482 4460 1667 4527 mihi;
1718 4460 1775 4514 id

132 4556 227 4618 est,
257 4553 461 4607 donate
504 4551 647 4605 mihi
703 4550 844 4604 hane
888 4550 1183 4621 injuriam.
1245 4549 1559 4603 Sciendum
1620 4549 1775 4603 enim

134 4641 259 4710 quia
286 4641 607 4697 stultorum
641 4645 729 4695 est
759 4656 907 4710 opus
939 4638 1186 4709 dignum
1234 4637 1406 4692 laude
1464 4638 1774 4708 reprehen-

136 4728 295 4784 disse.
330 4729 603 4785 Ostendit
634 4744 731 4783 eos
763 4744 890 4783 esse
922 4726 1152 4782 stultos.
1215 4728 1282 4781 Et
1340 4743 1411 4780 ne
1473 4726 1551 4781 illi
1610 4732 1777 4798 puta-

136 4823 251 4872 rent
274 4819 430 4889 quod
457 4818 553 4872 ille
584 4817 644 4870 in
676 4817 993 4888 primordio
1025 4833 1142 4871 suae
1175 4815 1620 4887 praedicationis,
1680 4816 1780 4887 qui

139 4919 239 4960 non
270 4911 591 4977 acceperat,
651 4906 1018 4975 postmodum
1082 4904 1341 4976 accipere
1398 4903 1585 4969 vellet,
1646 4904 1774 4959 ideo

138 4995 429 5063 subjunxit
463 5011 475 5048 :
512 4996 639 5049 Ecce
666 4995 855 5061 tertio,
887 4998 1023 5061 etc.,
1053 4995 1197 5065 (788)
1231 4994 1396 5063 quasi
1429 4993 1775 5049 diceretzNe

142 5084 342 5149 putetis
376 5100 470 5137 me
498 5082 757 5152 accipere
786 5082 952 5149 velle,
986 5083 1082 5152 qui
1114 5082 1397 5137 hactenus
1441 5098 1553 5135 non
1615 5099 1773 5137 acce-

142 5168 191 5237 pi
221 5188 232 5225 :
263 5177 379 5228 Non
410 5173 565 5227 enim
596 5186 781 5240 quaero
803 5188 922 5243 quw
956 5180 1127 5226 vestra
1157 5180 1304 5239 sunt,
1343 5178 1452 5227 etc.
1510 5171 1609 5227 His
1650 5189 1773 5227 ver-

143 5255 221 5280 ιε-
252 5277 337 5280 ﬂ..-
437 5264 518 5280 ,-1
558 5274 649 5280 -A_
686 5260 746 5280 η.)
790 5278 802 5279 κ
834 5276 1034 5280 ,,-_-_.-
1079 5277 1115 5280 ,κ
1151 5262 1160 5270 ·
1268 5266 1277 5280 ι
1330 5260 1410 5280 3n!
1476 5276 1535 5279 -,,
1568 5262 1603 5280 ι’
1692 5268 1699 5280 ι

1956 3392 2214 3463 Nunquid
2241 3408 2338 3461 per
2367 3393 2609 3462 aliquem
2638 3408 2846 3455 eorum,
2872 3396 2978 3447 etc.
3015 3410 3027 3447 :
3063 3392 3229 3463 quasi
3281 3392 3495 3448 diceret
3522 3412 3534 3449 :

1883 3481 2091 3536 Nullus
2122 3497 2188 3535 ex
2220 3481 2310 3535 his
2335 3498 2482 3551 quos
2541 3482 2673 3536 misi
2726 3482 2911 3543 vobis.
2973 3481 3163 3536 dixit:
3227 3483 3533 3553 pecuniam

1883 3571 2121 3641 dignam
2184 3587 2440 3641 personae
2489 3571 2746 3641 tribuite,
2781 3572 2828 3625 si
2864 3570 3029 3626 illum
3080 3578 3381 3643 peccatum
3430 3572 3536 3627 ha-

1884 3659 2018 3714 bere
2050 3660 2224 3713 vultis
2260 3677 2271 3714 :
2314 3678 2426 3715 non
2458 3661 2721 3731 poteritis
2774 3678 2907 3716 eum
2971 3667 3238 3732 pacatum
3295 3661 3530 3725 habere,

1884 3748 1997 3803 nisi
2028 3748 2263 3816 dignam
2296 3750 2602 3819 pecuniam
2620 3750 2898 3804 dederitis
2925 3768 2937 3817 ;
2963 3756 3019 3805 et
3036 3750 3083 3805 si
3115 3750 3329 3822 aliquis
3352 3750 3531 3805 dixis-

1885 3842 1972 3891 set
1993 3836 2182 3901 l’aulo,
2219 3839 2464 3907 peccavi,
2500 3843 2816 3909 torqueret.

1959 3926 2158 3993 Rogavi
2190 3927 2383 3991 Titum,
2417 3931 2525 3980 etc.
2557 3926 2761 3997 ;quasi
2795 3927 3012 3980 diceret
3040 3943 3051 3979 :
3095 3927 3219 3981 Non
3280 3928 3534 3983 circum-

1885 4012 2040 4066 venit
2070 4029 2168 4067 vos
2200 4012 2387 4083 Titus,
2422 4013 2558 4083 quia
2580 4012 2723 4066 nihil
2776 4014 2937 4067 vobis
2986 4016 3271 4083 quaesivit,
3333 4032 3532 4086 quem-

1887 4102 2203 4155 admodum
2239 4118 2341 4154 nec
2364 4118 2505 4173 ego;
2537 4102 2673 4172 quia
2697 4118 2945 4170 quorum
2981 4120 3097 4155 una
3141 4108 3226 4157 est
3286 4104 3534 4173 devotio,

1886 4191 2062 4245 etiam
2086 4207 2204 4244 una
2225 4189 2586 4245 voluntas.Et
2618 4190 2743 4244 ideo
2776 4190 3097 4259 subjunxit:
3122 4192 3311 4245 Nonne
3339 4192 3533 4246 eodem

1884 4282 2083 4351 spiritu
2115 4280 2515 4333 ambulavimus
2547 4278 2573 4332 ?
2604 4278 2665 4332 Id
2724 4282 2831 4343 est,
2867 4280 3069 4332 eadem
3141 4278 3425 4343 doctrina,
3480 4284 3531 4333 et

1886 4369 2079 4424 iisdem
2104 4370 2374 4436 vestigiis,
2409 4367 2545 4439 quia
2576 4367 2723 4421 nihil
2746 4366 3097 4437 accepimus.

1959 4459 2100 4513 Olim
2126 4459 2382 4526 putastis,
2416 4462 2523 4525 etc,
2563 4475 2574 4525 ;
2637 4455 2805 4527 quasi
2861 4456 3120 4510 diceret:
3173 4456 3535 4512 Jamdudum

1887 4546 2156 4615 estquod
2186 4563 2286 4599 vos
2329 4545 2579 4612 putastis
2636 4544 2785 4600 nolle
2834 4561 2940 4599 nos
3001 4544 3260 4615 accipere
3320 4560 3539 4599 munus

1888 4639 2123 4705 propter
2155 4650 2387 4700 munus,
2423 4639 2480 4687 et
2528 4650 2641 4687 non
2702 4636 2848 4703 (789)
2910 4633 3196 4705 simplicis
3255 4650 3383 4688 esse
3450 4633 3539 4685 in-

1890 4720 2190 4777 tentionis.
2225 4721 2333 4775 Sed
2359 4720 2513 4775 hunc
2567 4737 2821 4777 errorem
2881 4720 3354 4793 pseudoapostoli
3394 4720 3513 4774 infe

1892 4812 2117 4879 rebant,
2149 4811 2406 4864 dicentes
2433 4827 2444 4863 2
2472 4809 2602 4863 Ideo
2637 4810 2783 4865 nolit
2814 4810 3074 4880 accipere
3133 4826 3327 4880 parva,
3390 4824 3541 4875 qua-

1894 4904 2062 4955 tenus
2122 4898 2367 4970 accipiat
2426 4913 2655 4967 magna.
2724 4899 2786 4952 Et
2820 4897 2893 4951 ob
2944 4898 3051 4952 hoc
3100 4896 3402 4967 subjungit
3442 4894 3540 4950 ille

1886 4988 2333 5042 afﬁrmationem
2362 4984 2696 5057 jurationis,
2730 4987 2933 5041 dicens
2964 5000 2975 5038 :
3010 5002 3196 5039 coram
3229 4991 3353 5048 Deo,
3385 4985 3493 5035 etc.
3523 5002 3537 5047 ς

1887 5075 2523 5149 quasidiceretzQuod
2564 5091 2677 5129 non
2729 5072 2972 5143 accipio,
3026 5090 3138 5127 non
3198 5086 3375 5124 causa
3424 5085 3547 5123 ma-

1880 5166 2029 5235 joris
2060 5165 2230 5233 lucri,
2265 5168 2364 5221 sed
2399 5169 2601 5220 vestrae
2634 5164 2848 5221 salutis
2884 5178 2898 5226 ;
2958 5160 3079 5215 sive
3130 5163 3331 5213 vestra:
3386 5154 3550 5211 salu-

1886 5255 1963 5280 ιι..
2010 5256 2154 5280 [νηιοι
2202 5256 2446 5280 -ερ..-..-..ν.
2525 5269 2662 5280 ..ν-..μνη
2709 5248 3101 5280 --,ν.ν1ἶηη4ξηηῖ

1915 5256 1963 5280 ζ.-
2010 5256 2154 5280 Ιθίὶΐὶὶ
2202 5256 2320 5280 -ἷηη
2335 5274 2357 5280 ..

2366 5272 2446 5280 -..Α
2525 5269 2662 5280 νην-..κως
2709 5242 3298 5280 _-Mr1:nn‘:nn:a‘nnn
3362 5247 3528 5280 ἢρηιη
