3990 5306
507 408 624 469 487

503 633 690 689 credit
708 649 841 687 eum
865 648 980 686 non
1000 637 1269 703 pacatum
1291 632 1502 689 habere
1532 633 1839 705 posse,nisi
1862 634 2151 688 emendet.

433 782 439 789 ,
570 722 884 792 Sequitur:
930 722 1111 775 Timeo
1158 723 1307 776 enim
1335 738 1405 776 ne
1431 724 1572 793 forte
1621 740 1748 778 eum
1780 738 2002 786 venero,
2036 725 2150 777 etc.

500 811 768 869 Ostendit
796 825 1029 880 quoque
1058 808 1152 865 his
1180 809 1392 876 verbis,
1418 811 1695 882 quoniam
1729 811 1918 865 adhuc
1978 809 2150 865 multi

503 904 668 956 erant
697 900 850 955 inter
868 914 966 953 eos
998 898 1301 953 incorrecti
1333 916 1346 965 ;
1385 902 1444 953 et
1492 899 1619 953 ideo
1660 898 1805 953 dixit
1844 899 2134 964 timorem,

501 1005 618 1061 quo
666 1003 787 1043 eos.
818 991 1080 1052 terreret,
1140 1004 1212 1041 ne
1261 987 1427 1057 forte,
1488 1004 1620 1043 cum
1674 987 1910 1051 veniret,
1996 988 2147 1041 inve-

484 1078 637 1133 niret
686 1092 784 1131 eos
829 1075 997 1145 tales,
1050 1075 1255 1147 quales
1302 1092 1418 1131 non
1462 1075 1655 1143 vellet,
1718 1076 1827 1130 hoc
1886 1080 1997 1142 est,
2054 1075 2142 1130 in-

486 1168 860 1233 correctos,et
895 1164 1024 1219 ideo
1083 1181 1200 1219 suae
1253 1164 1618 1220 auctoritatis
1675 1164 2140 1220 dominationem

484 1255 545 1310 in
601 1255 688 1311 eis
752 1257 1062 1320 exerceret,
1122 1257 1177 1307 et
1232 1252 1345 1324 ipsi
1399 1253 1731 1309 invenirent
1792 1270 1927 1309 eum
1965 1252 2140 1308 talem

487 1343 719 1415 qualem
754 1359 866 1398 non
897 1342 1128 1406 vellent,
1158 1342 1267 1397 hoc
1297 1347 1405 1411 est,
1434 1343 1691 1415 rigidum
1754 1359 1820 1397 ac
1851 1358 2136 1398 severum.

485 1438 547 1488 In
582 1449 697 1506 quo
755 1434 903 1487 facto
960 1436 1273 1487 monentur
1330 1432 1767 1504 praedicatores,
1816 1436 1881 1487 ut
1933 1431 1980 1486 si
2024 1448 2141 1503 qua

484 1523 556 1579 de
587 1522 698 1578 sibi
728 1520 1008 1590 subjectis
1039 1520 1308 1592 plebibus
1340 1520 1824 1591 reprehensibilia
1868 1520 2134 1589 audiunt,

487 1611 650 1684 prius
683 1610 951 1664 timorem
981 1608 1260 1680 dirigant,
1304 1612 1368 1662 ut
1424 1607 1811 1679 corrigantur,
1874 1625 1947 1663 ne
1996 1609 2138 1665 forte

485 1701 736 1773 veniant,
766 1703 825 1754 et
855 1697 1208 1752 incorrectos
1247 1696 1607 1752 invenientes
1667 1697 2136 1753 dominationem

485 1806 604 1846 suae
632 1786 996 1843 auctoritatis
1026 1785 1084 1838 in
1117 1784 1233 1839 illis
1268 1790 1596 1840 exerceant.

556 1876 868 1947 Sequitur:
929 1874 1006 1928 Ne
1066 1876 1208 1944 forte
1263 1877 1655 1945 contentiones,
1730 1876 2134 1941 aemulationes,

486 1972 592 2021 etc.
626 1966 814 2029 Quare
841 1962 1093 2031 timeret,
1149 1961 1237 2017 his
1295 1964 1484 2019 verbis
1542 1964 1960 2032 manifestavit,
2022 1964 2132 2019 sci-

486 2054 641 2119 licet,
676 2068 747 2108 ne
797 2051 917 2105 hec
954 2068 1080 2122 qua:
1112 2056 1440 2123 sequuntur
1468 2053 1526 2107 in
1558 2053 1675 2107 illis
1705 2054 2131 2108 invenirentur.

486 2145 595 2199 hoc
624 2146 714 2198 est
742 2139 1166 2205 contentiones,
1202 2157 1328 2212 quae
1361 2141 1635 2196 dicuntur
1667 2142 1834 2212 quasi
1867 2141 1940 2196 ab
1972 2139 2132 2196 omni

488 2232 831 2301 intentione,
863 2245 929 2284 eo
961 2231 1116 2300 quod
1141 2231 1310 2299 juxta
1339 2229 1722 2284 intentionem
1769 2246 1960 2297 suam,
2018 2245 2132 2284 non

488 2319 682 2375 studio
737 2318 1040 2372 veritatem
1102 2315 1383 2383 discendi,
1429 2317 1529 2371 sed
1593 2319 1783 2387 potius
1843 2316 2132 2381 vincendi,

488 2406 709 2478 aliquid
732 2406 905 2461 homo
935 2404 1230 2459 defendat.
1292 2404 1687 2459 xEmutationes
1727 2406 1940 2477 quippe
1997 2409 2135 2460 sunt

487 2495 838 2551 invidentiae.
858 2493 1296 2559 Verumtamen,
1339 2493 1490 2547 sicut
1519 2493 1660 2547 dicit
1689 2495 1896 2550 beatus
1939 2496 2134 2565 Augu-

487 2586 697 2651 stinus,
731 2583 912 2639 distat
940 2583 1090 2637 inter
1134 2581 1565 2638 aemulationem
1623 2587 1680 2638 et
1730 2584 2131 2639 invidentiam.

486 2672 715 2731 Emula
740 2672 798 2727 id
832 2676 938 2737 est,
998 2686 1132 2724 cum
1193 2670 1367 2725 homo
1416 2670 1612 2726 dolore
1669 2675 1974 2743 torquetur
2030 2688 2132 2743 pro

485 2779 548 2818 re
576 2762 791 2834 aliqua,
839 2776 1015 2832 quam
1064 2758 1211 2814 alter
1265 2760 1515 2831 adeptus
1570 2766 1677 2828 est,
1738 2765 1796 2816 et
1836 2762 1957 2832 ipse
2014 2778 2131 2816 non

485 2851 859 2923 adipiscitur,
881 2853 936 2904 et
966 2847 1371 2918 hujuscemodi
1406 2854 1495 2903 est
1525 2849 1652 2920 ipsa
1682 2866 1792 2916 res,
1825 2866 1951 2921 quae
1982 2867 2129 2905 non-

485 2940 599 2995 nisi
631 2942 701 2994 ab
733 2954 848 2993 uno
881 2936 1165 3008 possideri
1200 2936 1384 3008 possit
1415 2953 1427 2990 :
1454 2937 1771 2993 invidentia
1829 2955 1959 2993 vero
2018 2943 2127 3003 est,

485 3026 877 3099 quandoquis
907 3024 1105 3081 dolore
1135 3028 1443 3096 torquetur
1493 3043 1593 3097 pro
1653 3026 1890 3082 alterius
1948 3027 2128 3083 felici-

484 3122 622 3188 tate,
654 3121 709 3171 et
756 3114 912 3170 dolet
953 3131 1054 3186 pro
1110 3113 1309 3184 aliqua
1365 3131 1443 3185 re,
1503 3132 1678 3186 quam
1738 3115 1883 3171 alter
1930 3117 2133 3188 acqui-

485 3208 583 3274 rit,
611 3210 667 3261 et
723 3205 848 3276 ipse
904 3203 1080 3257 etiam
1139 3219 1253 3257 non
1311 3203 1604 3259 desiderat
1647 3220 1794 3259 eam.
1855 3206 2123 3260 Animosi-

483 3303 625 3351 tates
647 3294 864 3365 quippe
888 3296 1025 3346 sunt
1047 3292 1365 3346 anxietates
1390 3308 1402 3345 :
1430 3293 1706 3362 quoniam
1731 3293 2034 3348 animosus
2051 3294 2135 3347 di-
2164 3285 2208 3352 Ο

482 3385 633 3440 citur
680 3381 975 3446 anxiosus,
1032 3378 1119 3434 vel
1177 3379 1561 3451 suspiciosus,
1614 3380 1720 3434 hoc
1767 3385 1855 3436 est
1913 3380 2124 3454 zeloty-

483 3488 614 3543 pus.
665 3470 1034 3524 Dissensiones
1077 3483 1210 3521 vero
1268 3472 1408 3522 sunt
1463 3467 1795 3539 divisiones,
1857 3470 2124 3542 dissidia,

480 3564 657 3631 atque
686 3555 950 3611 divortia.
982 3556 1353 3611 Delmatia-nes
1385 3556 1621 3626 quidem
1652 3556 2124 3629 dicuntur,quasi

480 3645 1167 3715 retractiones,quoniam
1199 3644 1293 3698 ille
1332 3645 1619 3699 detractor
1674 3651 1783 3713 est,
1830 3647 1931 3718 qui
1982 3646 2125 3701 alte-

479 3737 603 3792 rius
653 3735 869 3789 bonum
905 3732 1047 3787 dicit
1077 3747 1207 3787 esse
1238 3731 1481 3797 malum,
1512 3733 1598 3788 vel
1658 3739 1811 3790 certe
1844 3750 2122 3807 magnum

477 3825 619 3880 dicit
644 3838 889 3895 parvum
926 3845 939 3887 ;
976 3837 1132 3887 nam,
1164 3822 1304 3876 dum
1336 3821 1444 3877 hoc
1475 3822 1613 3893 agit,
1662 3822 1874 3878 bonam
1928 3824 2125 3881 fratris

477 3912 694 3968 famam
725 3910 1036 3965 obscurare
1055 3910 1373 3981 contendit,
1397 3916 1453 3965 et
1483 3910 1650 3981 quasi
1678 3928 1711 3965 a
1758 3913 1929 3968 corde
1987 3913 2125 3969 alte-

477 4001 600 4057 rius
630 3999 895 4065 retrahit,
928 4003 1137 4053 utnon
1194 4016 1327 4054 eum
1384 3999 1561 4054 talem
1614 4001 1828 4068 credat,
1890 4001 2122 4074 qualem

475 4090 638 4163 prius
669 4086 1012 4143 crediderat.
1046 4087 1463 4142 Susurrationes
1493 4091 1711 4154 autem,
1772 4088 1861 4144 vel
1915 4107 2125 4146 susur-

474 4190 664 4247 rones,
697 4194 730 4232 a
758 4192 901 4232 sono
931 4176 1164 4231 aurium
1197 4177 1492 4243 dicuntur,
1549 4177 1825 4247 quoniam
1883 4178 1982 4233 ille
2032 4196 2128 4234 su-

473 4280 664 4331 surro,
690 4264 906 4335 est,qui
942 4281 1052 4318 non
1084 4264 1143 4318 in
1170 4264 1333 4326 facie,
1375 4264 1475 4318 sed
1514 4262 1575 4317 in
1627 4281 1766 4319 aure
1814 4264 2125 4335 loquendo,

473 4352 745 4407 detrahit.
772 4353 1084 4422 Inﬂatz'ones
1106 4368 1340 4423 quoque
1370 4351 1645 4406 dicuntur
1665 4356 1945 4420 tumores,
1990 4356 2129 4425 quia

474 4438 714 4494 inﬂatus
744 4439 960 4493 dicitur
989 4439 1156 4510 quasi
1185 4444 1462 4493 ventosus
1491 4456 1505 4506 ;
1538 4438 2126 4512 quoniam,quemad-

474 4528 715 4582 modum
741 4535 871 4582 uter
909 4532 1079 4582 vento
1122 4527 1475 4593 extenditur,
1533 4528 1614 4583 ita
1670 4532 1728 4584 et
1787 4546 1952 4587 mens
1992 4534 2129 4604 ejus

1522 411 1861 473 A'I‘TONIS
1904 402 2494 473 VERGELLENSIS
2538 413 2893 477 EPISCOPI

505 543 750 613 accipiat
779 542 851 598 ab
882 558 947 599 eo
978 542 1294 615 magister;
1355 559 1491 600 nam
1542 544 1684 599 dum
1752 560 1867 599 non
1925 543 2154 620 accipit,
2186 550 2241 615 Α

2166 1922 2213 1986 Β

3718 436 3803 498 488

2343 545 2621 617 Sequitur
2652 550 2763 605 :Ne
2790 555 3008 619 iterum,
3066 566 3190 606 eum
3242 568 3454 624 venero,
3503 557 3714 617 hunu'liet
3748 582 3807 623 me

2262 633 2401 689 Deus
2430 636 2577 702 apud
2608 652 2717 702 vos,
2776 643 2882 693 etc.
2940 639 3205 696 Ostendit
3258 642 3410 697 enim
3467 643 3521 700 in
3574 646 3664 704 hoc
3704 651 3803 721 loco,

2262 738 2394 777 cum
2429 725 2586 794 dicit,
2619 730 2670 781 et
2699 728 2915 797 lugeam
2966 729 3184 795 multos,
3242 732 3393 802 quod
3441 734 3555 803 jam
3602 740 3802 797 nonnulli

2260 812 2620 880 paenitudine
2649 818 2888 870 correcti
2922 818 2992 872 ad
3026 823 3236 873 sanctae.
3266 820 3520 876 Ecclesiae
3548 825 3806 887 societatem

2258 899 2489 955 fuerant
2518 903 2785 959 revocati.
2816 904 3229 963 Verumtamen
3264 909 3426 964 multi
3456 912 3625 968 adhuc
3666 932 3804 976 mane-

2255 987 2397 1043 bant
2427 990 2755 1058 incorrecti,
2781 1009 2884 1064 pro
2916 995 3130 1066 quibus
3160 996 3402 1053 timebat
3431 999 3805 1070 humiliari.Quis

2253 1078 2409 1132 enim
2445 1085 2605 1150 pater
2636 1098 2747 1136 non
2784 1082 3008 1138 lmtetur
3037 1084 3095 1139 in
3147 1086 3371 1142 dilectis
3417 1087 3563 1156 ﬁliis,
3598 1092 3669 1146 vel
3717 1097 3805 1167 quis

2252 1183 2365 1222 non
2392 1168 2653 1225 tristetur
2682 1171 2752 1227 de
2774 1172 2946 1229 malis
2976 1174 3004 1229 ?
3034 1179 3101 1229 Et
3129 1175 3257 1231 ideo
3294 1175 3408 1232 illis
3462 1178 3647 1236 direxit
3690 1183 3805 1240 timo-
3906 1168 3907 1240 ἶ

2252 1271 2396 1324 rem,
2430 1263 2494 1313 ut
2543 1261 2989 1331 corrigerentur,
3058 1280 3129 1319 ne
3178 1265 3325 1321 forte
3365 1269 3606 1341 veniens,
3660 1272 3699 1327 si
3739 1290 3804 1330 eos

2250 1344 2655 1404 inemendatos
2704 1349 3009 1420 inveniret,
3069 1353 3477 1412 humiliaretur
3530 1364 3582 1414 et
3625 1359 3800 1433 lugeret,

2249 1436 2379 1504 quia
2406 1452 2514 1491 non
2545 1448 2773 1506 egerunt
2799 1442 3199 1511 paenitentiam,
3270 1460 3443 1516 quam
3498 1446 3542 1501 si
3601 1448 3799 1522 egissent,

2247 1524 2475 1579 veniam
2506 1528 2797 1582 consecuti
2825 1529 3094 1587 fuissent.
3142 1532 3302 1587 Facit
3350 1538 3406 1589 et
3451 1536 3691 1593 adversus
3730 1539 3799 1595 No-

2244 1610 2528 1680 vatianos,
2561 1616 2684 1685 qui,
2722 1622 3036 1690 postquam
3086 1621 3147 1675 in
3208 1621 3597 1680 fornicationis
3645 1627 3799 1684 malum

2244 1699 2481 1766 labitur,
2514 1710 2731 1776 negant
2786 1722 2919 1763 eum
2978 1724 3084 1780 per
3136 1709 3527 1780 pmnitentiam
3580 1731 3798 1788 resurgere

2244 1804 2435 1859 posse.
2472 1792 2713 1848 Frustra
2741 1811 2951 1868 nempe
2975 1798 3319 1869 poenitentia
3348 1801 3799 1875 injungeretur,nisi

2244 1878 2418 1934 veniae
2451 1880 2674 1937 fructus
2705 1890 3065 1954 sequeretur.
3119 1888 3186 1942 Et
3223 1887 3332 1944 hoc
3378 1891 3670 1964 sciendum,
3711 1895 3799 1966 quia

2244 1966 2354 2021 tria
2385 1968 2545 2034 dicit,
2575 1973 3019 2041 /ornieationem,
3051 1977 3471 2034 immunditiam
3495 1984 3544 2034 et
3583 1979 3798 2053 impediri-

2243 2058 2544 2126 tiam;sed
2578 2059 2670 2115 his
2728 2063 3002 2118 omnibus
3053 2065 3425 2138 impudicitia
3477 2075 3561 2125 est
3608 2070 3797 2138 deterior,

2243 2146 2521 2216 quoniam
2540 2147 2908 2221 impudicitia
2935 2169 3064 2209 esse
3084 2154 3303 2211 dicitur
3323 2157 3487 2228 quasi
3518 2165 3797 2216 monstruosa

2243 2233 2639 2300 immunditia,
2702 2255 2829 2310 quae
2873 2241 3064 2313 agitur
3117 2243 3177 2298 in
3235 2243 3491 2318 incertis,
3534 2248 3611 2304 vel
3656 2250 3700 2304 in
3737 2248 3797 2304 his

2244 2341 2370 2393 quae
2402 2325 2551 2380 fiunt
2580 2332 2783 2383 contra
2813 2334 3104 2403 naturam,
3160 2333 3317 2389 sicut
3370 2334 3463 2392 ille
3511 2336 3601 2409 qui
3632 2354 3796 2393 uxorem

2242 2412 2424 2483 patris
2453 2414 2696 2471 duxerat
2727 2417 2773 2488 (Ι
2800 2417 2919 2473 Cor.
2953 2420 3089 2492 v,i).
3127 2421 3379 2479 Pudicus
3411 2424 3628 2497 quidem
3653 2426 3798 2481 dicitur

2240 2502 2622 2571 verecundus,
2652 2504 2987 2577 impudicus
3017 2512 3212 2566 autem
3248 2512 3689 2584 inverecundus;
3730 2513 3797 2569 hoc

2241 2591 2456 2660 est,qui
2489 2592 2706 2647 amisso
2729 2596 2951 2665 pudore
2978 2602 3247 2654 versatur
3276 2598 3337 2655 in
3362 2601 3685 2658 detestandis
3718 2606 3796 2657 stu-

2242 2678 2379 2748 pris.
2416 2678 2795 2737 Immunditia
2824 2683 3041 2740 dicitur
3069 2687 3359 2760 quidquid
3391 2691 3705 2747 contrarium
3742 2694 3797 2745 est

2242 2768 2566 2822 munditias.
2601 2770 2921 2827 Fornicatio
2946 2778 3143 2831 autem
3199 2777 3259 2832 in
3313 2777 3419 2834 hoc
3471 2778 3584 2835 loco
3625 2779 3703 2835 illa
3741 2780 3796 2833 in-

2242 2856 2559 2929 telligenda
2587 2864 2693 2924 est,
2727 2876 2851 2930 quze
2885 2861 2941 2917 in
3002 2880 3241 2936 corpore
3303 2870 3513 2941 agitur,
3558 2868 3796 2925 immundi-

2242 2946 2324 3001 tia
2351 2961 2484 3001 vero
2500 2947 2675 3002 etiam
2708 2947 3070 3024 illaintelligi
3103 2960 3293 3025 potest
3346 2974 3469 3029 quas
3518 2959 3683 3032 agitur
3715 2973 3796 3012 cor-

2240 3035 2396 3106 poris
2427 3035 2806 3092 delectatione
2836 3039 2922 3094 Vel
2945 3042 3160 3098 mentis
3190 3044 3612 3103 deliberatione.

2307 3124 2460 3194 (CAP.
2495 3124 2639 3180 XIII.
2676 3123 2696 3197 )
2739 3126 3017 3198 Sequitur
3048 3147 3060 3184 :
3120 3133 3253 3188 Ecce
3286 3137 3469 3191 -tertio
3517 3137 3605 3192 hoc
3646 3136 3793 3192 veniam

2237 3211 2482 3284 (791-92)
2513 3215 2591 3269 ad
2640 3229 2748 3270 vos.
2813 3215 2902 3272 Bis
2962 3226 3214 3287 venerat,
3273 3228 3333 3278 et
3392 3238 3538 3279 nunc
3589 3223 3721 3280 tertio
3758 3239 3797 3279 se

2244 3302 2439 3357 venire
2470 3305 2921 3376 promittit,quia
2943 3306 3113 3377 paulo
3146 3310 3419 3381 superius
3443 3329 3502 3369 se
3530 3313 3711 3369 dixerat
3728 3328 3797 3383 pa-

2237 3396 2447 3446 ratum.
2485 3393 2592 3447 Sed
2625 3395 2804 3465 quaeri
2834 3400 3026 3465 potest
3051 3411 3232 3467 quare
3263 3416 3374 3456 suo
3414 3403 3655 3459 adventui
3694 3400 3799 3472 legis

2234 3481 3218 3553 testimoniumjunxerit.Videlicet
3240 3490 3379 3561 quia
3395 3492 3682 3548 secundum
3699 3488 3798 3560 legis

2237 3575 2586 3641 praeceptum
2613 3570 2828 3642 aliquis
2858 3574 2968 3628 sub
3002 3575 3231 3633 duobus
3262 3584 3367 3636 aut
3395 3582 3579 3638 tribus
3620 3577 3798 3636 testibus

2233 3657 2319 3711 vel
2343 3658 2727 3727 justiﬁcatur,
2748 3660 2836 3715 vel
2894 3663 3325 3723 condemnatur
3384 3669 3551 3741 (Deut.
3603 3684 3713 3735 xvn,
3747 3664 3797 3735 6).

2228 3746 2445 3801 Verum
2475 3747 2615 3818 quia
2642 3747 2733 3803 bis
2764 3766 2862 3806 eos
2885 3751 3281 3819 admonuit,ut
3302 3755 3798 3832 corrigerentur,ideo

2233 3835 2338 3891 hoc
2369 3836 2613 3907 protulit
2633 3838 3359 3914 testimonium,quatenus
3389 3849 3437 3903 si
3471 3865 3577 3903 non
3606 3863 3657 3903 se
3673 3843 3796 3901 corri-

2231 3930 2451 3996 gerent,
2485 3925 2596 3980 sibi
2621 3925 2748 3996 jam
2783 3945 2896 3983 non
2928 3929 3079 3985 ultra
3096 3938 3455 4003 parcendum
3488 3936 3799 4008 intelligerent

2233 4013 2395 4068 Unde
2426 4018 2484 4068 et
2516 4030 2648 4068 mox
2679 4016 2982 4086 subjunxit
3013 4036 3025 4075 :
3093 4022 3346 4079 Praedixi
3400 4029 3564 4096 enim,
3610 4030 3663 4080 ut
3701 4033 3802 4094 pra-

2232 4102 2369 4167 dico,
2402 4106 2510 4156 etc.
2544 4102 2815 4157 Praedixit
2841 4121 3080 4175 praesens
3111 4111 3370 4184 quidem,
3404 4120 3458 4170 et
3486 4108 3805 4180 absensiisqui

2233 4196 2364 4244 ante
2375 4195 2818 4260 pereaverunt,et
2836 4198 3045 4251 caeteris
3056 4201 3338 4265 omnibus;
3362 4203 3476 4259 illis
3506 4204 3598 4276 qui
3620 4200 3805 4258 necdum
3834 4220 3835 4223 η

2236 4278 2305 4332 ad
2336 4279 2629 4350 integrum
2681 4296 2741 4336 se
2798 4292 3194 4359 correxerunt,
3232 4290 3320 4347 vel
3375 4298 3543 4360 certe,
3594 4293 3642 4347 si
3670 4299 3807 4346 uenero

2235 4367 2454 4437 iterum,
2476 4382 2585 4422 non
2615 4384 2862 4439 parcam.
2896 4372 3088 4428 Parcit
3134 4377 3291 4433 enim
3348 4378 3647 4451 Apostolus
3689 4368 3809 4447 quasi

2238 4471 2353 4510 non
2384 4456 2981 4529 parcendo,quoniam
3014 4460 3143 4519 ideo
3175 4468 3737 4537 praemittittimorem,
3761 4474 3809 4515 ne

2235 4545 2384 4600 forte
2410 4545 2667 4602 inveniat
2694 4549 2849 4604 unde
2881 4550 3336 4611 dominationem
3367 4563 3633 4613 exerceat.

474 4615 885 4684 amaritudine,
940 4615 1049 4714 Ovel
1109 4616 1528 4717 indignatione,
1585 4618 1671 4717 vel
1721 4625 1874 4675 certe
1930 4622 2130 4695 aliqua
2157 4649 2204 4713 Β
2310 4635 2590 4706 sequitur
2622 4653 2634 4690 ε
2668 4637 2748 4691 An
2779 4641 3211 4709 experimentum
3239 4649 3484 4715 quan-tis
3509 4648 3618 4716 eius
3656 4642 3735 4717 qui
3768 4639 3809 4692 in

474 4703 742 4771 elatione,
784 4703 952 4776 quasi
986 4705 1442 4773 vento,inﬂatur,
1473 4707 1764 4778 Sequitur.
1797 4710 2122 4768 Seditiones.

474 4792 788 4847 Sciendum
819 4792 959 4863 quia
987 4792 1165 4847 distat
1185 4793 1336 4849 inter
1356 4795 1726 4862 seditionem,
1772 4802 1829 4853 et
1882 4800 2123 4867 bellum,

471 4883 644 4951 atque
676 4881 1030 4936 incentivum
1061 4881 1277 4937 Seditio
1308 4882 1544 4954 quidem
1594 4886 1800 4940 attinet
1837 4887 1908 4942 ad
1952 4890 2123 4956 cives,

473 4968 691 5024 bellum
719 4968 790 5023 ad
823 4970 1403 5038 hostes,incentivum
1434 4990 1565 5028 vero
1596 4975 1844 5029 refertur
1887 4977 1958 5030 ad
2017 4995 2123 5049 pu-

474 5071 674 5128 gnam,
723 5074 851 5129 quae
874 5058 1158 5114 excitatur
1200 5061 1445 5131 propriae
1494 5062 1686 5117 carnis
1726 5063 1950 5119 ardore.
1994 5070 2126 5122 Haec

476 5160 702 5217 quoque
732 5147 930 5202 omnia
957 5147 1092 5202 licet
1119 5149 1345 5204 diversa
1392 5150 1531 5216 sint,
1580 5154 1777 5205 tamen
1822 5153 1893 5207 ad
1940 5171 2124 5212 unum

475 5234 720 5274 tendunt
753 5237 926 5274 “nam
987 5237 1093 5274 hnn
1145 5242 1229 5274 ne}
1290 5238 1356 5274 ad
1395 5237 1696 5274 nhnnilntia
1752 5242 2096 5274 Αἶυϐαξηηηνν-

2236 4737 2321 4777 me
2349 4724 2597 4793 loquitur
2624 4726 2918 4781 Christus?
2946 4730 3014 4784 Et
3069 4736 3158 4787 est
3213 4750 3419 4792 sensus
3455 4753 3468 4791 :
3513 4732 3807 4807 Experimen-

2234 4815 2291 4865 to
2311 4810 2489 4866 vultis
2530 4813 2773 4883 probare
2839 4816 2888 4869 si
2938 4818 3183 4889 passim,
3244 4827 3301 4877 et
3356 4823 3484 4879 ideo
3538 4839 3640 4879 non
3684 4811 3810 4873 vultis

2234 4900 2619 4972 vosmetipsos
2643 4903 2955 4976 corrigere;
2979 4908 3191 4965 Curisti
3226 4927 3477 4983 namque
3508 4901 3809 4983 loquentisin

2236 5004 2328 5043 me
2359 4990 2620 5059 quaeritis
2653 4993 3284 5063 probationem,utrum
3318 5017 3418 5072 per
3446 5018 3534 5057 me
3554 4996 3714 5073 possit
3729 4993 3809 5047 im-

2237 5076 2393 5149 plere
2425 5079 2580 5149 quod
2627 5081 2776 5145 dico,
2811 5088 3098 5153 quatenus
3129 5088 3178 5143 si
3230 5089 3565 5162 impleverit,
3598 5087 3808 5150 deincepﬂ

2235 5165 2517 5234 timeatis,
2542 5172 2596 5223 et
2626 5167 2677 5222 si
2708 5185 2823 5225 non
2848 5171 3195 5244 impleverit,
3227 5177 3411 5233 securi
3466 5174 3735 5233 maneatis.
3767 5166 3808 5221 In
