3990 5306
161 249 270 309 489

700 248 1110 311 EXPOSITIO
1154 250 1232 311 IN
1280 249 1704 311 EPISTOLAS
1750 246 2010 310 PAULI.
2052 282 2127 292 —
2173 252 2248 311 ΙΝ
2295 252 2542 315 EPIST.
2590 254 2639 313 Il
2686 255 2787 314 AD
2832 254 3007 315 COR.

3438 255 3555 315 490

162 379 351 446 nobis,
374 384 433 439 et
455 381 513 439 in
540 380 709 439 nobis
730 384 938 454 potens
957 383 1069 438 erit
1091 382 1261 453 (793).
1304 381 1569 438 Christus
1592 380 1806 453 quippe
1832 381 1889 450 Α
1919 382 2155 453 quitur:
2187 386 2306 441 Non
2336 391 2393 440 ut
2425 403 2519 443 nos
2548 387 2764 458 probati
2790 402 3170 459 appareamus.
3205 388 3367 443 Tunc
3396 388 3551 443 enim

164 472 220 526 in
240 469 359 524 illis
379 486 494 526 non
520 474 610 525 est
628 470 985 540 inﬁrmatus,
1005 472 1145 543 quia
1160 472 1314 528 inter
1332 488 1433 527 eos
1454 487 1556 542 per
1580 473 1806 541 aposto-

1915 471 2194 540 probatus
2221 481 2546 544 appareret,
2582 477 2631 531 si
2680 475 2813 531 illos
2862 476 3213 532 incorrectos
3245 475 3550 547 inveniret,

164 561 246 615 los
277 557 463 614 multa
496 558 709 614 fecerat
756 559 945 631 signa,
998 560 1276 631 quoniam
1330 560 1596 616 viderant
1625 574 1805 615 caseos
1915 558 2024 615 hoc
2054 564 2161 627 est,
2195 562 2343 617 tales
2374 567 2439 617 ut
2465 563 2525 618 in
2557 563 2639 619 eis
2669 574 2837 620 suam
2871 563 3328 620 dominationem
3360 570 3557 635 posset

160 646 539 713 illuminatos,
572 645 835 718 leprosos
865 650 1202 719 mundatus,
1225 653 1335 706 etc.
1361 648 1540 714 Quasi
1561 648 1806 704 dixisset
1916 664 2200 704 exercere.
2234 650 2341 706 Sed
2380 650 2490 705 hoc
2521 651 2754 709 nolebat
2781 652 3099 724 Apostolus
3126 670 3141 721 ;
3167 658 3223 708 et
3254 652 3384 708 ideo
3415 653 3559 708 sub-

162 734 509 809 Apostolus:
550 736 609 790 Si
638 753 751 792 non
774 741 863 792 est
885 737 1221 794 infirmatus
1248 737 1514 794 Christus
1535 737 1596 792 in
1619 736 1803 803 vobis,

165 842 338 899 quare
353 840 490 897 ergo
508 840 625 881 non
641 825 877 893 timetis,
894 827 1169 898 quoniam
1189 831 1380 898 potest
1395 826 1639 898 implere
1652 825 1807 897 quod

166 916 286 972 dico
307 914 334 969 ?
358 913 643 980 Quoniam
673 918 898 986 poterat
920 916 991 971 ad
1041 915 1161 973 haec
1197 914 1411 987 aliquis
1437 916 1806 987 respondere,

169 1022 230 1063 ac
255 1003 485 1065 dicere:
522 1003 822 1067 Quomodo
870 1020 986 1059 non
1035 1009 1125 1060 est
1178 1004 1535 1074 inﬁrmatus,
1570 1020 1704 1059 cum
1736 1003 1812 1058 sit

168 1091 523 1153 crucifixus?
566 1092 889 1163 subjunxit,
948 1097 1124 1164 atque
1172 1094 1287 1150 ait:
1325 1094 1464 1149 Nam
1509 1095 1611 1150 etsi
1638 1093 1814 1148 cruci-

164 1184 304 1254 ﬁaus
360 1185 437 1237 est
492 1198 560 1241 es;
616 1182 944 1250 inﬁrmitate
1002 1193 1191 1241 nostra
1242 1183 1419 1252 (794),
1478 1188 1588 1238 etc.
1637 1179 1813 1245 Quasi

167 1272 381 1329 diceret
404 1286 416 1327 :
443 1271 523 1327 Ex
544 1269 887 1329 inﬁrmitate
910 1274 1120 1326 nostra:
1143 1270 1337 1327 carnis
1360 1270 1671 1327 cruciﬁxus
1702 1272 1809 1335 est,

167 1377 395 1434 passus,
429 1364 718 1425 mortuus,
753 1364 809 1413 et
864 1359 1185 1416 ascendens
1239 1360 1299 1415 in
1359 1358 1555 1430 caelos,
1587 1358 1813 1414 aditum

164 1450 324 1522 regni
356 1447 611 1505 cmlestis
642 1447 934 1519 patefecit,
970 1456 1261 1518 quatenus
1309 1449 1380 1503 ab
1413 1448 1522 1504 hac
1557 1446 1674 1503 vita
1705 1447 1812 1502 mi-

164 1541 404 1612 grantes
432 1537 657 1608 absque
685 1536 805 1593 ulla
834 1535 1132 1607 dilatione,
1166 1537 1431 1607 ejusdem
1463 1536 1625 1608 regni
1648 1534 1815 1592 intel-

168 1629 274 1699 lige
306 1627 479 1699 (796),
536 1624 873 1681 lelicitatem
929 1625 1125 1680 subire
1184 1625 1429 1697 possini.
1487 1625 1648 1689 Quod
1681 1641 1812 1680 vero

169 1716 332 1781 dicit,
353 1732 424 1771 ea:
466 1716 670 1771 virtute
692 1715 811 1780 Dei,
836 1713 958 1770 sive
999 1712 1203 1781 Patris,
1229 1714 1347 1769 sive
1372 1714 1638 1783 ejusdem
1661 1712 1809 1769 Filii.

168 1805 447 1877 Sequitur
462 1822 480 1858 :
503 1808 645 1861 Nam
658 1811 712 1861 et
726 1818 825 1859 nos
846 1804 1061 1873 inﬁrmi
1074 1819 1264 1860 sumus
1287 1804 1349 1859 in
1370 1804 1487 1859 illo.
1509 1803 1639 1858 Haec
1659 1802 1814 1858 enim

171 1912 274 1951 vox
305 1892 705 1966 apostolorum
734 1896 843 1960 est,
877 1898 932 1947 et
984 1892 1375 1964 perfectorum
1408 1892 1819 1949 tantummodo

171 1986 446 2040 virorum.
480 1982 705 2052 Inﬁrmi
767 1998 954 2041 sumus
1010 1984 1073 2038 in
1127 1982 1245 2052 illo,
1302 1981 1409 2037 hoc
1440 1986 1549 2047 est,
1580 1998 1680 2052 pro
1720 1979 1819 2036 illo

176 2088 479 2147 pressurae
514 2071 790 2144 patimur,
821 2076 879 2127 et
910 2070 1250 2143 affligimur.
1300 2070 1399 2127 Sed
1428 2074 1669 2126 vivemus
1698 2086 1821 2125 cum

179 2179 232 2220 eo
260 2178 330 2223 ea:
356 2163 563 2221 virtute
594 2161 691 2216 Dei
719 2161 777 2215 in
810 2160 985 2216 nobis.
1019 2160 1195 2225 Quasi
1227 2159 1469 2215 dixisset
1491 2177 1503 2214 :
1524 2158 1821 2214 Nosinfir-

182 2267 406 2311 mamur
436 2249 589 2321 apud
622 2247 912 2315 inﬁdeles,
961 2248 1104 2319 quia
1150 2265 1265 2319 quo
1310 2249 1533 2320 majora
1564 2264 1669 2303 nos
1701 2246 1818 2319 pati

174 2340 418 2407 faciunt,
450 2354 518 2395 eo
540 2337 897 2399 infirmiores
925 2341 1137 2408 putant
1167 2355 1180 2403 ;
1231 2338 1291 2392 in
1340 2338 1507 2393 vobis
1548 2336 1818 2406 vivimus,

170 2428 313 2500 quia
331 2444 399 2485 eo
421 2426 690 2483 fortiores
710 2424 1060 2499 intelligitis,
1075 2442 1191 2497 quo
1209 2426 1433 2496 majora
1449 2426 1568 2497 pati
1588 2424 1817 2480 videtis.

168 2518 510 2575 Secundum
542 2516 649 2571 hoc
681 2531 811 2573 vero
844 2515 1001 2586 quod
1024 2514 1259 2587 legitur,
1290 2517 1549 2585 vivemus,
1574 2513 1709 2569 talis
1731 2517 1823 2569 est

167 2623 411 2673 sensus,
442 2605 581 2677 quia
637 2603 686 2659 si
744 2604 1183 2673 commorimur,
1216 2608 1274 2660 et
1331 2602 1820 2675 conregnabimus

165 2698 352 2767 (Rom.
385 2712 509 2762 vm,
536 2694 645 2759 17).

244 2784 571 2856 Sequitur:
617 2782 970 2852 Vosmetipsos
1008 2785 1233 2848 tentate,
1282 2785 1414 2848 ctc.,
1464 2780 1573 2835 hoc
1622 2784 1729 2848 est,
1761 2780 1819 2834 in

163 2875 532 2931 alterutrum
562 2887 662 2931 vos
690 2868 986 2933 discutite,
1036 2885 1139 2924 nec
1187 2884 1303 2925 non
1342 2872 1398 2924 et
1429 2868 1823 2925 tentationum

160 2960 447 3036 pericula
475 2963 610 3014 ante
640 2956 840 3012 oculos
870 2960 1150 3026 revocate,
1211 2961 1267 3011 et
1323 2958 1493 3027 cujus
1517 2956 1659 3012 estis
1692 2956 1822 3011 fidei

158 3056 365 3121 atque
386 3046 625 3103 virtutis
654 3045 1035 3102 considerate.
1061 3045 1210 3102 Sane
1240 3044 1543 3101 sciendum
1568 3044 1707 3115 quia
1736 3047 1825 3100 est

1913 738 2146 806 junxit:
2184 742 2285 794 Vos
2337 740 2485 811 quod
2542 742 2742 796 bonum
2796 751 2896 808 est,
2944 744 3187 812 faciatis.
3248 744 3353 798 Nos
3380 750 3565 797 autem

1921 827 2137 897 reprobi
2166 827 2340 883 simus
2368 828 2535 898 (796).
2570 829 2682 884 Sed
2714 830 2855 901 quid
2903 835 2993 886 est
3040 832 3196 902 quod
3244 830 3377 886 illos
3405 834 3566 903 optat

1920 916 2106 971 facere
2140 917 2379 984 bonum,
2415 934 2477 973 se
2506 922 2701 973 autem
2735 920 3051 990 reprobum
3085 935 3214 975 esse
3239 922 3260 973 Ρ
3288 918 3565 991 Nunquid

1926 1003 2148 1061 malum
2180 1022 2242 1061 se
2271 1005 2477 1077 optat?
2508 1006 2653 1063 Non.
2696 1007 2806 1063 Sed
2859 1008 3171 1079 reprobum
3220 1025 3284 1064 se
3313 1008 3474 1079 dicit,
3505 1008 3566 1063 id

1922 1098 2030 1159 est,
2056 1092 2361 1149 humilem.
2391 1094 2551 1151 Tunc
2572 1096 2727 1150 enim
2751 1097 3034 1169 reprobus
3055 1102 3210 1153 esset
3232 1097 3565 1168 Apostolus,

1923 1182 1980 1237 id
1995 1188 2103 1248 est,
2122 1182 2384 1251 humilis,
2399 1184 2447 1239 si
2460 1201 2560 1240 eos
2573 1186 3225 1253 emendatosinveniret,
3240 1186 3380 1257 quia
3395 1200 3565 1241 suam

1925 1271 2388 1328 dominationem
2421 1273 2479 1327 in
2513 1274 2598 1329 eis
2629 1290 2889 1329 exercere
2920 1292 3034 1330 non
3067 1281 3284 1347 posset.
3318 1274 3480 1331 Unde
3508 1277 3567 1330 et

1927 1360 2096 1431 quasi
2128 1362 2468 1433 exponendo
2508 1363 2846 1433 subjunxit:
2906 1365 3025 1419 Non
3079 1367 3227 1419 enim
3277 1379 3568 1436 possumus

1920 1449 2146 1519 aliquid
2198 1450 2456 1506 adversus
2528 1452 2851 1512 veritatem;
2939 1450 3107 1522 quasi
3167 1451 3445 1508 dixisset:
3506 1451 3567 1507 Si

1922 1538 2313 1609 vosmetipsos
2362 1539 2746 1609 correxeritis,
2794 1544 3055 1595 nostram
3104 1538 3565 1595 dominationem

1922 1642 2184 1683 exercere
2215 1644 2329 1683 non
2360 1644 2699 1699 possumus,
2725 1628 2863 1699 quia
2884 1627 3032 1684 nihil
3056 1628 3336 1683 adversus
3355 1630 3565 1683 verita-

1920 1719 2036 1771 tem
2074 1731 2410 1787 possumus,
2442 1716 2580 1786 quia
2610 1716 2669 1771 in
2700 1716 2863 1771 vobis
2890 1721 2977 1771 est
3018 1717 3248 1772 veritas.
3282 1716 3343 1771 Si
3372 1720 3568 1772 autem

1928 1819 2029 1860 vos
2060 1820 2174 1859 non
2195 1804 2521 1875 corrigatis,
2550 1820 2865 1875 possumus
2887 1804 3165 1860 adversus
3181 1821 3283 1860 vos
3305 1804 3570 1861 domina—

1928 1892 2149 1948 tionem
2183 1896 2444 1948 nostram
2476 1907 2762 1961 exercere,
2796 1893 2935 1964 quia
2960 1908 3060 1964 pro
3082 1894 3316 1949 veritate
3340 1892 3575 1950 dimica-

1931 1997 2085 2051 mus,
2118 1996 2222 2051 pro
2251 1980 2414 2036 vobis
2449 1985 2665 2037 tamen.
3266 2050 3273 2055 ἢ

2002 2070 2331 2140 Sequitur:
2392 2069 2707 2126 Faudemus
2765 2073 2947 2126 tamen
3003 2070 3220 2141 quando
3276 2070 3423 2140 (797)
3482 2084 3578 2128 nos

1931 2158 2149 2231 inﬁrmi
2178 2175 2385 2226 sumus,
2420 2175 2513 2215 vos
2539 2167 2721 2215 autem
2746 2167 2984 2231 potentes
3016 2162 3165 2215 estis.
3189 2159 3460 2216 Ostendit
3483 2158 3578 2215 his

1930 2248 2122 2304 verbis
2153 2247 2466 2320 Apostolus
2490 2264 2552 2303 se
2584 2250 2653 2304 de
2685 2263 2887 2304 eorum
2920 2249 3089 2304 bonis
3126 2249 3402 2320 operibus
3432 2264 3574 2319 gau-

1930 2338 2088 2403 dere,
2122 2352 2188 2393 ac
2219 2336 2269 2393 si
2301 2336 2549 2392 dixissef
2566 2355 2579 2392 :
2639 2336 2696 2391 Si
2760 2336 2984 2392 fortiter
3039 2353 3105 2392 ac
3131 2339 3396 2408 potenter
3421 2336 3577 2391 vitiis

1932 2426 2242 2495 resistatis,
2266 2442 2371 2480 nos
2393 2424 2630 2497 quidem
2648 2425 2994 2496 gaudemus,
3016 2424 3155 2496 quia
3174 2431 3315 2480 tunc
3335 2423 3573 2494 inﬁrmi,

1932 2514 1990 2570 id
2014 2519 2120 2583 est,
2151 2514 2405 2570 humiles
2426 2530 2663 2581 sumus;
2680 2514 2726 2569 si
2751 2530 2882 2569 vero
2904 2530 3003 2570 vos
3024 2512 3187 2569 vitiis
3204 2528 3320 2569 non
3341 2513 3577 2569 resista-

1932 2605 2031 2672 tis,
2062 2621 2168 2660 nos
2200 2608 2465 2675 potentes
2495 2619 2723 2670 sumus,
2779 2619 2882 2659 vos
2913 2607 3108 2659 autem
3161 2602 3402 2669 infirmi,
3436 2602 3576 2673 quia

1931 2710 2110 2766 super
2136 2709 2237 2748 vos
2265 2692 2729 2748 dominationem
2762 2697 2973 2748 nostra
3012 2691 3378 2749 auctoritatis
3407 2706 3569 2747 exer-

1931 2799 2060 2838 cere
2102 2796 2438 2852 possumus.
3140 2834 3143 2837 λ

2010 2870 2231 2925 Debent
2262 2868 2438 2924 etiam
2470 2874 2527 2924 et
2566 2886 2722 2924 nunc
2780 2870 3186 2941 praedicatores
3243 2870 3350 2927 hoc
3382 2887 3572 2943 agere,

1939 2958 2049 3014 hoc
2078 2962 2185 3023 est,
2220 2958 2269 3013 si
2300 2973 2503 3012 eorum
2536 2957 2829 3012 auditores
2880 2963 3143 3028 potentes
3174 2964 3331 3026 sunt,
3364 2960 3580 3015 debent
3650 2984 3657 2989 “

1942 3064 2072 3105 esse
2094 3046 2311 3101 infirmi
2340 3062 2351 3101 :
2376 3050 2433 3101 et
2458 3044 2506 3100 si
2528 3045 2824 3100 auditores
2847 3045 3085 3115 inﬁrmi,
3110 3045 3189 3099 illi
3218 3046 3431 3102 debent
3454 3060 3581 3103 esse

156 3113 427 3196 tentatio
453 3134 836 3206 probationis,
862 3138 951 3188 est
971 3138 1028 3189 et
1049 3133 1447 3204 deceptionis:
1493 3113 1601 3187 sed
1621 3133 1826 3203 proba-
1860 3113 1903 3181 CI
1946 3141 2233 3208 potentes.
2271 3134 2581 3204 Sequitur:
2619 3138 2734 3190 Hoc
2760 3138 2815 3189 et
2859 3113 3099 3198 oramus,
3146 3134 3203 3189 id
3246 3138 3355 3202 est,
3390 3140 3456 3190 ut
3485 3151 3584 3192 vos

164 3226 359 3284 tionis
390 3242 423 3281 a
454 3224 590 3294 Deo,
622 3222 981 3293 deceptionis
1032 3239 1162 3278 vero
1213 3239 1246 3283 a
1292 3221 1545 3292 diabolo,
1578 3226 1831 3291 utraque

164 3323 379 3373 tamen
412 3314 484 3371 ab
516 3311 773 3368 homine.
807 3312 918 3367 Sed
949 3311 1044 3366 hic
1067 3311 1429 3382 probationis
1450 3309 1833 3383 intelligenda

164 3410 265 3463 est
288 3402 559 3460 tentatio.
586 3402 654 3459 Et
672 3400 783 3457 hoc
803 3400 1108 3456 sciendum
1132 3400 1270 3471 quia
1303 3401 1431 3471 ipsa
1454 3401 1680 3456 alterna
1705 3415 1834 3469 pro-

172 3474 347 3551 batio
376 3496 553 3562 atque
587 3488 876 3544 discussio
927 3487 1246 3559 plurimum
1295 3487 1658 3559 valet,juxta
1687 3487 1831 3543 illud

171 3580 536 3649 Salomonis,
597 3580 825 3634 Ferrum
899 3580 1047 3649 ferro
1119 3579 1344 3632 acuitur
1408 3578 1595 3647 (Prov.
1654 3593 1830 3643 xxvu,

176 3672 296 3741 17).
330 3674 444 3725 etc.
477 3667 787 3739 Sequitur:
826 3672 917 3721 Αη
944 3682 1053 3721 non
1084 3667 1403 3734 cognoscitis
1430 3668 1559 3737 quia
1586 3665 1835 3720 Christus

181 3761 248 3815 in
280 3759 429 3816 vobis
446 3764 528 3813 est
549 3760 575 3811 7
604 3756 781 3822 Quasi
805 3754 1023 3811 diceret
1047 3770 1060 3808 :
1091 3754 1139 3811 si
1163 3756 1553 3809 tentationum
1580 3752 1839 3824 pericula

181 3852 323 3905 ante
346 3847 549 3904 oculos
569 3843 869 3913 revocatis,
893 3848 951 3899 et
970 3845 1138 3914 cujus
1155 3842 1299 3898 estis
1322 3842 1455 3897 ﬁdei
1477 3858 1579 3897 seu
1601 3841 1837 3897 virtutis

1948 3225 2082 3281 sitis
2113 3224 2280 3295 (798).
2314 3224 2383 3279 Et
2414 3222 2523 3278 hoc
2552 3228 2641 3278 est
2666 3224 2823 3293 quod
2856 3222 3120 3293 sequitur
3146 3239 3159 3279 :
3202 3224 3437 3280 Vestram
3463 3239 3587 3281 con-

1940 3314 2385 3381 summationem,
2417 3310 2475 3366 id
2506 3316 2596 3367 est
2625 3311 3059 3382 perfectionem.

2016 3400 2325 3472 Sequitur:
2360 3400 2483 3456 Ideo
2514 3400 2632 3459 haec
2659 3401 2854 3457 absens
2881 3401 3082 3467 scribo,
3117 3406 3181 3457 ut
3207 3417 3317 3458 non
3341 3417 3587 3474 praesens

1943 3491 2137 3546 durius
2166 3507 2351 3559 agam.
2384 3489 2639 3546 Incussit
2667 3490 2821 3545 enim
2855 3489 2947 3545 his
2978 3490 3167 3546 verbis
3197 3492 3491 3558 timorem,
3524 3494 3589 3548 ut

1944 3580 2391 3651 corrigerentur,
2426 3595 2496 3634 ne
2528 3579 2673 3633 forte
2701 3579 2941 3635 veuiens
2986 3579 3193 3636 durius
3233 3585 3446 3653 ageret,
3477 3580 3587 3637 hoc

1945 3673 2052 3735 est,
2087 3668 2179 3724 sui
2237 3667 2600 3738 apostolatus
2656 3670 3003 3737 potestatem
3062 3668 3338 3725 severiter
3376 3669 3435 3725 in
3470 3669 3586 3727 illis

1945 3760 2255 3812 exerceret.
2291 3756 2361 3809 Et
2407 3754 2515 3810 hoc
2553 3760 2665 3820 est,
2719 3757 2872 3825 quod
2934 3758 3228 3827 sequitur:
3284 3758 3590 3815 Secundum

1946 3848 2284 3916 potestatem,
2319 3859 2481 3913 quam
2514 3845 2780 3899 Dominus
2809 3843 2957 3899 dedit
2983 3846 3124 3901 mihi
3168 3848 3228 3900 in
3255 3846 3591 3917 aediﬁcatio-

183 3936 546 4010 agnoscetis,
583 3940 783 3990 utrum
817 3932 1084 3988 Christus
1107 3933 1165 3987 in
1196 3932 1359 3987 vobis
1391 3930 1488 4000 sit,
1517 3949 1587 3985 an
1621 3946 1760 3996 non,
1783 3936 1841 3986 et
1952 3950 2097 4001 nem,
2131 3941 2181 3989 et
2209 3948 2320 3988 non
2348 3934 2410 3986 in
2439 3931 2876 3987 destructionem.
2912 3932 3051 3988 Ecce
3100 3933 3242 3987 dicit
3287 3951 3349 3990 se
3380 3935 3592 3992 habere

185 4042 527 4097 agnoscere,
541 4020 834 4095 potestis?
866 4024 1285 4077 Verumtamen
1327 4020 1375 4076 si
1403 4019 1511 4075 hoc
1544 4036 1659 4075 non
1692 4019 1837 4075 fece-

1952 4025 2291 4095 potestatem
2325 4024 2641 4091 acceptam.
2677 4020 2745 4076 Et
2775 4019 3017 4091 pulchre
3046 4020 3303 4092 quidem,
3337 4024 3396 4077 in
3419 4024 3593 4094 aediﬁ-

186 4114 347 4182 ritis,
382 4131 496 4169 non
530 4110 895 4183 agnoscetis:
931 4110 1084 4180 quod
1120 4114 1205 4164 est
1248 4109 1558 4181 reprobum
1591 4126 1751 4177 esse;
1786 4112 1843 4164 et
1950 4113 2252 4175 cationem,
2276 4110 2415 4181 quia
2446 4110 2850 4179 praedicatores
2868 4110 2938 4164 ad
2962 4109 3069 4165 hoc
3086 4115 3433 4181 potestatem
3449 4114 3595 4168 acci-

189 4203 325 4259 ideo
357 4203 533 4258 dicit:
568 4202 689 4256 Nisi
717 4203 857 4271 forte
884 4200 1106 4269 reprobi
1132 4201 1283 4253 estis.

1953 4200 2142 4273 piunt,
2168 4204 2232 4254 ut
2253 4197 2594 4270 corrigendo
2617 4198 2857 4265 salvent,
2882 4215 2997 4254 non
3021 4202 3085 4254 ut
3104 4214 3220 4254 non
3247 4201 3588 4275 corrigendo

267 4292 584 4363 Sequitur:
617 4288 781 4360 Spero
808 4291 996 4343 autem
1034 4286 1174 4356 quod
1219 4289 1572 4357 cognoscetis,
1598 4292 1709 4342 etc.
1747 4285 1844 4341 llis
1954 4289 2218 4360 perdant.

189 4379 390 4435 verbis
422 4382 695 4451 provocat
724 4392 822 4431 eos
851 4376 921 4429 ad
957 4374 1088 4429 ﬁdei
1121 4379 1177 4429 et
1211 4380 1423 4430 sanctae
1454 4376 1843 4431 conversatio-

2028 4377 2216 4432 Finita
2241 4377 2744 4432 commendatione
2767 4394 2882 4433 suae
2906 4393 3187 4448 personas,
3213 4396 3390 4451 quam
3414 4398 3601 4453 cmpe-

193 4468 293 4523 nis
353 4467 743 4523 soliditatem:
805 4464 972 4537 quasi
1027 4463 1304 4518 dixisset:
1377 4465 1436 4519 Si
1493 4463 1844 4537 agnoveritis
1875 4474 1923 4540 D
1957 4472 2047 4521 rat
2071 4467 2481 4520 commendare
2503 4466 2574 4520 ab
2598 4481 2663 4520 eo
2686 4465 2811 4521 loco
2837 4466 2933 4521 ubi
2956 4468 3133 4522 ﬁnem
3156 4468 3368 4525 fecerat
3387 4471 3457 4524 de
3488 4470 3601 4525 col-

195 4556 697 4629 quemadmodum
712 4554 830 4609 dixi
848 4552 1147 4608 Christum
1162 4552 1326 4608 vobis
1346 4553 1554 4621 inesse,
1577 4570 1847 4626 agnosce-

194 4646 278 4700 tis
300 4645 475 4701 etiam
503 4644 642 4717 quia
661 4652 714 4699 et
734 4660 833 4700 nos
854 4658 968 4697 non
986 4658 1177 4696 sumus
1198 4642 1439 4712 reprobi,
1462 4641 1571 4697 hoc
1595 4649 1703 4708 est,
1738 4643 1848 4697 du-

198 4734 373 4806 plicis
415 4732 779 4789 intentionis.
834 4736 967 4799 Quaa
1023 4730 1318 4787 sententia
1346 4732 1559 4787 ad‘hoc
1592 4731 1848 4803 respicit,

200 4823 363 4894 quod
395 4821 666 4894 superius
698 4821 797 4888 ait,
832 4821 968 4876 olim
991 4821 1226 4891 putatis,
1258 4824 1367 4876 etc.

280 4910 556 4983 Sequitur
582 4928 601 4965 :
632 4910 865 4966 Oramus
895 4919 1077 4965 autem
1120 4914 1320 4976 Deum,
1351 4914 1459 4966 etc.
1493 4908 1649 4964 More
1680 4908 1854 4965 solito

203 4999 517 5069 Apostolus
547 5004 677 5055 orat
706 5015 808 5070 pro
841 4998 984 5066 suis,
1021 5002 1087 5053 ut
1116 4996 1260 5052 nihil
1312 4999 1449 5055 mali
1482 4998 1719 5053 faciant.
1756 4999 1855 5054 Se-

292 5194 431 5277 (793)
450 5201 662 5269 Autog.
681 5199 849 5277 etiam
864 5195 1020 5277 uobis
1039 5196 1300 5277 potuerit,
1322 5215 1503 5277 quar_n_
1524 5195 1857 5277 lectionem,

1011 5270 1305 5306 nar-phiam
1338 5267 1425 5306 -ην
1456 5267 1609 5306 ἶῙιιῘη
1661 5286 1858 5306 nmon-

211 5268 306 5306 uti
337 5284 506 5306 annon
567 5268 696 5306 "inn
728 5268 941 5306 inriinin

1959 4553 2144 4617 lectis,
2166 4554 2221 4607 in
2240 4570 2355 4623 qua
2367 4554 2870 4610 commendatione
2884 4554 3205 4625 plurimum
3221 4556 3599 4625 laboraverat,

1961 4643 2191 4699 duabus
2216 4660 2317 4713 pro
2342 4642 2559 4710 causis,
2586 4641 2694 4696 hoc
2724 4648 2834 4710 est,
2869 4647 2933 4696 ut
2962 4641 3048 4696 vel
3082 4660 3197 4697 non
3230 4644 3471 4699 minoris
3502 4661 3604 4698 au-

1963 4732 2251 4789 ctoritatis
2272 4747 2446 4803 quam
2482 4730 2670 4785 caeteri
2701 4747 2763 4785 se
2794 4747 2922 4787 esse
2952 4735 3329 4797 monstraret,
3351 4732 3437 4786 vel
3458 4738 3610 4787 certe

1965 4828 2033 4878 ut
2053 4821 2276 4879 crimen
2306 4818 2644 4892 cupiditatis
2684 4820 2756 4875 ab
2784 4838 2846 4876 se
2880 4821 3267 4888 abstergeret,
3298 4835 3449 4875 nunc
3480 4835 3613 4877 vero

1968 4910 2127 4968 aliud
2161 4910 2499 4982 aggreditur
2529 4910 2639 4964 hoc
2669 4914 2778 4977 est,
2814 4908 3117 4977 subjunxit
3158 4906 3622 4964 exhortationem

1970 5004 2193 5072 pariter
2222 5005 2278 5055 et
2308 4999 2731 5055 narrationem.

2047 5199 2198 5306 (795)
2229 5197 2392 5251 Forte
2439 5193 2758 5268 legendum
2792 5200 3029 5263 integre.

2048 5272 2176 5306 1⁸703
2228 5267 2379 5306 anrr
2430 5282 2527 5306 eme
2560 5269 2742 5306 nufom
2778 5274 2837 5306 nl
2875 5274 3029 5306 ronrﬂ

2048 5257 2197 5306 1‘70Ri
2228 5267 2379 5306 anrr
2430 5257 2530 5306 om:
2560 5269 2742 5306 nuh‘nn
2778 5274 2837 5306 nl
2875 5257 3095 5306 anrobi
3120 5260 3312 5306 ετίηηις
