3990 5306
512 287 622 347 491

1510 286 1844 347 ATTONIS
1890 284 2469 346 VERCELLENSIS
2516 286 2869 349 EPISCOPI
3730 302 3809 365 492

580 417 728 486 (799)
759 417 833 471 De
846 418 1063 486 caetero,
1090 416 1302 487 inquit,
1326 416 1433 471 hoc
1455 421 1562 487 est,
1588 418 1659 471 de
1681 416 1902 488 reliquo
1935 421 2150 483 autem,
2181 416 2237 484 Α
2267 417 2473 473 ctionis
2493 422 2549 472 et
2566 419 2985 475 satisfactionis
3025 426 3113 476 est
3134 421 3429 479 indicium.
3449 426 3812 499 Quapropter-ab

511 510 805 577 praeterea,
834 508 1061 576 fratres,
1093 506 1361 575 gaudete:
1395 508 1625 575 perfecti
1662 510 1865 567 estote;
1894 512 2151 561 exhorta-

509 596 673 662 mini,
704 594 813 650 hoc
844 598 951 660 est,
986 595 1044 649 in
1076 595 1419 650 alterutrum
1446 612 1547 650 vos
1572 600 1802 650 monete
1826 612 1840 661 ;
1868 595 1975 650 hac
1996 594 2153 649 enim

509 682 928 750 exhortatione,
958 699 1075 755 qua
1105 700 1208 755 spe
1248 685 1579 739 futurorum
1613 689 1965 755 superantur
1992 682 2151 749 vitia,

512 771 775 827 nascitur
804 772 1097 844 perfectio,
1137 789 1205 827 ex
1249 774 1599 844 perfectione
1642 780 1838 828 autem
1871 773 2151 844 gaudium

512 862 650 934 quia
671 878 841 918 nemo
858 863 1111 935 gaudere
1130 868 1319 935 potest
1334 868 1389 918 et
1402 865 1691 934 perfectus
1708 879 1834 918 esse
1849 880 1962 917 non
1978 862 2149 930 valet,

512 951 626 1007 nisi
668 951 807 1006 vitia
858 956 1111 1024 superet.
1155 952 1459 1023 Sequitur:
1512 954 1671 1007 Idem
1717 952 1912 1020 sapite.
1944 951 2155 1023 Tangit

512 1039 668 1096 enim
695 1040 824 1107 hoc.
860 1042 999 1112 quia
1028 1046 1085 1095 et
1114 1041 1170 1094 in
1202 1042 1391 1112 prima
1438 1047 2015 1109 commemoraverat,
2052 1040 2151 1095 ubi

512 1128 629 1183 ait:
700 1129 949 1194 Obsecro,
1008 1132 1068 1184 ut
1123 1131 1301 1201 ipsum
1357 1130 1549 1184 dicatis
1606 1131 1651 1200 (I
1702 1129 1822 1185 Cor.
1869 1147 1907 1195 ι,
1944 1130 2050 1197 10).
2085 1130 2154 1183 Et

510 1217 619 1272 hoc
649 1221 737 1273 est
787 1220 941 1289 quod
972 1218 1067 1272 hic
1126 1219 1287 1284 dicit,
1345 1218 1489 1274 idem
1546 1220 1749 1287 sapite,
1808 1217 1865 1272 id
1897 1223 2005 1285 est,
2036 1233 2150 1273 non

508 1306 803 1362 diversum
837 1307 907 1362 de
937 1323 1051 1371 me,
1082 1307 1170 1362 vel
1203 1308 1261 1361 in
1295 1324 1407 1377 me,
1444 1308 1564 1362 sive
1616 1308 1673 1361 in
1708 1307 1840 1373 ﬁde,
1873 1312 1930 1361 et
1960 1323 2150 1376 opere,

506 1396 818 1468 Sequitur:
855 1402 1051 1453 Pacem
1109 1400 1321 1452 habete.
1369 1398 1751 1451 Commendat
1780 1395 1897 1450 illis
1926 1412 2149 1467 pacem,

507 1490 747 1556 propter
767 1501 866 1541 eos
885 1485 1172 1553 videlicet,
1199 1486 1293 1557 qui
1330 1486 1591 1540 fraudem
1638 1490 1693 1539 et
1726 1485 2003 1555 injuriam
2038 1486 2150 1539 fra-

508 1572 699 1630 tribus
727 1573 1088 1645 ingerebant,
1117 1578 1173 1629 et
1202 1574 1274 1628 ob
1306 1574 1414 1628 hoc
1443 1574 1514 1628 ad
1564 1572 1887 1628 infidelium
1923 1574 2151 1643 judicia

508 1663 942 1733 pertrahebant,
975 1666 1041 1717 ut
1068 1664 1148 1717 ait
1176 1662 1235 1717 in
1269 1662 1459 1734 prima
1487 1679 1498 1716 :
1534 1662 1636 1718 Sed
1664 1679 1752 1718 vos
1775 1665 2043 1735 injuriam
2061 1668 2149 1733 fa-

508 1752 652 1821 citis,
685 1758 736 1806 et
764 1751 1037 1821 fraudatis
1066 1752 1115 1821 (Ι
1144 1750 1262 1808 Cor.
1324 1769 1401 1821 v1,
1459 1752 1534 1821 8),
1569 1756 1679 1808 etc.
1739 1753 2051 1823 Sequitur:
2086 1756 2151 1807 Et

506 1840 648 1895 Deus
675 1842 826 1911 pacis
868 1846 919 1896 et
966 1841 1271 1895 dilectionis
1314 1842 1421 1895 erit
1466 1842 1761 1895 vobiscum.
1814 1841 2152 1895 Terminata

505 1929 926 1997 exhortatione,
959 1930 1265 2000 subjunxit
1296 1930 1710 1985 narrationem.
1744 1932 1905 1994 Deus,
1934 1930 2146 2000 inquit,

500 2020 674 2090 pacis,
708 2024 819 2075 etc.
854 2019 1009 2074 Deus
1040 2019 1198 2091 pacis
1228 2018 1461 2081 dicitur,
1496 2019 1634 2089 quia
1678 2018 1803 2089 ipse
1832 2022 1920 2073 est
1948 2022 2150 2073 auotor

505 2110 687 2180 pacis,
705 2109 877 2178 juxta
897 2108 1039 2163 illud
1063 2109 1325 2177 ejusdem
1348 2108 1609 2179 Apostoli
1632 2124 1643 2162 :
1668 2107 1917 2163 Christus
1927 2124 2039 2178 pax
2059 2124 2149 2163 no-

502 2199 634 2262 itra,
667 2198 762 2268 qui
789 2199 917 2266 fecit
946 2206 1179 2267 utraque
1214 2213 1407 2251 unum
1428 2196 1644 2267 (Ephes.
1699 2213 1758 2265 ιι,
1791 2197 1899 2263 14).
1933 2197 2001 2251 Et
2031 2197 2144 2251 Do-

496 2284 705 2339 minus
729 2302 741 2339 :
775 2286 973 2340 Pacem
1002 2284 1259 2354 relinquo
1288 2285 1457 2351 vobis,
1491 2300 1678 2355 pacem
1708 2300 1883 2339 meam
1911 2285 1977 2340 do
2000 2286 2148 2340 vobis

505 2374 690 2443 (Joan.
723 2389 838 2437 x1v,
868 2376 979 2441 27).
1014 2372 1354 2428 Dilectionis
1411 2377 1562 2427 Deus
1620 2378 1727 2438 est,
1754 2374 1919 2441 juxta
1949 2373 2094 2429 illud
2129 2391 2143 2429 :

502 2461 821 2516 Mandatum
870 2477 1073 2517 novum
1128 2462 1193 2517 do
1248 2463 1419 2528 vobis,
1490 2469 1549 2516 ut
1602 2462 1855 2534 diligatis
1913 2465 2148 2518 invicem

505 2551 689 2621 (Joan.
723 2567 843 2622 xm,
868 2551 981 2622 34),
1009 2554 1142 2617 etc.;
1166 2554 1224 2606 et
1245 2551 1385 2605 item
1410 2569 1422 2607 :
1473 2553 1532 2605 In
1580 2550 1676 2606 hoc
1700 2555 2012 2619 cognoscent
2031 2568 2145 2607 om-

504 2654 619 2706 nes,
648 2640 779 2712 quia
807 2656 915 2696 me:
944 2641 1077 2696 estis
1094 2640 1383 2711 discipuli,
1410 2642 1461 2695 si
1479 2639 1828 2696 dilectionem
1846 2640 2147 2698 habueritis

506 2729 576 2783 ad
606 2730 838 2785 invicem
866 2729 1051 2801 (Ibid.,
1082 2730 1193 2801 35).
1244 2734 1310 2784 Et
1349 2733 1437 2785 est
1485 2746 1731 2785 sensus:
1766 2730 1824 2784 Si
1856 2746 2059 2801 pacem
2091 2736 2148 2787 et

505 2817 873 2874 dilectionem
920 2819 1264 2884 habueritis,
1316 2822 1612 2874 auctorem
1663 2818 1821 2890 pacis
1868 2824 2144 2892 perpetuo

502 2907 903 2978 possidebitis.
935 2909 1064 2963 Haec
1095 2908 1250 2964 enim
1281 2912 1369 2963 est
1399 2925 1509 2980 pax
1538 2915 1693 2963 certa
1711 2913 1890 2990 atque
1917 2926 2142 2979 secura,

504 3012 679 3067 quam
698 2996 863 3069 impii
885 2997 1099 3053 habere
1111 3015 1224 3052 non
1241 3001 1523 3069 possunt;
1547 2997 1701 3052 unde
1719 3002 1807 3053 est
1827 2996 1971 3052 illud
2000 3000 2144 3055 :Non

499 3094 583 3142 est
594 3102 710 3158 pax
730 3088 944 3159 impiis,
968 3087 1103 3142 dicit
1125 3089 1397 3143 Dominus
1419 3088 1569 3157 (Isai.
1595 3104 1727 3156 LVII,
1750 3088 1863 3157 2a).
1896 3087 2139 3143 Verum-

2264 506 2542 577 Apostolo
2572 508 2839 563 osculum
2871 510 3025 580 quod
3048 512 3485 568 commendatur
3511 531 3706 588 semper
3720 536 3813 577 cum

2264 596 2563 656 additione
2592 597 2851 667 ponitur.

2334 684 2610 754 Sequitur
2635 702 2646 739 :
2682 686 2934 741 Salutant
2960 703 3051 743 vos
3081 690 3259 743 sancti
3299 704 3491 744 omnes.
3520 691 3591 746 Ac
3617 692 3658 747 si
3683 695 3813 751 dixis-

2263 776 2351 826 set
2374 788 2385 826 :
2410 772 2532 827 Non
2558 777 2840 844 potentes,
2870 792 2984 830 non
3006 776 3320 849 principes,
3361 778 3456 833 sed
3479 780 3642 834 sancti
3668 798 3813 840 omnes

2263 859 2381 914 Hoc
2403 867 2595 915 autem
2616 862 3194 919 animadvertendum
3217 872 3323 932 est,
3344 883 3513 938 quare
3532 867 3634 923 illis
3652 877 3814 927 sancto-

2264 966 2393 1003 rum
2426 950 2637 1005 dixerit
2669 950 2939 1006 salutem.
2973 951 3275 1021 Videlicet,
3325 958 3389 1008 ut
3418 954 3540 1009 illos
3567 957 3629 1010 ad
3657 956 3813 1014 bonum

2263 1038 2586 1093 sanctitatis
2618 1046 2974 1110 provocarat,
3004 1047 3295 1112 quatenus
3318 1042 3415 1112 qui
3437 1042 3813 1101 salutabantura

2262 1127 2480 1181 sanctis
2506 1152 2519 1192 ;
2550 1126 2637 1182 vel
2669 1133 2823 1183 certe
2858 1134 2920 1183 ut
2950 1145 3047 1184 eos
3079 1130 3349 1187 invitaret
3390 1133 3459 1186 ad
3488 1132 3701 1189 invicem
3723 1137 3813 1189 red-

2262 1216 2535 1284 dendam,
2568 1221 2858 1287 quatenus
2890 1218 2990 1289 qui
3024 1217 3431 1274 salutabantur
3451 1237 3482 1275 a
3503 1222 3693 1277 sanctis
3711 1223 3812 1277 salu-

2261 1310 2454 1359 tarent
2473 1310 2727 1361 sanctos.
2753 1306 2821 1360 Et
2864 1311 3000 1362 nota
3042 1308 3179 1379 quia
3201 1325 3317 1363 non
3342 1312 3561 1364 tantum
3589 1310 3808 1375 aitsancti,

2261 1393 2361 1447 sed
2394 1393 2621 1447 addidit
2669 1410 2878 1465 omnes,
2941 1396 3219 1466 quoniam
3279 1403 3600 1452 sanctorum
3625 1403 3698 1452 est
3718 1400 3809 1455 velle

2262 1497 2466 1536 omnes
2495 1498 2623 1537 esse
2654 1481 2864 1538 salvos.
2900 1483 3048 1555 Ergo
3080 1486 3178 1556 qui
3214 1486 3475 1541 omnium
3502 1486 3713 1542 salutem
3735 1505 3807 1543 non

2261 1573 2441 1640 optat,
2475 1586 2535 1625 se
2566 1586 2798 1641 quoque
2823 1570 2883 1627 in
2914 1571 3023 1627 hac
3072 1572 3423 1630 salutatione
3470 1590 3576 1630 non
3619 1591 3806 1648 comple-

2260 1657 2438 1712 hendi
2470 1658 2780 1730 intelligat.
3626 1656 3633 1666 ’

2330 1747 2642 1817 Sequitur:
2678 1750 2867 1805 Gratia
2898 1752 3123 1805 Domini
3148 1754 3327 1807 nostri
3377 1754 3499 1808 Jesu
3529 1753 3713 1821 Christi,
3735 1758 3803 1809 etc.

2266 1835 2449 1891 Finita
2480 1853 2712 1907 quoque
2761 1838 3133 1905 salutatione,
3196 1842 3499 1911 subjunxit
3548 1843 3806 1910 orationem,

2260 1926 2466 1992 Gratia,
2499 1926 2707 1996 inquit,
2742 1928 2976 1997 Domini,
3028 1933 3135 1983 etc.
3186 1929 3337 1985 Illud
3389 1947 3525 1985 sane
3569 1932 3805 1987 notandum

2259 2014 2397 2084 quia
2427 2015 2486 2069 in
2518 2015 2631 2069 ﬁne
2662 2015 2840 2085 hujus
2870 2017 3141 2088 Epistolas
3171 2018 3418 2074 unitatis
3448 2019 3674 2075 charitas
3696 2035 3803 2074 com-

2259 2104 2588 2158 mendatur.
2625 2105 2692 2159 Et
2722 2104 2963 2176 pulchre
2994 2106 3234 2177 quidem
3266 2108 3329 2162 in
3351 2108 3482 2175 fide,
3506 2109 3628 2180 quia
3645 2125 3805 2164 summa

2258 2192 2533 2262 perfectio
2564 2192 2623 2247 in
2659 2192 2909 2248 Unitatis
2965 2194 3247 2252 Trinitate
3307 2198 3585 2254 consistit.
3615 2198 3803 2253 Charitas

2258 2296 2510 2351 namque
2549 2282 2736 2337 Patris
2793 2283 2961 2339 nobis
3018 2284 3379 2342 Salvatorem
3437 2287 3645 2355 direxit,
3670 2288 3801 2354 idest,

2254 2368 2478 2440 Jesum,
2512 2371 2680 2441 cujus
2711 2373 2899 2443 gratia
2928 2389 3134 2429 sumus
3158 2375 3467 2449 redempti.
3490 2377 3610 2440 Quae
3629 2376 3803 2431 charitss

2257 2463 2429 2530 atque
2448 2461 2635 2531 gratia
2655 2462 2840 2516 sancti
2854 2479 3087 2534 quoque
3099 2462 3354 2536 Spiritus
3372 2465 3803 2522 communicatione

2256 2547 2425 2603 nobis
2447 2552 2729 2613 servatur,
2753 2549 2968 2621 quippe
2988 2552 3231 2609 dilectos
3249 2570 3285 2609 a
3307 2554 3472 2610 Patre
3483 2571 3544 2610 ac
3559 2555 3802 2624 redemptos

2256 2656 2289 2693 a
2312 2637 2452 2693 Filio
2476 2638 2728 2709 Spiritus
2750 2644 2989 2695 sanctus
3009 2648 3291 2715 perpetuo
3313 2647 3509 2700 tuetur
3525 2660 3585 2700 ac
3602 2642 3801 2699 defendit.

2254 2727 2413 2782 Facit
2439 2728 2614 2783 etiam
2664 2728 2758 2783 hic
2813 2728 2975 2785 locus
3028 2731 3311 2788 adversus
3369 2733 3579 2800 Arium,
3621 2732 3699 2804 qui
3721 2730 3801 2784 ideo

2252 2816 2427 2872 etiam
2450 2816 2679 2873 dicebat
2704 2817 2912 2873 Filium
2936 2818 3222 2875 minorem
3246 2821 3434 2889 Patre,
3469 2838 3531 2878 eo
3571 2820 3698 2894 quod
3720 2818 3803 2873 ubi-

2253 2922 2505 2977 cumque
2528 2907 2715 2961 Patris
2737 2912 2795 2963 et
2814 2907 2941 2961 Filii
2982 2908 3143 2964 ﬁeret
3179 2911 3423 2978 mentio,
3470 2926 3673 2982 semper
3692 2911 3803 2963 Pater

2254 3000 2702 3066 prae-poneretur.
2725 3000 2821 3050 Est
2842 2996 3017 3051 etiam
3038 2999 3364 3055 notandum
3389 3000 3522 3071 quia
3541 3016 3638 3055 non
3657 2998 3801 3053 aittsn.

2253 3088 2379 3139 tum
2406 3085 2728 3154 vobiscum,
2754 3086 2853 3140 sed
2872 3102 2997 3140 cum
3016 3088 3289 3155 omnibus,
3314 3088 3573 3145 videlicet
3598 3093 3651 3143 ut
3672 3091 3800 3141 osten-

499 3156 697 3232 tamen
719 3156 829 3231 etsi
852 3177 1069 3231 habent
1090 3192 1289 3247 pacem
1315 3156 1475 3243 mali,
1499 3174 1667 3246 longe
1691 3156 1929 3247 quidem
1958 3174 2139 3231 distat
2169 3156 2212 3223 (ἶ
2251 3174 2409 3227 deret
2436 3190 2613 3243 quam
2646 3173 3015 3230 dilectionem
3066 3174 3326 3244 haberet,
3375 3194 3506 3233 cum
3550 3194 3650 3233 non
3670 3173 3801 3230 solum

482 3265 573 3320 'ab
604 3265 717 3321 ista
743 3282 919 3336 quam
952 3265 1237 3320 Dominus
1279 3265 1578 3333 discernit,
1620 3264 1759 3317 dum
1795 3280 1907 3318 non
1939 3264 2137 3336 talem,

504 3353 740 3426 qualem
764 3354 1022 3409 mundus
1043 3354 1164 3418 dat,
1188 3354 1269 3407 ait
1292 3369 1304 3408 :
1329 3352 1642 3408 Mandatum
1678 3368 1879 3407 novum
1899 3353 1964 3408 do
1986 3354 2139 3408 vobis

496 3444 557 3497 ut
613 3442 860 3510 diligatis
918 3442 1152 3497 invicem
1202 3442 1378 3511 (Joan.
1436 3458 1551 3506 xxv,
1602 3442 1714 3511 27).
1751 3441 1813 3494 In
1844 3457 1910 3495 eo
1941 3442 2139 3508 etiam,

500 3531 655 3602 quod
689 3530 768 3585 ait
795 3546 808 3584 :
842 3532 983 3585 Deus
1007 3532 1187 3601 pacis,
1216 3535 1352 3597 etc.,
1384 3529 1565 3584 voluit
1596 3529 1913 3597 Apostolus
1943 3530 2143 3585 subin-

500 3619 685 3692 telligi
714 3619 854 3691 quia
882 3619 931 3675 si
963 3620 1096 3675 odia
1125 3625 1181 3674 et
1212 3620 1363 3674 rixas
1388 3619 1684 3687 haberent,
1718 3623 1921 3674 auctor
1941 3619 2057 3674 odii
2085 3623 2142 3675 et

495 3715 651 3780 rixae,
686 3712 795 3767 hoc
853 3715 941 3765 est
992 3708 1278 3774 diabolus,
1333 3712 1611 3781 perpetuo
1664 3724 1761 3763 eos
1791 3709 2135 3780 possideret.

480 3834 483 3837 <
565 3802 883 3875 Sequitur:
917 3800 1173 3856 Salutate
1202 3800 1435 3853 invicem
1481 3800 1541 3852 in
1570 3799 1748 3854 osculo
1779 3806 1993 3853 sancto.
2027 3798 2135 3853 Sa-

488 3894 697 3951 lutatio
723 3907 932 3964 nempe
960 3890 1244 3945 indicium
1295 3892 1469 3960 atque
1518 3888 1735 3960 optatio
1784 3893 1873 3944 est
1903 3887 2128 3944 salutis.

489 3985 620 4041 Haec
642 3981 916 4039 salutatio
938 3984 996 4036 et
1019 3979 1127 4034 hoc
1150 3977 1419 4035 osculum
1443 3978 1523 4033 ait
1544 3982 1812 4033 sanctum
1837 3980 2127 4045 osculum,

484 4075 586 4131 sed
620 4071 857 4128 illorum
902 4068 1167 4126 osculum
1223 4067 1633 4139 corruptionis,
1686 4070 1742 4121 et
1789 4065 1957 4138 quasi
1988 4065 2129 4120 refe-

552 4236 701 4307 (796)
731 4234 834 4289 Hic
863 4232 924 4287 in
955 4236 1149 4302 autog.
1185 4244 1367 4301 marg.
1398 4227 1611 4300 legitur
1641 4243 1768 4298 cap.
1802 4225 1988 4281 XXIX.

2251 3262 2545 3331 correctis,
2580 3263 2679 3318 sed
2740 3263 2914 3319 etiam
2972 3264 3314 3323 incorrectis
3371 3268 3605 3340 gratiam
3630 3264 3801 3336 optaret.

2247 3352 2422 3414 Quasi
2444 3351 2719 3407 dixisset:
2748 3353 2808 3408 In
2833 3353 2942 3409 hoc
2967 3370 3315 3425 cognoscere
3339 3357 3576 3429 potestis
3595 3356 3803 3426 quantum

2252 3456 2353 3495 vos
2384 3440 2645 3513 diligam,
2678 3458 2811 3496 cum
2852 3459 2965 3498 non
3015 3442 3206 3499 solum
3255 3446 3547 3516 correctis,
3576 3444 3659 3500 sed
3684 3440 3801 3496 etiam

2252 3545 2356 3584 nec
2384 3529 2525 3584 dum
2558 3531 2831 3585 correctis
2860 3531 3110 3603 gratiam
3169 3538 3386 3605 optem.
3436 3535 3558 3591 Sive
3584 3532 3688 3587 ideo
3711 3524 3804 3583 dicit

2248 3634 2375 3673 cum
2394 3618 2665 3689 omnibus,
2690 3623 2754 3673 ut
2774 3636 2889 3674 non
2913 3619 3274 3693 exciperetur
3296 3639 3489 3691 sexus,
3512 3626 3651 3691 istas,
3670 3612 3803 3674 condi-

2248 3708 2346 3778 tio,
2380 3707 2617 3779 lingua;
2651 3708 2751 3763 sed
2783 3708 2936 3764 sicut
2966 3711 3207 3782 sanguis
3244 3711 3456 3768 Christi
3488 3724 3667 3767 omnes
3690 3703 3799 3761 rede-

2248 3799 2372 3862 mit,
2432 3797 2516 3852 sic
2573 3802 2631 3853 et
2686 3813 2890 3853 omnes
2945 3798 3160 3855 Christi
3219 3799 3466 3871 gratiam
3497 3794 3796 3872 possiderent

2243 3889 2409 3942 Amen
2440 3901 2574 3941 vero
2605 3902 2796 3942 sermo
2827 3892 2917 3943 est
2945 3888 3427 3958 confirmationis,
3455 3889 3550 3961 qui
3570 3880 3799 3943 conﬁrmat

2241 3976 2458 4032 omnia.
2764 4032 2773 4039 κ

2771 4067 2943 4134 Finis,
2976 4068 3085 4123 Deo
3122 4070 3348 4139 gratias.

2605 4401 3797 4431 MM

1861 4586 2479 4720 INCIPIT

1023 4852 1635 4942 EXPOSITIO
1694 4853 1805 4937 IN
1865 4848 2498 4937 EPISTOLAM
2558 4850 2699 4934 AD
2759 4848 3299 4937 GALATAS.

1016 5164 1544 5222 ARGUMENTUM.

530 5257 983 5306 Animadvertite
1013 5255 1164 5306 (ιιιοὰ
1198 5255 1349 5306 sicut
1396 5254 1455 5306 in
1507 5251 1667 5306 novis
1714 5249 2097 5306 temporibus.

2132 5164 2177 5228 D
2210 5158 2625 5231 prOphetarum
2656 5160 2830 5215 verba
2860 5161 2932 5215 ad
2965 5160 3234 5216 homines
3266 5158 3641 5232 proferuntur,
3667 5147 3789 5205 vela-

2210 5246 2365 5299 mine
2391 5250 2686 5306 teguntur.
2723 5247 2805 5301 Ibi
2839 5265 3095 5306 namque
3122 5264 3252 5303 caro
3275 5245 3562 5302 valeamen
3583 5242 3705 5303 erat,
3722 5232 3788 5288 hic
