3990 5306
154 426 258 496 19⁵1

734 434 1152 503 EXPOSITIO
1193 437 1275 503 ΙΝ
1318 438 1752 505 EPISTOLAS
1795 440 2059 508 PAULI.
2086 442 2262 507 -ΙΝ
2305 445 2555 512 EPIST.
2599 446 2707 510 AD
2752 444 2931 513 GAL.‘

3418 440 3540 510 498

152 566 500 625 monstratur
526 557 666 641 quia
693 572 783 625 est
811 571 1065 642 perfecta
1093 572 1350 629 Ecclesia
1404 591 1518 630 non
1552 574 1776 633 habens
1806 582 1859 651 Α
1899 578 2023 634 dies
2055 579 2352 652 angustias
2384 585 2440 636 et
2468 596 2773 654 pressurae
2804 575 3134 653 appellavit,
3164 577 3381 653 quibus
3410 576 3538 640 iue-

152 656 429 714 maculam
461 674 650 730 neque
680 675 925 731 rugam;
985 667 1041 716 et
1097 666 1186 717 est
1239 662 1578 735 imperfecta
1629 683 1777 738 quae,

155 747 391 803 necdum
423 749 847 805 consummatis
874 750 1211 818 virtutibus,
1234 752 1291 807 in
1327 754 1561 809 nomine
1584 758 1777 811 tamen

150 839 275 892 Jesu
308 842 659 910 congregata
687 839 855 907 (808),
890 839 1083 912 aliquo
1115 841 1429 914 depravata
1449 859 1660 900 errore.
1696 846 1781 901 Si-

152 923 355 980 militer
384 928 441 979 et
471 925 704 997 sapiens
733 926 939 984 bifaria
970 928 1201 985 dicitur.
1249 932 1349 986 Est
1406 933 1655 1005 perfecte
1686 951 1778 990 sa-

152 1013 322 1087 piens,
358 1018 424 1068 ut
452 1012 557 1083 illi,
617 1016 689 1071 de
743 1016 957 1089 quibus
1022 1020 1303 1076 Dominus
1359 1022 1473 1077 ait:
1508 1024 1636 1077 Ecce
1681 1038 1777 1092 ego

150 1101 347 1157 mittam
386 1102 468 1158 ad
507 1118 598 1159 vos
640 1105 915 1176 sapientes
959 1106 1166 1178 (Matth.
1222 1125 1383 1175 χχιιι,
1439 1110 1568 1180 3-1);
1604 1114 1692 1166 est
1723 1113 1779 1164 et

152 1189 474 1262 imperfecte
504 1192 740 1264 sapiens
793 1194 977 1266 (809);
1025 1197 1179 1252 unde
1236 1196 1553 1253 Salomon:
1604 1199 1779 1269 Argue

145 1280 451 1350 tapimtem,
482 1284 534 1335 et
564 1282 768 1337 amabit
811 1292 863 1339 le
894 1286 1074 1353 (Prov.
1106 1302 1227 1355 vm,
1258 1286 1335 1357 9).
1371 1286 1630 1342 Profecto
1662 1304 1776 1351 non

148 1369 360 1440 indiget
388 1369 797 1442 redargutione
830 1373 994 1444 (810).
1030 1373 1096 1429 Et
1151 1376 1304 1447 quod
1366 1375 1436 1430 de
1466 1375 1771 1447 sapientia,

140 1454 234 1515 hoc
263 1458 331 1513 de
370 1460 659 1531 castitate,
694 1465 751 1517 et
780 1462 1138 1533 fortitudine,
1198 1470 1255 1520 et
1312 1465 1534 1521 caeteris
1586 1467 1778 1537 potest

138 1546 375 1621 intelligi
397 1546 751 1619 virtutibus;
784 1551 924 1623 quia
956 1553 1221 1608 nonnulli
1253 1553 1310 1609 in
1367 1571 1567 1609 earum
1624 1554 1776 1609 inve-

136 1635 374 1692 niuntur
398 1636 575 1707 calce,
609 1639 875 1694 nonnulli
906 1656 1042 1696 vero
1070 1642 1128 1696 in
1161 1646 1452 1713 provectu.

198 1723 512 1798 Sequitur:
545 1725 738 1784 Gratia
763 1728 931 1800 vobis,
964 1738 1014 1785 el
1038 1747 1169 1801 pax,
1216 1731 1655 1786 etc.Sciendum
1688 1736 1777 1788 est

144 1819 319 1870 autem
343 1814 867 1886 quzaprofundiori
886 1816 1213 1885 consilio,et
1226 1817 1516 1874 subtiliori
1540 1819 1773 1891 ingenio

142 1903 191 1958 in
210 1902 312 1958 hac
332 1903 615 1974 Epistola,
640 1920 817 1976 quam
842 1904 900 1960 in
923 1905 1173 1973 aliis,his
1194 1908 1565 1962 sermonibus
1589 1908 1777 1963 utitur

148 1990 468 2063 Apostolus.
501 1991 759 2047 Gratiam
793 1993 1011 2066 quippe
1036 1992 1156 2049 illis
1213 1995 1665 2067 imprecabatur,
1712 2001 1775 2051 ut

147 2080 467 2136 ostenderet
492 2081 629 2151 quia
649 2098 764 2136 non
788 2080 932 2155 legis
975 2084 1270 2155 operibus,
1321 2084 1420 2139 sed
1453 2084 1553 2139 Dei
1587 2084 1776 2156 gratia

139 2168 434 2241 justificari
461 2174 737 2242 possent:
772 2187 907 2225 nam
935 2171 983 2225 si
1017 2171 1161 2244 legis
1184 2172 1459 2244 operibus
1481 2173 1773 2244 justiﬁes-

148 2263 345 2331 rentur,
380 2259 576 2331 gratia
598 2260 724 2331 jam
754 2276 870 2315 non
901 2265 1055 2316 esset
1083 2261 1289 2332 gratia.
1315 2260 1564 2333 Optabat
1593 2266 1649 2317 et
1679 2279 1776 2333 pa-

154 2362 274 2415 cem,
297 2353 364 2404 ut
389 2353 655 2404 moneret
684 2365 784 2405 eos
814 2350 871 2404 in
900 2355 1089 2419 coepta
1117 2350 1385 2407 libertate
1410 2352 1618 2407 debere
1649 2370 1774 2407 ma-

152 2452 280 2503 nere,
312 2437 460 2510 quia
489 2436 588 2492 ubi
623 2454 737 2493 non
758 2442 849 2495 est
869 2455 1002 2511 pax,
1028 2456 1133 2495 nec
1153 2439 1391 2496 libertas
1414 2440 1553 2496 ulla.
1579 2441 1774 2497 Gratia

143 2539 258 2579 vero
287 2529 399 2595 est,
433 2542 551 2598 qua
581 2525 918 2583 relaxantur
947 2532 1199 2599 peccata,
1233 2532 1342 2584 etc.

203 2613 518 2685 Sequitur:
553 2615 661 2683 Qui
687 2615 832 2671 dedit
887 2618 1238 2689 semetipsum
1287 2634 1384 2689 pro
1411 2620 1645 2691 peccatis
1673 2635 1769 2675 no-

137 2703 228 2757 lris
257 2701 514 2758 Multum
547 2705 762 2778 quippe
786 2706 935 2761 valet
956 2705 1027 2760 ad
1051 2706 1178 2777 ejus
1201 2707 1770 2780 intentionem,quod

133 2789 240 2847 ait:
275 2793 385 2861 Qui
412 2793 583 2859 dedit,
614 2798 762 2850 etc.:
798 2811 934 2849 nam
969 2794 1181 2850 idcirco
1212 2795 1321 2851 hoc
1366 2798 1466 2865 ait,
1523 2803 1588 2852 ut
1628 2799 1769 2853 dum

129 2877 206 2934 illi
226 2881 504 2937 audirent
524 2880 820 2937 Christum
846 2898 950 2953 pro
974 2872 1225 2952 peccatis
1249 2884 1772 2951 traditum,intelli-

119 2972 324 3041 gerent
351 2984 421 3024 se
452 2968 725 3040 operibus
743 2968 1215 3041 legisjustificari
1240 2988 1354 3025 non
1378 2989 1548 3043 posse
1573 2990 1586 3035 ;
1612 2974 1773 3045 quia,

114 3058 162 3113 si
190 3056 344 3128 legis
368 3057 1158 3127 operibusjustiﬁcarentur,
1186 3058 1402 3115 Frustra
1426 3078 1487 3115 se
1510 3061 1775 3116 Christus

113 3163 222 3217 pro
252 3146 521 3215 peccatis
543 3144 899 3201 tradidisset.
924 3145 1193 3202 Ofﬁcium
1217 3164 1471 3220 namque
1497 3150 1641 3220 legis
1667 3150 1778 3204 fuit

117 3236 370 3307 peccata
393 3232 906 3304 manifestare,non
920 3237 1118 3289 tamen
1138 3236 1366 3292 abolere
1384 3255 1397 3305 ;
1414 3237 1626 3293 Christi
1642 3255 1776 3294 vero

122 3306 549 3393 miserationis,
575 3322 900 3394 dignitatis,
924 3328 1099 3395 atque
1119 3325 1425 3407 potestatis
1449 3326 1574 3394 fuit,
1597 3328 1780 3382 mani-
1810 3306 1853 3373 (ἶ

125 3411 343 3468 testare
375 3410 613 3482 pariter,
641 3416 699 3467 et
730 3410 959 3467 abolere
979 3417 1235 3484 peccata.
1260 3414 1508 3485 Ideoque
1539 3414 1779 3469 tradidit

129 3516 186 3556 se
215 3498 411 3574 pietas
444 3503 508 3554 ut
541 3515 645 3555 nos
676 3498 749 3553 ab
770 3499 1090 3571 impietate,
1120 3506 1176 3555 et
1192 3502 1423 3572 justitia
1450 3503 1521 3558 ab
1549 3503 1779 3575 injusti-

128 3588 223 3659 tia,
257 3591 319 3644 et
351 3587 598 3657 aequitas
628 3586 701 3642 ab
732 3587 1044 3658 iniquitate
1090 3587 1381 3645 liberaret.
1444 3590 1604 3647 Unde
1644 3610 1778 3648 mox

130 3678 499 3748 subjungens
529 3676 645 3730 ait:
686 3677 750 3734 Ut
777 3678 1010 3748 eriperet
1040 3693 1136 3732 nos
1186 3678 1250 3734 de
1296 3683 1552 3751 praesenti
1579 3685 1776 3738 swculo

132 3781 388 3838 nequam.
406 3764 593 3829 Quaeri
610 3767 802 3819 autem
819 3768 1201 3836 potestquare
1218 3767 1496 3823 saeculum
1522 3786 1775 3840 nequam

134 3854 303 3911 dicat.
340 3852 635 3909 Saeculum
672 3853 909 3924 quidem
942 3869 1151 3908 cursus
1182 3858 1269 3908 est
1300 3855 1778 3926 solis,et1una:,ct

133 3941 471 3998 volubilitas
493 3957 804 3996 annorum.
836 3940 965 3995 Haec
988 3940 1142 3995 enim
1166 3941 1364 3998 omnia
1394 3960 1427 3997 a
1451 3944 1565 3999 Deo
1588 3950 1781 4001 creata

136 4037 290 4102 sunt,
321 4036 382 4088 et
411 4032 567 4097 bona
597 4034 755 4086 sunt.
788 4031 935 4103 Ergo
967 4030 1051 4085 sic
1081 4030 1298 4085 dicitur
1324 4049 1574 4104 nequam
1597 4051 1777 4089 saecu-

137 4122 274 4191 lum,
310 4120 471 4178 sicut
499 4119 656 4175 mala
709 4118 977 4185 bonitas;
1013 4122 1069 4172 et
1098 4119 1324 4188 civitas,
1375 4126 1432 4175 et
1456 4121 1777 4178 infamatus

135 4210 336 4279 saltus,
361 4227 433 4267 eo
466 4210 619 4282 quod
644 4209 887 4281 sanguis
918 4208 996 4263 ibi
1027 4208 1378 4277 effundatur,
1404 4216 1459 4265 et
1481 4210 1632 4267 sicut
1654 4211 1779 4267 dies

137 4300 295 4369 mali;
317 4299 482 4356 unde
500 4297 813 4369 Apostolus
837 4314 849 4350 :
877 4296 1207 4353 Redimenles
1246 4302 1458 4369 tempus
1507 4301 1701 4371 (Ep/les
1721 4320 1776 4368 v,

137 4392 237 4458 16),
269 4395 381 4446 etc.
410 4405 426 4457 ;
464 4391 523 4443 et
552 4386 731 4442 Jacob
761 4385 1046 4441 Pharaoni
1076 4402 1089 4439 :
1114 4387 1237 4442 Dies
1258 4388 1391 4444 vitae
1409 4404 1547 4445 mea:
1566 4392 1781 4445 centum

135 4480 324 4551 viginti
354 4476 513 4550 (811)
542 4491 821 4531 annorum
847 4483 975 4529 sunt
1026 4477 1191 4542 parvi
1217 4480 1269 4530 et
1297 4476 1454 4542 mali,
1495 4484 1603 4532 etc.
1633 4504 1647 4546 ς
1679 4479 1780 4533 ubi

201 4585 609 4662 (808)_Autog.‘
630 4582 971 4662 congregati.
1004 4580 1251 4662 Videtur
1284 4583 1424 4637 mihi
1460 4584 1780 4641 desiderari

138 4651 223 4712 hic
252 4651 503 4712 verbum
534 4651 633 4717 est,
651 4653 738 4708 vel
771 4651 929 4707 aliud
962 4653 1359 4725 mquipollens.

205 4728 350 4800 (809)
386 4729 455 4800 ln
490 4730 689 4796 autog.
723 4728 803 4800 est
854 4726 1004 4800 enim
1055 4728 1291 4800 perfecte
1342 4728 1587 4794 sapiens,
1628 4728 1783 4798 quod

144 4795 572 4856 emendandum
605 4795 806 4869 censui
835 4799 1009 4869 :itum
1040 4812 1109 4850 ex
1138 4795 1232 4851 his
1255 4814 1387 4869 quas
1430 4795 1780 4869 sequuntur,

146 4871 237 4927 ubi
257 4872 331 4928 de
351 4867 767 4943 redargutione
787 4868 1124 4943 agitur,qua
1143 4866 1376 4943 sapiens
1399 4866 1781 4943 non—indiget,

149 4943 192 4999 si
224 4944 476 5015 perfecte
506 4938 740 5015 sapiens
762 4938 993 5015 simum
1020 4955 1088 5015 ex
1111 4938 1283 5015 citato
1305 4946 1461 5015 textu
1481 4941 1628 4997 hanc
1650 4938 1782 5015 par-

148 5010 256 5087 tem
285 5010 1151 5087 distinotionispomprobante.
1189 5010 1785 5087 DivusHierpnyinus

150 5086 315 5157 enim,
343 5081 1245 5157 quiinigtioCommentariorum
1280 5082 1457 5157 hujus
1516 5081 1784 5156 Epistolas

150 5152 515 5196 hann'nimﬂit
545 5153 1001 5196 diatinntinnnm,
1037 5152 1113 5196 ita
1154 5153 1324 5196 hnhpt
1351 5152 1372 5183 ἶ
1423 5156 1488 5196 Λα
1536 5152 1786 5196 στόννοινιτό

1814 4673 1862 4737 D

1891 675 1981 725 rat
2009 674 2266 724 vexatus.

1959 757 2269 830 Apostolus
2325 774 2479 823 vero,
2539 763 2603 813 ut
2660 756 3030 815 traditionem
3087 754 3217 813 Filii
3246 762 3435 815 ratam
3467 762 3527 816 et

1888 846 2126 918 dignam
2163 847 2512 914 ostenderet,
2546 852 2603 902 et
2633 848 2899 903 eamdem
2958 847 3349 915 confirmaret,
3399 846 3530 905 ideo

1888 936 2211 991 secundum
2246 934 2434 991 Patris
2463 934 2822 991 voluntatem
2848 936 3057 991 factam
3080 951 3210 991 esse
3230 934 3412 992 dixit:
3435 934 3529 992 Se-

1885 1026 2131 1080 cundum
2153 1027 2504 1090 voluntatem,
2553 1024 2763 1096 inquit,
2797 1025 2940 1087 Dei;
2963 1024 3064 1081 ubi
3109 1024 3364 1081 ostendit
3392 1022 3531 1096 quia

1888 1132 1994 1169 nec
2021 1113 2205 1169 Filius
2227 1112 2351 1169 sine
2375 1113 2671 1170 voluntate
2693 1114 2905 1178 Patris,
2927 1129 3033 1169 nec
3051 1113 3223 1169 Pater
3241 1129 3375 1169 eum
3405 1115 3526 1169 tra-

1887 1203 2036 1257 didit
2068 1202 2435 1274 sineipsius;
2468 1200 2746 1273 quoniam
2778 1200 2928 1257 sicut
2958 1218 3076 1257 una
3096 1205 3184 1257 est
3205 1216 3407 1257 eorum
3431 1217 3533 1257 na-

1887 1295 2037 1358 tura,
2065 1291 2148 1346 sic
2172 1296 2229 1345 et
2251 1307 2369 1345 una
2398 1289 2665 1346 voluntas
2684 1294 2740 1345 et
2755 1289 3034 1361 operatio.
3059 1289 3329 1346 Ostendit
3350 1288 3527 1345 etiam

1887 1380 2024 1451 quia
2053 1379 2205 1433 idem
2238 1379 2427 1433 Patris
2456 1377 2816 1434 voluntatem
2834 1377 2892 1433 in
2916 1377 3190 1434 omnibus
3222 1375 3523 1449 implevit:

1884 1468 2039 1541 quod
2072 1467 2196 1540 ipse
2218 1467 2479 1540 apertius
2512 1466 2845 1523 manifestat
2873 1483 3006 1522 cum
3038 1467 3215 1523 dicit:
3244 1465 3360 1523 Non
3403 1467 3531 1524 veni

1882 1562 2064 1630 facere
2093 1556 2427 1612 voluntatem
2452 1570 2637 1611 meam
2668 1556 2851 1627 (Joan.
2903 1572 2978 1627 Vl,
3010 1555 3125 1626 38),
3150 1558 3256 1611 etc.
3291 1555 3438 1611 Nam
3469 1559 3532 1613 et

1886 1647 1993 1703 hoc
2027 1662 2142 1701 non
2171 1642 2361 1700 solum
2396 1642 2598 1715 Filius,
2630 1644 2731 1699 sed
2760 1643 3075 1714 Apostolus
3103 1643 3257 1716 egit:
3291 1651 3353 1699 ut
3392 1660 3526 1713 non,

1884 1737 2010 1808 ipse
2032 1735 2129 1800 ait,
2160 1750 2219 1789 se
2248 1732 2561 1789 hominibus
2588 1733 2809 1803 placere
2839 1732 2976 1802 (Gal.
3010 1747 3049 1800 ι,
3075 1732 3186 1804 10),
3232 1736 3341 1788 etc.
3374 1732 3528 1797 Qua-

1884 1828 2119 1897 propter
2149 1838 2319 1877 nemo
2351 1837 2520 1876 suam
2550 1820 2931 1886 voluntatem,
2963 1820 3064 1875 sed
3084 1819 3244 1876 illius
3260 1820 3526 1893 implere,

1883 1917 1940 1969 et
1964 1929 2134 1967 nemo
2158 1927 2349 1979 suam,
2382 1910 2483 1966 sed
2515 1908 2674 1964 illius
2704 1907 2950 1982 gloriam
2982 1925 3238 1982 querere
3266 1909 3522 1965 studeat.

1954 2000 2267 2071 Sequitur:
2303 1998 2407 2054 Cui
2432 2005 2512 2053 est
2538 1999 2735 2068 gloria;
2767 2001 2873 2053 etc.
2934 1997 3184 2053 Inﬁnitis
3226 1996 3525 2053 beneficiis

1884 2088 2124 2143 infinitae
2157 2088 2357 2142 laudes
2388 2086 2696 2142 debentur.
2730 2086 3033 2141 Infinitum
3064 2085 3283 2159 quippe
3312 2085 3527 2142 benefi-

1884 2179 2040 2234 cium
2074 2178 2201 2244 fuit,
2234 2177 2391 2248 quod
2420 2177 2586 2232 Pater
2614 2192 2730 2231 non
2753 2174 3051 2248 angelum,
3075 2190 3193 2230 non
3213 2173 3529 2247 archange-

1884 2267 2029 2337 lum,
2061 2267 2162 2322 sed
2196 2263 2497 2337 proprium
2532 2263 2742 2319 Filium
2772 2278 2875 2334 pro
2900 2262 3163 2341 peccatis
3217 2261 3527 2318 hominum

1883 2356 2163 2422 tradidit;
2197 2359 2253 2411 et
2273 2352 2682 2410 ideoinﬁnitas
2708 2351 2915 2407 laudes
2940 2351 3189 2406 reddens
3219 2350 3400 2405 dicit:
3427 2349 3530 2406 Cui

1882 2454 1959 2502 est
1985 2445 2162 2516 gloria
2197 2444 2258 2498 in
2284 2443 2489 2497 macula
2519 2441 2867 2498 saeculorum.
2927 2437 3149 2495 Saecula
3176 2437 3531 2494 smoulorum

1883 2533 2178 2598 dicuntur,
2212 2531 2367 2587 sicut
2394 2529 2628 2586 Cantica
2655 2527 3040 2595 canticorum,
3072 2530 3130 2583 et
3160 2527 3279 2583 Rex
3298 2542 3525 2600 regum.

1881 2624 2029 2679 Sunt
2053 2637 2309 2693 namque
2321 2618 2691 2689 saacula,quze
2709 2615 3026 2672 multorum
3044 2614 3392 2672 steculorum
3408 2613 3528 2671 col-

1879 2712 2125 2768 lectione
2156 2711 2433 2765 dicuntur
2462 2708 2672 2764 saecula
2701 2705 3067 2764 saeculorum.
3100 2706 3171 2761 Et
3196 2705 3374 2777 [quod
3404 2704 3522 2761 ait:

1880 2803 1940 2856 In
1961 2802 2160 2855 saecula
2210 2799 2561 2864 saeculorum,
2594 2813 2697 2868 pro
2727 2796 2958 2851 infinito
3015 2794 3233 2867 posuit.
3282 2793 3527 2850 Ponitur

1880 2890 2055 2945 etiam
2087 2904 2189 2959 pro
2220 2886 2403 2955 ﬁnito,
2438 2890 2502 2941 ut
2544 2886 2724 2941 illud:
2775 2886 2893 2940 Erit
2921 2884 3028 2940 tibi
3049 2897 3239 2938 seruus
3266 2882 3330 2936 in
3353 2896 3505 2941 δέεαι

1882 2979 1998 3031 lum
2027 2976 2237 3047 (Exod.
2269 2992 2384 3040 xxx,
2429 2976 2525 3043 6):
2577 2973 2636 3028 in
2683 2973 3040 3045 quibusdam
3091 2969 3524 3043 exemplaribus

1883 3063 2199 3127 invenitur,
2230 3064 2290 3116 in
2310 3064 2723 3133 sempiternum,
2759 3060 2858 3116 ubi
2889 3059 3187 3128 sacculum,
3211 3058 3520 3129 jubilaaum

1884 3167 2106 3208 annum
2140 3149 2430 3222 appellat:
2460 3164 2617 3215 nam,
2651 3148 2805 3202 sicut
2836 3149 2984 3218 (812)
3008 3146 3143 3202 ﬁnis
3175 3146 3373 3203 seculi
3416 3151 3533 3202 ter-

1889 3240 2087 3296 minus
2099 3239 2530 3293 eritcausarum
2544 3238 2599 3291 et
2609 3250 2803 3289 rerum
2817 3233 3083 3289 omnium
3097 3232 3533 3305 temporalium,

1890 3331 1974 3386 sic
2006 3334 2064 3383 et
2076 3325 2356 3399 jubilzeus
2377 3325 2561 3380 totius
2583 3327 2707 3380 erat
2735 3322 2871 3378 ﬁnis
2900 3320 3235 3394 emptionis,
3256 3320 3538 3378 venditio-

1888 3419 1980 3473 nis
2012 3421 2068 3474 et
2096 3413 2598 3472 commutationis.
2630 3412 2777 3467 Hinc
2807 3416 2865 3467 et
2895 3409 3245 3467 Psalmista:
3280 3409 3344 3465 In
3366 3426 3533 3466 saecu-

1889 3508 2005 3561 lum
2033 3504 2416 3560 misericordia
2446 3504 2564 3574 ejus
2607 3500 2776 3572 (Psal.
2831 3517 2919 3567 cv,
2970 3501 3036 3568 1;
3088 3515 3196 3567 ενι,
3253 3501 3333 3567 2).
3360 3499 3532 3554 Amen

1888 3612 2018 3650 vero
2048 3593 2325 3648 Hebraeus
2348 3607 2539 3646 sermo
2557 3592 2680 3656 est;
2714 3589 3357 3661 interpretaturautem,
3380 3603 3526 3656 vere,

1886 3684 2141 3753 ﬁdeliter,
2166 3682 2286 3737 sive
2314 3682 2431 3752 ﬁat.
2492 3680 2608 3735 Hoc
2658 3678 2814 3735 enim
2846 3692 3117 3734 sermone
3163 3676 3532 3733 confirmavit

1886 3771 2205 3844 Apostolus
2236 3787 2402 3824 suam
2426 3768 2848 3840 praefationem,
2872 3783 2986 3839 quo
3008 3768 3063 3822 et
3083 3765 3373 3821 Dominus
3397 3764 3531 3820 illas

1888 3857 2253 3915 conﬁrmavit
2270 3856 2607 3923 sententias,
2637 3872 2785 3928 quas
2806 3855 3024 3911 arctius
3046 3852 3535 3912 voluitinculoare

1888 3948 1946 4001 in
1979 3962 2221 4002 suorum
2256 3944 2531 3999 cordibus
2563 3944 2920 3998 auditorum.

1962 4034 2109 4105 (813)
2132 4034 2302 4088 Miror
2324 4032 2462 4103 quod
2493 4041 2606 4086 tam
2638 4031 2765 4101 cito,
2814 4036 2923 4086 etc.
2958 4029 3147 4086 Finita
3174 4029 3530 4102 praefatione,

1888 4122 2225 4195 aggreditur
2244 4124 2464 4175 textum
2492 4118 2759 4190 Epistolis
2786 4143 2800 4186 ;
2824 4117 2925 4190 qui
2946 4121 3140 4173 textus
3170 4118 3242 4172 ab
3262 4117 3531 4189 increpa-

1887 4212 2043 4267 tione
2074 4210 2329 4276 inchoat,
2362 4207 2639 4263 dicendo:
2674 4207 2863 4273 Miror,
2912 4210 3021 4261 etc.
3080 4204 3413 4260 Notandum
3444 4208 3536 4261 est

1891 4300 2029 4373 quia
2058 4299 2298 4354 verbum
2332 4296 2731 4352 translationis
2764 4294 2822 4350 in
2855 4296 3006 4351 bono
3036 4291 3174 4349 etin
3196 4291 3349 4349 malo
3366 4292 3534 4365 poni-

1889 4395 1986 4444 tur
2041 4388 2102 4442 in
2158 4388 2309 4442 bono
2363 4386 2533 4458 (814),
2595 4390 2660 4440 ut
2714 4383 2908 4440 Enoch
2964 4381 3284 4438 translatus
3343 4398 3378 4437 a
3419 4381 3536 4439 Deo

1891 4479 2081 4549 (Eccli.
2105 4493 2255 4541 xmv,
2282 4476 2368 4546 16)
2388 4493 2401 4541 ;
2423 4475 2481 4529 in
2500 4473 2675 4544 malo,
2694 4477 2761 4528 ut
2781 4472 2979 4529 Achab
3008 4489 3042 4527 a
3068 4469 3335 4528 Jezabele
3363 4470 3536 4542 (815).

1891 4583 2072 4639 Levii.
2108 4599 2235 4646 xxv,
2259 4582 2324 4635 1O
2355 4585 2410 4635 et
2442 4582 2527 4635 11.
2579 4579 2690 4635 Sed
2723 4596 2900 4651 super
2927 4578 3037 4651 hoc
3065 4575 3305 4651 consule
3334 4576 3534 4632 Hiero-

1896 4655 2054 4732 nymi
2087 4652 2370 4732 vindicias
2417 4670 2451 4732 a
2506 4648 2896 4732 quaestionum
2935 4648 3543 4732 .Hierpnymianarlugi

1896 4718 2021 4792 lib.,
2055 4742 2087 4780 a
2116 4723 2395 4779 Vallartio
2428 4724 2487 4778 in
2522 4718 2658 4777 nota
2686 4724 2907 4793 positas
2933 4718 3213 4787 inferiori,
3246 4735 3379 4791 pag.
3429 4718 3539 4773 378

1890 4797 2033 4853 tomi
2063 4795 2162 4850 VII
2197 4793 2385 4850 sancti
2416 4794 2746 4864 Hieronymi
2779 4807 3043 4864 operum.

1963 4869 2111 4939 (813)
2144 4868 2206 4939 lu
2238 4872 2432 4937 autog.
2466 4860 2654 4939 marg:
2688 4860 3028 4939 hiclegitur
3055 4879 3161 4939 cap
3192 4860 3262 4939 ll,

1967 4930 2119 5012 (814)
2143 4938 2334 5012 Verba
2368 4930 2441 5012 in
2460 4930 2630 5004 bono,‘
2645 4950 2772 5005 quia
2794 4934 2854 4990 in
2872 4930 3076 5005 autog.
3110 4930 3543 5000 desiderantur,

1895 5008 2166 5068 addenda
2186 5008 2467 5080 judicavi.

1967 5084 2116 5149 (815)
2150 5072 2208 5135 [ri
2240 5087 2438 5194 autog.
2473 5076 2653 5148 Acaph
2681 5095 2716 5133 a
2744 5074 3023 5159 Zezabele,
3056 5072 3232 5154 quod,
3261 5074 3546 5151 tanquam

1967 5154 2173 5194 οητὶιιπι
2205 5170 2371 5194 Athan
2423 5151 2639 5194 nnrlnm
2665 5165 2866 5194 annum
2888 5172 2902 5194 ε
2924 5160 3058 5194 cum
3081 5142 3290 5194 nulhbl
3308 5156 3366 5192 In
3380 5153 3546 5192 sacro

1898 5142 2173 5196 monrlsim
2205 5142 2639 5194 mnandnndn-m
2665 5148 2866 5194 ηρηειιιί
2888 5172 2902 5194 ε
2924 5160 3058 5194 cum
3074 5142 3290 5194 hullibi
3308 5142 3366 5192 in
3380 5153 3546 5192 sacro
