3990 5306
176 256 297 322 801

774 260 1191 326 EXPOSITIO
1233 260 1312 323 IN
1359 257 1791 324 EPISTULAS
1835 258 2093 325 PAULI.
2137 294 2214 306 —
2259 260 2341 324 IN
2384 260 2633 326 EPIST.
2680 260 2785 324 AD
2829 257 3006 323 GALS

3472 250 3592 319 502

253 393 402 467 (826)
433 392 581 451 Modo
609 396 761 451 enim
793 396 1127 463 hominibus,
1157 400 1267 451 etc.
1302 396 1636 451 Notandum
1676 395 1832 450 enim
1864 396 1911 462 Α
1948 396 2193 451 Multum
2212 396 2445 467 quidem
2460 394 2873 469 potuitGalatis
2888 394 3010 450 haec
3025 387 3590 464 prodessenarratio'

177 484 323 556 quia
351 489 465 539 Deo
497 483 697 540 nullus
735 486 980 540 suadere
1011 489 1219 556 potest,
1255 485 1531 556 quoniam
1564 484 1827 540 omnium

176 573 411 630 occulta
430 574 694 628 cordium
714 573 797 628 illi
812 578 953 629 sunt
975 573 1313 638 manifesta;
1336 574 1676 629 hominibus
1697 590 1828 630 vero

176 663 431 718 suadere
465 666 677 734 potest.
714 662 814 718 Hic
839 668 1034 719 tamen
1066 668 1219 719 recte
1236 663 1577 721 hominibus
1600 664 1826 733 suadet,

176 752 320 823 quia
351 750 500 822 (827)
534 751 617 806 ita
643 750 980 807 hominibus
1012 751 1222 824 placet,
1256 758 1319 807 ut
1351 769 1449 809 eos
1470 753 1539 807 ad
1583 752 1682 807 Dei
1708 769 1833 823 per-

175 840 376 895 trahat
402 839 747 896 servitutem
779 859 792 903 ;
825 840 923 897 ille
948 857 1080 897 vero
1110 858 1225 897 non
1257 846 1410 898 recte
1443 842 1670 907 suadet,
1730 841 1829 912 qui

95 958 99 961 -
177 928 263 983 ita
292 928 640 985 hominibus
670 928 878 1001 placet,
914 934 978 984 ut
1028 930 1204 985 finem
1254 929 1521 1002 placendi
1572 931 1629 984 in
1685 931 1830 1001 ipsis

180 1017 521 1073 constituat.
556 1017 811 1089 Denique
843 1034 957 1074 non
991 1024 1269 1091 putemus
1292 1019 1638 1091 Apostolum
1661 1019 1719 1074 in
1738 1018 1829 1074 his

178 1107 385 1162 docere
415 1106 676 1163 humana
698 1108 924 1178 judicia
953 1125 1081 1164 esse
1112 1109 1568 1164 contemnenda:
1596 1109 1750 1179 quod
1779 1107 1827 1163 si

174 1199 398 1266 ageret,
429 1195 543 1251 sibi
576 1196 903 1252 contrarius
935 1201 1108 1264 esset,
1171 1197 1451 1268 quoniam
1508 1197 1645 1252 alibi
1706 1198 1825 1251 ait:

172 1283 416 1340 Seientes
464 1294 647 1341 autem
705 1288 960 1341 timorem
1012 1287 1113 1341 Dei
1162 1286 1497 1341 hominibus
1531 1286 1828 1341 suademus

170 1374 245 1444 (II
283 1372 408 1429 Cor.
440 1389 496 1436 v,
530 1375 653 1445 11);
687 1379 745 1429 et
774 1374 987 1429 iterum
1014 1390 1027 1429 :
1061 1376 1192 1431 Sine
1218 1376 1518 1447 offensione
1546 1378 1709 1430 estote
1736 1376 1828 1430 Ju-

169 1460 308 1520 desis
338 1466 391 1518 et
418 1462 674 1534 gentibus
704 1464 753 1534 (l
781 1464 900 1519 Cor.
948 1481 1003 1531 x,
1053 1464 1166 1533 32),
1222 1469 1329 1519 etc.
1382 1465 1577 1519 Monet
1624 1469 1689 1519 ut
1742 1463 1827 1519 sic

169 1551 431 1624 quisque
460 1551 804 1608 hominibus
834 1552 1079 1624 placeat,
1117 1557 1182 1608 ut
1208 1553 1324 1608 Deo
1357 1569 1469 1607 non
1496 1552 1822 1624 displiceat,

168 1639 436 1712 alioquin
468 1639 576 1697 soli
596 1640 713 1696 Deo
735 1640 964 1713 placere
984 1642 1261 1697 studeant
1281 1666 1294 1709 ;
1314 1641 1450 1712 quia
1468 1641 1639 1712 longe
1662 1640 1821 1697 aliud

167 1733 258 1827 est
289 1729 633 1827 hominibus
678 1734 734 1785 et
789 1734 929 1827 Deo,
970 1735 1028 1786 et
1075 1730 1254 1827 aliud,
1300 1730 1442 1785 solis
1482 1730 1822 1827 hominibus
1853 1762 1900 1827 Β

168 1818 428 1891 placere.
462 1818 625 1874 Modo
654 1835 787 1874 vero
819 1818 976 1885 dicit,
1012 1819 1151 1891 quia
1172 1820 1468 1891 quondam
1506 1818 1823 1891 placuerat.

176 1907 349 1963 Unde
378 1907 688 1979 subjungit
720 1925 732 1962 :
760 1907 822 1962 Si
848 1908 1156 1963 hominibus
1179 1910 1476 1979 placerem,
1500 1908 1556 1961 id
1582 1912 1689 1973 est,
1721 1908 1823 1963 Ju-

177 1997 342 2064 daeis,
376 1997 583 2052 Christi
609 2012 796 2051 servus
824 2012 936 2051 non
961 2013 1168 2064 essem,-
1198 1997 1337 2068 quia
1358 1996 1457 2067 qui
1481 1996 1598 2051 illis
1615 1996 1824 2068 placet,

177 2086 407 2141 Christo
430 2084 719 2157 displicet.
749 2089 880 2141 Haec
901 2090 990 2141 est
1010 2086 1279 2141 intentio.
1300 2088 1570 2141 Attamen
1584 2102 1825 2157 genera-

184 2175 312 2231 liter
338 2178 536 2246 potest
567 2174 767 2229 referri
800 2175 871 2229 ad
901 2192 1126 2243 omnes,
1160 2175 1439 2246 quoniam
1473 2175 1575 2245 qui
1606 2191 1709 2245 pro
1727 2173 1827 2228 ali-

184 2281 296 2336 qua
324 2280 387 2319 re
417 2263 639 2335 injusta
668 2263 1007 2319 hominibus
1038 2263 1245 2335 placet,
1279 2264 1394 2319 Deo
1427 2262 1715 2335 displicet.

243 2354 398 2425 (828)
430 2352 725 2424 Sequitur.
758 2353 956 2409 Notum
978 2355 1127 2409 vobis
1153 2356 1318 2425 facio,
1346 2356 1577 2423 fratres,
1638 2353 1825 2408 Evan-

169 2444 407 2512 gelium,
432 2445 542 2497 etc.
564 2442 939 2513 Jamjamque
955 2442 1213 2497 ostendit
1232 2457 1411 2513 quare
1434 2458 1496 2497 se
1513 2440 1827 2513 Apostolus

167 2531 397 2587 factum
431 2546 546 2585 non
580 2531 652 2585 ab
684 2530 1046 2597 hominibus,
1080 2545 1270 2601 neque
1292 2547 1395 2601 per
1416 2529 1714 2584 hominem
1739 2530 1827 2584 di-

164 2621 345 2689 xerit,
378 2620 480 2676 sed
514 2634 618 2691 per
644 2620 850 2675 Jesum
882 2618 1206 2686 Christum,
1269 2635 1401 2674 cum
1451 2619 1569 2673 ait:
1628 2620 1831 2674 Notum

166 2710 328 2767 vobis
380 2710 548 2779 facio,
579 2712 735 2775 etc.;
770 2724 837 2762 ac
869 2707 919 2763 si
952 2706 1203 2762 diceret:
1264 2707 1322 2760 Si
1384 2707 1668 2779 ignoratis
1714 2724 1829 2777 quo

168 2795 330 2867 (829)
362 2794 670 2849 didicerim
704 2792 1106 2864 Evangelium,
1139 2808 1245 2864 ego
1273 2794 1438 2848 vobis
1470 2799 1673 2848 notum
1704 2810 1832 2849 esse

164 2884 331 2949 volo,
365 2884 496 2953 quia
522 2897 633 2937 non
662 2888 740 2937 est
764 2882 1069 2936 secundum
1099 2882 1395 2948 hominem,
1438 2886 1549 2935 etc.
1611 2882 1831 2946 Quibus

164 2971 378 3027 verbis
406 2986 523 3024 non
546 2972 721 3040 negat
738 2968 1053 3040 Apostolus
1075 2968 1370 3024 Christum
1396 2968 1831 3038 hominem,sed

168 3060 361 3130 negat
391 3073 526 3113 eum
559 3074 774 3129 purum
806 3056 1104 3112 hominem
1140 3075 1153 3112 :
1185 3058 1325 3129 quia
1346 3057 1479 3130 plus
1501 3062 1622 3112 erat
1656 3074 1832 3129 quam

1944 484 2314 557 multumque
2345 486 2403 539 in
2430 502 2497 540 ea
2526 486 2637 557 ipsi
2671 487 2982 557 potuerunt
3008 482 3304 554 proﬁcere,
3329 484 3469 538 dum
3491 499 3589 538 au-

1940 575 2175 630 dierunt
2196 575 2333 646 quia
2356 574 2454 646 qui
2469 576 2761 646 quondam
2785 574 2974 629 fuerat
2988 572 3133 644 legis
3146 570 3397 628 carnalis
3412 590 3586 628 temu-

1938 664 2105 731 lator,
2140 670 2195 720 et
2221 682 2335 720 non
2367 665 2632 735 quilibet,
2657 665 2757 719 sed
2784 680 2970 718 saavus
2992 663 3142 733 (832)
3168 660 3427 716 fidelium
3452 678 3587 731 per-

1940 760 2190 820 secutor,
2206 756 2332 826 jam
2355 770 2669 809 conversus
2687 751 3277 824 Evangeliiexistebat
3316 750 3591 819 praadica-

1938 848 2115 911 cator,
2147 844 2206 897 in
2227 861 2341 914 quo
2368 848 2426 898 et
2450 842 2531 897 illi
2562 842 2751 914 magis
2773 840 3051 897 admirari
3076 844 3360 912 poterant.
3387 840 3448 895 In
3473 839 3579 895 hac

1938 948 2073 987 vero
2105 932 2433 987 narratione
2464 933 2696 1003 pondus
2722 932 3052 995 verborum,
3087 935 3144 985 et
3165 929 3421 1002 gravitas
3443 946 3581 985 con-

1940 1020 2253 1076 sideranda
2283 1026 2389 1076 est.
2423 1021 2683 1085 Audistis,
2708 1020 2898 1090 inquit
2927 1019 3098 1090 (833),
3119 1021 3582 1075 conversationem

1936 1125 2133 1173 meam,
2165 1126 2281 1163 non
2313 1110 2581 1180 gratiam,
2615 1108 2941 1179 aliquando,
2992 1123 3106 1161 non
3158 1124 3337 1173 nunc,
3386 1109 3444 1161 in
3491 1109 3585 1163 Ju-

1936 1198 2167 1264 daismo,
2192 1214 2306 1253 non
2336 1198 2393 1251 in
2427 1197 2551 1269 lege
2579 1197 2707 1265 Dei;
2730 1198 2990 1269 quoniam
3005 1213 3171 1267 supra
3192 1196 3433 1264 modum,
3465 1212 3582 1251 non

1938 1292 2257 1357 utcunque,
2289 1287 2587 1341 Ecclesium
2628 1286 2729 1341 Dei
2759 1285 2922 1353 dicit,
2956 1289 3021 1340 ut
3060 1302 3177 1341 non
3235 1285 3583 1341 credebatur

1936 1376 2107 1446 (834),
2142 1391 2256 1429 non
2288 1374 2525 1441 Christi,
2560 1379 2626 1429 ut
2648 1375 2768 1444 jam
2802 1374 3139 1446 putabatur,
3160 1373 3297 1446 quia
3317 1373 3418 1445 qui
3441 1378 3583 1430 tunc

1936 1462 2550 1535 despiciebatur,nunc
2570 1468 2720 1519 Deus
2738 1462 3579 1535 creditur(835),expugnabam,

1934 1552 2044 1608 hoc
2075 1558 2183 1619 est,
2228 1557 2292 1607 ut
2316 1570 2503 1608 saevus
2533 1557 2832 1625 grassator
2862 1552 3257 1607 devastaham.

2004 1645 2068 1697 Et
2093 1644 2453 1713 proﬁciebam
2478 1643 2537 1696 in
2566 1641 2866 1697 Judaismo.
2901 1641 3048 1697 Nota
3076 1641 3214 1712 quia
3252 1641 3579 1712 profectum

1935 1748 2051 1787 non
2076 1731 2188 1803 legi
2210 1731 2414 1786 divinae
2435 1730 2691 1790 ascribit.
2715 1730 2813 1785 sed
2836 1730 3164 1785 Judaismo.
3184 1729 3362 1801 Supra
3379 1730 3582 1785 multos

1935 1821 2098 1891 dixit,
2132 1837 2246 1875 non
2278 1836 2504 1887 omnes,
2536 1825 2586 1876 et
2611 1828 2929 1886 castaneas,
2964 1835 3078 1874 non
3110 1836 3299 1885 senes,
3324 1824 3388 1874 ut
3412 1823 3467 1875 et
3487 1835 3581 1875 ze-

1933 1910 2079 1974 lum,
2113 1926 2285 1980 quem
2318 1910 2569 1964 habebat
2602 1908 2659 1962 in
2695 1909 2840 1980 lege,
2874 1912 3244 1975 monstraret,
3280 1910 3580 1978 etjactan-

1936 1999 2077 2053 tiam
2109 1998 2443 2055 declinaret.
2480 1998 2755 2068 Sequitur
2786 2014 2798 2052 :
2856 1997 3238 2052 Abundantius
3290 1998 3580 2052 aemulator

1934 2090 2219 2153 exsistens,
2251 2092 2360 2143 etc.
2396 2088 2456 2141 In
2488 2086 2597 2141 hoc
2643 2086 2799 2141 enim
2829 2087 3015 2157 major
3044 2103 3172 2141 esse
3202 2090 3427 2157 poterat
3476 2087 3577 2141 ad-

1937 2178 2169 2232 miratio
2193 2195 2205 2243 ;
2241 2177 2381 2247 quia
2410 2176 2509 2246 qui
2534 2176 2934 2231 abundantius
2948 2174 3199 2230 carnalis
3221 2174 3387 2247 legis,
3412 2184 3574 2248 etpa-

1934 2270 2217 2321 temarum
2235 2266 2607 2320 tradilionum
2623 2263 2945 2334 aemulator,
2965 2268 3023 2319 et
3043 2281 3228 2320 saevus
3246 2270 3583 2335 persecutor

1938 2356 2145 2421 fuerat,
2178 2369 2495 2409 conversus
2526 2353 2713 2408 factus
2745 2359 2834 2407 est
2882 2351 3176 2423 Evangelii
3215 2352 3581 2423 pradicator.

1938 2450 2046 2501 Per
2075 2444 2231 2515 quod
2262 2441 2443 2499 voluit
2473 2442 2779 2498 ostendere
2801 2439 3021 2496 Galatis
3041 2457 3215 2495 suum
3237 2457 3437 2496 verum
3455 2457 3585 2498 esse

1940 2531 2335 2604 Evangelium,
2369 2534 2659 2602 quatenus
2692 2528 3082 2601 intelligerent
3110 2530 3263 2599 quod
3296 2530 3370 2584 de
3423 2533 3585 2586 tanto

1937 2622 2262 2689 Judaismo,
2296 2625 2353 2675 et
2384 2619 2528 2691 legis
2550 2618 2689 2688 zelo,
2709 2635 2823 2674 non
2847 2618 2971 2673 suis
2994 2618 3243 2689 meritis,
3268 2617 3381 2673 nisi
3402 2619 3591 2690 gratia

1941 2712 2137 2766 divina
2166 2708 2379 2765 mutari
2413 2708 2720 2779 potuisset.

2012 2798 2293 2869 Sequitur
2326 2816 2337 2852 :
2374 2798 2508 2852 Cum
2537 2804 2715 2851 autem
2743 2796 2954 2865 placuit
3006 2797 3059 2851 ei
3087 2797 3182 2867 qui
3208 2811 3294 2851 me
3340 2812 3589 2868 segrega-

1940 2889 2039 2956 vit,
2073 2892 2181 2942 etc.
2199 2887 2550 2957 Segregatus
2566 2884 2783 2955 legitur
2795 2900 2910 2939 non
2934 2883 3125 2939 solum
3148 2884 3263 2951 hic,
3291 2885 3391 2940 sed
3411 2884 3586 2941 etiam

1947 2976 2005 3030 in
2040 2973 2297 3046 Epistola
2327 2974 2397 3028 ad
2432 2973 2726 3027 Romanos
2758 2972 2931 3041 (Rom.
2966 2990 3004 3039 1,
3053 2974 3125 3043 1).
3187 2973 3255 3027 Et
3299 2973 3586 3030 Jeremias

1944 3065 2180 3136 agnitus
2207 3068 2297 3118 est
2326 3062 2385 3116 in
2439 3065 2601 3116 utero
2633 3060 2760 3130 (Jer.
2824 3077 2861 3127 1,
2914 3061 2990 3127 5).
3024 3061 3095 3114 Et
3124 3060 3195 3115 de
3226 3061 3490 3132 Domino,
3523 3067 3589 3119 ut

174 3124 390 3213 hoino,
424 3145 534 3200 hoc
554 3124 643 3201 est
663 3145 818 3200 Deus
839 3150 895 3201 et
915 3145 1111 3201 homo.
1138 3124 1386 3202 Intentio
1413 3124 1833 3219 namque'Apo-
1863 3124 1906 3191 (ἶ
1945 3124 2184 3225 ςῖιίᾶειω
2217 3152 2441 3219 dicunt,
2474 3124 2762 3219 scriptum
2794 3124 2881 3202 est
2912 3124 3021 3203 :De
3040 3149 3433 3204 ventrematris
3449 3124 3587 3207 mea:

171 3232 318 3289 stoli
351 3233 472 3288 haec
503 3238 592 3289 est
624 3250 637 3288 :
667 3234 971 3289 ostendere
999 3234 1272 3291 videlicet
1300 3234 1519 3290 Galatia
1541 3237 1693 3306 quod
1716 3253 1832 3291 non

170 3324 249 3379 ab
270 3320 553 3393 apostolis
570 3321 839 3377 didicerit
858 3323 1263 3393 Evangelium,
1289 3324 1389 3379 sed
1416 3325 1488 3378 ab
1506 3323 1604 3379 illo
1628 3325 1835 3380 didice-

170 3412 271 3477 rit,
304 3428 338 3465 a
365 3427 479 3482 quo
504 3414 561 3466 et
589 3415 816 3481 Petrus,
853 3416 963 3466 etc.
1000 3412 1112 3467 Iste
1129 3428 1266 3483 ergo
1289 3413 1337 3467 si
1362 3414 1432 3467 ab
1458 3413 1695 3468 homine
1717 3431 1829 3468 non

173 3499 427 3571 accepit,
461 3516 495 3555 a
525 3516 640 3570 quo
672 3499 888 3555 Galatae
913 3507 1297 3571 acceperunt:
1324 3502 1590 3573 nunquid
1619 3519 1734 3569 non
1760 3504 1831 3558 ab

172 3588 440 3655 homine,
467 3590 699 3659 quando
731 3588 878 3661 (830)
911 3606 945 3643 a
973 3589 1154 3644 Paulo
1175 3589 1202 3643 Ῡ
1250 3591 1525 3661 Nunquid
1578 3610 1691 3646 non
1737 3598 1834 3647 Ec-

175 3678 360 3733 clesia
388 3678 461 3732 ab
489 3677 849 3742 hominibus,
874 3693 1006 3732 cum
1024 3678 1095 3732 ab
1114 3678 1392 3748 apostolis
1413 3679 1634 3750 accepit
1654 3681 1832 3735 Evan-

173 3765 399 3839 gelium
422 3766 450 3820 ?
477 3766 623 3833 Non,
654 3764 919 3837 inquam,
952 3766 1091 3835 quia
1121 3766 1201 3820 dii
1244 3770 1440 3833 erant;
1487 3768 1640 3821 unde
1689 3767 1831 3822 scri-

175 3861 349 3927 ptum
382 3858 471 3910 est
503 3872 515 3910 :
547 3855 660 3923 Ego
688 3855 842 3921 Dixi,
868 3853 951 3908 dii
980 3856 1106 3908 estis
1139 3855 1316 3925 (Psal.
1352 3871 1537 3923 LXXXI,
1595 3856 1673 3926 6),
1720 3861 1829 3910 etc.

178 3944 530 4014 Quicunque
558 3943 813 4015 Spiritus
839 3942 938 3997 Dei
971 3942 1166 4013 habet,
1196 3942 1414 3997 dicitur
1442 3943 1615 3998 Deus.
1668 3946 1829 3999 Reve-

181 4035 599 4089 lationemvero
618 4032 801 4097 illam,
827 4048 954 4104 quae
976 4031 1131 4087 facta
1146 4036 1237 4087 est
1253 4032 1311 4086 in
1334 4032 1446 4101 via,
1472 4049 1604 4087 cum
1629 4048 1830 4105 perge-

181 4125 271 4177 ret
301 4120 658 4177 Damascum
691 4119 831 4190 (Act.
862 4136 937 4186 IX,
968 4119 1042 4187 2).

251 4209 405 4281 (831)
430 4210 710 4281 Sequitur
732 4224 745 4261 :
769 4207 1015 4263 Audistis
1031 4211 1495 4266 conversationem
1514 4214 1829 4279 meam,etc.

184 4366 453 4439 nihilque
484 4384 693 4424 sonare
724 4366 884 4422 aliud
912 4383 1087 4437 quam
1117 4368 1456 4423 Galatarum
1514 4371 1831 4441 regionem,

184 4464 438 4521 quorum
473 4445 589 4529 ᾀπὸ.
605 4449 702 4499 τοῦ
719 4443 988 4520 γάλακτος
1010 4464 1043 4501 a
1064 4448 1200 4502 lacte
1212 4447 1828 4575 ducituretirmologia.

255 4520 405 4575 (826)
437 4519 542 4574 Hic
574 4535 631 4572 in
665 4523 860 4575 autoer.
896 4533 1082 4575 marg.
1114 4518 1325 4575 legitur
1346 4536 1472 4575 can.
1552 4521 1616 4575 ll.
1862 4493 1909 4557 D

255 4520 405 4592 (826)
437 4519 542 4574 Hic
574 4517 631 4572 in
665 4517 860 4588 autog.
896 4533 1082 4590 marg.
1114 4518 1325 4590 legitur
1346 4536 1472 4592 cap.

276 4591 404 4662 827)
438 4592 709 4646 Fortasse
733 4591 850 4662 qui,
884 4594 950 4645 ut
978 4606 1046 4662 ex
1077 4591 1450 4662 sequentium
1493 4591 1791 4649 relatione.

275 4660 404 4735 828)
437 4662 500 4735 In
531 4660 948 4733 autog.—marg,
983 4660 1076 4716 hic
1104 4660 1318 4733 legitur
1346 4678 1472 4735 cap.
1508 4663 1597 4718 IV.

440 4734 710 4815 Fortasse
739 4750 772 4788 a
800 4749 926 4815 quo,
957 4735 1044 4815 vel
1077 4735 1365 4815 quomodo.

255 4804 404 4877 (830)
439 4805 504 4859 In
537 4808 731 4874 autog.
766 4804 849 4859 sic
880 4804 1097 4877 legitur
1125 4804 1286 4874 qﬁda.

254 4875 405 4945 (831)
438 4881 503 4931 In
537 4879 734 4947 autog.
772 4875 964 4947 marg:
990 4875 1203 4947 legitur
1231 4893 1357 4943 cap.
1388 4876 1456 4932 V.

255 4948 404 5019 (832)
449 4950 665 5018 Autog.
722 4962 917 5015 servos,
968 4947 1145 5018 quod,
1199 4952 1480 5019 tanquam
1535 4949 1829 5015 mendam,

196 5019 624 5075 emendandum
655 5019 877 5073 censui.

255 5092 403 5158 (833)
437 5091 500 5146 In
532 5087 752 5155 codice,
786 5088 997 5158 inquid.

257 5092 380 5158 (833
437 5092 500 5146 In
532 5092 752 5155 codice,
786 5092 841 5142 in
882 5092 997 5143 uid.

257 5092 403 5233 (834)
439 5163 501 5217 In
527 5159 733 5233 codice
754 5106 1030 5233 erudiatur.
1054 5161 1161 5215 Sed
1176 5163 1607 5220 emendandum
1628 5161 1834 5221 censui

196 5230 443 5289 ex'textu
464 5231 599 5306 divi
631 5230 999 5306 Hieronymi,
1017 5247 1050 5285 a
1076 5248 1191 5303 quo
1222 5234 1316 5291 hic
1338 5237 1685 5306 desumptus
1707 5241 1826 5291 est:

1943 3244 2111 3313 (836),
2146 3245 2257 3295 etc.
2290 3241 2391 3295 Est
2419 3244 2476 3293 et
2506 3242 2706 3291 uterus
2728 3240 2996 3292 etventer
3013 3235 3204 3291 malus
3227 3253 3241 3290 :
3268 3237 3422 3292 unde
3444 3238 3585 3293 scri-

1943 3338 2109 3403 ptum
2143 3334 2231 3385 est
2264 3346 2274 3382 :
2306 3330 2369 3383 In
2419 3326 2807 3397 iniquitatibus
2835 3330 3122 3396 conceptus
3141 3341 3263 3379 sum
3316 3326 3485 3397 (Psal.
3520 3344 3585 3395 1.,

1941 3421 2018 3489 7),
2052 3425 2160 3474 etc.
2196 3419 2261 3473 Et
2289 3417 2501 3471 iterum
2535 3432 2547 3469 :
2581 3415 2827 3470 Alienati
2854 3422 2982 3469 sunt
3014 3420 3322 3483 peccatores
3343 3415 3419 3469 ab’
3438 3423 3590 3471 utero

1942 3510 2109 3579 (857).
2146 3506 2481 3579 Segregatio
2511 3521 2648 3576 ergo
2681 3510 2737 3559 et
2766 3502 2824 3557 in
2858 3503 3009 3559 bono
3036 3507 3093 3557 et
3122 3503 3181 3557 in
3215 3502 3369 3558 malo
3416 3504 3585 3575 poni-

1940 3604 2055 3653 tur.
2092 3599 2458 3667 Quapropter
2488 3594 2558 3648 de
2581 3597 2743 3648 utero
2761 3592 2967 3647 matris
2990 3596 3376 3666 segregantur
3396 3608 3430 3645 a
3450 3597 3584 3658 Deo,

1941 3688 2041 3757 qui
2075 3704 2107 3741 a
2132 3683 2456 3740 carnalium
2490 3688 2799 3754 parentum
2861 3681 3344 3737 consuetudinem
3390 3681 3591 3736 divina

1942 3774 2128 3846 gratia
2160 3771 2615 3838 subtrahuntur,
2652 3776 2717 3825 ut
2747 3770 2842 3824 hic
2870 3770 3204 3841 Apostolus.
3236 3770 3364 3825 Sive
3386 3785 3587 3842 segre-

1940 3865 2140 3931 gatum
2175 3876 2236 3915 se
2266 3859 2408 3913 dicit
2440 3857 2803 3929 prmecientia
2833 3857 2956 3923 Dei,
2988 3857 3127 3928 quia
3153 3874 3269 3913 non
3290 3856 3482 3913 solum
3516 3858 3586 3914 de

1943 3949 2234 4017 utero,sed
2254 3952 2387 4003 ante
2402 3946 2606 4001 mundi
2621 3944 3098 4000 constitutionem
3117 3950 3456 4017 segregatus
3474 3952 3583 4002 est.

1942 4040 2087 4109 Ergo
2120 4037 2274 4109 quod
2307 4033 2593 4107 prmscivit
2624 4034 2776 4088 Deus
2810 4033 3093 4102 futurum,
3128 4037 3269 4087 tunc
3299 4032 3584 4104 implevit,

1941 4144 2075 4183 cum
2109 4126 2157 4182 ei
2191 4124 2453 4198 pergenti
2492 4124 2840 4178 Damascum
2889 4121 2947 4174 in
2990 4120 3082 4176 via
3111 4120 3383 4192 apparuit
3412 4122 3583 4192 (838).

1942 4220 2088 4273 Item
2121 4219 2313 4288 potest
2344 4218 2401 4269 et
2429 4213 2613 4269 maler
2642 4225 2940 4284 synagoga
2968 4207 3237 4281 intelligi,
3269 4226 3393 4280 quae
3451 4225 3586 4265 eum

1943 4392 2151 4447 nempe
2165 4376 2235 4431 ab
2252 4375 2263 4429 i
2274 4372 2724 4446 psoPaulo,cum
2737 4388 2863 4428 eam
2880 4370 3481 4443 persequebatur,non
3495 4386 3592 4426 ore

1942 4445 2466 4512 dehaturEcclesia,
2491 4461 2618 4515 qua:
2640 4444 2853 4499 Christi
2868 4448 3098 4499 tantum
3112 4443 3184 4498 ab
3197 4442 3327 4514 ipso
3341 4443 3586 4515 putaba-

1941 4526 2051 4575 tur.

2015 4590 2165 4662 (835)
2197 4586 2653 4659 Expungendam
2681 4584 2879 4662 censui
2914 4584 3118 4656 partio.
3142 4655 3154 4662 _
3174 4600 3305 4650 non,
3340 4600 3467 4654 qua
3493 4583 3586 4662 __i_n

1944 4654 2069 4717 cod.
2088 4654 2607 4728 uestro-perperam
2627 4654 3260 4728 verbumgeapugnabam
3290 4654 3583 4728 praecedit.

2014 4732 2166 4802 (836)
2193 4726 2346 4787 Psal.
2376 4726 2512 4784 xiii”
2544 4729 2625 4802 11.
2663 4727 2837 4782 Divus
2868 4726 3257 4802 llieronymus
3292 4726 3411 4802 :_De
3427 4733 3582 4802 utero

1942 4796 2340 4869 matris'meze;
2374 4818 2524 4872 saepe
2554 4800 2614 4853 in
2646 4802 2839 4854 textus
2870 4797 3114 4852 lectione
3145 4799 3215 4851 ab
3229 4812 3295 4851 eo
3312 4796 3586 4853 innostro

1943 4879 2076 4934 cod.
2109 4875 2413 4930 diversitas
2445 4872 2661 4943 aliquo,

2028 4948 2181 5072 (837)
2204 4946 2357 5030 Psal.
2391 4934 2615 5010 “11,71,
2647 4942 2825 5023 Divus
2880 4937 3291 5007 Hieronymus,
3321 4934 3474 5017 .loco
3521 4936 3593 4992 ab

2028 5037 2133 5072 ero-
2187 5023 2301 5072 emt
2329 5034 2361 5072 a
2389 5016 2572 5072 vulva,
2596 5017 2663 5067 ut
2690 5031 2749 5067 in
2778 5009 2951 5072 Vulg.
2985 5011 3189 5061 nostra
3218 5008 3288 5062 ab
3318 5021 3446 5072 ipso
3466 5022 3593 5063 cor-

1944 5008 2133 5091 utéro,
2162 5008 2301 5091 legit
2329 5034 2361 5072 a
2389 5008 2572 5091 vulva,
2596 5017 2663 5091 ut
2690 5014 2749 5067 in
2778 5009 2951 5091 Vulg.
2985 5011 3189 5091 nostra
3218 5008 3288 5091 ab
3318 5008 3447 5091 ipso
3466 5022 3597 5091 cor-

1941 5076 2750 5157 révclayhaheturSmpissime
2778 5076 3161 5138 animadverti
3185 5076 3458 5148 poterunt
3475 5076 3601 5135 haec

1939 5164 2316 5227 differentiae.
2523 5224 2576 5227 __
2638 5223 2651 5227 _
2703 5225 2713 5227 _
3224 5220 3233 5227 ,
3505 5215 3557 5227 ,,

2041 5220 2181 5306 i838)
2215 5233 2497 5306 Adeome
2521 5224 2617 5279 hic
2638 5223 2799 5279 ιυδθι
2818 5222 3083 5306 Αὲἒρείῖῗίξι
3106 5220 3401 5306 ἓΡὲίτΡτξιὲε
3418 5220 3608 5306 Εὲῗὲιξ
