3974 5358
431 367 555 433 503

1454 374 1792 436 ATTONIS
1836 376 2425 439 VERCELLENSIS
2470 376 2825 440 EPISCOPI
3670 380 3758 450 8οᾹ

432 498 841 577 imperfectum
872 504 1093 579 genuit.
1126 504 1234 573 Qui
1264 510 1402 563 tunc
1430 507 1502 563 de
1532 512 1694 563 utero
1726 508 1933 565 matris
1985 512 2075 565 est
2101 513 2157 579 Α
2186 514 2303 567 tres
2328 528 2514 568 annos
2542 514 2725 583 vocat,
2760 510 3026 567 ascendit
3052 510 3472 585 Jerosolymam
3502 512 3665 574 videre
3685 518 3758 578 Pe-

437 599 801 666 segregatus,
825 612 960 650 cum
990 612 1023 651 a
1039 594 1542 666 Judaismo,cujus
1562 596 1748 653 fuerat
1762 598 2088 667 aemulator,

435 685 526 739 est
551 687 858 755 separatus
890 685 1063 756 (839).

509 772 788 844 Sequitur
819 791 832 829 :
870 775 933 831 Ut
966 774 1231 829 revelaret
1264 775 1469 831 Filium
1497 792 1662 831 suum
1690 778 1751 832 in
1778 792 1884 833 me.
1927 778 2089 842 Quod

442 865 637 917 autem
668 861 828 928 dicit,
850 864 914 917 in
943 878 1048 928 me,
1085 867 1148 917 ut
1167 863 1435 918 nonnulli
1452 863 1655 919 volunt
1677 865 1786 920 hoc
1807 874 1892 921 est
1911 866 2091 928 mihi;

443 953 510 1005 ut
539 948 658 1017 alii,
688 966 785 1021 per
812 968 917 1005 me.
951 952 1081 1007 Sive
1112 951 1251 1022 quia
1281 952 1457 1007 homo
1486 954 1716 1025 sapacis
1746 959 1835 1009 est
1868 960 2091 1009 naturae

446 1038 518 1093 ad
544 1038 692 1095 hanc
716 1040 1092 1095 traditionem
1118 1040 1842 1113 intelligendam,attamen
1871 1042 2012 1097 latet
2033 1042 2090 1097 in

445 1144 513 1183 eo
542 1129 700 1199 quod
731 1128 905 1184 habet
948 1146 961 1195 ;
991 1129 1038 1184 si
1071 1145 1205 1184 vero
1236 1130 1437 1185 divina
1467 1130 1841 1187 miseratione
1858 1132 1908 1186 ei
1932 1131 2088 1204 quod

449 1215 743 1272 occultum
775 1220 864 1272 est
896 1216 1318 1287 manifestatur,
1354 1223 1419 1273 ut
1442 1235 1569 1289 quas
1602 1224 1742 1275 sunt
1757 1218 2090 1275 Deiintelli-

451 1309 571 1377 gat,
602 1304 783 1360 Filius
814 1305 915 1361 Dei
946 1305 995 1360 ei
1020 1306 1323 1362 revelatur.
1348 1308 1509 1371 Quod
1533 1312 1591 1364 et
1616 1308 1789 1364 Paulo
1814 1308 2097 1365 accidisse

453 1397 833 1450 monstratur.

524 1481 801 1554 Sequitur
832 1498 844 1536 :
881 1482 1145 1539 Continuo
1168 1500 1275 1539 non
1295 1487 1547 1557 acquievi
1563 1487 1724 1541 carni
1743 1493 1794 1542 et
1810 1488 2092 1558 sanguini.

453 1570 563 1627 Per
590 1587 823 1627 carnem
854 1576 911 1626 et
939 1574 1287 1645 sanguinem
1315 1573 1582 1630 nonnulli
1607 1574 1900 1646 apostolos
1932 1575 2101 1631 intel-

456 1658 669 1731 ligunt.
704 1660 866 1716 Unde
909 1660 1301 1733 Porphyrius:
1364 1662 1736 1719 Illuminatus
1788 1664 2101 1736 Apostolus

458 1749 608 1822 (840)
639 1750 990 1821 dedignatus
1019 1754 1109 1805 est
1140 1750 1387 1806 transire
1419 1752 1490 1806 ad
1514 1751 1803 1821 homines,
1827 1757 1893 1808 ut
1912 1753 1985 1808 ab
2015 1752 2100 1809 eis

453 1837 679 1908 aliquid
709 1838 975 1894 disceret.
1009 1838 1119 1893 Sed
1174 1838 1315 1894 dicit
1344 1839 1729 1914 Hieronymus
1764 1859 1777 1897 ι
1835 1842 1991 1898 absit
2034 1846 2099 1898 ut

451 1926 712 1993 Petrum,
745 1931 812 1981 ut
840 1926 1156 1994 Andream,
1216 1932 1320 1983 aut
1367 1933 1627 1997 caeteros,
1686 1930 1953 1987 homines
2004 1931 2097 1985 di-

453 2031 605 2084 cam,
639 2014 776 2086 quia
806 2014 884 2069 dii
917 2020 1101 2071 erant.
1133 2017 1243 2072 Sed
1275 2017 1346 2072 de
1378 2017 1494 2073 illis
1516 2018 1737 2074 dictum
1759 2020 1934 2075 estde
1968 2019 2097 2091 qui-

453 2105 568 2160 bus
602 2102 886 2175 scriptum
920 2110 1009 2159 est
1041 2121 1053 2159 :
1088 2105 1209 2160 Non
1234 2108 1576 2177 permanebit
1602 2110 1827 2178 spiritus
1856 2125 2009 2164 meus
2038 2111 2100 2164 in

455 2194 695 2262 homine,
728 2195 836 2249 etc.
873 2192 1021 2264 (Gen.
1054 2211 1133 2260 v1,
1165 2196 1240 2267 3),
1274 2201 1330 2250 et
1356 2196 1533 2251 item:
1595 2200 1659 2252 Et
1709 2213 1834 2253 caro
1877 2203 1929 2254 et
1974 2215 2099 2253 san-

454 2284 579 2354 guis
606 2297 717 2336 non
743 2282 1004 2338 reuelauit
1031 2284 1135 2337 tibi
1186 2284 1392 2353 (Matth.
1426 2301 1540 2355 xvr,
1576 2286 1686 2354 17).
1720 2286 1789 2340 Et
1838 2294 1928 2342 est
1974 2302 2103 2342 sen-

458 2387 563 2428 sus
592 2386 605 2425 :
638 2373 756 2427 Non
784 2372 1037 2442 acquievi
1064 2374 1224 2428 carni
1253 2380 1304 2427 et
1330 2375 1620 2443 sanguini,
1671 2374 1779 2429 hoc
1824 2378 1931 2442 est,
1983 2392 2099 2430 non

458 2460 720 2515 consenti
753 2459 1109 2527 carnalibus,
1132 2476 1236 2515 nec
1255 2460 1390 2515 misi
1416 2462 1764 2533 margaritas
1783 2478 1943 2517 meas
1967 2468 2102 2519 ante

456 2564 685 2621 porcos,
716 2551 827 2604 etc.
860 2548 1068 2619 (Matth.
1098 2563 1193 2614 vn,
1224 2550 1299 2619 6).
1335 2548 1498 2605 Unde
1530 2549 1740 2606 melius
1764 2550 2015 2607 habetur
2042 2551 2100 2608 in

459 2636 678 2707 Graeco,
709 2636 767 2691 id
797 2640 886 2691 est
914 2635 1146 2692 contuli.
1172 2637 1241 2691 Et
1269 2640 1358 2692 est
1406 2654 1615 2693 sensus
1641 2654 1653 2692 :
1686 2640 1804 2694 Non
1851 2641 2105 2712 acquievi

456 2726 617 2781 carni
648 2728 702 2781 et
729 2727 1014 2797 sanguini,
1047 2725 1155 2780 hoc
1185 2729 1295 2792 est,
1332 2741 1448 2782 non
1504 2726 1841 2783 carnalibus
1880 2727 2102 2800 aliquid

458 2812 699 2881 contuli,
735 2814 874 2885 quia
904 2830 1019 2869 non
1035 2830 1127 2869 me
1149 2814 1382 2882 sociavi,
1412 2814 1657 2888 sedipsa
1677 2833 1807 2872 mea
1826 2816 2103 2888 praedica-

457 2903 615 2958 tione
644 2902 715 2957 ad
751 2902 925 2957 ﬁdem
955 2902 1186 2957 trahere
1216 2903 1434 2959 curavi.
1468 2904 1536 2959 Et
1561 2905 1701 2975 quia
1730 2908 1955 2976 poterat
1972 2906 2103 2977 quis

461 2988 689 3044 dicere:
732 2992 790 3043 Si
821 2994 962 3045 tunc
993 3007 1131 3061 non,
1163 2991 1505 3063 acquievisti
1538 2997 1759 3064 postea,
1788 2994 1914 3050 ideo
1929 2997 2103 3051 conti-

459 3093 567 3133 nuo
590 3078 958 3150 jungendqm
989 3084 1079 3135 est
1110 3080 1532 3152 superioribus.
1566 3081 1713 3137 Nam
1745 3082 1793 3138 si
1824 3098 1924 3154 per
1975 3100 2104 3139 car-

460 3183 594 3223 nem
626 3172 685 3222 et
715 3168 1060 3241 sanguinem
1094 3169 1343 3241 apostoli
1374 3175 1572 3226 essent
1598 3170 1959 3241 intelligendi
1983 3173 2103 3227 fru-

2201 603 2380 655 trum.

2273 689 2381 744 Sed
2418 690 2563 745 forte
2593 690 2734 745 dicit
2765 689 3018 761 aliquis:
3054 690 3200 756 Quid
3234 690 3378 745 mihi
3434 693 3643 763 prodest
3678 696 3762 756 hac

2201 776 2520 849 apostolica
2549 778 2828 849 narratio,
2853 795 2969 850 qua
2991 779 3108 834 isse
3132 781 3188 833 et
3209 779 3425 835 redisse
3446 795 3503 835 se
3516 782 3672 838 dicit?
3688 789 3762 843 Sed

2204 883 2275 921 ne
2302 882 2505 921 vacare
2536 867 2821 932 videatur,
2855 867 2911 920 id
2944 868 3100 938 cogit
3147 882 3255 922 nos
3288 869 3606 939 mysterium
3650 888 3764 943 qua.

2204 971 2348 1011 rere.
2373 955 2517 1011 Cum
2535 956 2594 1011 in
2621 956 3003 1027 sequentibus
3023 956 3232 1026 (Galat.
3270 970 3341 1024 ιν,
3363 956 3543 1026 24-26)
3564 972 3651 1029 per
3671 965 3766 1018 Ars-

2202 1045 2384 1114 biam,
2416 1050 2473 1099 et
2504 1049 2760 1100 montem
2784 1045 2944 1113 Sina,
2975 1050 3035 1100 et
3062 1043 3411 1111 Jerusalem,
3441 1046 3606 1103 Vetus
3623 1051 3768 1108 Testa-

2205 1137 2470 1188 mentum
2494 1133 2936 1205 interpretetur;
2961 1149 3097 1205 ergo
3116 1132 3482 1190 illuminatus
3500 1138 3765 1207 Apostolus,

2206 1234 2525 1292 agnoscens
2558 1221 2853 1277 Christum
2884 1237 2986 1294 per
3006 1220 3438 1293 revelationem,
3462 1222 3591 1279 abiit
3608 1225 3655 1280 in
3673 1230 3768 1282 Ars-

2206 1309 2362 1364 biam
2394 1310 2547 1381 (quae
2576 1309 2999 1382 interpretatur
3025 1310 3278 1378 humilis,
3313 1311 3433 1368 sive
3452 1312 3768 1381 occidua),hoo

2207 1402 2314 1469 est,
2349 1414 2615 1455 reversus
2644 1401 2734 1455 est
2761 1400 2833 1455 ad
2867 1400 3075 1473 Legem
3108 1404 3168 1456 et
3198 1400 3530 1472 Prophetas,
3545 1401 3630 1472 qui
3646 1403 3766 1459 inde-

2210 1487 2358 1542 fectu
2382 1491 2568 1553 erant,
2597 1491 2888 1559 quatenus
2910 1487 3287 1561 investigaret
3308 1488 3358 1543 si
3380 1490 3435 1543 et
3452 1487 3527 1543 ibi
3547 1488 3765 1547 Christum

2210 1574 2549 1647 praedictum
2564 1580 2924 1648 agnosceret.
2958 1576 3170 1649 Agnito
3186 1577 3292 1642 ibi,
3312 1575 3555 1645 Christo,
3574 1589 3765 1635 reversus

2210 1667 2298 1718 est
2329 1664 2677 1718 Damascum
2726 1664 2878 1734 (quas
2934 1663 3355 1736 interpretatur
3396 1666 3601 1735 sanguis
3638 1668 3768 1737 populi

2210 1750 2297 1807 vel
2326 1752 2522 1823 osculi)
2549 1750 2731 1823 (341);
2764 1750 2873 1807 hoc
2903 1754 3011 1819 est,
3043 1767 3312 1808 reversus
3345 1755 3433 1807 est
3461 1753 3526 1807 ad
3552 1753 3767 1824 passionis

2213 1838 2575 1911 mysterium.
2599 1840 3019 1895 Corroboratus
3052 1844 3271 1912 autem,
3296 1839 3462 1912 petiit
3480 1840 3643 1896 locum
3660 1840 3768 1913 paci!

2210 1933 2267 1985 et
2296 1928 2561 1984 visionis.

2283 2017 2430 2088 (842)
2463 2016 2739 2089 Sequitur
2770 2033 2784 2071 :
2817 2018 3023 2073 Deinde
3048 2025 3171 2088 post
3198 2032 3373 2074 annos
3403 2022 3525 2082 tres,
3568 2022 3655 2073 ets.
3693 2017 3766 2073 No-

2212 2106 2453 2160 tandum
2488 2105 2625 2176 quia
2653 2105 2794 2161 dicit
2824 2122 2886 2162 se
2914 2106 3338 2179 Jerosolymam
3369 2107 3691 2173 venisse,non
3725 2112 3767 2161 ut

2210 2195 2456 2250 disceret
2486 2195 2880 2267 Evangelium,
2914 2197 3069 2266 quod
3102 2212 3205 2267 per
3236 2200 3357 2252 tres
3414 2210 3585 2250 annos
3622 2194 3765 2266 pradi-

2210 2284 2380 2351 cavit,
2401 2285 2501 2339 sed
2535 2288 2600 2339 ut
2628 2284 2846 2339 videret
2877 2284 3130 2340 Petrum.
3165 2284 3403 2340 Patrum
3433 2287 3611 2340 autem
3634 2283 3765 2337 videre

2211 2389 2329 2427 non
2357 2371 2629 2427 vanitatis
2658 2388 2837 2428 causa
2865 2373 3042 2439 venit,
3094 2373 3202 2428 hoc
3260 2377 3350 2428 est
3405 2370 3544 2443 (843)
3587 2371 3628 2425 si
3663 2374 3765 2426 esset

2210 2459 2427 2528 calvus,
2462 2477 2534 2515 an
2568 2460 2833 2529 crinitus,
2866 2475 3080 2527 macer,
3113 2477 3187 2516 an
3211 2459 3565 2534 pinguis,sed
3584 2457 3763 2527 spiritali

2210 2549 2551 2615 intentione,
2570 2548 2857 2616 videlicet,
2881 2553 2947 2605 ut
2967 2548 3217 2622 principi
3235 2547 3613 2622 apostolorum
3637 2547 3765 2602 deler-

2211 2641 2299 2694 ret
2326 2637 2629 2693 honorem.

2282 2724 2597 2796 Sequitur:
2631 2725 2695 2780 Et
2722 2726 2903 2780 mansi
2945 2724 3092 2797 apud
3118 2741 3246 2781 eum
3284 2725 3473 2781 diebus
3503 2722 3764 2795 quindecim.

2211 2812 2459 2870 Multum
2492 2812 2642 2868 valet
2670 2814 2740 2868 ad
2773 2813 2901 2885 ejus
2924 2813 3332 2869 intentiouem.
3366 2810 3606 2895 Studiosi
3627 2822 3767 2895 nume.

2212 2918 2410 2958 rerum
2425 2902 2628 2957 dicunt
2646 2902 2803 2957 hunc
2825 2918 3137 2958 numerum
3162 2907 3458 2958 sacratum
3479 2914 3612 2965 esse,
3631 2894 3768 2967 etpla-

2212 3007 2349 3047 nam
2390 2990 2695 3046 scientiam
2726 3007 2790 3046 ac
2822 2991 3138 3062 perfectam
3170 2991 3476 3062 designare
3502 2985 3766 3043 doctrinam.

2213 3079 2555 3143 Quindecim
2575 3084 2714 3135 sunt
2735 3078 3094 3151 psalmorum
3118 3081 3292 3153 (844),
3317 3079 3415 3152 qui
3438 3070 3766 3133 atribulatione

2215 3168 2510 3233 inchoent,
2546 3168 2940 3239 pertingentes
2960 3168 3029 3222 ad
3055 3168 3435 3237 atria_domus
3456 3159 3669 3223 Domini,
3685 3170 3767 3229 qua

458 3260 580 3312 stra
610 3256 922 3313 subderet:
954 3260 1135 3328 Neque
1162 3261 1291 3314 veni
1316 3260 1737 3331 Jerosolymam,
1769 3264 1877 3315 etc.
1902 3262 2101 3316 Atten-
2136 3250 2178 3321 C
2215 3256 2390 3311 etiam
2422 3255 2757 3327 quindecim
2812 3256 2987 3311 habet
3014 3256 3255 3327 gradus.
3284 3252 3617 3312 Solemnitas
3645 3245 3767 3302 etiam

461 3345 716 3400 dandum
750 3351 840 3401 est
872 3351 1067 3402 autem
1100 3347 1239 3419 quia
1269 3355 1388 3402 haec
1421 3347 1675 3403 narratio
1699 3350 1992 3404 contraria
2020 3350 2103 3404 vi-

461 3434 633 3489 detur
664 3434 830 3488 Lucae
863 3435 1207 3490 narrationi.
1242 3436 1438 3490 Refert
1467 3435 1624 3491 enim
1655 3436 1787 3505 (Act.
1823 3454 1899 3501 ιι,
1928 3439 1984 3504 5,
2036 3439 2107 3492 26

458 3524 596 3593 seq.)
629 3522 769 3592 quia
799 3527 1114 3594 postquam
1145 3522 1515 3580 illuminatus
1538 3524 1889 3581 ﬁducialiter
1908 3526 2026 3598 egit
2046 3527 2105 3583 in

462 3609 772 3677 Damasco,
810 3626 1079 3666 reversus
1111 3615 1198 3667 est
1226 3610 1283 3667 in
1315 3611 1662 3681 Jerusalem,
1689 3617 1747 3669 et
1764 3616 2031 3671 tentabat
2047 3631 2109 3671 se

462 3697 769 3769 discipulis
793 3699 1061 3769 jungere,
1096 3703 1153 3755 et
1182 3704 1389 3755 caetera
1417 3717 1543 3773 quae
1575 3701 1646 3757 de
1678 3717 1743 3757 eo
1775 3702 1857 3758 ibi
1905 3702 2108 3776 legun-

462 3790 578 3841 tur.
612 3785 830 3841 Verum
864 3803 935 3842 ne
964 3788 1325 3844 contrarium
1357 3790 1638 3860 videatur,
1671 3791 2003 3863 ﬁeripotuit
2025 3797 2108 3861 ut,

464 3890 599 3930 cum
624 3874 992 3931 illuminatus
1006 3876 1105 3933 ina
1121 3877 1368 3934 Dmasco
1384 3878 1731 3935 ﬁducialiter
1751 3881 2114 3950 egisset,orta

465 3964 746 4019 adversus
768 3979 903 4019 eum
922 3966 1341 4036 persecutione,
1366 3981 1632 4023 reversus
1654 3968 1863 4024 fuisset
1881 3970 2114 4026 Jerusa-

463 4050 601 4123 lem,
634 4068 749 4108 non
778 4057 842 4107 ut
870 4054 1088 4109 videret
1119 4055 1433 4126 apostolos,
1469 4057 1570 4111 sed
1602 4062 1667 4112 ut
1689 4057 1899 4114 vitaret
1922 4059 2115 4115 inimi-

464 4158 666 4197 corum
701 4142 1008 4213 impetum,
1043 4144 1213 4215 quasi
1245 4145 1316 4200 ad
1349 4146 1524 4200 aliam
1554 4147 1901 4219 confugiens
1922 4149 2114 4205 civita-

463 4235 605 4286 tem.
628 4232 911 4301 Sive,orta
932 4233 1355 4303 persecutione,
1381 4233 1718 4305 relinquens
1737 4237 2113 4304 Damascum,

465 4319 608 4374 abiit
634 4320 693 4374 in
728 4321 1046 4388 Arabiam;
1081 4322 1182 4376 sed
1214 4338 1347 4376 cum
1402 4323 1481 4377 ibi
1533 4323 1680 4378 nihil
1728 4324 1973 4395 dignum
2022 4326 2113 4381 sui

466 4408 829 4478 apostolatus
861 4409 1078 4479 egisset
1108 4410 1368 4481 (propter
1398 4412 1550 4481 quod
1583 4416 1641 4466 et
1671 4412 1854 4468 Lucas
1878 4430 2116 4469 nari-are

466 4495 710 4562 omisit),
745 4513 1009 4552 reversus
1042 4496 1116 4552 sit
1139 4497 1515 4553 Damascum.
1550 4500 1711 4563 Quod
1746 4506 1940 4558 autem
1966 4503 2113 4558 nihil

2215 3345 2446 3403 Domini
2466 3362 2500 3400 a
2531 3345 2734 3417 quinto
2766 3344 2989 3400 decimo
3020 3345 3113 3400 die
3144 3344 3381 3401 inchoat
3407 3332 3763 3415 (Eminuit)-

2215 3434 2285 3489 Et
2314 3434 2434 3506 regi
2468 3433 2721 3489 Ezechias
2754 3433 3087 3504 quindecim
3118 3432 3272 3488 ancti
3326 3432 3466 3488 sunt
3508 3424 3627 3484 anni
3662 3419 3767 3491 (issi.

2214 3539 2449 3587 xxxvm,
2482 3523 2559 3580 5).
2593 3520 2816 3584 Quibus
2845 3520 3126 3593 exemplis
3157 3524 3424 3577 sacratus
3472 3511 3767 3605 monstratur.

2215 3612 2364 3683 Ergo
2396 3609 2759 3665 hocnumero
2774 3610 3023 3678 dierum,
3048 3610 3266 3681 quibus
3287 3599 3644 3676 mansitapud
3659 3599 3771 3683 ptin-

2217 3682 2405 3771 cipem
2434 3697 2771 3772 Apostolus,
2803 3700 3058 3771 perlecta
3104 3698 3295 3770 ipsine
3342 3694 3668 3752 monstratur
3699 3682 3771 3736 dor

2218 3788 2424 3844 ctrina.
3585 3864 3615 3867 μ
3636 3861 3666 3867 __
3699 3856 3707 3867 ,

2290 3881 2508 3933 Verum
2540 3892 2613 3933 ne
2638 3876 2856 3933 diceret
2887 3875 3100 3947 aliquis
3151 3874 3308 3946 quia,
3340 3874 3389 3931 si
3424 3886 3530 3927 non
3569 3857 3773 3952 didicit!

2222 3965 2409 4036 Petro,
2442 3966 2646 4021 didicit
2676 3970 2873 4020 tamen
2906 3946 3163 4031 abaliis,
3191 3964 3322 4020 ideo
3372 3975 3500 4017 mox
3542 3946 3770 4038 adiunxit:

2221 4056 2407 4117 Alium
2435 4054 2802 4124 apostolorum
2830 4052 2946 4107 vidi
2972 4054 3270 4108 neminem.
3302 4054 3375 4107 At
3399 4062 3527 4103 vero
3554 4055 3651 4098 non
3683 4041 3775 4104 qm

2222 4140 2581 4213 contemptui
2612 4158 2710 4197 eos
2741 4140 2968 4204 habuit,
2992 4140 3235 4197 minime
3256 4140 3418 4203 vidit,
3442 4134 3532 4192 sed
3553 4127 3667 4201 quia
3682 4132 3774 4176 cur

2223 4248 2289 4286 sa
2316 4229 2748 4301 evangelizandi
2774 4231 2900 4300 jam
2934 4228 3183 4301 dispersi
3213 4234 3399 4284 erant.
3432 4229 3602 4279 Causa
3634 4214 3773 4307 autem

2222 4299 2910 4374 videndi-Jacobumihaec
2924 4299 3054 4386 fuit,
3078 4318 3217 4390 quia
3237 4318 3308 4372 ab
3334 4308 3591 4388 Apostolo
3604 4299 3775 4393 οΐάίξιῆ·

2223 4412 2318 4463 tus
2348 4412 2473 4463 erat
2502 4406 2816 4478 episcopus
2867 4406 3267 4479 Jerosolymis.
3318 4408 3557 4462 Fratrem
3599 4394 3773 4479 Domini,

2225 4513 2339 4551 non
2370 4476 3029 4551 secundum—haereticos
3053 4476 3239 4551 tilium
3263 4490 3473 4566 Joseph
3495 4486 3611 4559 ροει
3627 4476 3773 4566 “tilum

467 4584 711 4655 dignum
743 4583 802 4638 in
836 4584 1051 4639 Arabia
1075 4585 1213 4656 egit,
1248 4603 1361 4641 non
1396 4586 1643 4659 pigritia:
1667 4588 1797 4656 fuit,
1823 4591 1923 4645 sed
1966 4591 2112 4646 divi-
2146 4618 2190 4683 θ
2225 4586 2533 4641 Dominum
2564 4601 2633 4640 ex
2662 4584 2866 4649 Maria,
2897 4578 3085 4683 xel.ex
3134 4580 3318 4640 altera
3349 4563 3536 4683 ἰλ-κοτε
3576 4563 3773 4683 quiti:

468 4689 553 4727 nae
569 4671 1048 4743 dispensationis,
1076 4675 1230 4745 quod
1254 4674 1588 4747 prohibitus
1612 4680 2114 4750 est,quemadmo-

470 4761 611 4816 dum
643 4777 777 4816 cum
830 4760 1003 4818 vellet
1056 4778 1294 4834 pergere
1352 4764 1549 4820 Asiam
1600 4768 1735 4834 (Act.
1794 4785 1907 4835 xvr,
1948 4770 2002 4835 6,
2034 4770 2111 4839 7).

470 4849 689 4905 Deinde
711 4850 917 4907 multis
938 4850 1147 4907 diebus
1170 4852 1418 4923 peractis
1440 4853 1499 4908 in
1522 4855 1827 4922 Damasco,
1851 4871 1998 4927 quos
2021 4856 2115 4912 hic

469 4995 669 5117 peccet
696 4991 873 5064 (quod
897 4996 1092 5047 tamen
1123 4992 1375 5117 theologi
1405 4996 1844 5076 Augustiniana:
1876 5001 2116 5079 senten-

496 5079 563 5116 ιω
592 5068 1049 5117 consentaneum
1082 5065 1330 5117 probant
1359 5106 1371 5117 .
1405 5082 1478 5117 ne
1535 5066 1755 5117 scilicet
1801 5066 1891 5117 vel
1932 5084 2108 5117 mim-

496 5062 563 5116 iaa
592 5062 1049 5158 consentaqeum
1079 5062 1371 5158 probant),
1405 5082 1478 5147 ne
1503 5062 1755 5158 'scilicet
1801 5066 1891 5158 vel
1932 5068 2108 5158 mini-

2225 4674 2545 4747 intelligere
2576 4673 2877 4739 debemus,
2911 4672 3013 4728 sed
3045 4689 3204 4728 more
3241 4672 3658 4749 Scriptorum?
3685 4658 3775 4749 (ξθξν

2224 4735 2570 4834 sanguinem
2602 4760 2791 4832 ipsius
2829 4735 3082 4817 Domini.
3116 4761 3183 4816 Et
3216 4735 3773 4834 cateiidisciPUIi'

2222 4821 2594 4906 tresvDomini
2626 4821 2797 4922 (845).
2832 4850 2994 4905 Unde
3024 4848 3184 4921 ipse;
3226 4853 3323 4918 (te,
3374 4842 3530 4901 dicite
3569 4821 3771 4906 [πάιν-(διιεῖ

2223 4993 2320 5049 hoc
2348 5002 2443 5059 est,
2470 4993 2538 5047 ad
2556 4994 2891 5063 sanguinem
2912 4995 2968 5063 et
2993 4993 3302 5063 passionem
3351 4958 3775 5063 omo-0E1?

2223 5044 2416 5136 sine
2430 5044 2630 5135 35a;
2643 5044 2825 5119 tas;
2840 5044 3087 5118 "uesta
3098 5044 3323 5119 issi
3352 5044 3517 5143 fratre
3546 5044 3771 5157 socialia:

2228 5152 2400 5158 --υυ
2439 5152 2499 5158 η
2536 5136 2813 5158 η-ω-ιη
2850 5133 2973 5158 κιαι
3000 5134 3120 5158 ιη-
3149 5148 3354 5158 με.--
3380 5122 3682 5158 ιηηηηιιὶιιη]

3870 129 3884 513 l

3874 570 3881 675 ¹
