3974 5358
706 420 1125 489 EXPOSITIO
1168 420 1247 489 ut
1291 416 1720 489 aptemus
1767 412 2023 491 PAULI.
2067 461 2143 472 --
2184 426 2263 490 IN
2310 430 2559 493 EPIST.
2604 430 2709 492 AD
2755 430 2928 494 ean.

3412 424 3529 489 506

134 559 257 613 meis
284 554 472 628 (846);
504 559 601 613 et:
633 558 879 615 Narrabo
904 575 1096 616 nomen
1116 562 1390 635 fratribus
1409 564 1545 617 meis
1576 563 1755 633 (Psat.
1793 564 1843 631 Α
1874 561 2032 617 uisse
2047 561 2486 635 Jerosolymam,
2511 564 2704 619 studio
2725 562 2955 618 videndi
2977 562 3239 619 Petrum.
3260 563 3363 619 Hic
3394 579 3530 621 vero

133 663 235 713 ui,
266 647 337 700 23
363 672 377 713 ;
401 648 573 703 Hebr.
598 664 660 715 ιι,
695 650 800 719 12).
830 650 940 705 Sed
974 651 1118 705 forte
1152 652 1279 706 ideo
1308 652 1418 707 iste
1451 652 1627 707 frater
1661 656 1765 707 Do-

135 735 266 793 mini
328 735 658 809 specialiter
710 738 945 805 dicitur,
1005 741 1143 812 quia
1200 746 1321 796 tam
1382 742 1494 795 fuit
1553 743 1769 797 sancti-

136 825 284 893 tatis,
320 826 590 896 tantique
619 829 797 883 etiam
832 831 1105 897 rumoris,
1141 835 1205 886 ut
1252 832 1517 886 certatim
1554 832 1771 903 quique

137 914 421 971 ﬁmbriam
452 916 783 972 vestimenti
813 920 941 988 ejus
998 924 1236 992 tangere
1294 926 1567 976 curarent
1598 923 1768 992 (847).

136 1006 238 1061 Iste
257 1005 551 1075 projectus
583 1006 653 1061 de
676 1007 854 1078 pinna
875 1009 1076 1081 templi
1104 1010 1334 1065 occisus
1361 1015 1448 1065 est
1470 1028 1503 1065 a
1522 1011 1768 1066 Judaeis:

136 1092 215 1149 cui
244 1094 534 1148 successit
564 1095 819 1165 Simeon,
856 1098 954 1169 qui
990 1099 1164 1154 etiam
1223 1117 1324 1172 pro
1382 1100 1629 1155 Domino
1661 1101 1774 1154 fuit

135 1180 434 1236 cruciﬁxus
465 1182 537 1236 ab
569 1182 651 1237 eis
686 1182 863 1253 (848).

198 1270 324 1337 Quae
354 1274 541 1325 autem
567 1271 741 1326 scribo
770 1274 940 1339 vobis,
974 1279 1080 1329 etc.
1116 1275 1232 1331 Hoc
1257 1276 1414 1330 enim
1447 1277 1601 1347 quod
1636 1275 1775 1329 dicit

133 1363 239 1413 tam
268 1359 346 1413 ad
379 1360 685 1431 superiora
714 1376 893 1433 quam
926 1364 997 1418 ad
1029 1364 1303 1419 inferiora
1335 1371 1389 1419 et
1421 1365 1618 1419 omnia
1646 1381 1772 1435 quas

134 1445 330 1503 scribit
358 1447 558 1503 referri
591 1454 802 1521 potest.
829 1452 886 1507 Si
903 1452 1060 1507 enim
1106 1452 1454 1525 simpliciter
1484 1454 1771 1519 attendas,

136 1537 241 1591 haec
266 1537 711 1607 verbajurandi
742 1541 891 1611 (849)
922 1548 1083 1609 sunt,
1140 1548 1203 1597 ut
1262 1544 1459 1598 omnia
1488 1558 1621 1597 vera
1648 1559 1774 1597 esse

136 1625 399 1680 ostendat
425 1641 550 1697 quas
582 1629 827 1684 dixerat.
852 1631 975 1688 Non
1010 1632 1165 1686 enim
1200 1632 1611 1697 mentiebatur,
1636 1631 1776 1703 quia

135 1728 237 1769 non
265 1719 403 1770 erat
430 1715 690 1772 officium
720 1717 881 1774 illius
934 1722 1274 1775 mentiendi.
1326 1722 1434 1776 Sed
1467 1721 1774 1776 sciendum

134 1802 259 1873 quia
278 1818 405 1859 non
430 1805 651 1876 appetit
673 1808 985 1879 Apostolus
1000 1811 1401 1879 juramentum
1428 1811 1595 1880 quasi
1618 1827 1777 1865 sum-

134 1905 279 1947 mum
333 1893 589 1963 bonum;
623 1911 727 1951 nec
757 1898 934 1952 etiam
967 1898 1105 1953 facit
1132 1903 1336 1954 contra
1373 1898 1517 1953 illud
1551 1897 1776 1953 Domini
1810 1934 1855 1999 Β

132 1987 482 2053 praeceptum
515 1984 803 2042 dicentis:
843 1984 928 2041 Sit
976 1992 1158 2043 autem
1216 2004 1391 2044 sermo
1421 1997 1631 2043 vester:
1686 1991 1777 2044 Est

131 2077 214 2140 est,
242 2086 368 2125 non
392 2086 502 2127 non
535 2074 744 2144 (Matth.
804 2091 859 2144 ν,
890 2076 1019 2146 37);
1056 2077 1197 2148 quia
1253 2092 1432 2131 causa
1485 2076 1778 2131 tarditatis

133 2174 372 2214 suorum
405 2162 744 2217 auditorum
778 2165 887 2219 hoc
905 2166 1117 2237 agitur.
1144 2166 1197 2219 Si
1222 2182 1357 2221 vero
1382 2164 1561 2221 altius
1593 2165 1779 2237 inspi-

134 2247 255 2313 cias,
290 2248 445 2304 talis
476 2256 566 2305 est
595 2268 826 2320 sensus,
861 2255 1030 2324 quasi
1092 2254 1350 2309 diceret:
1414 2255 1623 2309 Omnia
1654 2271 1780 2324 quas

145 2337 310 2393 scribo
339 2337 540 2394 divino
564 2347 875 2412 conspectu
891 2341 1385 2414 dignasunt,quia
1406 2343 1784 2413 omniajusta

150 2430 199 2480 et
222 2441 351 2481 vera
384 2432 544 2483 sunt.
587 2430 748 2493 Quod
781 2430 905 2501 ipse
965 2432 1299 2487 manifestat
1354 2432 1619 2496 dicendo,
1653 2433 1784 2502 quia

145 2529 243 2570 non
270 2519 535 2585 mentior,
569 2520 847 2590 quoniam
879 2520 1158 2593 scriptum
1190 2526 1314 2577 est:
1371 2522 1538 2577 Oculi
1566 2520 1787 2575 Domini

138 2607 487 2677 mpm-justas
508 2609 679 2675 (Psal.
711 2624 913 2676 χχχιιι,
948 2611 1051 2679 16;
1085 2612 1326 2666 obtutus
1356 2611 1484 2681 ejus
1527 2609 1783 2665 excludi-

136 2694 228 2747 tur
256 2710 291 2749 a
322 2696 747 2766 peccatoribus.

200 2783 409 2839 Deinde
431 2788 578 2851 veni,
603 2792 713 2840 etc.
747 2786 919 2842 Venit
948 2803 1083 2860 ergo
1109 2789 1167 2842 in
1199 2793 1393 2859 partes
1424 2789 1621 2858 Syriae;
1666 2792 1786 2843 stu-

132 2870 224 2925 dio
286 2870 574 2928 fundandi
632 2875 941 2945 Ecclesiae,
1000 2876 1139 2946 quia
1192 2876 1564 2932 illuminatus
1601 2877 1787 2931 noluit

126 2959 357 3015 otiosus
396 2962 735 3017 consistere.
770 2964 935 3034 Syria
963 2965 1182 3019 etenim
1244 2964 1661 3037 interpretatur
1688 2982 1787 3019 ex-

120 3047 294 3115 celsa,
331 3048 455 3103 sive
484 3050 756 3106 sublimis.
786 3052 957 3106 Venit
985 3068 1121 3124 ergo
1154 3052 1211 3107 in
1247 3059 1440 3125 partes
1491 3052 1689 3125 Syrias,
1723 3056 1788 3107 ut

121 3135 294 3191 illam
331 3150 466 3207 qua
495 3141 619 3192 erat
647 3138 872 3210 dejecta
902 3156 1009 3195 sua
1067 3142 1475 3212 praedicatione
1523 3141 1789 3197 redderet

114 3223 447 3295 excelsam,
480 3230 538 3280 et
568 3242 694 3297 quae
725 3226 967 3284 humilis
996 3230 1332 3286 sublimem.
1367 3230 1565 3286 Cilicia
1590 3235 1784 3286 autem

122 3400 311 3474 igitur
345 3401 408 3457 in
431 3401 715 3474 Ciliciam,
750 3410 813 3460 ut
864 3420 971 3462 sua
1001 3408 1409 3478 praedicatione
1439 3424 1565 3463 eam
1617 3424 1788 3464 assu-

127 3496 340 3559 meret,
376 3504 503 3561 qua‘.
532 3496 860 3565 assumptio
889 3511 1018 3551 esse
1052 3513 1166 3551 non
1201 3500 1393 3567 potest
1450 3498 1672 3569 absque
1704 3497 1786 3552 la-

133 3578 502 3636 mentatione
534 3581 935 3651 paenitudinis.
972 3586 1138 3639 Eram
1168 3589 1362 3640 autem
1401 3589 1640 3655 ignotus,
1674 3590 1785 3641 etc.

132 3669 320 3724 Notus
353 3668 510 3724 enim
541 3676 667 3725 erat
697 3672 839 3727 facie
862 3671 1137 3729 Ecclesiis
1156 3675 1353 3746 Syriae,
1387 3680 1443 3729 et
1467 3674 1698 3742 Cilicia,
1732 3680 1789 3729 et

132 3756 387 3828 Arabia),
414 3758 553 3829 quia
574 3760 819 3831 gentiles
837 3766 1024 3828 erant,
1049 3766 1106 3817 et
1131 3764 1256 3834 ipse
1276 3764 1530 3818 ofﬁcium
1579 3763 1787 3834 praedi-

134 3846 386 3902 cationis
410 3846 469 3901 in
492 3849 769 3918 gentibus
792 3852 1390 3922 acceperat.Ecclesiis
1404 3870 1537 3908 vero
1552 3853 1786 3920 Judaeze,

133 3950 242 3991 non
264 3934 422 3991 facie
453 3938 649 4005 notus,
676 3939 779 3993 sed
801 3954 1058 4007 rumore,
1092 3941 1244 3996 sicut
1279 3942 1405 4013 ipse
1436 3941 1577 3995 dicit
1604 3959 1616 3995 :
1652 3944 1789 3997 Tan-

133 4030 246 4080 tum
272 4029 473 4080 autem
504 4027 761 4081 auditum
817 4028 1085 4084 habebant
1147 4028 1285 4101 (Gal.
1322 4047 1359 4096 ι,
1392 4031 1503 4098 23).
1552 4031 1621 4085 Et
1652 4037 1792 4087 nota

133 4114 266 4184 quia
298 4111 585 4170 Ecclesiis
605 4116 903 4187 dicit,ideo
934 4118 1074 4189 quia
1104 4134 1216 4173 non
1251 4117 1443 4174 solum
1476 4118 1534 4173 in
1565 4123 1791 4175 Jeroso-

129 4201 297 4274 lymis
320 4208 501 4259 erant
531 4206 851 4272 credentes,
886 4208 985 4261 sed
1020 4208 1077 4262 in
1111 4208 1335 4263 caeteris
1365 4207 1529 4277 locis,
1557 4210 1699 4264 adeo
1725 4214 1789 4264 ut

132 4288 424 4349 Ecclesiae
462 4294 737 4360 facerent,
767 4299 824 4350 et
851 4296 1127 4366 gentibus
1159 4296 1381 4351 nollent
1413 4298 1714 4370 conjungi.

195 4385 264 4438 Et
294 4384 359 4437 in
390 4396 486 4437 me
514 4384 1059 4456 gloriﬁcabant(850)
1074 4385 1265 4440 Deum.
1291 4385 1439 4449 Quid
1454 4385 1611 4441 velut
1633 4388 1789 4458 Apo-

129 4471 309 4527 stolus
343 4472 448 4527 bis
478 4472 673 4528 verbis
690 4474 1038 4529 ostendere?
1056 4473 1190 4528 Vult
1219 4474 1595 4530 manifestare
1618 4490 1787 4530 suam

130 4558 487 4627 doctrinam,
523 4567 580 4616 et
613 4579 676 4617 se
702 4578 903 4617 verum
938 4579 1065 4617 esse
1086 4562 1432 4633 Apostolum
1461 4582 1473 4629 ;
1505 4564 1785 4635 quoniam

1882 652 2023 705 dicit
2054 667 2115 706 se
2148 656 2278 723 post
2307 653 2749 723 quatuordecim
2774 669 2959 708 annos
2981 651 3210 708 venisse
3236 652 3531 726 Jerosoly-

1878 756 2059 806 mam,
2097 757 2274 796 causa
2302 743 2639 797 conferendi
2671 741 3069 815 Evangelium.
3107 742 3218 797 Sed
3253 748 3374 797 orte
3407 759 3531 798 mo-

1882 832 2048 882 vetur
2078 827 2312 899 aliquis,
2348 847 2529 900 quare
2575 838 2707 902 post
2758 836 2843 887 tot
2898 830 3194 887 curricula
3242 847 3532 886 annorum

1880 916 2157 971 venisset.
2177 918 2283 971 Sed
2312 918 2460 973 hanc
2481 920 2795 974 motionem
2820 922 2942 991 ipse
2962 919 3291 985 solvit,cum
3307 918 3528 975 subdit:

1881 1005 2184 1059 Secundum
2206 1010 2609 1063 revelationem.
2625 1009 2788 1063 Tunc
2810 1010 2965 1064 enim
2990 1008 3312 1072 descendit,
3346 1025 3533 1080 quan-

1882 1091 1955 1148 do
1988 1096 2037 1148 ei
2074 1096 2261 1149 fuerat
2293 1097 2632 1161 revelatum,
2668 1098 2721 1151 id
2757 1103 2865 1159 est,
2890 1099 3122 1168 quando
3168 1097 3531 1170 expediebat,

1883 1184 1993 1237 Sed
2022 1200 2203 1253 quare
2227 1184 2411 1240 fuerat
2434 1185 2747 1241 revelatum
2781 1186 2882 1240 ei?
2914 1186 3044 1241 Ideo
3067 1188 3205 1257 quia
3238 1186 3533 1241 altercatio

1882 1277 1940 1326 et
1968 1272 2260 1327 dissensio
2292 1276 2411 1343 jam
2446 1280 2573 1329 orta
2601 1278 2787 1329 fuerat
2819 1277 2874 1329 in
2900 1275 3193 1331 Ecclesiis.
3220 1276 3350 1330 Jam
3373 1275 3529 1329 enim

1884 1360 2098 1415 Galatae
2125 1362 2195 1415 ad
2229 1364 2566 1419 servitutem
2604 1364 2748 1436 legis
2781 1364 3167 1431 transieranf;
3203 1370 3259 1419 et
3284 1364 3413 1418 ideo
3445 1380 3534 1418 re-

1882 1449 2139 1504 velatum
2174 1450 2276 1518 illi,
2302 1456 2592 1522 quatenus
2614 1452 2845 1507 collatio
2872 1453 3161 1523 Evangelii
3190 1467 3373 1507 unum
3406 1469 3535 1508 esse

1885 1553 2059 1592 suum
2091 1544 2149 1593 et
2180 1542 2520 1595 casterorum
2554 1541 2950 1612 apostolorum
2986 1542 3337 1605 ostenderet,
3360 1546 3415 1595 et
3436 1554 3535 1595 eos

1884 1644 1919 1681 a
1948 1628 2225 1682 servitute
2256 1628 2400 1700 legis
2428 1634 2739 1685 revocaret.
2778 1630 2843 1684 Et
2867 1634 3000 1685 nota
3043 1630 3181 1701 quia
3212 1631 3534 1684 Barnabam

1886 1719 1941 1770 et
1970 1716 2167 1770 Titum
2202 1717 2313 1771 sibi
2346 1718 2544 1784 sociat,
2579 1724 2643 1773 ut
2673 1718 2731 1772 in
2764 1736 2860 1774 ore
2891 1720 3166 1784 duorum,
3224 1718 3313 1774 vel
3354 1716 3533 1772 trium

1887 1805 2124 1859 testium
2154 1810 2333 1861 staret
2364 1824 2535 1862 omne
2565 1810 2827 1863 verbum.
2882 1808 3031 1863 Istos
3092 1808 3291 1879 utique
3336 1822 3533 1862 secum

1887 1908 2187 1949 assumere
2219 1894 2419 1965 voluit,
2456 1902 2518 1951 ut
2551 1898 2600 1951 si
2635 1896 2831 1968 aliqua
2862 1904 2989 1953 orta
3012 1898 3221 1952 fuisset
3269 1895 3532 1969 quaestio,

1888 1983 2128 2038 haberet
2156 1988 2355 2054 testes,
2385 1984 2599 2056 quibus
2631 2003 2839 2041 sensus
2869 1991 2925 2040 et
2955 1986 3273 2041 sententias
3305 2002 3422 2040 suae
3455 1984 3538 2039 in-

1888 2073 2168 2127 tentionis
2201 2073 2599 2129 manifestaret
2631 2076 2795 2146 (851).
2830 2076 2899 2129 Et
2955 2075 3350 2130 animadverte
3400 2074 3537 2145 quia

1890 2177 2003 2216 non
2029 2162 2189 2232 dicit,
2225 2163 2409 2217 Didici
2439 2164 2815 2235 Evangelium
2844 2166 2913 2219 ab
2942 2164 3184 2231 illis,sed
3210 2164 3441 2229 contuli,
3474 2167 3539 2219 ut

1892 2252 2223 2305 ostenderet
2255 2269 2314 2307 se
2346 2269 2457 2307 non
2493 2253 2737 2307 minoris
2770 2254 3155 2309 auctoritatis.
3210 2254 3356 2307 Nam
3399 2270 3535 2307 con—

1892 2340 2061 2405 ferre,
2076 2340 2388 2412 aequalium
2404 2346 2521 2408 est;
2540 2342 2761 2397 discere
2774 2358 2928 2410 vero,
2946 2344 3257 2399 minorum.
3284 2341 3537 2395 Seorsum

1893 2436 2103 2499 autem,
2137 2436 2271 2496 etc.,
2324 2431 2392 2485 ad
2455 2431 2754 2502 superiora
2814 2431 3081 2497 refertur,
3136 2430 3232 2485 ubi
3266 2429 3534 2483 dlxerat:

1898 2518 2133 2574 Contuli.
2168 2520 2274 2575 Sed
2307 2520 2450 2574 forte
2510 2520 2661 2575 dicet
2716 2519 2964 2592 aliquis:
3012 2523 3197 2585 Quare
3228 2517 3540 2575 seorsum?

1896 2609 2178 2665 Mentitus
2211 2610 2397 2664 fuerat
2429 2608 2488 2663 in
2522 2609 2790 2681 publico;
2819 2608 3047 2664 volebat
3101 2624 3301 2663 verum
3350 2606 3541 2663 dicere

1894 2706 2160 2752 eeorsum
2184 2698 2211 2751 ?
2241 2697 2352 2752 Sed
2385 2715 2498 2752 non
2533 2703 2621 2753 est
2652 2699 2750 2751 ita.
2784 2696 2907 2753 Non
2942 2696 3096 2753 enim
3146 2695 3538 2752 ministerium

1894 2786 2057 2841 illius
2089 2786 2321 2840 mentiri
2351 2804 2362 2852 ;
2400 2788 2555 2841 unde
2586 2787 2761 2841 etiam
2797 2803 2857 2842 se
2887 2787 3237 2859 magistrum
3276 2786 3538 2855 gentium

1894 2875 2036 2929 dicit
2064 2890 2192 2929 esse
2225 2875 2282 2928 in
2313 2874 2425 2929 fide
2453 2880 2509 2929 et
2538 2876 2775 2930 veritate
2831 2878 2875 2946 (I
2933 2876 3063 2931 Tim.
3100 2893 3159 2945 ιι,
3190 2876 3263 2942 7;
3296 2876 3343 2929 Il
3376 2876 3537 2929 Tim..

1892 2978 1993 3026 vn,
2025 2964 2133 3033 11).
2166 2963 2276 3017 Sed
2310 2965 2463 3034 quod
2498 2965 2845 3036 profundius
2875 2969 2931 3019 et
2962 2964 3239 3020 subtilius
3277 2963 3541 3019 dicturus

1894 3055 2019 3104 erat
2048 3052 2203 3120 quod
2238 3052 2322 3105 illi
2354 3068 2558 3124 capere
2589 3070 2703 3106 non
2735 3058 3017 3123 poterant,
3078 3053 3294 3125 quibus
3352 3053 3543 3107 fuerat

1895 3137 2128 3210 publice
2162 3138 2409 3206 locutus,
2444 3146 2508 3194 ut
2563 3140 2749 3194 illud:
2808 3146 2929 3197 Non
2982 3145 3141 3212 potui
3191 3143 3340 3196 vobis
3393 3141 3547 3212 loqui

1836 3288 1841 3300 τ
1897 3230 2062 3299 quasi
2091 3228 2496 3300 spiritualibus.
2530 3230 2556 3283 1
2585 3229 2704 3283 Cor.
2740 3242 2824 3294 ιιι,
2859 3229 2931 3299 1),
2964 3234 3106 3297 etc.;
3166 3228 3380 3283 idcirco
3412 3245 3543 3283 cum

114 3312 933 3387 interpretatursumpta,sive
956 3323 1168 3374 vocatio
1190 3320 1582 3375 lamentabilis.
1616 3319 1787 3375 Venit
1817 3298 1859 3367 (ἶ

1899 3317 2030 3372 istis
2064 3332 2327 3371 seorsum
2365 3315 2629 3384 contulit,
2665 3316 2801 3387 quia
2858 3333 3061 3388 capere
3119 3321 3404 3389 poterant.
3438 3318 3545 3373 Sed

1900 3406 2039 3477 quid
2066 3406 2175 3460 fuit
2201 3404 2344 3459 illud
2367 3406 2714 3476 profundius
2732 3405 2760 3459 ?
2781 3405 3024 3461 Abolitio
3050 3405 3194 3478 legis
3215 3410 3272 3461 et
3293 3404 3546 3477 dignitas

1898 3496 2120 3565 gratiae.

1969 3585 2044 3639 Ne
2072 3582 2217 3656 forte
2244 3584 2302 3637 in
2332 3598 2572 3638 vacuum
2627 3600 2925 3648 currerem,
2987 3588 3096 3639 etc.
3158 3584 3360 3640 Certus
3391 3584 3547 3639 enim

1898 3676 2023 3726 erat
2048 3671 2356 3742 Apostolus
2388 3687 2449 3727 se
2481 3688 2595 3727 non
2629 3674 2687 3727 in
2717 3689 2966 3727 vacuum
2991 3688 3258 3739 currere;
3286 3672 3382 3727 sed
3417 3688 3546 3743 pro-

1898 3765 2027 3833 pter
2041 3760 2208 3827 alios,
2224 3761 2323 3831 qui
2340 3761 2748 3827 erantincerti,
2772 3761 3148 3833 Evangelium
3169 3762 3425 3817 conferre
3446 3777 3549 3815 vo-

1896 3849 2029 3914 luit,
2053 3854 2115 3903 ut
2137 3850 2277 3904 certi
2302 3850 2683 3904 redderentur
2711 3850 2762 3905 ei
2794 3868 2911 3905 non
2946 3851 3003 3905 in
3035 3867 3281 3906 vacuum
3314 3864 3549 3905 currere

1900 3938 2047 4008 (852)
2076 3943 2177 3991 aut
2206 3936 2555 3992 cucurrisse.

1968 4026 2077 4080 Sed
2108 4040 2278 4095 neque
2314 4026 2484 4087 Titus,
2518 4030 2627 4079 etc.
2662 4024 2821 4079 Talis
2852 4031 2942 4080 est
2972 4026 3239 4091 intentio,
3272 4029 3440 4099 quasi
3464 4028 3546 4082 di-

1899 4118 2092 4168 ceret:
2122 4113 2183 4168 Si
2218 4129 2323 4167 nos
2355 4112 2643 4184 compulsi
2678 4128 2793 4167 non
2828 4114 2974 4182 (853)
3008 4130 3234 4183 sumus,
3295 4116 3391 4185 qui
3423 4131 3547 4169 era-

1899 4219 2029 4257 mus
2051 4202 2107 4255 in
2134 4201 2365 4273 egregia
2396 4201 2627 4255 civitate
2658 4200 2811 4255 inter
2842 4201 3136 4272 apostolos
3167 4205 3224 4255 et
3255 4201 3551 4257 aemulato-

1898 4306 1991 4346 res
2018 4290 2183 4362 legis,
2214 4294 2269 4346 et
2301 4290 2451 4344 inter
2475 4306 2573 4345 eos
2597 4289 2696 4362 qui
2720 4295 2986 4345 nostrum
3011 4290 3361 4361 sanguinem
3385 4290 3551 4346 sitie-

1898 4382 2057 4447 bant,
2082 4385 2146 4435 ut
2167 4379 2684 4435 circumcideretur
2709 4380 2875 4435 Titus
2901 4396 2912 4435 :
2940 4396 3117 4451 quare
3134 4396 3293 4450 vos,o
3317 4379 3548 4451 Galatae,

1896 4485 2028 4523 cum
2056 4469 2276 4524 nullius
2291 4467 2625 4523 violentiam
2647 4468 3040 4524 sustulissetis
3058 4469 3548 4540 (854),alibertate

1896 4557 2097 4628 gratiae
2128 4558 2197 4611 ad
2232 4558 2567 4612 servitutem
2633 4558 2776 4629 legis
2834 4558 3143 4613 transitis?
3170 4557 3278 4614 Sed
3326 4562 3553 4631 propter

134 4647 639 4721 ipsinequaquam
668 4650 845 4705 Deum
874 4650 1268 4722 glorificarent
1290 4651 1346 4705 in
1370 4651 1785 4723 ipso,quorum
1818 4669 1864 4733 Β
1899 4646 2338 4700 subiutroductos
2358 4647 2528 4715 falsos
2559 4651 2786 4717 fratres.
2822 4646 3021 4701 Falsos
3056 4648 3268 4701 fratres
3299 4647 3554 4719 appellat

136 4744 479 4808 persecutor
507 4739 833 4806 exstiterat,
868 4740 982 4793 nisi
1042 4756 1149 4795 suo
1174 4740 1398 4810 judicio
1455 4741 1786 4798 doctrinam
1897 4733 2049 4798 illos,
2084 4736 2185 4805 qui
2218 4735 2301 4789 ita
2328 4735 2717 4799 crediderant,
2752 4739 2873 4790 uta
2898 4734 3119 4790 carnali
3149 4735 3552 4790 observatione

137 4824 290 4883 illius
316 4844 526 4883 veram
560 4843 686 4883 esse
717 4833 1157 4900 cognoscerent.

201 4914 526 4990 (851)(CAP.
553 4915 651 4989 ΙΙ.)
710 4917 913 4973 Deinde
964 4925 1085 4988 post
1140 4933 1313 4973 annos
1356 4918 1784 4990 quatuordecim,

137 5005 239 5061 etc.
263 4998 509 5063 Dixerat
539 5006 697 5062 enim
729 5006 1005 5080 superius
1034 5023 1097 5063 se
1128 5013 1263 5079 post
1294 5023 1483 5063 annos
1535 5012 1655 5065 tres
1686 5025 1785 5064 ve-

150 5254 347 5344 _.(§,46)
392 5253 567 5312 Joan.
603 5268 696 5323 xx,
718 5258 805 5329 17,
841 5257 941 5313 ubi
975 5272 1092 5313 non
1124 5262 1221 5331 ite,
1272 5260 1453 5326 dicite,
1488 5260 1589 5315 sed
1619 5258 1770 5333 vade,

1900 4839 2014 4877 non
2048 4824 2405 4887 recederent,
2429 4840 2577 4894 quos
2601 4823 2776 4877 etiam
2802 4824 2861 4877 in
2886 4822 3269 4893 sequentibus
3289 4822 3551 4893 explora-

1901 4914 2059 4968 tores
2091 4912 2373 4967 nominat.
2409 4910 2805 4985 Exploratoris
2839 4927 3095 4983 namque
3124 4916 3232 4978 est,
3292 4910 3449 4967 aliud
3493 4910 3553 4965 in

1900 4999 2047 5056 facie
2070 5002 2445 5073 praetendere,
2478 5005 2536 5057 et
2560 4998 2719 5055 aliud
2749 5002 2946 5055 mente
2999 4998 3276 5070 cogitare.
3296 4997 3554 5053 Liberta-

1904 5265 1923 5323 l
1974 5197 2124 5273 (852)
2151 5200 2339 5257 Verba
2387 5199 2547 5255 sed...
2598 5211 2848 5264 currere,
2896 5192 2960 5245 in
2992 5190 3109 5246 imo
3137 5190 3401 5263 margine
3431 5190 3556 5247 cod.

1927 5277 2201 5323 eauntur.

1927 5277 2146 5350 98993."
2157 5292 2201 5350 Ξ·
2271 5341 2302 5350 ί.
