3974 5358
458 390 576 451 507
1472 398 1806 463 ATTONIS
1850 398 2440 469 VERGELLENSIS
2483 401 2836 467 EPISCOPI
3684 409 3763 476 508

458 533 577 587 tem
612 546 778 588 suam
813 532 955 589 dicit
986 550 1085 590 eos
1115 533 1413 607 explorem
1433 535 1577 593 velle
1604 556 1615 603 ;
1650 538 1929 609 quoniam
1958 538 2108 594 vole-
2136 535 2191 602 Α
2214 541 2319 610 pit,
2341 538 2438 594 sed
2463 538 2858 595 indifferenter
2876 552 3077 594 omnes
3107 534 3179 593 ad
3235 534 3473 610 gratiam
3500 535 3771 601 salvationis

469 619 611 676 bant
641 638 953 693 agnoscere
983 630 1181 679 utrum
1207 625 1456 681 carnalis
1487 627 1632 698 legis
1662 633 1980 684 servatores
2009 646 2103 684 es-
2212 632 2398 683 vocat.
2432 632 2497 682 Et
2527 628 2653 684 ideo
2682 645 2804 684 mea
2832 628 2981 683 nihil
3011 629 3252 694 interest,
3308 627 3415 684 hoc
3444 634 3541 695 est,
3571 647 3678 687 mea
3700 651 3771 689 au-

467 715 615 765 sent.
652 712 720 765 Et
750 729 928 783 quare
960 714 1329 769 manifestat:
1366 718 1427 771 Ut
1450 733 1549 771 nos
1580 719 1635 771 in
1666 720 1980 774 servitutem
2019 735 2101 773 re-
2214 718 2455 773 ctoritas
2488 722 2662 789 atque
2694 717 2956 773 doctrina
2985 734 3100 772 non
3132 716 3312 771 distat
3339 718 3409 771 ab
3432 717 3774 792 illorum,quia

460 798 725 871 digerent,
752 802 804 855 id
830 808 935 862 est.
960 804 1204 858 excitata
1228 806 1649 875 persecutione,
1684 810 1789 862 nos
1819 808 1889 861 ad
1923 808 2103 862 servi-
2214 823 2369 862 unus
2401 811 2490 861 est
2521 806 2827 878 magister,
2851 806 2949 877 qui
2971 822 3062 861 me
3089 804 3294 861 etillos
3314 806 3776 866 docuit.Verumts-

464 892 649 944 tutem
684 890 828 961 legis
860 891 1172 946 traherent.
1198 894 1405 961 Quibus
1437 911 1605 964 neque
1636 898 1782 966 (855)
1813 897 1882 951 ad
1912 898 2105 953 horam
2216 912 2347 951 men
2384 912 2499 950 non
2530 912 2623 951 me
2652 895 2768 950 illis
2800 895 3061 967 praefero,
3090 912 3203 950 non
3262 894 3600 966 reprehendo
3627 898 3779 968 quales

463 979 742 1033 cessimus.
786 980 1017 1033 Duobus
1050 982 1238 1036 modis
1271 983 1379 1036 iste
1412 982 1572 1039 locus
1604 984 1834 1056 legitur.
1862 986 1922 1040 In
1955 987 2106 1041 veris
2215 984 2469 1051 fuerint;
2505 985 2643 1055 quia
2666 985 2800 1039 Deus
2819 1000 3109 1055 personam
3128 983 3367 1040 hominis
3390 989 3689 1056 nonaccipit,
3708 1005 3780 1045 nec

467 1084 723 1138 namque
753 1069 963 1123 Grmcis
1009 1071 1438 1141 exemplaribus
1502 1073 1784 1130 habetur:
1836 1092 2006 1147 neque
2035 1076 2109 1131 ad
2216 1074 2771 1144 praeteritajudicat,
2796 1089 2899 1127 nec
2920 1071 3167 1128 attendit
3188 1070 3621 1145 qualisquisque
3636 1074 3780 1139 fuerit,

466 1156 695 1211 horam:
728 1156 784 1210 in
818 1158 1173 1228 quibusdam
1237 1160 1493 1218 Latinis:
1557 1164 1761 1231 Quibus
1812 1164 1887 1219 ad
1917 1165 2107 1218 horam
2218 1163 2538 1235 sed,qualis
2557 1162 2798 1228 sit.Quis
2817 1163 2970 1218 enim
2996 1161 3779 1236 accusabitquemipseelegit?

463 1247 745 1301 cessim-us.
779 1248 885 1301 Sed
920 1248 964 1301 si
1000 1250 1320 1303 secundum
1374 1251 1599 1306 Graecos
1646 1252 1826 1324 legas,
1859 1252 1991 1307 talis
2019 1258 2109 1309 est
2213 1254 2327 1307 Aut
2358 1253 2491 1325 quis
2509 1252 2919 1307 condemnabit
2950 1269 3096 1323 quos
3131 1251 3256 1323 ipse
3294 1250 3612 1322 justiﬁcat?
3647 1253 3776 1323 (Rom.

468 1337 885 1405 sensus,quasi
906 1337 1147 1392 diceret:
1182 1338 1224 1393 Ο
1256 1356 1376 1405 vos,
1410 1340 1643 1407 Galatae,
1679 1341 1725 1395 si
1761 1359 1866 1397 nos
1898 1342 2106 1396 cessis-
2215 1359 2340 1407 v111,
2374 1342 2463 1411 33,
2494 1341 2608 1411 34.)
2640 1345 3058 1396 Verumtamen
3089 1338 3191 1411 qui
3220 1339 3353 1395 illos
3383 1338 3598 1407 idiotas,
3623 1345 3670 1395 et
3692 1340 3779 1396 sine

468 1439 669 1479 semus
690 1424 835 1495 (856)
869 1430 932 1479 ut
954 1426 1119 1482 Titus
1143 1428 1978 1500 circumcideretur,haberetis
2006 1448 2107 1486 vos
2215 1428 2362 1501 legis
2394 1430 2581 1500 gloria
2606 1429 2793 1501 potuit
2822 1430 3023 1485 doctos
3051 1432 3108 1483 et
3135 1427 3421 1500 gloriosos
3437 1428 3622 1494 facere,
3642 1429 3779 1498 potuit

466 1512 827 1567 occasionem
862 1514 1090 1569 dicendi
1119 1532 1130 1569 :
1160 1518 1452 1587 Apostole,
1486 1534 1665 1589 quare
1722 1520 1880 1591 cogis
1939 1536 2044 1574 nos
2076 1537 2110 1574 a
2216 1522 2274 1572 et
2304 1535 2397 1573 me
2428 1518 2700 1590 peritum,
2735 1523 2790 1573 et
2820 1519 2878 1572 in
2911 1517 3034 1589 lege
3053 1516 3396 1589 gloriosum,
3418 1516 3603 1571 eodem
3627 1516 3775 1587 spiritu

467 1602 931 1667 circumcisione,
956 1609 1011 1658 et
1037 1606 1257 1660 caeteris
1289 1607 1790 1663 observationibus
1822 1610 2105 1679 recedere,
2219 1606 2461 1678 replere.
2488 1610 2551 1661 ut
2574 1607 2725 1662 sicut
2752 1607 2833 1661 fui
2856 1606 3149 1677 gloriosus
3180 1605 3241 1661 in
3274 1604 3422 1677 lege,
3452 1604 3557 1659 sim
3579 1605 3684 1659 etin
3705 1605 3775 1660 hac

464 1707 597 1746 cum
613 1695 674 1745 tu
693 1698 860 1746 tuum
877 1692 1153 1749 dilectum
1170 1694 1658 1752 acircumcisione
1674 1698 1979 1768 prohibere
1992 1714 2107 1753 non
2218 1703 2401 1769 parte.
2434 1697 2583 1751 Sunt
2608 1696 2707 1767 qui
2732 1694 3075 1768 intelligunt
3098 1712 3215 1750 non
3238 1694 3311 1749 de
3334 1692 3597 1765 apostolis
3615 1692 3775 1748 dictum

464 1780 751 1852 potuisti?
780 1781 847 1836 Et
870 1799 1049 1853 quare
1071 1801 1185 1839 non
1210 1785 1503 1851 cessisset,
1528 1786 1830 1843 subdendo
1863 1787 2105 1843 manife-
2219 1784 2421 1857 quales
2454 1785 2687 1852 fuerint,
2722 1786 2820 1839 sed
2855 1784 2925 1839 de
2957 1784 3072 1853 his,
3128 1783 3231 1854 qui
3285 1783 3438 1854 apud
3495 1798 3584 1837 eos
3616 1780 3722 1837 clari
3742 1785 3780 1837 et

465 1872 601 1924 stat.
630 1872 691 1926 Ut
712 1872 908 1925 veritas
940 1873 1227 1942 Evangelii
1252 1878 1471 1929 maneat
1502 1876 1653 1946 apud
1712 1892 1818 1932 vos.
1880 1877 1935 1930 Si
1978 1893 2109 1931 vero
2138 1910 2187 1975 B
2220 1891 2444 1946 magna:
2471 1877 2637 1929 erant
2667 1873 3050 1938 auctoritatis,
3090 1872 3459 1927 aemulatores
3486 1875 3656 1975 tamen
3680 1869 3779 1941 legis

464 1958 958 2029 legassecundum
981 1962 1641 2031 Latinos,cessimus,non
1662 1965 2105 2037 intelligendum
2139 1958 2186 1975 ”
2218 1964 2529 2019 existentes
2555 1966 2646 2029 ;et
2668 1962 2794 2017 ideo
2816 1962 2973 2017 dicat
3003 1960 3149 2016 nihil
3176 1978 3304 2015 mea
3335 1962 3573 2029 interest,
3602 1959 3685 2013 hoc
3705 1964 3778 2025 est,

464 2052 553 2103 est
584 2048 652 2103 de
685 2048 1149 2113 circumcisione,
1178 2053 1277 2106 sed
1304 2052 1373 2107 de
1390 2054 1790 2123 persecutione
1810 2071 1935 2125 quae
1960 2056 2111 2110 facta
2220 2070 2334 2108 non
2360 2051 2505 2107 mihi
2537 2069 2687 2107 curas
2719 2054 2807 2106 est
2832 2050 3035 2122 quales
3067 2049 3304 2116 fuerint,
3338 2049 3475 2120 quia
3518 2063 3652 2102 nunc
3677 2046 3779 2102 male

464 2141 563 2192 est-
584 2138 654 2192 ab
686 2138 990 2193 Antiochia
1010 2139 1391 2213 Jerosolymis
1422 2159 1597 2213 super
1628 2143 1737 2198 hac
1769 2144 2105 2215 quaestione.
2225 2141 2508 2197 sentiunt.

463 2227 667 2281 Fertur
696 2228 851 2281 enim
876 2228 1295 2286 Antiouhenses
1318 2231 1534 2285 dixisse
1561 2231 1769 2286 salvari
1802 2249 1913 2286 non
1940 2249 2111 2303 posse
2295 2230 2609 2300 Sequitur:
2634 2229 2769 2285 Mihi
2797 2232 2983 2284 autem
3011 2230 3106 2300 qui
3134 2227 3589 2283 videbanturesse
3612 2224 3777 2296 aliquid,

462 2316 685 2386 absque
706 2314 851 2387 legis
874 2317 1293 2373 observatione.
1324 2319 1389 2373 Et
1409 2319 1536 2374 ideo
1558 2321 1831 2375 cessisset
1861 2323 2109 2392 Aposto—
2218 2320 2364 2374 nihil
2385 2319 2749 2387 contulerunt,
2778 2318 2886 2373 hoc
2917 2321 3028 2387 est,
3055 2317 3153 2388 qui
3188 2332 3415 2388 magnas
3471 2318 3619 2370 erant
3642 2319 3780 2368 aucto-

463 2405 577 2469 lus,
612 2410 677 2460 ut
707 2422 810 2475 pro
842 2422 901 2459 re
932 2411 1090 2461 certa
1114 2412 1171 2462 et
1202 2409 1530 2463 necessaria
1589 2411 1940 2477 mitteretur,
1974 2428 2111 2483 qua-
2220 2402 3781 2477 ritatis,nihilinsinuarepotuerunt.Attamennotandum

462 2498 635 2549 tenus
665 2494 787 2549 haec
818 2494 964 2549 ratio
997 2497 1287 2564 majorum
1311 2498 1535 2565 judicio
1578 2499 1912 2554 firmaretur
1940 2501 2108 2571 (857).
2221 2496 2359 2568 quia
2391 2513 2569 2567 supra
2598 2495 2743 2550 dixit
2772 2512 2784 2550 :
2822 2495 3083 2565 Contulit,
3106 2500 3163 2549 et
3191 2509 3353 2549 nunc
3374 2494 3510 2549 dicit
3531 2510 3543 2548 :
3564 2492 3688 2548 Nihil
3704 2506 3784 2545 con-

463 2582 678 2639 Etideo
709 2583 905 2649 cessit,
942 2588 1003 2637 ut
1033 2585 1243 2639 veritas
1303 2586 1596 2658 Evangelii
1653 2592 1915 2643 maneret
1954 2590 2108 2660 apud
2222 2588 2484 2642 tulerunt.
2518 2584 2656 2639 Vult
2681 2583 2827 2639 forte
2854 2583 2947 2639 his
2974 2582 3166 2639 verbis
3221 2582 3526 2638 ostendere
3552 2597 3608 2636 se
3645 2578 3783 2649 aliqua

463 2668 720 2726 Galatas.
754 2672 915 2736 Quod
948 2672 995 2726 si
1030 2673 1099 2727 de
1131 2673 1573 2730 circumcisione
1621 2675 1942 2747 intelligas,
1977 2678 2110 2733 talis
2221 2691 2434 2747 magna
2467 2673 2580 2727 illis
2604 2672 3089 2743 contulisse,quse
3113 2675 3337 2743 egerat,
3367 2669 3455 2725 vel
3482 2671 3727 2736 docuerat,
3748 2671 3783 2720 et

462 2764 552 2815 est
582 2776 828 2815 sensus:
865 2760 1163 2816 Cessimus
1195 2763 1266 2817 ad
1291 2762 1492 2818 horam
1514 2764 2113 2821 utcircumcideretur
2221 2764 2335 2836 ipsi
2367 2780 2434 2819 ea
2455 2761 2804 2833 ignorabant
2829 2778 2842 2828 ;
2866 2760 2998 2817 illos
3015 2764 3211 2816 autem
3242 2758 3393 2815 nihil
3414 2759 3521 2815 sibi
3546 2756 3783 2813 contulisse

466 2848 652 2913 Titus,
687 2864 801 2903 non
833 2852 1028 2903 tamen
1060 2866 1127 2904 ea
1159 2850 1499 2919 intentione,
1534 2869 1651 2923 qua
1680 2853 1763 2907 illi
1820 2853 2108 2921 volebant,
2221 2852 2377 2924 Quod
2410 2867 2545 2906 eum
2581 2850 2805 2905 lateret.

466 2937 564 2992 sed
598 2936 1023 3007 proclamantes
1055 2939 1563 2995 circumcisionem
1609 2942 1753 2996 nihil
1801 2942 2010 2998 valere.
2044 2943 2113 2997 Et
2292 2941 2395 2999 Sed
2422 2949 2617 2997 contra
2647 2940 2794 3011 (859)
2824 2956 2948 2993 cum
2984 2938 3246 2994 vidisth
3306 2938 3445 3009 quod
3496 2935 3715 2992 creditum
3736 2938 3785 2985 est

469 3026 599 3079 ideo
630 3025 936 3093 cessimus,
964 3027 1375 3098 quiainstabat
1397 3030 1741 3100 periculum,
1767 3032 2114 3087 imminebat
2220 3031 2362 3087 mihi
2390 3028 2780 3101 Evangelium,
2814 3033 2922 3083 etc.
2954 3031 3362 3101 Cognoverunt
3399 3026 3548 3083 enim
3595 3018 3782 3095 Apostoli

471 3130 629 3169 mors
655 3132 668 3179 ;
695 3120 752 3169 et
772 3116 821 3170 si
850 3132 953 3170 nos
977 3116 1263 3172 interfecti
1289 3120 1795 3186 essemus,veritas
1819 3121 2109 3193 Evangelii
2222 3120 2374 3191 quod
2402 3135 2555 3174 unus
2580 3118 2856 3187 idemque
2878 3122 3032 3172 esset
3059 3116 3346 3173 Dominus
3365 3121 3422 3171 et
3438 3114 3696 3187 magister,
3718 3106 3782 3178 qui

471 3219 586 3257 non
618 3209 877 3260 maneret
900 3206 1052 3276 apud
1076 3206 1513 3278 illos,quoniam
1534 3226 1648 3264 non
1672 3211 2111 3281 essetquinun-
2164 3280 2185 3281 ﬂ
2227 3208 2379 3275 illos,
2408 3213 2466 3263 et
2494 3206 2743 3261 Paulum
2779 3205 2998 3271 docuit,
3031 3209 3089 3260 et
3144 3206 3303 3276 quod
3363 3205 3433 3259 ab
3478 3202 3569 3258 illo
3593 3194 3785 3256 didicerit

470 3291 659 3347 tiaret.
684 3292 831 3347 Dicit
851 3294 1003 3349 enim
1030 3295 1232 3350 beatus
1264 3296 1651 3368 Hieronymus
1677 3315 1688 3352 :
1723 3299 1840 3353 Ista
1864 3280 2114 3367 conjun-
2146 3280 2188 3345 C
2228 3297 2448 3352 Paulus
2478 3294 2875 3367 Evangelium,
2926 3312 2959 3349 a
2988 3310 3103 3365 quo
3132 3298 3191 3349 et
3219 3294 3426 3349 Petrus
3454 3310 3465 3347 :
3496 3296 3549 3347 et
3591 3289 3692 3344 ideo
3709 3299 3786 3338 non

473 3381 608 3445 ctio,
642 3398 771 3452 quae
796 3389 885 3437 est
916 3392 1117 3450 autem,
1151 3386 1448 3455 superflua
1503 3392 1589 3439 est
1623 3388 1801 3457 (858);
1838 3387 2115 3457 quoniam
2226 3391 2381 3442 esset
2410 3386 2643 3456 dispar:
2679 3387 3079 3440 verumtamen
3112 3382 3311 3437 divina
3340 3386 3531 3438 actum
3560 3381 3679 3435 esset
3699 3373 3781 3427 dis:

474 3486 589 3524 non
606 3469 779 3524 habet
802 3472 953 3539 quod
978 3470 1028 3525 ei
1056 3473 1422 3542 respondeat,
1446 3473 1528 3527 vel
1554 3475 1704 3545 quod
1732 3492 1857 3529 eam
1882 3474 2117 3531 conclu-
2230 3474 2590 3547 pensatione,
2626 3473 2821 3528 utduo
2843 3476 3075 3527 essent:
3105 3488 3260 3527 unus
3294 3487 3495 3527 eorum
3524 3469 3579 3523 in
3606 3466 3788 3522 circum-

476 3558 613 3624 dat;
648 3558 949 3613 etideoita
971 3558 1284 3629 legendum
1308 3566 1432 3615 est:
1463 3562 1565 3617 Sed
1593 3580 1767 3634 neque
1804 3566 1975 3632 Titus,
2003 3569 2115 3619 etc.
2229 3564 2469 3628 cisione,
2505 3562 2652 3618 alter
2681 3562 2737 3616 in
2767 3560 3069 3633 prmputio,
3104 3578 3176 3616 ne
3221 3562 3470 3616 tarditas
3524 3559 3661 3613 fieret
3682 3547 3787 3605 ﬁdei.

474 3651 707 3717 Propter
723 3647 1181 3712 subintroductos,
1214 3649 1430 3719 inquit,
1464 3652 1633 3720 falsos
1660 3654 1885 3721 fratres.
1919 3652 2121 3707 Osten-
2229 3653 2375 3708 Nam
2404 3652 2449 3707 si
2475 3655 2677 3723 gentes
2700 3655 2978 3721 provectas
3001 3649 3204 3713 (etatis,
3229 3649 3401 3721 signo
3424 3664 3534 3703 non
3554 3643 3789 3717 profutura!

477 3734 563 3788 dit
590 3734 743 3789 enim
768 3734 860 3789 his
892 3736 1101 3801 verbis,
1127 3754 1160 3791 ε.
1181 3738 1395 3808 quibus
1427 3739 1769 3810 compulsus
1801 3740 1989 3795 fuerat
2010 3739 2119 3795 cir-
2230 3737 3409 3802 circumcisioniscruciarentur,etacibis
3424 3728 3684 3792 consuetis
3700 3738 3789 3797 pro-

480 3823 795 3877 cunmCidi-
2230 3830 2592 3895 hiberentur,
2629 3828 2699 3882 ad
2734 3827 2907 3883 ﬁdem
2938 3826 3134 3882 venire
3162 3827 3552 3882 tardarentur.
3582 3813 3793 3875 Similiter

551 3912 827 3983 Sequitur
852 3931 864 3967 :
899 3914 979 3967 Ab
1009 3913 1094 3969 his
1122 3922 1325 3982 autem,
1374 3933 1467 3987 qui
1526 3916 1853 3972 videbantur
1881 3934 1992 3974 esse
2018 3920 2125 3974 alz-
2231 3918 2439 3988 Judaei,
2474 3918 2523 3973 si
2554 3934 2588 3973 a
2617 3916 3061 3973 circumcisione
3091 3920 3149 3971 et
3177 3913 3421 3986 antiqua
3469 3912 3676 3966 Patrum
3700 3915 3792 3957 οοιι·

481 4001 633 4072 quid,
659 4005 768 4056 etc.
805 4001 943 4056 Tale
973 4008 1081 4069 est,
1115 4004 1267 4059 sicut
1296 4006 1437 4061 dicit
1497 4006 1903 4079 Hieronymus,
1954 4008 2124 4078 quasi
2235 4006 2567 4074 suetudine,
2601 4023 2703 4078 per
2727 4022 2905 4077 quam
2933 4021 2994 4061 se
3025 4004 3311 4076 gloriosos
3334 4000 3621 4073 jactabant
3644 3998 3795 4061 atq“!

484 4089 726 4145 dixisset
750 4107 762 4145 :
823 4091 1171 4164 Quanquam
1204 4098 1412 4149 Petrus
1441 4093 1692 4150 Jacobus
1724 4100 1781 4151 et
1805 4097 2062 4152 Joannes
2092 4114 2126 4152 a
2235 4096 2350 4151 illis
2374 4096 2539 4166 quasi
2561 4096 2819 4150 secunda
2840 4098 2966 4149 erat
2987 4090 3667 4164 natura,prohiberentur,
3691 4081 3796 4133 certe

483 4179 727 4235 Domino
752 4180 966 4235 fuerint
987 4183 1297 4253 assumpti,
1324 4188 1379 4237 et
1400 4182 1779 4238 clarificatum
1812 4201 1946 4239 eum
1976 4187 2128 4241 vide-
2235 4185 2469 4241 credere
2485 4184 2955 4238 tardarentur.Et
2977 4181 3107 4237 ideo
3130 4181 3333 4237 Petrus
3351 4176 3592 4252 speciale
3604 4167 3797 4261 officii)?

484 4268 624 4333 rint,
657 4274 714 4323 et
745 4285 921 4339 super
950 4270 1080 4325 illos
1139 4271 1521 4326 fundamenta
1576 4271 1839 4327 Ecclesiae
1882 4274 2123 4343 jecerit;
2237 4271 2669 4345 prmdicationis
2700 4271 2759 4326 in
2785 4269 3255 4337 circumcisione,
3279 4268 3493 4325 Paulus
3512 4279 3632 4320 vero
3650 4254 3799 4345 αοθίρίί

488 4357 631 4411 mihi
665 4362 860 4412 tamen
894 4358 1038 4412 nihil
1073 4359 1334 4425 interest,
1395 4361 1532 4431 quia
1564 4377 1678 4415 non
1720 4341 2001 4417 adversus
2031 4380 2129 4419 eos
2237 4341 2297 4417 in
2319 4360 2625 4433 praeputio,
2646 4364 2939 4431 quatenus
2969 4358 3305 4431 quicunque
3334 4374 3404 4413 ex
3429 4350 3633 4412 Judasis
3655 4341 3799 4402 οωάο·

490 4444 720 4515 loquor,
752 4447 850 4516 qui
884 4446 1195 4501 Dominum
1226 4447 1285 4501 in
1319 4464 1490 4502 carne
1521 4449 1759 4503 fuerunt
1788 4452 1992 4517 secuti,
2027 4453 2128 4508 sed
2239 4455 2389 4517 rent,
2422 4449 2705 4505 haberent
2734 4449 2970 4503 Petrum
3026 4448 3175 4520 (860)
3233 4462 3407 4518 quem
3457 4438 3799 4513 sequerentur;

489 4533 766 4588 adversus
800 4550 918 4599 eos,
954 4535 1055 4606 qui
1088 4535 1271 4607 legem
1305 4536 1501 4607 gratia:
1533 4538 1863 4608 preferunt.
1888 4541 2013 4595 Non
2037 4542 2131 4596 de-
2240 4539 2512 4595 similiter
2542 4542 2598 4593 et
2626 4537 2927 4592 credentes
2960 4552 3027 4591 ex
3056 4536 3351 4608 gentibus,
3375 4530 3709 4588 Paulum.A0
3734 4530 3800 4589 Per

490 4621 660 4677 traho
681 4624 1153 4692 praecessoribus,
1179 4641 1366 4696 neque
1389 4642 1597 4681 accuso
1626 4628 1897 4699 majores,
1930 4631 2029 4685 sed
2062 4630 2128 4685 ﬁ-
2161 4648 2208 4712 D
2240 4629 2349 4684 hoc
2368 4643 2545 4699 super
2572 4626 2733 4682 varia
2754 4625 3152 4681 observatione
3174 4642 3289 4681 non
3319 4623 3532 4694 dispar,
3562 4615 3647 4674 sed
3670 4617 3800 4667 unum

492 4709 800 4765 ducialiter
819 4711 947 4767 dico
972 4712 1109 4783 quia
1130 4714 1270 4768 Deus
1292 4730 1586 4784 personam
1606 4716 1843 4772 hominis
1861 4733 1972 4772 non
1995 4720 2135 4773 acci-
2161 4709 2198 4712 ⁷
2240 4720 2395 4772 esset
2416 4713 2813 4787 Evangelium.

560 4873 710 4943 (855)
728 4872 981 4927 Verbum
1014 4890 1186 4947 neque
1215 4892 1395 4947 supra
1414 4876 1655 4931 verbum
1687 4876 1775 4945 ad,
1811 4877 2012 4932 eodem
2044 4882 2133 4933 ta-
2240 4892 2460 4931 sensum
2490 4873 3040 4947 acciperedebemus,
3071 4878 3132 4928 ut
3167 4873 3250 4947 ad
3274 4872 3491 4947 horam
3541 4864 3801 4947 0688iququ

493 4925 625 4998 men
657 4925 2023 5019 caractereiposijtiim.inrepicituﬂr:Videbiturper
2044 4925 2130 5019 ἐξ,
2240 4925 2664 5002 circumcidendi
2690 4946 2822 5019 _Titi,
2876 4945 2991 5019 sed,
3020 4925 3205 5019 (ἐξιηάί
3221 5018 3227 5019 ί
3257 4941 3630 5019 Ιενοδοιψηαίη

494 4996 620 5074 qua:
654 4996 2133 5074 seiuueniturr.'auctorem-bostrumpluribusﬁectio:
2243 5021 2355 5072 Duo
2383 5019 2589 5072 scilicet
2646 4996 2853 5072 idcirdo
2902 5017 3229 5072 subiectioni
3285 4996 3739 5069 cesserintPaulu:
3770 4996 3803 5048 ά
