3974 5358
159 238 273 298 517

744 230 1165 295 EXPOSITIO
1209 233 1285 294 IN
1331 234 1760 295 EPISTOLAS
1809 232 2069 295 PAULI.
2112 263 2190 278 —
2224 232 2299 294 IN
2349 231 2597 295 EPIST.
2642 234 2744 292 AD
2792 232 2967 293 GAL.

3440 232 3562 293 518

160 369 266 435 Qui
300 368 406 424 hoc
435 365 523 422 vel
554 364 697 422 illud
718 365 938 432 fecerit,
973 370 1159 421 marte
1192 366 1475 422 moriatur
1496 368 1673 439 (889);
1706 371 1799 422 et:
1832 371 1887 436 Α
1917 368 2071 422 citur
2090 366 2217 436 hoc,
2232 372 2287 421 et
2306 366 2438 433 alio,
2462 368 3146 441 illud,quemadmodum
3164 364 3331 421 aliter
3346 368 3560 421 dicitur

164 460 269 527 Qui
296 458 493 513 coierit
516 471 643 511 cum
687 455 936 510 masculo
968 470 1173 510 sommo
1196 457 1455 526 femineo,
1488 464 1658 511 morte
1684 473 1805 511 mo-

160 550 346 603 riatur
375 545 543 616 (890).
584 544 652 599 Et
701 547 840 598 sunt
876 542 1091 599 iterum
1123 545 1221 615 qui
1245 546 1671 615 justificantur,
1706 545 1806 599 sed

162 635 319 708 apud
353 634 561 703 Deum,
584 631 642 686 id
664 637 774 696 est,
804 629 889 685 illi
913 632 1035 703 qui,
1060 633 1353 687 credendo
1376 634 1434 688 in
1458 631 1809 699 illum,nibil

165 723 324 779 aliud
358 721 668 793 requirunt
698 725 905 790 praeter
933 720 1149 791 ipsum.
1186 722 1254 775 Et
1280 721 1478 777 volens
1509 722 1813 777 ostendere

164 812 299 885 quis
328 815 485 866 esset
504 809 706 880 justus
728 808 882 880 apud
909 808 1458 879 Deum,subjunxit:
1493 811 1811 879 Manifesta-

164 910 282 958 tum
311 899 457 970 (891)
489 903 593 968 est,
636 901 743 952 etc.
778 900 897 951 Hoc
922 896 1136 952 etenim
1170 898 1228 951 in
1281 899 1552 954 Habacuc
1604 898 1816 969 legitur

168 989 390 1061 (Hebae.
420 987 523 1059 11);
583 986 685 1041 sed
717 985 777 1041 in
833 985 1188 1056 quibusdam
1247 988 1675 1059 exemplaribus
1722 1002 1812 1041 se-

167 1077 428 1134 cundum
454 1073 836 1147 Septuaginta
858 1074 1179 1129 invenitur:
1202 1092 1273 1130 ea:
1292 1076 1398 1145 ﬁde
1428 1093 1577 1138 mea;
1601 1075 1816 1146 Aquila

164 1183 300 1222 vero
331 1167 449 1237 ejus
480 1165 641 1233 dicit,
668 1162 1040 1231 subauditur,
1069 1164 1167 1219 Dei
1187 1165 1353 1235 (892).
1388 1166 1451 1219 In
1474 1181 1539 1221 eo
1563 1181 1817 1236 namque

165 1255 324 1328 quod
373 1254 553 1310 dicit:
586 1254 669 1308 Ea:
698 1252 803 1323 ﬁde
830 1254 963 1307 vivit
1000 1254 1205 1324 justus,
1259 1255 1512 1309 ostendit
1551 1254 1690 1326 quia
1720 1253 1817 1308 ille

158 1346 370 1417 justus
400 1344 500 1414 qui
530 1342 679 1415 (893)
711 1358 828 1396 non
859 1341 1036 1397 habet
1066 1342 1261 1411 ﬁdem,
1287 1360 1401 1398 non
1429 1342 1587 1412 vivit,
1612 1358 1815 1413 quem-

168 1433 496 1490 admodum
520 1430 779 1486 Paulus:
830 1430 956 1503 ipse
996 1447 1249 1503 namque
1271 1433 1471 1503 justus
1505 1436 1646 1500 erat,
1681 1431 1821 1503 quia

167 1523 303 1579 sine
326 1520 565 1593 querela
590 1519 819 1575 vivebat
841 1519 900 1575 in
922 1520 1047 1591 lege
1071 1537 1084 1587 ;
1110 1520 1210 1575 sed
1233 1524 1429 1576 tamen
1452 1538 1567 1576 non
1596 1521 1823 1576 vivebat

169 1629 242 1669 ex
301 1611 441 1678 fide,
464 1609 603 1682 quia
619 1626 736 1665 non
784 1609 1037 1664 habebat
1056 1608 1223 1665 illum
1247 1610 1345 1680 qui
1377 1610 1549 1666 dixit:
1574 1612 1681 1681 Ego
1700 1627 1823 1665 sum

166 1702 296 1757 vita
322 1702 502 1770 (Joan.
533 1716 647 1754 xxv.
678 1699 756 1769 6).
792 1698 875 1753 lta
904 1701 1099 1752 autem
1128 1697 1377 1754 dicitur:
1400 1702 1583 1755 Justus
1620 1715 1689 1754 ea:
1718 1698 1822 1768 ﬁde

169 1793 335 1859 vivit,
373 1788 871 1862 quemadmodum
894 1786 1007 1841 dici
1040 1791 1266 1859 potest:
1292 1788 1521 1853 Castus,
1545 1788 1823 1860 prudens,

173 1886 540 1951 temperans,
572 1894 642 1932 ex
672 1877 784 1931 ﬁde
812 1875 968 1942 vivit,
1003 1893 1139 1931 nam
1170 1882 1362 1948 potest
1392 1878 1525 1948 quis
1557 1878 1670 1933 ista
1700 1894 1829 1933 om-

175 1970 284 2026 nia
331 1967 548 2023 habere
578 1967 706 2021 sine
766 1965 898 2020 fide.
930 1969 1130 2021 Potest
1185 1970 1241 2021 et
1297 1966 1464 2021 aliter
1511 1966 1828 2038 distingui:

180 2061 370 2116 Justus
397 2072 469 2112 eo:
494 2055 598 2127 ﬁde
626 2056 800 2117 vivit;
830 2053 889 2108 id
920 2058 1026 2119 est,
1060 2054 1157 2110 ille
1195 2056 1296 2126 qui
1327 2072 1395 2111 ex
1444 2057 1557 2111 ﬁde
1587 2063 1693 2127 est,
1736 2055 1833 2111 ille

180 2148 339 2204 vivit.

254 2265 370 2319 Lex
399 2269 586 2318 autem
612 2276 725 2317 non
751 2264 829 2317 est
856 2277 925 2316 ea:
953 2261 1077 2331 ﬁde.
1132 2262 1468 2317 Notandum
1509 2262 1662 2317 enim
1698 2262 1837 2334 quia

178 2354 364 2409 homo
383 2367 487 2423 per
498 2350 670 2406 ﬁdem
694 2348 981 2421 spiritalia
993 2350 1144 2405 bona
1160 2350 1834 2423 praestolatur,quoniam

172 2442 334 2497 ﬁdes
363 2439 597 2496 illarum
630 2456 823 2495 rerum
855 2444 944 2495 est
972 2455 1103 2511 quae
1132 2456 1247 2494 non
1290 2441 1560 2497 videntur
1584 2466 1598 2509 ;
1622 2440 1682 2495 in
1712 2440 1839 2513 lege

167 2546 324 2586 vero
358 2547 474 2585 non
523 2534 612 2585 est
659 2530 824 2599 fides,
874 2529 1014 2600 quia
1067 2530 1193 2584 suis
1234 2531 1727 2599 observatoribus,
1752 2530 1840 2585 vel

168 2618 689 2689 contemporibus,
723 2618 879 2688 quod
909 2616 1135 2683 tribuit,
1159 2619 1476 2689 temporale
1499 2624 1588 2674 est
1618 2624 1675 2674 et
1705 2618 1840 2673 visi-

167 2708 330 2764 bile.
354 2708 501 2763 Nam
532 2706 580 2761 si
605 2721 836 2776 poenam
867 2704 1041 2759 infert
1071 2706 1843 2778 contemptoribus,visibilis

161 2802 278 2853 est
306 2814 318 2864 ;
354 2795 403 2852 si
432 2811 565 2850 vero
596 2794 1067 2849 observatoribus
1097 2795 1340 2860 donum,
1389 2795 1707 2867 temporale
1736 2800 1843 2851 est.

259 2919 370 2975 Sed
401 2918 577 2989 (894):
625 2918 730 2985 Qui
756 2918 955 2988 fecerit
986 2934 1110 2973 eam
1163 2919 1333 2989 (895),
1387 2925 1495 2975 etc.
1530 2920 1676 2975 Nota
1706 2920 1846 2991 quia

163 3024 335 3066 cum
368 3007 612 3062 dixisset
640 3023 778 3073 eam,
811 3007 1135 3078 subjunxit,
1187 3025 1302 3064 non
1352 3011 1410 3063 in
1456 3025 1599 3076 eam,
1648 3011 1746 3064 sed
1787 3012 1848 3064 in

1919 456 2119 527 lingua
2143 456 2497 523 membrum,
2524 459 2677 529 quod
2702 463 2967 513 movetur
2994 456 3051 511 in
3077 455 3289 526 capite,
3321 460 3375 509 et
3396 456 3563 511 aliter

1921 544 2116 614 lingua
2147 547 2365 609 Grmca,
2400 547 2655 615 Hebraea,
2680 551 2736 601 et
2766 547 2919 601 sicut
2951 544 3117 601 aliter
3139 561 3348 599 manus
3380 561 3561 599 mem-

1920 632 2093 687 brum
2126 633 2407 705 corporis,
2441 639 2497 687 et
2555 636 2723 689 aliter
2752 636 3012 706 scriptio,
3065 640 3127 688 ut
3179 634 3225 687 si
3278 633 3564 688 dixerim:

1920 722 2074 776 After
2105 739 2343 776 manum
2378 728 2563 789 tuam,
2598 722 2713 777 vel:
2749 724 2831 777 Da
2863 724 3004 777 mihi
3042 740 3280 777 manum
3310 728 3491 777 tuam.

1996 816 2061 865 Et
2081 811 2219 881 quia
2240 812 2452 865 durum
2482 811 2783 866 videbatur
2798 812 2948 882 quod
2971 812 3215 877 dixerat,
3237 812 3438 866 volens
3461 812 3568 866 hoc

1922 900 2259 955 testimonio
2292 900 2656 963 conﬁrmare,
2684 900 2986 969 subjunxit
3011 918 3022 954 :
3048 899 3366 956 Maledictus
3396 903 3573 955 omnis

1925 992 2105 1061 (Deut.
2139 1005 2254 1054 xxx,
2308 989 2420 1054 23),
2456 992 2563 1042 etc.
2599 989 2746 1042 Nota
2778 990 2915 1058 quia
2965 1005 3077 1043 non
3111 989 3282 1059 dicit:
3328 990 3573 1057 Quilibet

1925 1079 2041 1143 iste,
2075 1077 2161 1132 vel
2194 1078 2305 1143 itte,
2337 1093 2439 1131 nec
2469 1077 2643 1131 etiam
2690 1077 3108 1152 absolutensed
3161 1080 3340 1131 omnis
3361 1096 3382 1139 ;
3418 1079 3573 1133 unde

1931 1167 2070 1221 dicit
2101 1164 2495 1237 Augustinus:
2530 1166 2796 1220 Etiamne
2838 1166 3180 1220 Christum?
3203 1167 3352 1236 (897)
3387 1168 3572 1221 Etiam

1926 1270 2189 1327 prorsus,
2224 1254 2362 1324 qnia
2412 1256 2608 1319 omnis,
2650 1253 2792 1307 Dicit
2822 1254 2994 1308 etiam
3030 1255 3191 1325 ipse:
3227 1255 3269 1310 Ο
3297 1254 3571 1322 haeretici,

1929 1360 2045 1399 non
2060 1344 2258 1397 minus
2276 1342 2774 1414 praeviditMoyses
2798 1343 3106 1398 sanctosin
3130 1360 3299 1398 cruce
3322 1345 3575 1411 futuros,

1930 1433 2031 1489 sed
2066 1433 2208 1487 bene
2240 1432 2501 1503 praevidit
2539 1431 2838 1486 haereticos
2867 1431 3079 1486 Christi
3108 1438 3355 1487 mortem
3400 1448 3576 1504 nega-

1930 1526 2132 1586 turos;
2167 1521 2335 1590 quasi
2386 1520 2637 1575 diceret:
2672 1520 2714 1573 Ο
2748 1519 3026 1586 haeretici,
3063 1536 3244 1591 quare
3277 1520 3578 1587 laboratis,

1932 1625 2111 1681 quare
2140 1608 2432 1664 conanimi
2464 1624 2599 1662 eum
2630 1624 2840 1680 negare
2866 1608 3259 1680 maledictum,
3283 1626 3457 1680 quem
3481 1627 3580 1665 ne-

1895 1746 1901 1755 .
1934 1715 2043 1769 que
2076 1698 2302 1769 Moyses
2334 1698 2672 1768 praeviderat
2695 1698 3048 1753 moriturum
3072 1699 3098 1752 ?
3131 1699 3191 1752 In
3225 1699 3581 1769 quibusdam

1938 1786 3036 1859 exemplaribusinvenitur:Matedictus
3076 1790 3254 1843 omnis
3278 1790 3379 1842 Deo
3405 1790 3576 1857 (898).

1939 1877 2053 1931 Nec
2086 1876 2191 1930 hoc
2214 1880 2303 1929 est
2332 1875 3004 1945 contrarium,quoniam
3030 1878 3139 1931 nisi
3166 1878 3309 1931 mori
3346 1878 3583 1931 habuis-

1940 1971 2029 2021 set
2059 1964 2206 2035 (899)
2239 1970 2495 2035 peccata,
2525 1970 2581 2018 et
2616 1970 2863 2019 mortem
2897 1970 3175 2032 nostram,
3211 1982 3582 2037 nequaquam

1942 2053 2150 2108 Filium
2182 2069 2355 2107 suum
2389 2052 2695 2108 direxisset
2727 2058 2975 2109 mortem
3000 2060 3258 2109 nostram
3292 2054 3588 2124 suscipere

1944 2147 2008 2197 ut
2059 2159 2165 2197 nos
2197 2159 2229 2195 a
2258 2141 2451 2196 debito
2502 2142 2710 2196 mortis
2756 2142 3051 2197 liberaret.
3085 2144 3244 2209 Quod
3279 2159 3411 2198 vero
3444 2143 3586 2197 dicit

1946 2234 2141 2301 omnis,
2175 2230 2526 2285 subauditur
2581 2232 2843 2296 moriens,
2895 2232 2987 2301 qui
3036 2232 3252 2302 pendet.
3302 2234 3589 2287 Confitere

1947 2337 2103 2393 ergo,
2138 2337 2169 2374 ο
2200 2319 2485 2385 hazretice,
2520 2318 2897 2373 maledictum
2925 2336 2937 2385 ;
2963 2320 3099 2390 quia
3120 2320 3169 2374 si
3201 2336 3379 2392 negas
3411 2319 3589 2375 male-

1948 2410 2057 2465 dici
2070 2424 2374 2480 um,negas
2390 2413 2710 2462 mortuum.
2731 2408 2800 2461 Et
2815 2424 2993 2479 quare
3018 2408 3394 2464 maledictum
3419 2411 3589 2481 (900),

1950 2500 2188 2555 subdit:
2226 2500 2288 2554 Ut
2319 2499 2377 2551 in
2422 2498 2677 2565 gentibus
2722 2496 3024 2551 benedictio
3070 2498 3317 2566 Abrahae,
3350 2504 3461 2555 etc.
3489 2518 3501 2562 ;
3534 2499 3593 2553 id

1950 2594 2058 2659 est,
2092 2592 2157 2643 ut
2214 2591 2413 2658 gentes
2471 2587 2758 2641 credendo
2816 2585 2876 2640 in
2934 2588 3214 2657 praeputio
3277 2605 3376 2659 per
3421 2589 3593 2643 fidem

1951 2677 2167 2733 Christi
2203 2666 2703 2731 benedicerentur.
2743 2675 2807 2731 Ut
2850 2676 3304 2746 pollicitationem
3334 2676 3594 2747 Spiritus,

1953 2771 2087 2833 etc.,
2119 2765 2178 2818 id
2210 2769 2318 2830 est,
2337 2764 2570 2835 utquod
2598 2763 2680 2816 illi
2704 2765 3012 2818 servabant
3037 2781 3139 2835 per
3172 2765 3463 2830 timorem,
3488 2766 3599 2820 hoc

1955 2871 2062 2910 nos
2093 2869 2193 2924 per
2219 2852 2352 2906 fidei
2386 2867 2664 2906 amorem.
2700 2850 2936 2920 Spiritus
2966 2853 3125 2919 dicit,
3160 2854 3300 2924 quia
3329 2854 3440 2909 ista
3468 2870 3597 2925 gra-

1954 2943 2036 2998 tia
2069 2940 2476 3014 promissionis
2511 2956 2610 3010 per
2638 2939 2835 3010 ipsum
2862 2940 3012 2993 facta
3038 2947 3145 2995 est.

2028 3032 2175 3103 (001)
2208 3029 2502 3101 Sequitur.
2538 3029 2756 3082 Fratres
2782 3028 3108 3095 (secundum
3132 3028 3408 3085 hominem
3436 3030 3597 3102 dico).

166 3098 339 3163 ίίίίδν
467 3096 737 3189 Patina“
786 3096 973 3189 193an
1006 3097 1256 3167 Ροδίίθω
1290 3114 1392 3189 PFO
1425 3098 1843 3189 ΡτεθθθΡίῘΒῄΕδ
1875 3101 1916 3167 C
1958 3096 2073 3177 Hoc
2104 3125 2213 3186 est,
2247 3096 2360 3173 non
2422 3118 2745 3173 secundum
2778 3117 2984 3186 Deum,
3046 3134 3231 3189 neque
3280 3096 3601 3175 secundum

163 3190 347 3244 bene
370 3184 512 3239 dicit
541 3185 681 3239 vivet
710 3185 848 3255 quia
877 3186 1275 3241 observatores
1327 3186 1471 3258 legis
1514 3187 1846 3259 protelatio-

166 3288 335 3331 nem
369 3271 731 3326 observando
763 3272 1092 3344 percipiunt
1120 3273 1265 3328 vitae.

268 3387 425 3460 (896)
455 3385 521 3441 Et
549 3386 689 3457 quia
718 3386 959 3454 dixerat,
986 3389 1258 3460 superius
1279 3406 1377 3446 eos
1409 3393 1516 3446 sub
1543 3391 1849 3447 maledicto

173 3476 354 3551 legis
384 3491 533 3541 esse,
566 3473 765 3530 volens
796 3478 1100 3533 ostendere
1123 3496 1236 3550 quo
1262 3480 1408 3535 eruti
1427 3481 1695 3547 fuissent,
1722 3481 1856 3536 sub-

170 3566 436 3641 junxit:
491 3564 738 3620 Christus
786 3581 880 3620 nos
929 3566 1182 3634 redemit,
1217 3574 1325 3624 etc.
1355 3588 1368 3637 ;
1400 3571 1568 3641 quasi
1600 3571 1851 3626 diceret:

176 3658 341 3712 Jam
376 3653 517 3725 quia
546 3653 618 3708 ad
646 3652 973 3709 libertatem
1015 3657 1330 3724 transistis,
1363 3659 1529 3728 quasi
1562 3660 1754 3714 denuo
1785 3659 1854 3714 ad

185 3742 557 3800 servitutem
580 3740 830 3797 transire
851 3742 1147 3799 voluistis?
1169 3744 1240 3800 Ut
1261 3747 1590 3803 ostenderet
1609 3746 1862 3817 qualiter

182 3830 525 3902 redempti,
557 3830 863 3901 subjunxit
887 3847 899 3887 :
927 3835 1121 3888 Factus
1160 3850 1259 3905 pro
1288 3834 1442 3890 nobis
1486 3835 1859 3891 maledictum.

182 3920 547 3979 Notandum
580 3920 801 3991 quiaeo
833 3921 1005 3977 modo
1028 3922 1241 3978 dicitur
1256 3923 1865 3996 maledictum,quem-

186 4010 538 4067 admodum
555 4009 1104 4083 diciturpeccatum,
1126 4014 1225 4069 sed
1244 4013 1356 4069 alio
1373 4016 1544 4070 modo
1558 4019 1864 4087 peccatum

184 4100 346 4173 ipsa
376 4099 766 4171 transgressio
815 4100 907 4154 cui
939 4102 1184 4158 debetur
1229 4120 1420 4175 poena,
1466 4107 1523 4160 et
1552 4104 1666 4160 alio
1692 4104 1866 4159 modo

192 4188 437 4247 dicitur
465 4192 769 4260 peccatum
793 4206 975 4256 mors,
1007 4191 1064 4245 id
1095 4196 1203 4258 est,
1234 4210 1405 4264 poena
1434 4193 1672 4265 peccati.
1705 4194 1775 4248 Et
1806 4192 1867 4248 in

187 4280 326 4335 hoc
356 4278 687 4333 ostenditur
717 4277 858 4349 quia
876 4280 1355 4351 transgrediendo
1378 4297 1706 4353 peccamus,
1742 4298 1867 4336 mo-

190 4368 423 4426 riendo
454 4382 586 4424 vero
609 4384 725 4423 non
757 4383 1068 4440 peccamus
1093 4387 1105 4425 :
1140 4369 1221 4425 ita
1250 4370 1407 4427 enim
1432 4370 1544 4427 alio
1576 4372 1749 4427 modo
1782 4370 1870 4426 di-

292 4566 444 4637 (889)
468 4565 540 4639 _In_
578 4565 757 4621 Exod.
808 4569 866 4621 et
921 4565 1097 4622 Lavit.
1131 4565 1349 4638 pluries
1395 4583 1573 4639 quam
1611 4570 1675 4623 ut
1701 4565 1869 4623 citari

198 4643 422 4695 textus
453 4637 679 4692 debeat.

297 4708 447 4781 (890)
483 4708 655 4781 Levit.
704 4724 799 4774 xx,
850 4709 937 4764 13.
985 4708 1157 4781 Vulg.
1191 4709 1404 4765 habet:
1442 4709 1545 4779 Qui
1573 4710 1870 4766 dormierit

199 4798 351 4839 cum
378 4780 620 4837 masculo
649 4782 795 4835 coitu
821 4782 1087 4850 femineo.

301 4852 442 4924 (891)
473 4850 646 4924 Vulg.
677 4854 1057 4924 manifestum.

303 4922 447 4995 (892')
498 4922 859 4995 Consulatur
914 4924 971 4979 in
1008 4924 1189 4995 hunc
1238 4928 1463 4980 textum
1512 4924 1776 4981 Vallartii
1808 4924 1868 4979 in

201 4997 375 5053 hanc
405 4994 588 5069 Epist.
633 5010 811 5069 super
840 4994 957 5069 divi
975 4994 1315 5069 Hieronymi
1333 4997 1755 5069 commentaria
1776 4996 1873 5052 ad-

206 5066 635 5142 notatio,_pa_g.
664 5066 790 5131 431,
821 5067 961 5142 tomi
992 5066 1094 5142 VI_I
1123 5066 1226 5138 0p.
1263 5068 1377 5123 divi
1409 5068 1762 5142 Hieronymi.

307 5136 716 5212 (893)Ver_hum
740 5137 836 5206 qui
854 5136 1188 5212 addendum
1210 5156 1419 5212 sensus
1441 5136 1867 5212 gratia'censui.

306 5208 637 5285 (894)Levit.
669 5209 904 5285 nxriI,5,
926 5208 1196 5285 custodite
1220 5211 1373 5285 teges
1401 5208 1567 5284 m'eas,
1601 5213 1869 5285 atqueju-

199 5278 547 5358 diseases?
566 5280 792 5358 [ασίενξδ
814 5279 999 5358 Imm
1033 5281 1185 5358 υίυὲ
1204 5284 1264 5358 in
1285 5278 1388 5358 eis:
1436 5355 1443 5358 _

1892 4474 1939 4538 D

1958 3210 2317 3266 reconditam
2352 3206 2720 3278 sapientiam,
2757 3210 2857 3261 aut
2906 3206 3156 3263 solidum
3203 3209 3337 3276 cibi,
3373 3211 3473 3265 sed
3515 3226 3605 3265 se~

1960 3300 2219 3355 cundum
2252 3296 2704 3352 teneritudinem
2733 3295 2891 3350 illius
2920 3296 3020 3368 qui
3051 3303 3289 3369 propter
3318 3298 3606 3355 stomachi

1961 3387 2362 3443 inﬁrmitatem
2394 3384 2538 3440 lacte
2573 3390 2629 3440 et
2659 3402 2785 3440 rore
2816 3385 3077 3457 pascitur
3108 3387 3277 3458 (902).

2034 3477 2343 3547 Sequitur:
2407 3477 2600 3530 Tamen
2642 3474 2880 3530 hominis
2927 3477 3072 3547 (903)
3123 3477 3503 3545 conﬁrmatum
3532 3482 3609 3533 te-

1964 3570 2288 3621 stamentum
2319 3581 2477 3619 nemo
2506 3566 2741 3635 spernit,
2778 3570 2883 3619 etc.
2909 3566 3218 3621 Terrenam
3239 3567 3433 3638 posuit
3455 3566 3615 3622 simi-

1967 3656 2298 3724 litudinem,
2334 3659 2389 3708 et
2438 3654 2588 3721 ideo,
2640 3659 2704 3707 ut
2737 3653 3003 3708 nonnulli
3052 3655 3235 3721 aiunt,
3280 3655 3612 3727 praemisit:

1967 3742 2277 3798 Secundum
2306 3742 2580 3795 hominem
2629 3741 2766 3795 dico.
2802 3741 2964 3795 Unde
3005 3742 3146 3795 dicit
3192 3743 3613 3816 Hieronymus:

1970 3832 2038 3886 Et
2069 3835 2304 3901 propter
2333 3829 2461 3896 hoc,
2498 3828 2637 3899 quia
2679 3828 2764 3882 illi
2793 3829 2995 3882 dicunt
3024 3828 3191 3900 (904),
3226 3834 3508 3901 prmmisit
3535 3848 3616 3887 se-

1971 3920 2213 3976 cundum
2237 3920 2548 3979 hominem;
2572 3916 2822 3971 maxime
2842 3920 3037 3971 tamen
3068 3923 3303 3988 propter
3324 3919 3431 3974 hoc
3463 3922 3619 3991 quod

1973 4009 2114 4065 dicit
2142 4008 2200 4062 in
2234 4006 2638 4079 sequentibus,
2670 4008 2728 4061 in
2778 4006 3126 4070 seminibus;
3166 4010 3348 4061 totum
3381 4008 3619 4080 quippe,

1974 4097 2168 4169 inquit
2195 4097 2362 4167 (905).
2421 4095 2603 4151 Vetus
2634 4100 2690 4149 et
2739 4110 2952 4149 novum
3004 4094 3444 4151 Testamentum
3492 4112 3622 4168 per-

1977 4187 2192 4261 agravi,
2223 4190 2279 4242 et
2326 4200 2515 4256 neque
2564 4185 2621 4238 in
2652 4184 2804 4239 bono
2863 4199 3048 4255 neque
3080 4183 3137 4237 in
3187 4183 3339 4240 malo
3397 4186 3624 4240 semina

1977 4274 2281 4348 pluraliter
2310 4275 2500 4346 posita
2556 4272 2797 4341 inveni;
2848 4272 2988 4343 sive,
3038 4274 3176 4344 quia
3223 4290 3337 4329 non
3387 4279 3624 4346 pactum

1978 4365 2149 4437 (906),
2183 4364 2283 4419 sed
2344 4367 2766 4419 testamentum
2814 4362 3031 4434 posuit.
3066 4366 3211 4417 Nam
3242 4364 3484 4419 verbum
3514 4367 3625 4419 He-

2048 4560 2204 4632 (898)
2225 4558 2369 4632 Vide
2400 4558 2459 4632 in
2488 4558 2640 4615 hanc
2657 4575 2780 4615 rem
2812 4560 3011 4616 divum
3034 4559 3366 4632 Hieronym.
3389 4558 3450 4613 in
3472 4573 3627 4613 com—

1978 4636 2162 4701 ment,
2195 4631 2371 4701 hujus
2402 4631 2505 4701 Ep.

2052 4699 2198 4775 (889)
2235 4699 2589 4757 Desiderater
2619 4701 2763 4757 forte
2794 4702 2891 4757 hic
2922 4699 3209 4770 particula
3238 4700 3452 4769 aliqua,
3486 4702 3630 4769 puta

1980 4777 2064 4843 ob,
2100 4779 2165 4829 ut
2193 4790 2404 4830 sensus
2433 4775 2725 4844 perfectus
2754 4775 2982 4844 evadat,

2055 4836 2201 4917 (900)
2258 4836 2467 4918 Verba,
2519 4846 2715 4918 quia...
2787 4842 3173 4909 maledictum,
3235 4843 3295 4895 in
3353 4836 3635 4911 superiori

1983 4916 2168 4989 marg.
2203 4918 2328 4973 cod.
2362 4916 2656 4989 leguntur.

2058 4982 2202 5061 (901)
2240 4992 2301 5044 In
2333 4982 2527 5061 authg.
2564 5003 2752 5058 marg.
2791 4990 2887 5046 hic
2921 4985 3034 5061 leg.
3068 4997 3203 5061 cap:
3232 4982 3379 5061 X_III.

2057 5054 2203 5132 (902')
2235 5060 2412 5115 Divus
2443 5054 2766 5116 Hieronis
2787 5076 2905 5132 quo
2938 5054 3249 5132 desummo
3281 5054 3395 5106 haec
3418 5064 3645 5119 compa-

1985 5122 2155 5198 ratio,
2189 5122 2358 5187 lectio
2392 5132 2751 5187 Vallartiana
2784 5122 2988 5189 habet,
3020 5122 3185 5174 lacteo
3220 5139 3363 5178 rore.

2057 5202 2421 5274 (903)Au_tog
2450 5203 2646 5274 omnis.
2760 5272 2767 5274 _
2899 5271 2906 5274 _
3009 5265 3017 5274 _
3084 5259 3117 5274 ν

2057 5259 2209 5358 i904)
2245 5272 2361 5358 ηιίν.
2384 5259 2773 5358 ἔοίιὲοφιννίιξλί
2808 5259 3651 5358 ρυὲεὲῑῖἱίέἓγὲῗὶέἓὲἓλτξιιιέηθ

2889 5331 3190 5358 σ-......Α......
3217 5333 3241 5358 L
3259 5337 3395 5358 ..η-ἐ--
3412 5350 3432 5358 -
