3974 5358
371 207 492 267 519

1388 204 1730 265 ATTONIS
1778 202 1984 266 VERC
1995 203 2365 264 ELLENSIS
2411 202 2760 267 EPlSCOPI

3656 205 3766 265 εει)

375 340 596 394 braeum
629 338 782 409 quod
816 337 1029 392 dicitur
1061 336 1235 392 berith
1267 353 1379 391 non
1400 335 1818 407 (907)hominis
1843 339 2015 391 testa-
2046 337 2100 402 Α
2130 352 2439 404 annorum,
2464 335 2667 408 genuit
2691 334 2907 404 Joseph
2941 334 3127 405 (9,“);
3159 332 3477 391 centesimo
3504 348 3644 388 vero
3674 333 3770 388 tri-

290 426 293 427 ⁷
377 434 663 497 mentum,
697 427 797 482 sed
845 431 1079 498 pactum
1134 427 1279 496 (908)
1330 431 1517 480 sonat.
1566 424 1772 480 Nullus
1803 424 2017 480 etenim

368 516 656 588 interpres
688 514 854 570 aliter
885 514 1202 570 transtulit.
1231 514 1445 570 Verum
1470 514 1606 586 quia
1628 532 1741 569 non
1781 515 2019 584 profun-

370 606 657 668 dioribus,
692 604 790 659 sed
826 604 992 675 quasi
1024 603 1364 677 vulgaribus
1396 622 1492 659 eos
1540 604 1730 658 verbis
1762 603 2015 674 alleque-

371 697 566 763 batur,
590 695 714 749 ideo
738 693 1019 765 praemisit
1039 693 1338 748 secundum
1358 694 1649 748 hominem.
1669 694 1817 747 Sane
1840 693 2020 747 scien-

375 785 515 839 dum
569 782 727 853 quia,
761 783 1019 852 quandiu
1072 783 1245 836 homo
1287 782 1427 836 vivit
1465 799 1597 836 cum
1644 786 2016 848 testamento,

370 876 564 944 potest
594 870 789 942 sperni
839 874 1012 941 atque
1069 871 1401 941 corrumpi;
1459 870 1507 925 si
1548 887 1678 925 vero
1713 871 2017 936 moriatur,

372 978 488 1016 non
523 959 819 1031 corrumpi
862 975 1049 1031 neque
1081 959 1297 1013 mutari
1328 958 1497 1014 valet.

442 1048 588 1121 (909)
622 1048 928 1118 Sequitur:
982 1048 1218 1104 Abrahae
1248 1047 1409 1104 diem
1445 1056 1573 1103 sunt
1610 1050 2017 1119 promissiones,

368 1144 475 1195 etc.
496 1137 807 1193 Sciendum
843 1137 979 1208 quia
1003 1139 1157 1208 quod
1177 1153 1333 1191 mors
1354 1138 1476 1208 agit
1499 1138 1554 1191 in
1579 1138 2020 1192 conﬁrmatione

368 1226 727 1292 testamenti,
759 1225 867 1279 hoc
890 1225 1376 1297 agitinviolabilis
1398 1225 1495 1281 Dei
1524 1226 1854 1297 promissio,
1882 1225 2019 1296 quia

370 1316 419 1371 si
448 1315 591 1369 illud
620 1315 916 1385 corrumpi
950 1330 1063 1369 non
1098 1319 1307 1384 potest,
1341 1314 1452 1369 hoc
1491 1314 1661 1369 verbo
1694 1314 1879 1369 multo
1910 1315 2017 1370 mi-

370 1421 501 1460 nus.
537 1403 667 1459 Sive
698 1404 836 1475 quia
859 1407 1042 1458 morte
1072 1402 1330 1458 hominis
1362 1408 1779 1459 testamentum
1813 1404 2021 1457 conﬁr-

369 1498 582 1557 matur,
618 1496 806 1565 potest
838 1491 920 1546 sic
975 1491 1241 1563 intelligi,
1277 1496 1340 1545 ut
1384 1497 1565 1547 morte
1622 1492 1843 1549 Domini
1878 1492 2018 1548 Jesu

366 1580 621 1653 impleta:
656 1582 774 1635 sint
800 1579 1219 1650 promissiones
1251 1585 1425 1650 atque
1456 1582 1828 1636 conﬁrmatae.
1868 1580 2017 1635 Illud

369 1675 564 1725 autem
595 1669 919 1735 sciendum,
954 1668 1092 1739 quia
1131 1686 1263 1724 cum
1303 1670 1686 1739 promissiones
1718 1669 2020 1741 pluraliter

370 1757 665 1831 posuisset
703 1773 901 1811 semen
944 1772 1075 1811 vero
1110 1756 1489 1828 singulariter
1546 1759 1742 1829 posuit
1781 1758 2016 1827 idcirco,

369 1847 507 1919 quia
532 1863 645 1901 non
678 1846 980 1917 aequaliter
1010 1845 1091 1899 illi
1126 1846 1222 1917 qui
1259 1846 1603 1918 spiritaliter
1653 1848 1855 1901 vivunt
1885 1864 2017 1902 cum

369 1936 461 1992 his
476 1936 574 2008 qui
591 1934 852 1990 carnales
877 1940 1016 1990 sunt
1048 1935 1483 1991 benedicentur.
1504 1936 1648 1990 Nam
1665 1935 2020 2007 quicumque

367 2024 489 2080 vult
509 2024 767 2079 benedici
790 2041 1022 2079 necesse
1042 2029 1128 2079 est
1144 2029 1206 2078 ut
1227 2024 1456 2078 Christo
1477 2025 2021 2095 corjvingatur.0m-

370 2130 473 2169 nes
489 2114 645 2167 enim
661 2113 805 2183 justi
824 2111 900 2165 illi
928 2113 1453 2184 conjunguntur,et
1467 2129 1690 2167 ommes
1708 2113 1864 2169 illius
1880 2119 2019 2169 sunt

372 2203 658 2267 membra,
679 2217 930 2272 quorum
953 2201 1129 2256 etiam
1158 2202 1280 2272 ipse
1303 2206 1391 2256 est
1407 2206 1462 2256 et
1483 2206 1674 2273 caput.
1704 2203 1848 2258 Nam
1875 2202 2020 2259 solet

368 2289 676 2363 Apostolus
708 2294 883 2362 caput
913 2294 969 2343 et
1001 2290 1263 2344 membra
1289 2306 1470 2344 unum
1506 2307 1763 2346 asserere
1785 2309 2015 2363 corpus.

440 2382 547 2436 Hoc
577 2382 754 2434 autem
805 2379 926 2433 dico
976 2381 1353 2433 testamentum
1395 2380 1784 2449 conﬁrmatum
1829 2398 1863 2435 a
1892 2382 2015 2435 Deo.

369 2472 440 2525 Et
464 2474 551 2525 est
586 2485 797 2523 sensus
822 2467 849 2520 ‘?
879 2467 1016 2523 Illas
1040 2466 1460 2538 promissiones
1483 2484 1611 2538 qua:
1634 2469 1702 2523 ad
1725 2470 2016 2525 Abraham

372 2558 531 2613 facta:
565 2561 723 2623 sunt,
758 2557 1196 2611 Testamentum
1228 2556 1357 2611 dico
1387 2574 1419 2610 a
1449 2556 1562 2611 Deo
1585 2559 2014 2615 conﬁrmatum.

372 2648 816 2702 Testamentum
858 2661 1113 2715 namque
1175 2644 1430 2700 hominis
1480 2647 1890 2702 conﬁrmatum
1925 2648 2018 2703 Dei

371 2734 863 2806 promissionibus
896 2732 1265 2788 assimilavit.

441 2822 752 2893 Sequitur:
789 2822 921 2889 Quae
946 2826 1063 2893 post
1117 2823 1542 2894 quadringentos
1569 2829 1617 2879 et
1646 2826 1878 2895 triginta
1917 2843 2015 2880 an-

371 2926 488 2966 nos.
525 2910 634 2966 Sed
669 2929 702 2965 a
732 2910 933 2983 paucis
960 2918 1048 2966 est
1078 2911 1376 2967 inventum
1402 2916 1565 2986 (910).
1600 2914 2016 2970 Verumtamen

375 3000 680 3055 sciendum
709 3001 846 3069 quia
877 2999 1041 3054 facile
1074 3006 1263 3071 potest
1290 3002 1525 3073 agnosci
1557 3002 1665 3056 hoc
1699 3003 1888 3057 modo.
1925 3005 2017 3057 Se-

2130 423 2351 497 gesimo
2374 424 2655 494 anno,qui
2682 422 3140 494 fuittrigesimus
3155 440 3344 479 nonus
3362 424 3514 491 (912)
3534 421 3773 492 Joseph,

2131 514 2433 585 ingressus
2473 519 2561 568 est
2600 512 2657 566 in
2698 513 3026 585 )Egyptum.
3079 512 3181 567 His
3219 512 3498 568 omnibus
3528 510 3776 582 junctis,

2130 604 2282 657 ﬁunt
2312 602 2549 658 ducenti
2579 602 2932 672 quindecim.
2958 600 3218 657 Totidem
3249 602 3423 659 etiam
3454 599 3637 657 annis
3666 616 3781 655 mo-

2131 692 2237 746 rati
2271 695 2411 746 sunt
2440 690 2541 745 ﬁlii
2576 690 2747 746 Israel
2778 689 2837 743 in
2868 691 3109 761 lEgypto
3134 707 3146 745 :
3171 690 3324 761 quod
3348 688 3585 761 probari
3603 687 3777 744 etiam

2128 780 2238 836 hoc
2266 781 2458 846 modo,
2495 783 2700 850 potest.
2724 779 2861 835 Post
2883 778 3214 850 ingressum
3236 794 3492 850 namque
3511 777 3701 834 Jacob
3722 777 3775 837 in

2127 870 2438 941 Egyptum
2468 868 2609 923 vixit
2636 867 2851 938 Joseph
2884 883 3067 927 annos
3097 867 3469 939 septuaginta
3484 872 3543 921 et
3565 882 3773 922 unum.

2130 960 2276 1031 (913)
2312 960 2467 1013 Inter
2513 962 2758 1013 mortem
2792 972 3045 1027 namque
3073 955 3288 1027 Joseph
3318 961 3377 1011 et
3406 955 3595 1027 Moysi
3632 955 3775 1010 nati-

2128 1048 2363 1103 vitatem
2398 1048 2633 1101 fuerunt
2676 1046 2810 1103 anni
2861 1044 3160 1117 sexaginta
3215 1049 3274 1100 et
3310 1049 3569 1116 quatuor
3599 1045 3776 1115 (911i);

2130 1138 2357 1208 Moyses
2390 1142 2583 1191 autem
2615 1134 3019 1207 octogenariae
3041 1139 3186 1199 erat,
3219 1135 3455 1205 quando
3488 1133 3776 1188 Pharaoni

2128 1226 2401 1297 apparuit
2425 1227 2546 1282 :his
2570 1223 3086 1295 omnibusjunctis
3109 1223 3257 1278 ﬁunt
3276 1222 3513 1278 ducenti
3536 1223 3777 1295 quindso

2129 1316 2242 1370 cim
2277 1332 2289 1369 :
2324 1332 2390 1369 ac
2420 1331 2523 1386 per
2546 1314 2655 1369 hoc
2685 1330 2821 1371 vera
2871 1328 3000 1369 esse
3052 1317 3415 1368 monstratur
3454 1310 3776 1383 apostolica

2128 1403 2436 1470 sententia,
2471 1419 2590 1473 qua
2631 1401 2722 1457 lex
2768 1406 2902 1475 post
2948 1401 3411 1473 quadringentos
3440 1405 3501 1456 et
3540 1399 3775 1472 triginta

2129 1508 2312 1547 annos
2346 1493 2497 1546 facta
2526 1491 2759 1546 dicitur.
2812 1490 2921 1549 Sed
2954 1489 3110 1558 huic,
3144 1488 3490 1558 narrationi,
3524 1504 3648 1559 qua
3673 1487 3773 1542 filii

2130 1580 2304 1636 Israel
2338 1580 2545 1637 morati
2577 1580 2857 1636 dicuntur
2874 1578 3043 1636 annis
3065 1578 3330 1635 ducentis
3350 1577 3696 1649 quindecim
3718 1577 3773 1632 in

2127 1674 2393 1743 .Egypto,
2424 1670 2653 1725 videtur
2702 1668 2845 1724 illud
2886 1668 3265 1733 contrarium,
3299 1667 3458 1739 quod
3494 1666 3775 1722 Dominus

2131 1760 2211 1814 ait
2240 1758 2566 1816 Abraham:
2628 1758 2770 1815 Scito
2817 1772 3165 1824 praenoscens
3220 1758 3354 1828 quia
3407 1757 3771 1829 peregrinum

2130 1848 2234 1903 erit
2268 1864 2449 1903 semen
2480 1850 2635 1903 tuum
2686 1849 2746 1902 in
2776 1857 2927 1901 terra
2980 1862 3092 1905 non
3117 1862 3237 1911 sua,
3286 1853 3337 1902 et
3364 1846 3624 1915 afﬂigant
3652 1860 3775 1901 ea.

2128 1938 2291 1992 annis
2321 1936 2733 2007 quadringentis
2762 1936 2917 2007 (Gen.
2950 1952 3041 2002 xv,
3078 1935 3186 2005 13).
3218 1935 3381 1998 Quod
3413 1939 3615 1990 autem
3642 1950 3772 2005 qua-

2130 2026 2455 2097 (lringentis
2487 2025 2657 2080 annis
2692 2024 3062 2096 peregrinum
3112 2040 3240 2085 esse
3271 2023 3511 2089 dicitur,
3546 2039 3665 2079 non
3689 2028 3775 2077 est

2127 2114 2506 2181 contrarium,
2542 2114 2589 2168 si
2622 2118 2676 2168 et
2706 2112 2865 2168 illam
2896 2112 3192 2184 intelligas
3222 2112 3774 2184 peregrinationem,

2130 2203 2322 2274 quain
2357 2208 2509 2257 terra
2539 2201 2834 2268 Chanaan,
2878 2201 3229 2272 peregrinati
3261 2206 3421 2272 sunt,
3456 2200 3603 2273 quia
3631 2205 3776 2256 terra

2129 2291 2400 2346 Chanaan
2426 2308 2541 2345 non
2564 2289 2797 2344 illorum
2823 2289 2951 2356 fuit,
2976 2289 3089 2344 nisi
3113 2292 3424 2363 postquam
3446 2306 3581 2347 eam
3609 2289 3776 2345 Josne

2130 2380 2409 2435 sortiente
2443 2383 2793 2450 acceperunt
2838 2382 3025 2448 (Iosue
3064 2380 3208 2451 x111).
3257 2377 3403 2434 Illud
3439 2379 3624 2435 etiam
3670 2395 3776 2434 non

2129 2473 2218 2523 est
2250 2470 2627 2538 contrarium,
2679 2468 2833 2539 quod
2879 2467 3114 2541 legitur,
3164 2468 3419 2539 a/ﬂigent
3456 2484 3593 2523 eum
3624 2470 3777 2523 anui:

2129 2558 2562 2629 quadringentis,
2597 2558 2736 2629 quia
2782 2575 2883 2629 per
2935 2558 3295 2630 hyperbaton
3344 2558 3537 2631 accipi
3571 2564 3775 2631 potest,

2128 2656 2192 2706 ut
2223 2651 2300 2705 sit
2329 2665 2539 2703 sensus
2565 2666 2576 2702 :
2602 2647 2981 2719 Peregrinum
3004 2646 3112 2702 erit
3133 2662 3330 2703 semen
3354 2650 3526 2703 tuum
3552 2648 3614 2702 in
3634 2653 3778 2703 terra

2129 2757 2240 2795 non
2262 2756 2369 2794 sua
2384 2737 2553 2793 annis
2568 2737 2719 2807 quad
2730 2734 3094 2808 ringentis,et
3108 2736 3368 2808 afﬂigant
3384 2752 3523 2791 eum
3549 2737 3781 2805 (subau-

2128 2829 2309 2893 ditur,
2345 2827 2401 2881 in
2430 2831 2685 2881 extrema
2711 2830 2875 2897 parte
2897 2825 3225 2895 annorum).
3251 2824 3413 2888 Quod
3437 2824 3623 2880 etiam
3646 2825 3779 2880 Serio

2128 2922 2302 2988 ptura
2329 2914 2682 2981 manifestat,
2718 2931 2844 2984 qua
2878 2913 3021 2968 dicit
3050 2914 3186 2984 quia
3219 2913 3481 2983 quandiu
3516 2914 3663 2969 vixit
3688 2915 3775 2969 Jo-

2126 3005 2293 3076 seph,
2326 3007 2383 3059 et
2412 3002 2495 3057 illi
2529 3004 2627 3075 qui
2661 3007 2945 3058 noverunt
2973 3018 3108 3057 eum
3130 3017 3243 3058 non
3270 3006 3412 3058 sunt
3443 3002 3654 3057 afflicti
3685 3001 3775 3057 ﬁlii

372 3092 678 3161 ptuaginta
700 3105 953 3160 namque
970 3095 1027 3144 et
1050 3090 1306 3161 quinque
1329 3096 1451 3146 erat
1474 3108 1760 3146 annorum
1778 3094 2013 3159 Abram,
2048 3077 2090 3142 C
2130 3094 2303 3150 Israel
2336 3093 2527 3161 (Exod.
2562 3110 2600 3162 1,
2619 3092 2675 3163 7)
2702 3109 2713 3145 :
2748 3093 2922 3147 refert
2950 3091 3127 3146 eitam
3159 3092 3298 3162 quia
3328 3091 3584 3163 Moyses,
3604 3092 3701 3163 qui
3724 3092 3779 3146 in

373 3178 862 3249 quandojubente
888 3183 998 3231 Deo
1022 3194 1292 3249 egressus
1310 3184 1398 3233 est
1425 3180 1495 3233 de
1516 3179 1593 3233 Ur
1614 3178 2015 3235 Chaldaeorum

371 3265 522 3330 (Gen.
556 3284 590 3320 χ
616 3284 653 3331 ι,
690 3268 759 3321 4;
814 3271 943 3336 post
999 3267 1118 3321 haec
1165 3267 1439 3322 vicesimo
1471 3268 1675 3338 quinto
1709 3285 1880 3336 anno,
1915 3269 2015 3340 qui

369 3355 757 3424 fuitejusdem
780 3355 1387 3426 centesimus,accepit
1410 3361 1569 3411 Isaac
1601 3356 1754 3426 (Gen.
1790 3374 1904 3424 xx1,
1924 3358 2012 3429 5);

370 3443 530 3498 Isaac
560 3460 713 3510 vero,
745 3460 877 3497 cum
929 3449 1083 3498 esset
1124 3444 1425 3515 sexaginta
1474 3462 1781 3513 annorum,
1817 3448 2018 3518 genuit

367 3531 543 3586 Jacob
575 3531 724 3603 (Gen.
757 3549 884 3596 xxv,
916 3533 1008 3601 26)
1033 3550 1045 3587 :
1071 3533 1524 3603 quibusjunctis
1546 3533 1695 3588 ﬁunt
1726 3535 2017 3606 octoginta

370 3620 667 3691 quinque:
700 3619 879 3675 Jacob
896 3637 1046 3686 vero,
1071 3638 1203 3675 cum
1236 3626 1389 3677 esset
1407 3623 1724 3695 nonaginta
1755 3628 1811 3679 et
1838 3625 2014 3681 unius

367 3749 535 3813 ctum,
570 3744 803 3821 legitur.
835 3747 938 3821 Ast
982 3763 1087 3821 nec
1132 3746 1344 3821 ﬁctum,
1392 3762 1496 3821 nec
1525 3750 1752 3821 factum,
1787 3751 1885 3805 sed
1913 3767 2013 3821 pa-

368 3822 533 3892 ctum,
568 3816 1019 3892 utrobiquelegi
1053 3819 1260 3892 debere
1292 3820 1497 3892 probat
1525 3816 1649 3873 'divi
1682 3816 2014 3892 Hieronimi

369 3889 774 3961 interpretatio
808 3890 863 3942 in
883 3889 1037 3942 hunc
1064 3889 1277 3961 locum,
1312 3891 1407 3945 ubi
1440 3891 1745 3946 Hebraeum
1770 3889 2012 3950 vcrb—um

373 3961 571 4027 bervth,
603 3970 843 4031 pactum,
880 3978 992 4015 non
1024 3963 1407 4016 testamentum
1437 3980 1643 4016 sonare
1677 3964 1906 4017 asserit.

440 4050 589 4120 (907)
619 4050 826 4103 Partic.
880 4050 1229 4121 negativam,
1281 4066 1405 4120 qua
1438 4051 1654 4111 deerat,
1713 4057 1773 4104 ut
1814 4051 2015 4106 sensui

368 4125 426 4175 et
455 4121 587 4175 divo
619 4120 975 4191 Hieronymo
997 4120 1378 4185 satisfaciam,
1411 4122 1743 4175 addendum
1778 4139 1924 4176 reor.

441 4209 588 4278 (908)
617 4211 826 4282 Autog.
848 4212 1074 4279 factum.
1101 4214 1331 4263 Pactum
1363 4206 1671 4280 legendum
1691 4226 1759 4265 ex
1776 4210 1868 4267 his
1891 4229 2014 4282 qua

372 4277 529 4335 dicta
558 4277 829 4335 sunerius
849 4277 1021 4334 sunt.
1422 4277 1425 4312 ῗ

443 4349 591 4474 (S2019)
626 4349 685 4474 ltn
717 4356 911 4422 autog.
954 4367 1138 4422 marg.
1180 4350 1274 4405 hic
1330 4350 1578 4422 legitur:
1631 4353 1920 4410 Dominica
1951 4356 2016 4411 13

444 4437 469 4473 .s
567 4438 629 4474 en
665 4462 676 4474 .

414 4429 494 4475 ost
524 4426 676 4475 Pent.

370 4438 1213 4568 “(siglilgnlsivushieronymus
1245 4493 1314 4547 de
1345 4492 1455 4547 hac
1478 4510 1764 4550 annorum
1798 4514 2018 4568 suppu-

371 4565 593 4618 tatione
625 4565 740 4620 ita:
801 4565 917 4619 Non
946 4568 1095 4620 enim
1151 4580 1321 4634 parva
1380 4580 1463 4618 res
1517 4570 1614 4633 est,
1676 4576 1788 4622 eia
1826 4565 2022 4623 multis

370 4637 625 4705 quaesita,
657 4637 837 4690 nescio
869 4652 940 4689 an
975 4638 1041 4691 ab
1071 4636 1262 4706 aliquo
1293 4637 1363 4690 sit
1388 4638 1627 4691 inventa.

442 4723 588 4795 (911)
628 4727 699 4778 Ut
730 4728 885 4794 patet
915 4740 982 4778 ex
1008 4724 1148 4779 Gen.
1184 4740 1360 4789 XLVII,
1395 4724 1446 4777 9.
1478 4725 1694 4795 Joseph
1728 4727 1883 4781 enim
1916 4728 2021 4781 tri-

372 4795 661 4864 gesimum
687 4812 904 4849 annum
938 4797 1163 4866 agebat,
1199 4812 1329 4848 cum
1354 4796 1513 4850 stetit
1542 4812 1735 4850 coram
1771 4798 2018 4853 Pharao-

372 4881 468 4930 ne;
492 4866 628 4937 Fen.
662 4884 772 4931 χιι,
797 4869 880 4921 liti.
914 4868 1044 4921 Jam
1080 4873 1302 4937 septem
1336 4867 1470 4920 anni
1505 4868 1788 4923 ubertatis
1819 4877 1875 4923 et
1905 4872 2019 4926 duo

373 4936 546 5009 famis
577 4940 920 5009 [Egyptiacae
952 4936 1339 5008 elapsierant,
1365 4954 1497 4990 cum
1520 4937 1695 4991 Jacob
1719 4956 1851 4993 cum
1886 4940 2021 4996 ﬁliis

374 5005 435 5058 in
466 5005 773 5079 gEgyptum
810 5005 1063 5065 venisset
1092 5027 1105 5075 ;
1157 5011 1297 5062 Gen.
1332 5025 1456 5082 xix.
1553 5014 1609 5062 et
1642 5010 1726 5082 11.
1764 5011 2019 5082 Trigesi-

376 5092 539 5161 mum
568 5078 789 5161 penum
813 5097 947 5161 ergo
980 5096 1199 5135 annum
1251 5080 1456 5159 agebat
1482 5078 1719 5161 Josephz
1754 5078 1894 5161 cuni
1920 5083 2015 5136 Ja-

376 5147 480 5199 cob
515 5148 585 5200 ad
617 5166 750 5204 eum
782 5147 959 5217 venit,
1002 5157 1056 5206 et
1085 5167 1145 5204 se
1191 5147 1596 5222 centissimum
1624 5147 2018 5222 trigesimum

376 5233 595 5297 armum
631 5236 798 5297 agere
830 5238 1023 5276 coram
1056 5237 1189 5291 rege
1234 5220 1425 5297 aiebat
1474 5221 1571 5274 cit.
1605 5220 1931 5297 capfxcvn,
1962 5224 2015 5277 9.

374 5286 431 5358 Si
464 5286 885 5344 subtrahantur
915 5309 948 5345 a
972 5286 1205 5345 centum
1229 5291 1470 5358 triginta
1498 5286 1867 5347 annis-Jacob
1884 5298 2019 5348 reta-

2128 3183 2412 3255 principio
2445 3180 2779 3237 afﬂictionis
2822 3186 2992 3235 natus
3022 3185 3129 3242 est.
3162 3179 3462 3252 octoginta
3492 3196 3776 3235 annorum

2127 3277 2248 3328 erat
2280 3272 2513 3342 quando
2545 3270 2815 3342 apparuit
2837 3269 3120 3325 Pharaoni
3154 3269 3342 3339 (Exod.
3363 3286 3465 3335 vn,
3496 3270 3579 3341 7).
3609 3268 3777 3325 Vide-

2127 3368 2222 3416 tur
2251 3366 2308 3415 ct
2346 3359 2489 3414 illud
2532 3359 2917 3414 nihilominus
2947 3359 3327 3428 contrarium,
3359 3358 3518 3431 quod
3556 3359 3777 3431 Moyses

2126 3452 2241 3506 ait:
2278 3452 2406 3505 Fuit
2454 3453 2634 3503 autem
2691 3450 2901 3503 mansio
2948 3449 3202 3518 ﬁliorum
3229 3448 3424 3514 Israel,
3458 3465 3571 3520 qua
3622 3465 3776 3504 man-

2123 3541 2312 3594 serunt
2344 3541 2403 3592 in
2428 3536 3228 3610 [Egyptoguadringentorum
3250 3538 3485 3607 triginta
3507 3554 3779 3593 annorum

2127 3628 2295 3699 (915),
2319 3634 2426 3683 etc.
2451 3626 2560 3682 Sed
2586 3643 2700 3682 non
2722 3631 2809 3681 est
2829 3626 3210 3694 contrarium,
3233 3626 3372 3697 quia
3393 3642 3498 3697 per
3518 3631 3775 3698 tmpum,

2127 3752 2385 3805 dandum
2419 3754 2544 3804 tum
2595 3766 2824 3815 sensus,
2879 3753 3003 3804 tum
3063 3750 3504 3822 supputationis
3548 3750 3779 3820 veritas,

2126 3829 2252 3879 tum
2284 3840 2410 3894 quae
2442 3826 2765 3892 sequuntur
2798 3838 3054 3894 suasere.

2199 3895 2343 3964 (913)
2374 3893 2512 3948 Gen.
2546 3910 2599 3958 L,
2626 3896 2695 3946 22
2718 3899 2774 3947 et
2791 3894 2880 3959 25,
2902 3893 3001 3947 ubi
3026 3893 3242 3964 legitur
3264 3897 3574 3948 mortuum
3604 3893 3785 3948 fuisse

2126 3963 2341 4035 JoSeph
2376 3966 2692 4019 centesimo
2715 3964 2937 4019 decimo
2961 3963 3111 4020 anno
3144 3963 3329 4019 aetatis
3361 3980 3487 4019 suae
3512 3982 3524 4031 ;
3550 3964 3603 4035 si
3631 3964 3785 4035 enim

2130 4034 2839 4108 subtrahantuntriginta
2886 4052 3090 4091 novem
3148 4036 3282 4108 anni
3318 4036 3508 4090 aetatis
3536 4034 3783 4108 Joseph,

2129 4112 2275 4179 quos
2297 4109 2423 4177 jam
2456 4105 2803 4177 expleverat,
2837 4113 2894 4162 ut
2927 4124 3104 4178 supra
3134 4106 3355 4161 dictum
3380 4109 3492 4179 est,
3521 4122 3661 4162 cum
3691 4105 3784 4179 pa-

2127 4178 2212 4235 ter
2244 4182 2315 4235 ad
2360 4195 2493 4250 eum
2552 4179 2727 4250 venit,
2769 4184 3117 4250 supererunt
3173 4178 3553 4250 septuaginta
3608 4178 3789 4249 supra

2125 4268 2367 4320 annum,
2402 4249 2472 4304 ad
2505 4249 2910 4321 complendam
2952 4254 3177 4307 aetatem
3212 4249 3361 4323 ejus,
3396 4249 3659 4305 "centum
3689 4250 3785 4305 de-

2128 4339 2249 4378 cem
2282 4336 2591 4375 annorum.

2203 4392 2346 4464 (914)
2383 4394 2442 4446 In
2476 4394 2603 4448 cod.
2652 4392 2866 4463 legitur
2897 4409 2964 4447 Lx
2997 4397 3053 4447 et
3080 4410 3155 4459 v1,
3190 4392 3345 4463 quod
3377 4396 3582 4464 tamen
3619 4408 3785 4447 sexa-

2050 4450 2096 4513 D
2132 4450 2293 4535 ginta
2317 4450 2682 4543 quatuorle
2710 4450 3127 4543 supputatione
3142 4450 3429 4543 sequenti
3463 4462 3783 4543 legendum

2132 4534 2350 4590 censui.
2388 4535 2946 4591 Scilicetlacillimus
2964 4551 3123 4595 error
3144 4535 3255 4589 fuit
3282 4534 3410 4591 loco
3445 4535 3785 4603 inscribere

2132 4624 2208 4687 vr.
2233 4606 2613 4687 Septuaginta
2631 4608 2808 4687 igitur
2829 4624 3007 4678 supra
3036 4623 3258 4687 annum
3276 4605 3470 4686 sitatis
3488 4605 3684 4687 osph
3715 4606 3784 4662 ab

2133 4679 2385 4732 adventu
2416 4677 2858 4749 patrispartem
2907 4677 3343 4749 Supputationis
3381 4677 3782 4734 certissimam

2132 4750 2410 4872 praebent.
2427 4748 2732 4828 Octoginta
2750 4749 2937 4803 aetatis
2960 4748 3161 4872 Μοέεἱ,
3177 4765 3313 4805 cum
3330 4748 3564 4872 Mo7yses
3586 4763 3783 4805 coram

2177 4821 2430 4872 haraone
2453 4824 2632 4872 stetit.
2666 4825 3027 4872 asseruntur-
3106 4821 3237 4872 xod.
3275 4837 3373 4872 vn.
3457 4836 3468 4872 :
3502 4836 3635 4872 cum
3669 4821 3781 4872 duo

2177 4821 2430 4874 haraone
2453 4822 2632 4891 stetit,
2666 4825 3029 4891 asseruntur,
3061 4821 3237 4875 Exod.
3275 4837 3373 4886 vn,
3406 4821 3468 4874 7:
3502 4836 3635 4890 qum
3669 4821 3781 4874 duo

2133 4894 2323 4963 spatia
2354 4890 2635 4946 circulum
2687 4900 3047 4963 componunt
3075 4896 3311 4947 centum
3345 4891 3781 4962 quinquaginta

2132 4979 2310 5034 supra
2326 4978 2508 5016 unum
2533 4978 2773 5017 annum.
2796 4963 3162 5019 Probandum
3182 4964 3779 5033 remaneretspatium

2133 5036 2430 5113 sexaginta
2454 5038 2704 5158 quatuor
2733 5051 3042 5100 annorum,
3076 5034 3228 5105 quod
3262 5038 3607 5105 superesset
3629 5049 3781 5089 mor-

2133 5110 2247 5157 tem
2281 5109 2431 5157 inter
2496 5103 2696 5158 osenhi
2729 5112 2785 5158 et
2829 5106 3183 5158 nativitatem
3216 5105 3423 5158 Movsi.
3470 5109 3533 5158 et
3562 5105 3639 5158 de
3669 5118 3779 5158 nuo

2130 5110 2247 5157 tem
2281 5103 2431 5176 inter
2459 5103 2696 5173 Josephi
2729 5112 2785 5160 et
2829 5103 3187 5176 nativitatem
3216 5103 3423 5176 Moy'si,
3470 5105 3639 5176 etde
3667 5118 3779 5176 quo

2130 5180 2216 5230 tot
2240 5174 2548 5247 popiniones
2579 5180 2719 5243 quot
2749 5178 2958 5247 capita.
2992 5177 3132 5231 Vide
3160 5174 3483 5247 Josephum
3512 5174 3782 5247 Flavium

2131 5244 2312 5315 antiq’.
2345 5244 2480 5297 Jud.
2509 5261 2634 5314 cap.
2670 5263 2790 5300 xm.
2821 5244 2966 5303 Mihi
2999 5253 3149 5303 certe
3178 5244 3399 5303 arridet
3422 5262 3632 5302 eorum
3658 5246 3783 5315 opi-

2132 5317 2226 5358 nin
2258 5314 2353 5358 (ini
2390 5314 2620 5358 lnnaing
2650 5320 2882 5358 ipmmm
2916 5322 3221 5358 naqnmnnt
3279 5319 3361 5358 nti
3398 5317 3561 5358 mima
3592 5314 3784 5358 jurist-
