3974 5358
158 338 253 409 521

753 338 1169 400 EXPOSITIO
1213 338 1289 398 IN
1336 338 1762 400 EPISTOLAS
1805 338 2169 400 PAULL—
2201 340 2279 400 IN
2325 341 2571 405 EPIST.
2620 344 2724 402 AD
2770 344 2945 402 GAL.

3434 346 3550 406 522

160 469 245 545 qui
292 469 507 527 dicitur
552 469 943 543 synecdoche,
995 469 1443 544 intelligendum
1490 475 1600 526 est.
1656 470 1792 526 Pars
1822 471 1876 537 Α
1909 470 2141 543 populis
2174 489 2357 528 unum
2386 473 2666 545 populum
2689 474 2745 528 in
2779 489 2886 529 sua
2919 472 3030 529 ﬁde
3060 473 3415 545 conjungat‘?
3442 478 3553 533 Iste

156 575 398 630 namque
428 559 655 617 numeri
687 563 875 615 totum
906 575 1223 615 numerum
1255 559 1429 631 capit.
1462 563 1592 615 H830
1628 576 1793 614 nam-

155 664 254 720 que
282 646 395 718 lex,
419 664 547 719 qua:
578 653 713 719 post
742 652 829 703 tot
856 665 1147 705 annorum
1181 650 1373 720 spatia
1397 649 1535 704 data
1561 654 1793 715 est,non

153 736 290 793 valet
320 735 744 807 promissiones
793 753 1093 806 evacuare,
1143 737 1286 809 quia
1334 754 1451 793 non
1498 737 1652 793 valet
1697 754 1795 793 cas

156 823 409 897 implere.

215 930 487 1001 Sequitur
518 947 532 986 :
565 932 724 1001 Nam,
746 932 806 986 si
851 945 922 987 ex
952 932 1069 1002 lege
1098 932 1413 999 har-editas,
1447 938 1557 988 etc.
1590 934 1661 989 Et
1707 936 1797 988 est

159 1032 356 1079 sensu
390 1037 402 1074 :
432 1020 492 1076 Si
514 1018 612 1075 lex
644 1019 1093 1091 promissionem
1124 1020 1367 1092 implere
1398 1028 1616 1093 posset,
1663 1039 1792 1093 pro-

159 1107 347 1165 missio
368 1114 777 1174 evacueretur,
799 1113 857 1165 et
877 1124 980 1181 per
1000 1108 1187 1181 legem
1210 1109 1519 1166 haereditas
1532 1110 1791 1166 daretur.

156 1198 253 1256 Sed
274 1213 406 1255 Anon
440 1203 530 1257 est
559 1196 663 1268 ita,
693 1198 831 1269 quia
860 1198 1116 1265 Abrahaa,
1150 1198 1363 1270 inquit,
1382 1216 1481 1269 per
1499 1201 1795 1270 repromis-

156 1289 355 1343 sioncm
382 1285 613 1343 donavit
637 1287 800 1343 Deus.
835 1286 1043 1343 Verum
1083 1287 1223 1357 quia
1272 1286 1434 1343 novit
1480 1288 1794 1359 Apostolus

158 1376 297 1449 quod
323 1375 680 1434 sibiGalataa
704 1376 955 1446 objicere
977 1381 1218 1447 possent
1238 1392 1303 1431 ac
1324 1376 1515 1432 dicere
1541 1393 1553 1431 :
1582 1377 1627 1431 Ο
1648 1382 1796 1447 Apo-

154 1465 306 1531 stola,
343 1464 397 1523 si
425 1465 509 1521 ita
536 1469 629 1523 est
658 1468 724 1520 ut
752 1464 991 1534 assaris,
1022 1480 1162 1536 ergo
1194 1465 1383 1522 otiosa
1413 1469 1505 1521 est
1532 1464 1644 1529 lex,
1665 1465 1795 1521 ideo

156 1555 421 1627 revenit
450 1566 548 1611 eos
581 1570 595 1609 :
629 1554 778 1621 Quid
807 1555 1003 1623 igitur,
1028 1554 1383 1625 inquit,lex?
1412 1560 1520 1610 etc.
1542 1558 1663 1610 Hoc
1685 1560 1791 1622 est,

155 1659 321 1715 quare
334 1644 490 1705 dots
517 1647 610 1701 est
626 1642 655 1696 ?

214 1750 367 1819 (916)
388 1751 522 1822 Ipse
550 1747 743 1817 inquit
776 1764 788 1802 :
822 1750 1058 1819 Propter
1104 1752 1571 1820 transgressimus
1616 1752 1795 1822 posita

1904 561 2124 633 quippe
2154 561 2440 616 mediator
2468 563 2578 619 hoc
2607 563 2729 634 agit
2753 561 2905 617 inter
2924 561 3162 617 dantem
3183 566 3242 618 et
3262 564 3548 635 accipien-

1906 656 2046 712 tem,
2071 651 2226 720 quod
2260 649 2352 706 lex
2382 652 2592 723 agebat
2622 652 2771 706 inter
2798 650 3249 722 promissionem
3271 656 3328 707 et
3348 651 3553 723 imple-

1906 738 2143 795 tionem.

1976 845 2155 901 Paulo
2182 845 2476 917 superius,
2503 862 2573 900 ne
2600 845 2894 901 videretur
2914 846 3004 901 lex
3036 846 3245 911 otiosa,
3272 846 3557 917 objiciens

1908 934 2019 991 sibi
2070 935 2478 1005 quaestionem,
2511 935 2701 989 dixit:
2735 935 2876 1002 Quid
2925 935 3125 1006 legitur
3164 936 3299 992 lex?
3343 936 3401 992 id
3445 940 3558 1003 est,

1906 1039 2089 1093 quare
2117 1023 2256 1077 data
2282 1023 2417 1077 est?
2441 1028 2676 1094 Propter
2697 1026 3169 1094 transgressiones,
3201 1024 3417 1096 inquit.
3464 1025 3560 1081 Sic

1904 1110 2082 1166 etiam
2120 1127 2278 1166 nunc
2310 1110 2593 1180 objiciens
2625 1111 2737 1167 sibi
2771 1130 2784 1167 :
2818 1115 2929 1167 Lex
2957 1128 3105 1183 ergo,
3142 1113 3559 1184 inquit,adver-

1906 1216 2018 1266 sus,
2051 1200 2325 1268 promissa
2355 1201 2498 1255 Dei?
2526 1200 2699 1264 Quasi
2730 1201 2948 1257 diceret
2979 1219 2996 1255 :
3032 1201 3308 1272 Nunquid
3337 1202 3412 1257 ab
3456 1200 3558 1257 illo

1905 1305 2009 1360 per
2038 1304 2215 1359 quem
2248 1288 2413 1343 factae
2458 1294 2597 1343 sunt
2644 1289 3064 1361 promissiones
3110 1290 3247 1345 talis
3294 1289 3387 1345 lex
3433 1290 3559 1346 dari

1906 1376 2118 1449 potuit,
2144 1393 2272 1447 quae
2304 1377 2596 1432 contraria
2638 1383 2794 1433 esset
2842 1378 3373 1450 promissionibus?
3402 1379 3554 1447 Non,

1904 1466 2167 1536 inquam.
2185 1466 2427 1521 Duobus
2445 1482 2697 1537 namque
2720 1468 2911 1522 modis
2943 1472 3309 1523 monstratur
3326 1467 3417 1523 lex
3440 1484 3558 1523 non

1920 1571 2048 1610 esse
2099 1554 2393 1610 contraria
2441 1554 2953 1626 promissionibus.
2986 1556 3042 1609 Si
3075 1556 3231 1611 enim
3281 1560 3447 1611 tanta
3492 1572 3559 1611 ac

1904 1642 2040 1697 talis
2068 1647 2241 1712 esset,
2275 1660 2405 1715 quae
2436 1647 2634 1715 posset
2662 1643 2904 1715 implere
2941 1645 3384 1716 promissiones,
3417 1660 3557 1700 con-

1903 1732 2085 1787 traria
2116 1736 2274 1788 esset
2302 1733 2574 1800 omnino;
2606 1732 2727 1788 sive
2774 1748 2889 1788 non
2938 1738 3027 1788 est
3070 1734 3385 1799 contraria,
3418 1733 3558 1805 quia

153 1844 235 1895 est.
264 1820 434 1893 Sane
457 1838 763 1894 sciendum
792 1838 932 1907 quia
962 1852 1097 1892 cum
1126 1853 1334 1895 omnes
1356 1839 1506 1909 (917)
1530 1820 1631 1911 per
1658 1839 1798 1894 libe-

1924 1838 2020 1876 ion
2052 1822 2219 1876 docet
2248 1820 2662 1877 adversmNam
2686 1822 2839 1876 sicut
2859 1822 3152 1892 baptisma
3171 1822 3417 1877 Joannis
3439 1838 3556 1877 non

153 1943 267 1983 ram
295 1927 617 1983 arbitrium
648 1926 981 1982 noluissent
1010 1925 1127 1982 Deo
1158 1927 1415 1992 obedire,
1448 1932 1505 1983 et
1534 1927 1679 1982 illud
1705 1944 1797 1999 pa-

152 2017 356 2072 tienter
412 2020 743 2086 exspectem
792 2022 1045 2087 tempus,
1105 2032 1222 2087 quo
1280 2031 1384 2087 per
1430 2015 1606 2071 fidem
1655 2017 1796 2072 Jesu

153 2106 351 2161 Christi
380 2102 872 2176 justiﬂcarentur,
903 2105 1041 2159 data
1068 2112 1159 2159 est
1188 2103 1303 2174 lex,
1331 2120 1457 2175 quas
1487 2120 1586 2160 eos
1635 2120 1795 2159 coer-

148 2200 311 2260 ceret;
356 2198 493 2266 post
523 2192 962 2253 fabricationem
994 2194 1214 2265 quippe
1244 2193 1499 2261 vituli,et
1527 2192 1655 2264 ejus
1686 2194 1799 2248 im-

159 2284 548 2353 molationem,
579 2287 636 2337 et
666 2282 1224 2351 murmurationem,
1256 2286 1315 2337 et
1347 2282 1609 2338 diversas
1653 2282 1799 2339 alias

160 2372 673 2446 transgressiones,
707 2372 843 2426 data
870 2376 961 2426 est
990 2371 1098 2426 lex.

212 2478 497 2550 Sequitur
530 2495 542 2531 :
579 2478 904 2549 Quousque?
932 2477 1107 2532 Donec
1130 2480 1357 2545 veniret,
1384 2478 1596 2550 inquit,
1618 2495 1800 2535 semen

151 2569 233 2621 cui
257 2568 634 2639 promiserat;
661 2565 771 2620 hoc
802 2569 910 2632 est,
942 2565 1232 2635 Christus,
1267 2583 1370 2637 per
1414 2568 1583 2637 cujus
1623 2568 1799 2623 fidem

147 2656 632 2726 justlflcarentur.
668 2653 950 2725 Sequitur
973 2672 986 2719 ;
1010 2654 1273 2709 Ordinata
1293 2671 1391 2725 per
1408 2656 1802 2727 angelos.Huic

156 2760 398 2800 concors
427 2747 517 2799 est
542 2748 599 2798 et
629 2742 729 2797 illa
764 2744 1078 2807 sententia,
1126 2759 1244 2813 qua
1286 2742 1367 2797 ait
1414 2743 1749 2815 Stephanus
1785 2763 1798 2800 :

153 2834 255 2901 Qui
282 2835 400 2907 fuit
432 2836 494 2889 in
526 2832 821 2888 solitudine
848 2833 911 2885 in
940 2832 1177 2886 Ecclesia
1208 2832 1304 2885 Dei
1325 2848 1444 2886 cum
1479 2835 1668 2904 angelo
1708 2836 1805 2904 qui

146 2924 477 2995 loquebatur
506 2922 614 2976 sibi
645 2921 780 2991 (Act.
814 2937 913 2985 vn,
947 2920 1057 2986 38).
1093 2920 1203 2974 Sed
1239 2920 1595 2975 contrarium
1642 2922 1799 2977 vide-

138 3016 237 3067 tur
268 3012 435 3082 quod
469 3010 685 3080 legitur
718 3025 731 3064 :
767 3009 881 3062 Lex
910 3007 1046 3062 data
1075 3011 1162 3062 est
1194 3024 1295 3080 per
1318 3008 1625 3065 Deum.Sic
1646 3012 1801 3065 enim

130 3101 362 3173 legitur
413 3099 551 3170 quia
596 3095 865 3152 descendit
919 3098 1187 3151 Dominus
1244 3099 1301 3151 in
1352 3106 1589 3153 montem
1644 3098 1805 3153 Sinai

1906 1909 2019 1963 fuit
2046 1910 2407 1965 contrarium
2440 1908 2799 1980 baptismati,
2823 1910 2926 1965 sed
2957 1909 3151 1981 potius
3185 1910 3556 1982 praeparatio,

1906 1998 1990 2053 sic
2020 1997 2110 2053 lex
2141 2015 2257 2053 non
2288 1998 2399 2053 fuit
2426 1998 2719 2054 contraria
2746 1996 2967 2069 gratias,
3006 2000 3107 2055 sed
3158 1998 3356 2070 potius
3405 2000 3560 2070 ejus-

1905 2087 2040 2141 dem
2068 2087 2181 2141 t‘uit
2207 2085 2574 2158 praeparatio.

1978 2193 2124 2261 (919)
2158 2193 2437 2263 Sequitur
2466 2210 2478 2247 :
2514 2192 2575 2247 Si
2602 2195 2748 2247 enim
2780 2193 2909 2248 data
2953 2198 3092 2249 esset
3136 2195 3243 2262 lex,
3294 2198 3405 2249 etc.
3456 2193 3557 2249 Se-

1909 2283 2168 2338 cundum
2193 2282 2445 2351 priorem
2467 2282 2848 2352 praecedentis
2867 2282 3165 2337 sententias
3188 2298 3429 2338 sensum
3454 2298 3556 2353 po-

1910 2376 2026 2427 test
2056 2370 2301 2441 intelligi
2335 2370 2488 2441 quod
2521 2369 2792 2441 sequitur
2823 2387 2835 2425 :
2868 2372 2919 2424 si
2945 2372 3092 2425 enim
3121 2369 3257 2426 data
3277 2377 3415 2426 esset
3444 2370 3557 2438 lex,

1910 2466 2042 2529 etc.;
2075 2461 2183 2515 hoc
2213 2465 2320 2531 est,
2354 2459 2401 2515 si
2435 2464 2599 2514 tanta
2629 2476 2693 2514 ac
2724 2458 2858 2514 talis
2889 2463 3045 2515 esset
3088 2459 3179 2515 lex
3220 2474 3344 2531 quae
3382 2466 3561 2530 posset

1910 2548 2290 2620 m‘viﬁcare,id
2323 2554 2434 2617 est,
2469 2548 2619 2604 filios
2650 2547 2749 2603 Dei
2779 2548 3129 2619 facere(quia
3149 2552 3291 2603 tunc
3323 2546 3426 2601 ﬁlii
3449 2546 3551 2603 Dei

1910 2640 2301 2706 efﬁcerentur,
2336 2638 2387 2693 si
2425 2638 2899 2704 viviticarentur),
2925 2636 3163 2692 omnino
3187 2652 3253 2692 ex
3283 2637 3396 2707 lege
3411 2643 3549 2693 esset

1900 2730 2147 2800 justitia,
2183 2728 2321 2799 quia
2350 2744 2454 2799 per
2483 2726 2670 2798 legem
2705 2726 3018 2799 promissio
3050 2724 3411 2798 impleretur.
3486 2792 3493 2799 υ

1980 2836 2255 2907 Sequitur
2284 2851 2296 2888 :
2332 2834 2433 2889 Sed
2464 2834 2726 2889 conclusit
2752 2835 3024 2905 scriptura
3057 2833 3251 2888 omnia
3288 2832 3386 2887 sub
3431 2848 3558 2904 pec-

1911 2932 2050 2980 cato.
2088 2923 2236 2989 Quid
2268 2928 2357 2976 est
2388 2922 2540 2993 quod
2576 2921 2734 2987 dicit,
2767 2923 3052 2990 conclusit,
3084 2939 3219 2977 cum
3258 2920 3559 2993 Scriptura

1914 3030 2028 3068 non
2061 3012 2246 3084 possit
2277 3010 2664 3065 concludere?
2690 3009 3043 3065 Concludere
3070 3027 3206 3082 ergo
3239 3014 3329 3065 est
3374 3009 3559 3064 mani-

1913 3103 2142 3158 festare.
2176 3099 2451 3153 Homines
2502 3097 2699 3169 itaque
2747 3099 2998 3170 peccatis
3047 3099 3264 3166 crecati,
3301 3100 3442 3152 dum
3495 3113 3558 3152 se

130 3188 344 3263 (Exod.
383 3204 504 3255 xix,
532 3187 661 3257 20);
696 3192 751 3241 et
780 3186 921 3240 item
957 3201 969 3240 :
1009 3187 1346 3255 Loquebatur
1368 3190 1635 3243 Dominus
1674 3203 1871 3270 cumC
1911 3193 2240 3263 peccatores
2270 3205 2380 3243 non
2416 3191 2815 3259 agnoscerent,
2851 3203 2920 3240 ne
2951 3202 3009 3241 se
3033 3187 3227 3257 justos
3258 3192 3434 3259 atque
3468 3184 3561 3240 vi-

136 3279 315 3350 ttoyse
347 3275 553 3347 (Exod.
589 3292 654 3339 ιι,
688 3275 775 3345 10)
811 3291 823 3327 :
860 3278 916 3329 et
948 3273 1132 3329 multa
1179 3275 1311 3330 alia.
1362 3278 1630 3331 Attamen
1682 3294 1796 3331 non

136 3375 221 3424 est
267 3364 666 3422 contrarium.
721 3363 874 3418 Deus
925 3363 1079 3417 enim
1133 3380 1265 3418 cum
1298 3362 1376 3419 sit
1404 3363 1715 3419 invisibilis
1747 3370 1804 3421 et

141 3460 550 3528 incorporeus,
580 3452 761 3508 videri
796 3469 910 3507 non
944 3456 1153 3523 potest,
1189 3453 1290 3507 sed
1323 3469 1512 3524 neque
1544 3453 1727 3526 loqui.
1748 3459 1805 3510 et

146 3548 272 3602 ideo
286 3561 399 3616 per
422 3542 747 3613 subjectam
774 3540 1124 3612 loquebatur
1145 3542 1605 3597 creaturam.Cui
1628 3542 1802 3598 etiam

151 3653 262 3691 non
310 3632 679 3689 contrarium
733 3631 887 3702 quod
934 3630 1061 3701 ipse
1109 3630 1249 3685 dicit
1290 3648 1302 3686 :
1349 3633 1576 3687 Dimitte
1604 3649 1709 3703 me,
1742 3635 1805 3686 ut

155 3728 437 3780 irascatur
481 3723 641 3791 furor
690 3736 839 3775 meus
889 3719 1078 3789 (Exod.
1129 3736 1306 3788 xxxn,
1342 3722 1457 3792 10);
1492 3726 1593 3775 aut
1642 3739 1654 3776 :
1703 3723 1806 3776 Fac

154 3815 291 3870 mihi
340 3808 768 3867 tabernaculum
816 3809 1007 3875 (Exod.
1056 3825 1187 3874 xxv,
1220 3811 1272 3874 8,
1304 3807 1390 3879 9);
1440 3814 1542 3863 aut
1585 3808 1805 3880 aliquid

156 3904 283 3970 tale,
317 3900 464 3973 quia
495 3897 740 3970 angelus
769 3896 829 3950 in
859 3912 1109 3967 persona
1136 3896 1231 3952 Dei
1260 3895 1631 3968 loquebatur,
1657 3896 1810 3953 sicut

156 3991 351 4059 lector,
384 4005 523 4045 cum
556 3986 801 4059 legendo
834 3984 975 4039 dicit
1006 4002 1019 4040 :
1053 3985 1158 4056 Ego
1181 4002 1303 4040 sum
1333 3990 1474 4041 Deus
1509 3985 1806 4055 Abraham,

157 4086 257 4136 etc.

221 4185 510 4259 Sequitur
542 4200 555 4238 :
590 4186 658 4238 In
687 4197 860 4237 manu
887 4181 1232 4243 mediatoris;
1268 4182 1321 4236 id
1350 4186 1458 4247 est,
1480 4181 1539 4239 in
1564 4186 1811 4254 potesta-

159 4282 207 4333 te
233 4276 385 4343 Filii,
424 4272 527 4345 qui
562 4270 849 4326 mediator
878 4270 1008 4335 fuit,
1042 4272 1139 4325 sed
1195 4287 1309 4324 non
1360 4268 1481 4339 Dei,
1519 4276 1575 4327 et
1619 4270 1809 4327 homi-

162 4384 316 4433 num,
352 4365 547 4419 donec
576 4357 835 4431 suscepit
866 4375 1100 4413 carnem
1153 4364 1363 4414 nostrae
1415 4358 1808 4415 mortalitatis.

160 4454 280 4522 Qui,
313 4470 389 4509 ne
418 4452 663 4525 propter
694 4447 802 4502 hoc
828 4447 1088 4521 separari
1118 4446 1416 4502 videretur
1446 4464 1478 4501 a
1509 4446 1693 4502 Patris
1724 4447 1811 4502 di-

161 4544 417 4607 vinitate,
454 4536 766 4608 subjunxit
818 4552 830 4590 :

162 4641 331 4689 autem
364 4644 520 4685 unus
551 4631 651 4694 est,
686 4624 823 4698 quia
852 4625 959 4680 etsi
994 4642 1107 4681 non
1139 4630 1225 4681 est
1260 4642 1411 4680 unus
1441 4625 1499 4679 in
1542 4640 1811 4697 persona,

166 4739 310 4777 unus
342 4723 437 4778 est
470 4722 666 4772 tamen
701 4714 759 4769 in
793 4714 1122 4769 divinitatis
1152 4713 1574 4769 substantia.ln
1599 4731 1664 4769 eo
1686 4731 1818 4770 vero

170 4812 315 4883 quod
349 4808 500 4865 dicit
532 4808 724 4872 unius,
758 4803 1111 4859 subauditur
1140 4802 1323 4874 partis
1354 4803 1531 4874 (918);
1578 4807 1635 4858 et
1686 4803 1823 4859 facit

169 4901 447 4956 adversus
480 4893 737 4963 Galatas,
770 4893 937 4964 quasi
970 4892 1186 4947 diceret
1218 4909 1229 4946 :
1267 4890 1454 4956 Quare
1485 4908 1585 4947 vos
1617 4908 1822 4949 omnes

178 5006 351 5044 unum
386 5000 520 5044 esse
551 4981 730 5038 vultis
759 4980 1135 5054 populum,id
1162 4981 1821 5048 est,circumcisos,cum

180 5078 463 5132 mediator
493 5088 609 5127 non
646 5070 723 5125 sit
752 5070 927 5125 unius
959 5069 1271 5142 partis,sed
1304 5070 1500 5142 potius
1531 5086 1560 5125 e
1591 5071 1823 5126 duobus

172 5266 505 5328 tanum.oui
535 5268 648 5323 hos
683 5266 785 5321 430
817 5283 1001 5323 annos
1034 5281 1068 5318 a
1095 5267 1558 5328 peregrinatione
1577 5266 1822 5325 Abrahae

1910 3282 2114 3338 dentes
2135 3280 2451 3350 jactarent,
2482 3292 2548 3330 ac
2580 3275 2871 3330 medicum
2896 3276 3137 3331 minime
3168 3276 3556 3347 requirerent,

1914 3385 2016 3423 nec
2048 3367 2120 3421 ab
2147 3382 2211 3420 eo
2242 3364 2489 3420 salutem
2523 3367 2805 3435 peterent,
2841 3363 2968 3419 ideo
2998 3365 3133 3420 data
3163 3370 3251 3420 est
3282 3364 3393 3433 lex,
3426 3381 3552 3436 quae

1913 3472 2117 3515 omnes
2151 3453 2553 3510 manifestaret
2582 3458 2933 3525 peccatores,
2965 3459 3274 3525 quatenus,
3309 3454 3448 3509 dum
3491 3467 3554 3508 se

1912 3562 2117 3602 omnes
2149 3548 2479 3617 peccatores
2510 3547 2909 3614 agnoscerent,
2933 3543 3001 3596 ad
3036 3543 3328 3598 medicum
3361 3543 3559 3598 confu-

1913 3640 2133 3707 gerent.
2168 3633 2235 3687 Et
2266 3632 2373 3686 hoc
2402 3635 2509 3699 est,
2542 3631 2695 3703 quod
2724 3631 2990 3703 sequitur
3023 3650 3034 3686 :
3073 3632 3136 3687 Ut
3162 3634 3453 3704 promissio
3489 3648 3562 3688 ex

1915 3723 2022 3793 ﬁde
2048 3724 2175 3778 Iesu
2200 3720 2419 3787 Christi,
2454 3724 2562 3774 etc.

1989 3827 2263 3899 Sequitur
2296 3844 2308 3880 :
2342 3828 2505 3881 Prius
2534 3836 2717 3881 autem
2747 3843 2916 3896 quam
2945 3829 3152 3882 veniret
3183 3826 3331 3894 ﬁdes,
3364 3826 3564 3883 videli-

1918 3921 2009 3973 cet
2049 3916 2188 3971 Jesu
2236 3913 2471 3983 Christi,
2522 3913 2631 3969 hoc
2679 3919 2788 3978 est,
2838 3914 3046 3969 notitia
3091 3913 3298 3986 ipsius,
3324 3916 3421 3970 sub
3445 3916 3562 3983 lege

1917 4004 2360 4061 custodiebamur
2413 4002 2683 4065 conclusi;
2740 4001 2848 4057 hoc
2905 4007 3014 4069 est,
3076 4003 3244 4073 quasi
3303 4019 3563 4060 carcera-

1919 4095 2022 4151 riis
2053 4089 2437 4163 (920)quidem
2461 4089 2708 4145 vinculis
2730 4089 3449 4162 constringebamur.lllud
3469 4096 3565 4146 ta-

1921 4199 2054 4240 men
2079 4180 2427 4247 notandum,
2460 4177 2599 4251 quia
2620 4178 2729 4247 lex,
2762 4195 2879 4250 qua
2901 4178 3083 4239 malos
3106 4178 3566 4251 constringebat,

1922 4288 2035 4327 non
2064 4269 2190 4325 ideo
2214 4273 2417 4324 auctor
2437 4267 2575 4323 mali
2593 4273 2736 4338 erat,
2768 4267 3047 4340 quoniam
3080 4269 3206 4338 ejus
3236 4271 3359 4323 erat
3387 4266 3567 4324 ofﬁcii

1923 4359 2144 4416 malum
2170 4357 2493 4423 ostendere,
2529 4373 2642 4413 non
2666 4361 2862 4413 tamen
2886 4355 3113 4413 abolere
3145 4374 3158 4412 :
3193 4356 3564 4429 sicutjudex,

1922 4448 2021 4521 qui
2055 4447 2243 4503 malos
2267 4448 2322 4502 in
2346 4462 2634 4502 carcerem
2657 4445 3049 4519 retrudit,non
3071 4451 3274 4507 auctor
3294 4452 3384 4504 est
3406 4445 3566 4518 mali,

884 4536 1141 4592 Mediator
1187 4537 1349 4607 unius
1391 4553 1503 4590 non
1543 4540 1643 4607 est,
1677 4537 1814 4593 Deus
1845 4562 1890 4626 Ι)
1923 4537 2023 4593 sed
2048 4537 2175 4608 ejus
2196 4535 2371 4591 ofﬁcii
2395 4535 2579 4591 malos
2602 4536 3277 4607 retrudere,utostendat
3296 4552 3394 4592 eos
3416 4552 3568 4605 reos;

1924 4632 2013 4682 est
2042 4632 2099 4681 et
2128 4623 2394 4696 potentiae
2440 4625 2675 4679 eosdem
2725 4623 3043 4680 absolvere.
3077 4623 3358 4679 Similiter
3385 4628 3441 4681 et
3470 4621 3573 4678 Dei

1930 4714 2040 4769 fuit
2071 4729 2173 4785 per
2202 4711 2388 4785 legem
2422 4711 2815 4782 manifestare,
2865 4712 3249 4784 ejusdemque
3299 4710 3576 4783 potentiae

1934 4819 2033 4875 per
2058 4801 2232 4855 fidem
2264 4798 2549 4875 unigeniti
2582 4799 2711 4853 Filii
2745 4800 2838 4855 sui
2886 4800 3121 4856 eosdem
3154 4801 3471 4855 absolvere.
3507 4799 3579 4854 Et

1932 4892 2039 4947 hoc
2070 4894 2158 4946 est
2188 4891 2341 4962 quod
2376 4887 2536 4959 dicit,
2564 4890 2623 4943 in
2650 4890 2896 4946 eamdem
2924 4889 3071 4961 (921)
3100 4889 3282 4959 ﬁdem,
3330 4889 3440 4944 hoc
3488 4890 3582 4944 est

1931 4981 2115 5035 donec
2143 4980 2480 5036 veniremus
2507 4976 2579 5033 ad
2610 4992 2731 5032 eam
2759 4980 2920 5049 ﬁdem
2944 4993 3072 5053 quae
3100 4978 3399 5033 revelanda
3434 4978 3579 5032 erat.

1932 5069 2072 5127 Nam
2103 5085 2237 5124 cum
2262 5069 2403 5126 dicit
2424 5066 3001 5135 revelanda,osteudit
3030 5065 3169 5138 quia
3194 5065 3309 5123 fuit
3328 5063 3583 5124 occulta.

2003 5265 2153 5328 (917)
2188 5266 2459 5321 Fortasse
2491 5262 2759 5319 homines.
