  <div class='ocr_page' id='page_1' title='image "/cluster/home/n/w/nwhite01/storage/ocr_20150623/134/hvd.32044015471741/260.png"; bbox 0 0 3974 5358; ppageno 0'>
   <div class='ocr_carea' id='block_1_1' title="bbox 145 318 2931 387">
    <p class='ocr_par' dir='ltr' id='par_1_1' title="bbox 145 318 2931 387">
     <span class='ocr_line' id='line_1_1' title="bbox 145 318 2931 387; baseline 0.002 -7"><span class='ocrx_word' id='word_1_1' title='bbox 145 322 250 380; x_wconf 77' lang='grc'>525</span> <span class='ocrx_word' id='word_1_2' title='bbox 736 318 1152 383; x_wconf 85' lang='lat' dir='ltr'>EXPOSITIO</span> <span class='ocrx_word' id='word_1_3' title='bbox 1196 321 1273 382; x_wconf 82' lang='grc' dir='ltr'>ΙΝ</span> <span class='ocrx_word' id='word_1_4' title='bbox 1321 323 1750 385; x_wconf 81' lang='lat' dir='ltr'>EPISTOLAS</span> <span class='ocrx_word' id='word_1_5' title='bbox 1793 322 2054 383; x_wconf 85' lang='lat' dir='ltr'>PAULI.</span> <span class='ocrx_word' id='word_1_6' title='bbox 2087 356 2163 368; x_wconf 85' lang='lat'>—-</span> <span class='ocrx_word' id='word_1_7' title='bbox 2191 324 2267 385; x_wconf 85' lang='lat' dir='ltr'>IN</span> <span class='ocrx_word' id='word_1_8' title='bbox 2312 326 2559 386; x_wconf 87' lang='lat' dir='ltr'>EPIST.</span> <span class='ocrx_word' id='word_1_9' title='bbox 2608 326 2712 386; x_wconf 86' lang='lat' dir='ltr'>AD</span> <span class='ocrx_word' id='word_1_10' title='bbox 2758 326 2931 387; x_wconf 85' lang='lat' dir='ltr'>GAL.</span> 
     </span>
    </p>
   </div>
   <div class='ocr_carea' id='block_1_2' title="bbox 3420 325 3539 385">
    <p class='ocr_par' dir='ltr' id='par_1_2' title="bbox 3420 325 3539 385">
     <span class='ocr_line' id='line_1_2' title="bbox 3420 325 3539 385; baseline 0 -1"><span class='ocrx_word' id='word_1_11' title='bbox 3420 325 3539 385; x_wconf 78' lang='lat'>526</span> 
     </span>
    </p>
   </div>
   <div class='ocr_carea' id='block_1_3' title="bbox 145 449 3541 534">
    <p class='ocr_par' dir='ltr' id='par_1_3' title="bbox 145 449 3541 534">
     <span class='ocr_line' id='line_1_3' title="bbox 145 449 3541 534; baseline 0.002 -26"><span class='ocrx_word' id='word_1_12' title='bbox 145 451 247 522; x_wconf 82' lang='grc'>10),</span> <span class='ocrx_word' id='word_1_13' title='bbox 277 450 373 506; x_wconf 90' lang='lat' dir='ltr'>alii</span> <span class='ocrx_word' id='word_1_14' title='bbox 406 449 661 507; x_wconf 80' lang='lat' dir='ltr'>litteram</span> <span class='ocrx_word' id='word_1_15' title='bbox 694 452 1424 527; x_wconf 84' lang='lat' dir='ltr'>lsgis,nonnulliejusdem</span> <span class='ocrx_word' id='word_1_16' title='bbox 1448 456 1784 529; x_wconf 83' lang='lat' dir='ltr'>intelligunt</span> <span class='ocrx_word' id='word_1_17' title='bbox 1812 460 1867 522; x_wconf 83' lang='grc' dir='ltr'><strong>Α</strong></span> <span class='ocrx_word' id='word_1_18' title='bbox 1896 455 2024 511; x_wconf 90' lang='lat' dir='ltr'>nias</span> <span class='ocrx_word' id='word_1_19' title='bbox 2056 456 2200 529; x_wconf 81' lang='lat' dir='ltr'>legis</span> <span class='ocrx_word' id='word_1_20' title='bbox 2234 458 2551 514; x_wconf 87' lang='lat' dir='ltr'>nonnullos</span> <span class='ocrx_word' id='word_1_21' title='bbox 2580 458 2901 534; x_wconf 76' lang='lat' dir='ltr'>intelligere</span> <span class='ocrx_word' id='word_1_22' title='bbox 2931 460 3210 526; x_wconf 78' lang='lat' dir='ltr'>diximus,</span> <span class='ocrx_word' id='word_1_23' title='bbox 3244 460 3401 532; x_wconf 89' lang='lat' dir='ltr'>quia,</span> <span class='ocrx_word' id='word_1_24' title='bbox 3433 459 3541 515; x_wconf 89' lang='lat' dir='ltr'>sic-</span> 
     </span>
    </p>
   </div>
   <div class='ocr_carea' id='block_1_4' title="bbox 143 540 1783 611">
    <p class='ocr_par' dir='ltr' id='par_1_4' title="bbox 143 540 1783 611">
     <span class='ocr_line' id='line_1_4' title="bbox 143 540 1783 611; baseline 0.002 -14"><span class='ocrx_word' id='word_1_25' title='bbox 143 540 536 607; x_wconf 65' lang='lat' dir='ltr'>ceremonias,</span> <span class='ocrx_word' id='word_1_26' title='bbox 568 540 679 597; x_wconf 89' lang='lat' dir='ltr'>hoc</span> <span class='ocrx_word' id='word_1_27' title='bbox 708 547 816 610; x_wconf 89' lang='lat' dir='ltr'>est,</span> <span class='ocrx_word' id='word_1_28' title='bbox 850 542 1383 611; x_wconf 88' lang='lat' dir='ltr'>circumcisionsm,</span> <span class='ocrx_word' id='word_1_29' title='bbox 1416 550 1473 602; x_wconf 91' lang='lat' dir='ltr'>et</span> <span class='ocrx_word' id='word_1_30' title='bbox 1512 546 1783 601; x_wconf 87' lang='lat' dir='ltr'>sabbato-</span> 
     </span>
    </p>
   </div>
   <div class='ocr_carea' id='block_1_5' title="bbox 142 628 1784 706">
    <p class='ocr_par' dir='ltr' id='par_1_5' title="bbox 142 628 1784 706">
     <span class='ocr_line' id='line_1_5' title="bbox 142 628 1784 706; baseline 0.002 -21"><span class='ocrx_word' id='word_1_31' title='bbox 142 646 268 685; x_wconf 90' lang='lat' dir='ltr'>rum</span> <span class='ocrx_word' id='word_1_32' title='bbox 298 628 653 695; x_wconf 78' lang='lat' dir='ltr'>custodiam,</span> <span class='ocrx_word' id='word_1_33' title='bbox 687 634 796 686; x_wconf 86' lang='lat' dir='ltr'>etc.</span> <span class='ocrx_word' id='word_1_34' title='bbox 832 632 941 687; x_wconf 85' lang='lat' dir='ltr'>Sed</span> <span class='ocrx_word' id='word_1_35' title='bbox 998 632 1251 689; x_wconf 77' lang='lat' dir='ltr'>litteram</span> <span class='ocrx_word' id='word_1_36' title='bbox 1311 633 1455 704; x_wconf 81' lang='lat' dir='ltr'>legis</span> <span class='ocrx_word' id='word_1_37' title='bbox 1496 634 1784 706; x_wconf 89' lang='lat' dir='ltr'>intelliga-</span> 
     </span>
    </p>
   </div>
   <div class='ocr_carea' id='block_1_6' title="bbox 140 716 1781 790">
    <p class='ocr_par' dir='ltr' id='par_1_6' title="bbox 140 716 1781 790">
     <span class='ocr_line' id='line_1_6' title="bbox 140 716 1781 790; baseline 0 -15"><span class='ocrx_word' id='word_1_38' title='bbox 140 734 267 775; x_wconf 89' lang='lat' dir='ltr'><strong>mus</strong></span> <span class='ocrx_word' id='word_1_39' title='bbox 294 716 759 790; x_wconf 84' lang='lat' dir='ltr'>elementa,quia</span> <span class='ocrx_word' id='word_1_40' title='bbox 791 724 847 773; x_wconf 88' lang='lat' dir='ltr'>et</span> <span class='ocrx_word' id='word_1_41' title='bbox 893 719 1104 777; x_wconf 63' lang='lat' dir='ltr'>litteras</span> <span class='ocrx_word' id='word_1_42' title='bbox 1150 721 1439 778; x_wconf 90' lang='lat' dir='ltr'>elementa</span> <span class='ocrx_word' id='word_1_43' title='bbox 1481 723 1781 778; x_wconf 90' lang='lat' dir='ltr'>dicuntur.</span> 
     </span>
    </p>
   </div>
   <div class='ocr_carea' id='block_1_7' title="bbox 138 806 1785 883">
    <p class='ocr_par' dir='ltr' id='par_1_7' title="bbox 138 806 1785 883">
     <span class='ocr_line' id='line_1_7' title="bbox 138 806 1785 883; baseline 0.002 -22"><span class='ocrx_word' id='word_1_44' title='bbox 138 806 318 871; x_wconf 64' lang='lat' dir='ltr'>Queri</span> <span class='ocrx_word' id='word_1_45' title='bbox 341 810 534 878; x_wconf 87' lang='lat' dir='ltr'>potest</span> <span class='ocrx_word' id='word_1_46' title='bbox 554 824 733 879; x_wconf 87' lang='lat' dir='ltr'>quare</span> <span class='ocrx_word' id='word_1_47' title='bbox 754 808 912 864; x_wconf 90' lang='lat' dir='ltr'>dicat</span> <span class='ocrx_word' id='word_1_48' title='bbox 937 810 1155 877; x_wconf 86' lang='lat' dir='ltr'>mundi,</span> <span class='ocrx_word' id='word_1_49' title='bbox 1203 811 1407 866; x_wconf 88' lang='lat' dir='ltr'>Mundi</span> <span class='ocrx_word' id='word_1_50' title='bbox 1448 812 1610 878; x_wconf 89' lang='lat' dir='ltr'>dicit,</span> <span class='ocrx_word' id='word_1_51' title='bbox 1645 811 1785 883; x_wconf 89' lang='lat' dir='ltr'>quia</span> 
     </span>
    </p>
   </div>
   <div class='ocr_carea' id='block_1_8' title="bbox 139 896 1783 973">
    <p class='ocr_par' dir='ltr' id='par_1_8' title="bbox 139 896 1783 973">
     <span class='ocr_line' id='line_1_8' title="bbox 139 896 1783 973; baseline 0.002 -22"><span class='ocrx_word' id='word_1_52' title='bbox 139 896 284 951; x_wconf 85' lang='lat' dir='ltr'>ﬁunt</span> <span class='ocrx_word' id='word_1_53' title='bbox 311 896 372 951; x_wconf 92' lang='lat' dir='ltr'><strong>in</strong></span> <span class='ocrx_word' id='word_1_54' title='bbox 403 897 645 953; x_wconf 92' lang='lat' dir='ltr'>mundo.</span> <span class='ocrx_word' id='word_1_55' title='bbox 667 897 814 952; x_wconf 89' lang='lat' dir='ltr'>Nam</span> <span class='ocrx_word' id='word_1_56' title='bbox 847 899 1105 954; x_wconf 90' lang='lat' dir='ltr'>mundus</span> <span class='ocrx_word' id='word_1_57' title='bbox 1145 917 1297 973; x_wconf 71' lang='lat' dir='ltr'>saepe</span> <span class='ocrx_word' id='word_1_58' title='bbox 1336 900 1485 957; x_wconf 89' lang='lat' dir='ltr'>solet</span> <span class='ocrx_word' id='word_1_59' title='bbox 1515 901 1648 972; x_wconf 90' lang='lat' dir='ltr'>poni</span> <span class='ocrx_word' id='word_1_60' title='bbox 1680 916 1783 971; x_wconf 89' lang='lat' dir='ltr'>pro</span> 
     </span>
    </p>
   </div>
   <div class='ocr_carea' id='block_1_9' title="bbox 144 977 1787 1056">
    <p class='ocr_par' dir='ltr' id='par_1_9' title="bbox 144 977 1787 1056">
     <span class='ocr_line' id='line_1_9' title="bbox 144 977 1787 1056; baseline 0.002 -17"><span class='ocrx_word' id='word_1_61' title='bbox 144 985 232 1047; x_wconf 82' lang='lat' dir='ltr'>his</span> <span class='ocrx_word' id='word_1_62' title='bbox 262 1001 389 1056; x_wconf 80' lang='lat' dir='ltr'>quas</span> <span class='ocrx_word' id='word_1_63' title='bbox 421 984 574 1040; x_wconf 78' lang='lat' dir='ltr'><strong>ﬁunt</strong></span> <span class='ocrx_word' id='word_1_64' title='bbox 601 985 661 1041; x_wconf 90' lang='lat' dir='ltr'>in</span> <span class='ocrx_word' id='word_1_65' title='bbox 694 987 955 1053; x_wconf 91' lang='lat' dir='ltr'>mundo;</span> <span class='ocrx_word' id='word_1_66' title='bbox 990 989 1148 1043; x_wconf 88' lang='lat' dir='ltr'>unde</span> <span class='ocrx_word' id='word_1_67' title='bbox 1176 993 1265 1043; x_wconf 91' lang='lat' dir='ltr'>est</span> <span class='ocrx_word' id='word_1_68' title='bbox 1296 989 1437 1044; x_wconf 88' lang='lat' dir='ltr'>illud</span> <span class='ocrx_word' id='word_1_69' title='bbox 1468 1006 1481 1044; x_wconf 94' lang='lat'>:</span> <span class='ocrx_word' id='word_1_70' title='bbox 1515 990 1632 1045; x_wconf 85' lang='lat' dir='ltr'>Non</span> <span class='ocrx_word' id='word_1_71' title='bbox 1660 977 1787 1044; x_wconf 75' lang='lat' dir='ltr'>veni</span> 
     </span>
    </p>
   </div>
   <div class='ocr_carea' id='block_1_10' title="bbox 138 1073 1783 1149">
    <p class='ocr_par' dir='ltr' id='par_1_10' title="bbox 138 1073 1783 1149">
     <span class='ocr_line' id='line_1_10' title="bbox 138 1073 1783 1149; baseline 0.002 -20"><span class='ocrx_word' id='word_1_72' title='bbox 138 1076 191 1129; x_wconf 84' lang='lat' dir='ltr'>ut</span> <span class='ocrx_word' id='word_1_73' title='bbox 209 1073 451 1144; x_wconf 81' lang='lat' dir='ltr'>judicem</span> <span class='ocrx_word' id='word_1_74' title='bbox 485 1081 762 1129; x_wconf 85' lang='lat' dir='ltr'>mundum</span> <span class='ocrx_word' id='word_1_75' title='bbox 796 1077 974 1144; x_wconf 87' lang='lat' dir='ltr'>(Joan.</span> <span class='ocrx_word' id='word_1_76' title='bbox 1008 1093 1110 1145; x_wconf 84' lang='lat' dir='ltr'>xu,</span> <span class='ocrx_word' id='word_1_77' title='bbox 1141 1079 1230 1149; x_wconf 77' lang='grc'>47)</span> <span class='ocrx_word' id='word_1_78' title='bbox 1258 1096 1272 1146; x_wconf 86' lang='grc'>;</span> <span class='ocrx_word' id='word_1_79' title='bbox 1319 1083 1377 1133; x_wconf 91' lang='lat' dir='ltr'>et</span> <span class='ocrx_word' id='word_1_80' title='bbox 1418 1078 1599 1134; x_wconf 89' lang='lat' dir='ltr'>item:</span> <span class='ocrx_word' id='word_1_81' title='bbox 1633 1079 1783 1133; x_wconf 55' lang='lat' dir='ltr'>Mun-</span> 
     </span>
    </p>
   </div>
   <div class='ocr_carea' id='block_1_11' title="bbox 137 1163 1230 1238">
    <p class='ocr_par' dir='ltr' id='par_1_11' title="bbox 137 1163 1230 1238">
     <span class='ocr_line' id='line_1_11' title="bbox 137 1163 1230 1238; baseline 0.001 -18"><span class='ocrx_word' id='word_1_82' title='bbox 137 1163 230 1221; x_wconf 76' lang='lat' dir='ltr'>dus</span> <span class='ocrx_word' id='word_1_83' title='bbox 260 1178 389 1217; x_wconf 84' lang='lat' dir='ltr'>eum</span> <span class='ocrx_word' id='word_1_84' title='bbox 418 1179 531 1218; x_wconf 83' lang='lat' dir='ltr'>non</span> <span class='ocrx_word' id='word_1_85' title='bbox 561 1166 810 1233; x_wconf 76' lang='lat' dir='ltr'>cognovit</span> <span class='ocrx_word' id='word_1_86' title='bbox 837 1166 1017 1234; x_wconf 79' lang='lat' dir='ltr'>(Joan.</span> <span class='ocrx_word' id='word_1_87' title='bbox 1052 1184 1093 1233; x_wconf 88' lang='grc' dir='ltr'>ι,</span> <span class='ocrx_word' id='word_1_88' title='bbox 1120 1167 1230 1238; x_wconf 89' lang='grc'>10).</span> 
     </span>
    </p>
   </div>
   <div class='ocr_carea' id='block_1_12' title="bbox 191 1251 1783 1326">
    <p class='ocr_par' dir='ltr' id='par_1_12' title="bbox 191 1251 1783 1326">
     <span class='ocr_line' id='line_1_12' title="bbox 191 1251 1783 1326; baseline 0.004 -21"><span class='ocrx_word' id='word_1_89' title='bbox 191 1251 258 1305; x_wconf 83' lang='lat' dir='ltr'>At</span> <span class='ocrx_word' id='word_1_90' title='bbox 285 1252 387 1307; x_wconf 85' lang='lat' dir='ltr'>ubi</span> <span class='ocrx_word' id='word_1_91' title='bbox 416 1254 568 1307; x_wconf 82' lang='lat' dir='ltr'>venit</span> <span class='ocrx_word' id='word_1_92' title='bbox 584 1252 875 1324; x_wconf 74' lang='lat' dir='ltr'>plenitudo</span> <span class='ocrx_word' id='word_1_93' title='bbox 888 1255 1612 1326; x_wconf 82' lang='lat' dir='ltr'>temporis.Plenitudinem</span> <span class='ocrx_word' id='word_1_94' title='bbox 1635 1260 1783 1311; x_wconf 88' lang='lat' dir='ltr'>tem-</span> 
     </span>
    </p>
   </div>
   <div class='ocr_carea' id='block_1_13' title="bbox 136 1340 1783 1417">
    <p class='ocr_par' dir='ltr' id='par_1_13' title="bbox 136 1340 1783 1417">
     <span class='ocr_line' id='line_1_13' title="bbox 136 1340 1783 1417; baseline 0.002 -20"><span class='ocrx_word' id='word_1_95' title='bbox 136 1340 290 1413; x_wconf 89' lang='lat' dir='ltr'>poris</span> <span class='ocrx_word' id='word_1_96' title='bbox 322 1340 628 1412; x_wconf 62' lang='lat' dir='ltr'>praeﬁxum</span> <span class='ocrx_word' id='word_1_97' title='bbox 659 1346 896 1414; x_wconf 87' lang='lat' dir='ltr'>tempus</span> <span class='ocrx_word' id='word_1_98' title='bbox 927 1360 961 1398; x_wconf 93' lang='lat' dir='ltr'>a</span> <span class='ocrx_word' id='word_1_99' title='bbox 990 1343 1158 1399; x_wconf 82' lang='lat' dir='ltr'>Patre</span> <span class='ocrx_word' id='word_1_100' title='bbox 1186 1348 1501 1417; x_wconf 81' lang='lat' dir='ltr'>vocat,quo</span> <span class='ocrx_word' id='word_1_101' title='bbox 1532 1345 1783 1417; x_wconf 68' lang='lat' dir='ltr'>praedes-</span> 
     </span>
    </p>
   </div>
   <div class='ocr_carea' id='block_1_14' title="bbox 136 1428 1781 1504">
    <p class='ocr_par' dir='ltr' id='par_1_14' title="bbox 136 1428 1781 1504">
     <span class='ocr_line' id='line_1_14' title="bbox 136 1428 1781 1504; baseline 0.002 -21"><span class='ocrx_word' id='word_1_102' title='bbox 136 1430 417 1484; x_wconf 90' lang='lat' dir='ltr'>tinaverat</span> <span class='ocrx_word' id='word_1_103' title='bbox 449 1428 660 1487; x_wconf 87' lang='lat' dir='ltr'>Filium</span> <span class='ocrx_word' id='word_1_104' title='bbox 692 1447 865 1486; x_wconf 90' lang='lat' dir='ltr'>suum</span> <span class='ocrx_word' id='word_1_105' title='bbox 899 1448 1003 1503; x_wconf 92' lang='lat' dir='ltr'>pro</span> <span class='ocrx_word' id='word_1_106' title='bbox 1033 1432 1226 1489; x_wconf 88' lang='lat' dir='ltr'>salute</span> <span class='ocrx_word' id='word_1_107' title='bbox 1250 1434 1483 1504; x_wconf 83' lang='lat' dir='ltr'>generis</span> <span class='ocrx_word' id='word_1_108' title='bbox 1538 1432 1781 1489; x_wconf 83' lang='lat' dir='ltr'><strong>humani</strong></span> 
     </span>
    </p>
   </div>
   <div class='ocr_carea' id='block_1_15' title="bbox 134 1516 1006 1576">
    <p class='ocr_par' dir='ltr' id='par_1_15' title="bbox 134 1516 1006 1576">
     <span class='ocr_line' id='line_1_15' title="bbox 134 1516 1006 1576; baseline 0.002 -3"><span class='ocrx_word' id='word_1_109' title='bbox 134 1519 197 1574; x_wconf 90' lang='lat' dir='ltr'>de</span> <span class='ocrx_word' id='word_1_110' title='bbox 226 1516 397 1574; x_wconf 65' lang='lat' dir='ltr'>oculis</span> <span class='ocrx_word' id='word_1_111' title='bbox 430 1519 664 1575; x_wconf 85' lang='lat' dir='ltr'>mittere</span> <span class='ocrx_word' id='word_1_112' title='bbox 695 1520 769 1575; x_wconf 92' lang='lat' dir='ltr'>ad</span> <span class='ocrx_word' id='word_1_113' title='bbox 799 1524 1006 1576; x_wconf 88' lang='lat' dir='ltr'>terras.</span> 
     </span>
    </p>
   </div>
   <div class='ocr_carea' id='block_1_16' title="bbox 197 1608 1784 1678">
    <p class='ocr_par' dir='ltr' id='par_1_16' title="bbox 197 1608 1784 1678">
     <span class='ocr_line' id='line_1_16' title="bbox 197 1608 1784 1678; baseline 0.003 -17"><span class='ocrx_word' id='word_1_114' title='bbox 197 1608 349 1678; x_wconf 84' lang='lat'>(928)</span> <span class='ocrx_word' id='word_1_115' title='bbox 382 1608 693 1676; x_wconf 81' lang='lat' dir='ltr'>Sequitur:</span> <span class='ocrx_word' id='word_1_116' title='bbox 728 1610 877 1665; x_wconf 81' lang='lat' dir='ltr'>Misit</span> <span class='ocrx_word' id='word_1_117' title='bbox 934 1612 1073 1665; x_wconf 72' lang='lat' dir='ltr'>Deus</span> <span class='ocrx_word' id='word_1_118' title='bbox 1122 1612 1333 1667; x_wconf 84' lang='lat' dir='ltr'>Filium</span> <span class='ocrx_word' id='word_1_119' title='bbox 1360 1628 1548 1667; x_wconf 84' lang='lat' dir='ltr'>suum.</span> <span class='ocrx_word' id='word_1_120' title='bbox 1582 1610 1784 1666; x_wconf 85' lang='lat' dir='ltr'>Missio</span> 
     </span>
    </p>
   </div>
   <div class='ocr_carea' id='block_1_17' title="bbox 136 1695 1783 1771">
    <p class='ocr_par' dir='ltr' id='par_1_17' title="bbox 136 1695 1783 1771">
     <span class='ocr_line' id='line_1_17' title="bbox 136 1695 1783 1771; baseline -0.001 -16"><span class='ocrx_word' id='word_1_121' title='bbox 136 1697 242 1755; x_wconf 87' lang='lat' dir='ltr'>ista</span> <span class='ocrx_word' id='word_1_122' title='bbox 268 1695 598 1752; x_wconf 84' lang='lat' dir='ltr'>incarnatio</span> <span class='ocrx_word' id='word_1_123' title='bbox 621 1702 711 1752; x_wconf 90' lang='lat' dir='ltr'>est</span> <span class='ocrx_word' id='word_1_124' title='bbox 732 1696 1112 1769; x_wconf 87' lang='lat' dir='ltr'>intelligenda</span> <span class='ocrx_word' id='word_1_125' title='bbox 1139 1717 1151 1753; x_wconf 92' lang='lat'>:</span> <span class='ocrx_word' id='word_1_126' title='bbox 1180 1716 1314 1755; x_wconf 90' lang='lat' dir='ltr'>nam</span> <span class='ocrx_word' id='word_1_127' title='bbox 1340 1717 1467 1771; x_wconf 65' lang='lat' dir='ltr'>quas</span> <span class='ocrx_word' id='word_1_128' title='bbox 1488 1700 1566 1755; x_wconf 84' lang='lat' dir='ltr'>sit</span> <span class='ocrx_word' id='word_1_129' title='bbox 1596 1699 1783 1754; x_wconf 88' lang='lat' dir='ltr'>mani-</span> 
     </span>
    </p>
   </div>
   <div class='ocr_carea' id='block_1_18' title="bbox 138 1785 1783 1856">
    <p class='ocr_par' dir='ltr' id='par_1_18' title="bbox 138 1785 1783 1856">
     <span class='ocr_line' id='line_1_18' title="bbox 138 1785 1783 1856; baseline 0.002 -17"><span class='ocrx_word' id='word_1_130' title='bbox 138 1785 479 1851; x_wconf 83' lang='lat' dir='ltr'>festat,oum</span> <span class='ocrx_word' id='word_1_131' title='bbox 511 1786 628 1841; x_wconf 87' lang='lat' dir='ltr'>ait:</span> <span class='ocrx_word' id='word_1_132' title='bbox 662 1789 893 1842; x_wconf 86' lang='lat' dir='ltr'>Factum</span> <span class='ocrx_word' id='word_1_133' title='bbox 922 1803 992 1842; x_wconf 75' lang='lat' dir='ltr'>ea:</span> <span class='ocrx_word' id='word_1_134' title='bbox 1037 1790 1293 1845; x_wconf 80' lang='lat' dir='ltr'>muliere.</span> <span class='ocrx_word' id='word_1_135' title='bbox 1342 1792 1569 1844; x_wconf 83' lang='lat' dir='ltr'>Factum</span> <span class='ocrx_word' id='word_1_136' title='bbox 1621 1788 1783 1856; x_wconf 87' lang='lat' dir='ltr'>dicit,</span> 
     </span>
    </p>
   </div>
   <div class='ocr_carea' id='block_1_19' title="bbox 136 1874 1780 1949">
    <p class='ocr_par' dir='ltr' id='par_1_19' title="bbox 136 1874 1780 1949">
     <span class='ocr_line' id='line_1_19' title="bbox 136 1874 1780 1949; baseline 0.002 -20"><span class='ocrx_word' id='word_1_137' title='bbox 136 1878 372 1946; x_wconf 81' lang='lat' dir='ltr'>propter</span> <span class='ocrx_word' id='word_1_138' title='bbox 391 1874 586 1930; x_wconf 90' lang='lat' dir='ltr'>carnis</span> <span class='ocrx_word' id='word_1_139' title='bbox 608 1880 821 1931; x_wconf 66' lang='lat' dir='ltr'>nostra:</span> <span class='ocrx_word' id='word_1_140' title='bbox 844 1876 1320 1948; x_wconf 87' lang='lat' dir='ltr'>fragilitatem.Et</span> <span class='ocrx_word' id='word_1_141' title='bbox 1340 1883 1480 1933; x_wconf 89' lang='lat' dir='ltr'>nota</span> <span class='ocrx_word' id='word_1_142' title='bbox 1502 1878 1640 1949; x_wconf 90' lang='lat' dir='ltr'>quia</span> <span class='ocrx_word' id='word_1_143' title='bbox 1666 1894 1780 1932; x_wconf 90' lang='lat' dir='ltr'>non</span> 
     </span>
    </p>
   </div>
   <div class='ocr_carea' id='block_1_20' title="bbox 138 1962 1785 2037">
    <p class='ocr_par' dir='ltr' id='par_1_20' title="bbox 138 1962 1785 2037">
     <span class='ocr_line' id='line_1_20' title="bbox 138 1962 1785 2037; baseline 0.003 -20"><span class='ocrx_word' id='word_1_144' title='bbox 138 1963 271 2017; x_wconf 88' lang='lat' dir='ltr'>dicit</span> <span class='ocrx_word' id='word_1_145' title='bbox 301 1979 409 2035; x_wconf 91' lang='lat' dir='ltr'>per</span> <span class='ocrx_word' id='word_1_146' title='bbox 430 1962 1003 2037; x_wconf 88' lang='lat' dir='ltr'>mulierem,pr0pter</span> <span class='ocrx_word' id='word_1_147' title='bbox 1023 1966 1328 2022; x_wconf 80' lang='lat' dir='ltr'>haereticos</span> <span class='ocrx_word' id='word_1_148' title='bbox 1363 1968 1532 2037; x_wconf 82' lang='lat'>(929),</span> <span class='ocrx_word' id='word_1_149' title='bbox 1583 1967 1683 2022; x_wconf 90' lang='lat' dir='ltr'>sed</span> <span class='ocrx_word' id='word_1_150' title='bbox 1714 1982 1785 2022; x_wconf 77' lang='lat' dir='ltr'>ea:</span> 
     </span>
    </p>
   </div>
   <div class='ocr_carea' id='block_1_21' title="bbox 137 2052 1781 2117">
    <p class='ocr_par' dir='ltr' id='par_1_21' title="bbox 137 2052 1781 2117">
     <span class='ocr_line' id='line_1_21' title="bbox 137 2052 1781 2117; baseline 0.003 -11"><span class='ocrx_word' id='word_1_151' title='bbox 137 2052 386 2117; x_wconf 76' lang='lat' dir='ltr'>muliere,</span> <span class='ocrx_word' id='word_1_152' title='bbox 411 2052 521 2108; x_wconf 91' lang='lat' dir='ltr'>hoc</span> <span class='ocrx_word' id='word_1_153' title='bbox 542 2058 653 2117; x_wconf 90' lang='lat' dir='ltr'>est,</span> <span class='ocrx_word' id='word_1_154' title='bbox 677 2069 747 2108; x_wconf 83' lang='lat' dir='ltr'>ex</span> <span class='ocrx_word' id='word_1_155' title='bbox 775 2054 1110 2110; x_wconf 83' lang='lat' dir='ltr'>substantia</span> <span class='ocrx_word' id='word_1_156' title='bbox 1134 2061 1192 2111; x_wconf 91' lang='lat' dir='ltr'>et</span> <span class='ocrx_word' id='word_1_157' title='bbox 1240 2055 1467 2111; x_wconf 89' lang='lat' dir='ltr'>semine</span> <span class='ocrx_word' id='word_1_158' title='bbox 1498 2055 1781 2112; x_wconf 80' lang='lat' dir='ltr'>mulieris.</span> 
     </span>
    </p>
   </div>
   <div class='ocr_carea' id='block_1_22' title="bbox 140 2140 1782 2216">
    <p class='ocr_par' dir='ltr' id='par_1_22' title="bbox 140 2140 1782 2216">
     <span class='ocr_line' id='line_1_22' title="bbox 140 2140 1782 2216; baseline 0.002 -21"><span class='ocrx_word' id='word_1_159' title='bbox 140 2140 436 2196; x_wconf 88' lang='lat' dir='ltr'>Mulierem</span> <span class='ocrx_word' id='word_1_160' title='bbox 450 2157 654 2197; x_wconf 87' lang='lat' dir='ltr'>sexum</span> <span class='ocrx_word' id='word_1_161' title='bbox 669 2143 904 2213; x_wconf 88' lang='lat' dir='ltr'>quidem</span> <span class='ocrx_word' id='word_1_162' title='bbox 921 2143 1178 2216; x_wconf 84' lang='lat' dir='ltr'>intelligo</span> <span class='ocrx_word' id='word_1_163' title='bbox 1197 2161 1313 2199; x_wconf 92' lang='lat' dir='ltr'>non</span> <span class='ocrx_word' id='word_1_164' title='bbox 1327 2145 1782 2216; x_wconf 88' lang='lat' dir='ltr'>corruptionem.</span> 
     </span>
    </p>
   </div>
   <div class='ocr_carea' id='block_1_23' title="bbox 144 2228 1784 2305">
    <p class='ocr_par' dir='ltr' id='par_1_23' title="bbox 144 2228 1784 2305">
     <span class='ocr_line' id='line_1_23' title="bbox 144 2228 1784 2305; baseline 0.002 -21"><span class='ocrx_word' id='word_1_165' title='bbox 144 2228 426 2285; x_wconf 62' lang='lat' dir='ltr'>Hebraicis</span> <span class='ocrx_word' id='word_1_166' title='bbox 457 2246 692 2302; x_wconf 87' lang='lat' dir='ltr'>quoque</span> <span class='ocrx_word' id='word_1_167' title='bbox 722 2230 935 2304; x_wconf 67' lang='lat' dir='ltr'>linguae</span> <span class='ocrx_word' id='word_1_168' title='bbox 961 2233 1287 2305; x_wconf 81' lang='lat' dir='ltr'>proprietas</span> <span class='ocrx_word' id='word_1_169' title='bbox 1339 2237 1429 2289; x_wconf 88' lang='lat' dir='ltr'>est</span> <span class='ocrx_word' id='word_1_170' title='bbox 1479 2232 1784 2288; x_wconf 89' lang='lat' dir='ltr'>mulierem</span> 
     </span>
    </p>
   </div>
   <div class='ocr_carea' id='block_1_24' title="bbox 1894 545 3540 620">
    <p class='ocr_par' dir='ltr' id='par_1_24' title="bbox 1894 545 3540 620">
     <span class='ocr_line' id='line_1_24' title="bbox 1894 545 3540 620; baseline 0.002 -21"><span class='ocrx_word' id='word_1_171' title='bbox 1894 548 1958 599; x_wconf 93' lang='lat' dir='ltr'><strong>ut</strong></span> <span class='ocrx_word' id='word_1_172' title='bbox 1987 546 2048 600; x_wconf 87' lang='lat' dir='ltr'>in</span> <span class='ocrx_word' id='word_1_173' title='bbox 2080 545 2241 601; x_wconf 88' lang='lat' dir='ltr'>cultu</span> <span class='ocrx_word' id='word_1_174' title='bbox 2275 546 2567 602; x_wconf 90' lang='lat' dir='ltr'>idolorum</span> <span class='ocrx_word' id='word_1_175' title='bbox 2618 549 2869 604; x_wconf 88' lang='lat' dir='ltr'>servitus</span> <span class='ocrx_word' id='word_1_176' title='bbox 2929 553 3073 620; x_wconf 88' lang='lat' dir='ltr'>erat,</span> <span class='ocrx_word' id='word_1_177' title='bbox 3105 548 3187 605; x_wconf 90' lang='lat' dir='ltr'>sic</span> <span class='ocrx_word' id='word_1_178' title='bbox 3245 552 3305 603; x_wconf 94' lang='lat' dir='ltr'>et</span> <span class='ocrx_word' id='word_1_179' title='bbox 3331 547 3540 602; x_wconf 63' lang='lat' dir='ltr'>in&#39;ritu</span> 
     </span>
    </p>
   </div>
   <div class='ocr_carea' id='block_1_25' title="bbox 1894 633 2704 707">
    <p class='ocr_par' dir='ltr' id='par_1_25' title="bbox 1894 633 2704 707">
     <span class='ocr_line' id='line_1_25' title="bbox 1894 633 2704 707; baseline 0.005 -19"><span class='ocrx_word' id='word_1_180' title='bbox 1894 633 2171 707; x_wconf 81' lang='lat' dir='ltr'>legalium</span> <span class='ocrx_word' id='word_1_181' title='bbox 2205 636 2704 692; x_wconf 76' lang='lat' dir='ltr'>caeremoniarum.</span> 
     </span>
    </p>
   </div>
   <div class='ocr_carea' id='block_1_26' title="bbox 1965 724 3538 798">
    <p class='ocr_par' dir='ltr' id='par_1_26' title="bbox 1965 724 3538 798">
     <span class='ocr_line' id='line_1_26' title="bbox 1965 724 3538 798; baseline 0.001 -20"><span class='ocrx_word' id='word_1_182' title='bbox 1965 724 2023 778; x_wconf 91' lang='lat' dir='ltr'>Si</span> <span class='ocrx_word' id='word_1_183' title='bbox 2055 729 2250 779; x_wconf 86' lang='lat' dir='ltr'>autem</span> <span class='ocrx_word' id='word_1_184' title='bbox 2284 724 2404 779; x_wconf 71' lang='lat' dir='ltr'>haec</span> <span class='ocrx_word' id='word_1_185' title='bbox 2435 724 3013 793; x_wconf 90' lang='lat' dir='ltr'>similitudo,sicutet</span> <span class='ocrx_word' id='word_1_186' title='bbox 3042 726 3326 798; x_wconf 89' lang='lat' dir='ltr'>superior,</span> <span class='ocrx_word' id='word_1_187' title='bbox 3341 726 3412 780; x_wconf 91' lang='lat' dir='ltr'>ad</span> <span class='ocrx_word' id='word_1_188' title='bbox 3434 724 3538 780; x_wconf 84' lang='lat' dir='ltr'>Ju-</span> 
     </span>
    </p>
   </div>
   <div class='ocr_carea' id='block_1_27' title="bbox 1893 811 3540 885">
    <p class='ocr_par' dir='ltr' id='par_1_27' title="bbox 1893 811 3540 885">
     <span class='ocr_line' id='line_1_27' title="bbox 1893 811 3540 885; baseline -0.001 -18"><span class='ocrx_word' id='word_1_189' title='bbox 1893 812 2048 867; x_wconf 73' lang='lat' dir='ltr'>dseos</span> <span class='ocrx_word' id='word_1_190' title='bbox 2080 813 2383 879; x_wconf 81' lang='lat' dir='ltr'>referatur,</span> <span class='ocrx_word' id='word_1_191' title='bbox 2419 813 2673 868; x_wconf 80' lang='lat' dir='ltr'>maxime</span> <span class='ocrx_word' id='word_1_192' title='bbox 2703 815 2841 885; x_wconf 89' lang='lat' dir='ltr'>quia</span> <span class='ocrx_word' id='word_1_193' title='bbox 2873 815 2943 870; x_wconf 92' lang='lat' dir='ltr'>de</span> <span class='ocrx_word' id='word_1_194' title='bbox 2981 814 3428 870; x_wconf 89' lang='lat' dir='ltr'>circumcisione</span> <span class='ocrx_word' id='word_1_195' title='bbox 3455 811 3540 867; x_wconf 87' lang='lat' dir='ltr'>lo-</span> 
     </span>
    </p>
   </div>
   <div class='ocr_carea' id='block_1_28' title="bbox 1893 900 3540 975">
    <p class='ocr_par' dir='ltr' id='par_1_28' title="bbox 1893 900 3540 975">
     <span class='ocr_line' id='line_1_28' title="bbox 1893 900 3540 975; baseline -0.001 -19"><span class='ocrx_word' id='word_1_196' title='bbox 1893 901 2202 972; x_wconf 89' lang='lat' dir='ltr'>quebatur,</span> <span class='ocrx_word' id='word_1_197' title='bbox 2235 918 2307 956; x_wconf 91' lang='lat' dir='ltr'>ne</span> <span class='ocrx_word' id='word_1_198' title='bbox 2338 902 2483 957; x_wconf 86' lang='lat' dir='ltr'>forte</span> <span class='ocrx_word' id='word_1_199' title='bbox 2512 902 2851 957; x_wconf 84' lang='lat' dir='ltr'>viderentur</span> <span class='ocrx_word' id='word_1_200' title='bbox 2879 902 3127 975; x_wconf 88' lang='lat' dir='ltr'>gentiles</span> <span class='ocrx_word' id='word_1_201' title='bbox 3153 900 3540 969; x_wconf 87' lang='lat' dir='ltr'>exclusi,sub-</span> 
     </span>
    </p>
   </div>
   <div class='ocr_carea' id='block_1_29' title="bbox 1892 988 3543 1064">
    <p class='ocr_par' dir='ltr' id='par_1_29' title="bbox 1892 988 3543 1064">
     <span class='ocr_line' id='line_1_29' title="bbox 1892 988 3543 1064; baseline 0 -20"><span class='ocrx_word' id='word_1_202' title='bbox 1892 990 2123 1060; x_wconf 85' lang='lat' dir='ltr'>iunxit:</span> <span class='ocrx_word' id='word_1_203' title='bbox 2159 991 2428 1058; x_wconf 82' lang='lat' dir='ltr'>Quoniam</span> <span class='ocrx_word' id='word_1_204' title='bbox 2457 994 2641 1046; x_wconf 83' lang='lat' dir='ltr'>autem</span> <span class='ocrx_word' id='word_1_205' title='bbox 2669 992 2798 1047; x_wconf 84' lang='lat' dir='ltr'>estis</span> <span class='ocrx_word' id='word_1_206' title='bbox 2828 1008 3011 1048; x_wconf 81' lang='lat' dir='ltr'>omnes</span> <span class='ocrx_word' id='word_1_207' title='bbox 3026 992 3173 1064; x_wconf 86' lang='grc'>(931)</span> <span class='ocrx_word' id='word_1_208' title='bbox 3202 993 3350 1063; x_wconf 86' lang='lat' dir='ltr'>ﬁlii;</span> <span class='ocrx_word' id='word_1_209' title='bbox 3372 988 3543 1062; x_wconf 90' lang='lat' dir='ltr'>quasi</span> 
     </span>
    </p>
   </div>
   <div class='ocr_carea' id='block_1_30' title="bbox 1893 1076 3542 1152">
    <p class='ocr_par' dir='ltr' id='par_1_30' title="bbox 1893 1076 3542 1152">
     <span class='ocr_line' id='line_1_30' title="bbox 1893 1076 3542 1152; baseline -0.001 -19"><span class='ocrx_word' id='word_1_210' title='bbox 1893 1078 2130 1133; x_wconf 86' lang='lat' dir='ltr'>diceret:</span> <span class='ocrx_word' id='word_1_211' title='bbox 2158 1078 2323 1134; x_wconf 89' lang='lat' dir='ltr'>Sicut</span> <span class='ocrx_word' id='word_1_212' title='bbox 2346 1095 2512 1148; x_wconf 88' lang='lat' dir='ltr'>nos,o</span> <span class='ocrx_word' id='word_1_213' title='bbox 2526 1079 2869 1152; x_wconf 69' lang='lat' dir='ltr'>Galatae,qui</span> <span class='ocrx_word' id='word_1_214' title='bbox 2891 1080 3001 1135; x_wconf 93' lang='lat' dir='ltr'>sub</span> <span class='ocrx_word' id='word_1_215' title='bbox 3015 1079 3318 1135; x_wconf 89' lang='lat' dir='ltr'>elementis</span> <span class='ocrx_word' id='word_1_216' title='bbox 3337 1076 3542 1134; x_wconf 92' lang='lat' dir='ltr'>mundi</span> 
     </span>
    </p>
   </div>
   <div class='ocr_carea' id='block_1_31' title="bbox 1893 1168 3545 1241">
    <p class='ocr_par' dir='ltr' id='par_1_31' title="bbox 1893 1168 3545 1241">
     <span class='ocr_line' id='line_1_31' title="bbox 1893 1168 3545 1241; baseline -0.001 -18"><span class='ocrx_word' id='word_1_217' title='bbox 1893 1184 2131 1224; x_wconf 87' lang='lat' dir='ltr'>eramus</span> <span class='ocrx_word' id='word_1_218' title='bbox 2161 1168 2505 1240; x_wconf 85' lang='lat' dir='ltr'>servientes,</span> <span class='ocrx_word' id='word_1_219' title='bbox 2536 1170 2675 1241; x_wconf 89' lang='lat' dir='ltr'><strong>quia</strong></span> <span class='ocrx_word' id='word_1_220' title='bbox 2704 1170 3058 1226; x_wconf 88' lang='lat' dir='ltr'>recessimus</span> <span class='ocrx_word' id='word_1_221' title='bbox 3090 1169 3161 1224; x_wconf 91' lang='lat' dir='ltr'>ab</span> <span class='ocrx_word' id='word_1_222' title='bbox 3193 1168 3299 1234; x_wconf 91' lang='lat' dir='ltr'>eis,</span> <span class='ocrx_word' id='word_1_223' title='bbox 3331 1172 3388 1222; x_wconf 89' lang='lat' dir='ltr'>et</span> <span class='ocrx_word' id='word_1_224' title='bbox 3428 1182 3545 1222; x_wconf 84' lang='lat' dir='ltr'>cre-</span> 
     </span>
    </p>
   </div>
   <div class='ocr_carea' id='block_1_32' title="bbox 1893 1254 3542 1329">
    <p class='ocr_par' dir='ltr' id='par_1_32' title="bbox 1893 1254 3542 1329">
     <span class='ocr_line' id='line_1_32' title="bbox 1893 1254 3542 1329; baseline -0.002 -18"><span class='ocrx_word' id='word_1_225' title='bbox 1893 1257 2085 1312; x_wconf 91' lang='lat' dir='ltr'>dendo</span> <span class='ocrx_word' id='word_1_226' title='bbox 2120 1257 2255 1312; x_wconf 90' lang='lat' dir='ltr'>facti</span> <span class='ocrx_word' id='word_1_227' title='bbox 2290 1274 2498 1313; x_wconf 92' lang='lat' dir='ltr'>sumus</span> <span class='ocrx_word' id='word_1_228' title='bbox 2529 1257 2635 1312; x_wconf 82' lang='lat' dir='ltr'>filii</span> <span class='ocrx_word' id='word_1_229' title='bbox 2668 1257 2763 1313; x_wconf 90' lang='lat' dir='ltr'>Dei</span> <span class='ocrx_word' id='word_1_230' title='bbox 2790 1276 2803 1325; x_wconf 91' lang='lat'>;</span> <span class='ocrx_word' id='word_1_231' title='bbox 2838 1258 2920 1314; x_wconf 92' lang='lat' dir='ltr'>sic</span> <span class='ocrx_word' id='word_1_232' title='bbox 2951 1262 3008 1313; x_wconf 89' lang='lat' dir='ltr'>et</span> <span class='ocrx_word' id='word_1_233' title='bbox 3034 1274 3137 1313; x_wconf 89' lang='lat' dir='ltr'>vos</span> <span class='ocrx_word' id='word_1_234' title='bbox 3167 1257 3227 1313; x_wconf 92' lang='lat' dir='ltr'>in</span> <span class='ocrx_word' id='word_1_235' title='bbox 3260 1254 3542 1329; x_wconf 70' lang='lat' dir='ltr'>praeputio</span> 
     </span>
    </p>
   </div>
   <div class='ocr_carea' id='block_1_33' title="bbox 1894 1346 3542 1415">
    <p class='ocr_par' dir='ltr' id='par_1_33' title="bbox 1894 1346 3542 1415">
     <span class='ocr_line' id='line_1_33' title="bbox 1894 1346 3542 1415; baseline -0.002 -14"><span class='ocrx_word' id='word_1_236' title='bbox 1894 1346 2221 1412; x_wconf 89' lang='lat' dir='ltr'>credentes,</span> <span class='ocrx_word' id='word_1_237' title='bbox 2247 1361 2452 1401; x_wconf 87' lang='lat' dir='ltr'>omnes</span> <span class='ocrx_word' id='word_1_238' title='bbox 2487 1346 2590 1401; x_wconf 81' lang='lat' dir='ltr'>ﬁlii</span> <span class='ocrx_word' id='word_1_239' title='bbox 2623 1346 2722 1402; x_wconf 90' lang='lat' dir='ltr'>Dei</span> <span class='ocrx_word' id='word_1_240' title='bbox 2756 1346 2940 1402; x_wconf 72' lang='lat' dir='ltr'>effecti</span> <span class='ocrx_word' id='word_1_241' title='bbox 2963 1347 3124 1402; x_wconf 89' lang='lat' dir='ltr'>estis.</span> <span class='ocrx_word' id='word_1_242' title='bbox 3158 1348 3347 1412; x_wconf 88' lang='lat' dir='ltr'>Quare</span> <span class='ocrx_word' id='word_1_243' title='bbox 3406 1358 3542 1415; x_wconf 89' lang='lat' dir='ltr'>ergo</span> 
     </span>
    </p>
   </div>
   <div class='ocr_carea' id='block_1_34' title="bbox 1892 1433 3048 1506">
    <p class='ocr_par' dir='ltr' id='par_1_34' title="bbox 1892 1433 3048 1506">
     <span class='ocr_line' id='line_1_34' title="bbox 1892 1433 3048 1506; baseline 0.001 -17"><span class='ocrx_word' id='word_1_244' title='bbox 1892 1435 1965 1489; x_wconf 90' lang='lat' dir='ltr'>ad</span> <span class='ocrx_word' id='word_1_245' title='bbox 1998 1434 2143 1506; x_wconf 89' lang='lat' dir='ltr'>legis</span> <span class='ocrx_word' id='word_1_246' title='bbox 2178 1433 2516 1490; x_wconf 90' lang='lat' dir='ltr'>servitutem</span> <span class='ocrx_word' id='word_1_247' title='bbox 2548 1435 2800 1491; x_wconf 88' lang='lat' dir='ltr'>transire</span> <span class='ocrx_word' id='word_1_248' title='bbox 2824 1435 3000 1491; x_wconf 89' lang='lat' dir='ltr'>vultis</span> <span class='ocrx_word' id='word_1_249' title='bbox 3020 1435 3048 1490; x_wconf 87' lang='lat'><strong>?</strong></span> 
     </span>
    </p>
   </div>
   <div class='ocr_carea' id='block_1_35' title="bbox 1966 1522 3541 1592">
    <p class='ocr_par' dir='ltr' id='par_1_35' title="bbox 1966 1522 3541 1592">
     <span class='ocr_line' id='line_1_35' title="bbox 1966 1522 3541 1592; baseline -0.001 -15"><span class='ocrx_word' id='word_1_250' title='bbox 1966 1522 2226 1586; x_wconf 86' lang='lat' dir='ltr'>Qualiter</span> <span class='ocrx_word' id='word_1_251' title='bbox 2258 1523 2389 1578; x_wconf 86' lang='lat' dir='ltr'>facti</span> <span class='ocrx_word' id='word_1_252' title='bbox 2424 1523 2642 1578; x_wconf 83' lang='lat' dir='ltr'>fuerint</span> <span class='ocrx_word' id='word_1_253' title='bbox 2672 1524 2776 1577; x_wconf 86' lang='lat' dir='ltr'>ﬁlii</span> <span class='ocrx_word' id='word_1_254' title='bbox 2809 1523 3085 1589; x_wconf 88' lang='lat' dir='ltr'>ostendit,</span> <span class='ocrx_word' id='word_1_255' title='bbox 3116 1540 3250 1579; x_wconf 91' lang='lat' dir='ltr'>cum</span> <span class='ocrx_word' id='word_1_256' title='bbox 3292 1522 3541 1592; x_wconf 85' lang='lat' dir='ltr'>subjun-</span> 
     </span>
    </p>
   </div>
   <div class='ocr_carea' id='block_1_36' title="bbox 1894 1610 3543 1684">
    <p class='ocr_par' dir='ltr' id='par_1_36' title="bbox 1894 1610 3543 1684">
     <span class='ocr_line' id='line_1_36' title="bbox 1894 1610 3543 1684; baseline -0.002 -18"><span class='ocrx_word' id='word_1_257' title='bbox 1894 1610 2015 1684; x_wconf 89' lang='lat' dir='ltr'>git:</span> <span class='ocrx_word' id='word_1_258' title='bbox 2052 1610 2202 1665; x_wconf 84' lang='lat' dir='ltr'>Misit</span> <span class='ocrx_word' id='word_1_259' title='bbox 2233 1610 2506 1682; x_wconf 84' lang='lat' dir='ltr'>Spiritum</span> <span class='ocrx_word' id='word_1_260' title='bbox 2563 1612 2695 1667; x_wconf 85' lang='lat' dir='ltr'>Filii</span> <span class='ocrx_word' id='word_1_261' title='bbox 2738 1615 2849 1675; x_wconf 83' lang='lat' dir='ltr'>sui,</span> <span class='ocrx_word' id='word_1_262' title='bbox 2881 1616 2991 1667; x_wconf 90' lang='lat' dir='ltr'>etc.</span> <span class='ocrx_word' id='word_1_263' title='bbox 3042 1612 3193 1667; x_wconf 89' lang='lat' dir='ltr'>Sane</span> <span class='ocrx_word' id='word_1_264' title='bbox 3239 1610 3543 1667; x_wconf 88' lang='lat' dir='ltr'>sciendum</span> 
     </span>
    </p>
   </div>
   <div class='ocr_carea' id='block_1_37' title="bbox 1894 1698 3542 1772">
    <p class='ocr_par' dir='ltr' id='par_1_37' title="bbox 1894 1698 3542 1772">
     <span class='ocr_line' id='line_1_37' title="bbox 1894 1698 3542 1772; baseline -0.002 -17"><span class='ocrx_word' id='word_1_265' title='bbox 1894 1700 2033 1771; x_wconf 87' lang='lat' dir='ltr'>quia</span> <span class='ocrx_word' id='word_1_266' title='bbox 2064 1700 2424 1755; x_wconf 88' lang='lat' dir='ltr'>consuetudo</span> <span class='ocrx_word' id='word_1_267' title='bbox 2456 1705 2579 1755; x_wconf 88' lang='lat' dir='ltr'>erat</span> <span class='ocrx_word' id='word_1_268' title='bbox 2610 1700 2668 1753; x_wconf 92' lang='lat' dir='ltr'>in</span> <span class='ocrx_word' id='word_1_269' title='bbox 2700 1700 3022 1772; x_wconf 89' lang='lat' dir='ltr'>primordio</span> <span class='ocrx_word' id='word_1_270' title='bbox 3044 1698 3313 1755; x_wconf 69' lang='lat' dir='ltr'>Ecclesia:</span> <span class='ocrx_word' id='word_1_271' title='bbox 3334 1702 3400 1753; x_wconf 92' lang='lat' dir='ltr'>ut</span> <span class='ocrx_word' id='word_1_272' title='bbox 3420 1714 3542 1753; x_wconf 87' lang='lat' dir='ltr'>cre-</span> 
     </span>
    </p>
   </div>
   <div class='ocr_carea' id='block_1_38' title="bbox 1897 1785 3545 1860">
    <p class='ocr_par' dir='ltr' id='par_1_38' title="bbox 1897 1785 3545 1860">
     <span class='ocr_line' id='line_1_38' title="bbox 1897 1785 3545 1860; baseline -0.003 -16"><span class='ocrx_word' id='word_1_273' title='bbox 1897 1789 2170 1844; x_wconf 89' lang='lat' dir='ltr'>dentibus</span> <span class='ocrx_word' id='word_1_274' title='bbox 2214 1788 2697 1844; x_wconf 78' lang='lat' dir='ltr'>manifestissime</span> <span class='ocrx_word' id='word_1_275' title='bbox 2743 1790 2981 1844; x_wconf 88' lang='lat' dir='ltr'>daretur</span> <span class='ocrx_word' id='word_1_276' title='bbox 3028 1788 3260 1860; x_wconf 89' lang='lat' dir='ltr'>aliquod</span> <span class='ocrx_word' id='word_1_277' title='bbox 3297 1785 3545 1858; x_wconf 83' lang='lat' dir='ltr'>speciale</span> 
     </span>
    </p>
   </div>
   <div class='ocr_carea' id='block_1_39' title="bbox 1897 1876 3543 1949">
    <p class='ocr_par' dir='ltr' id='par_1_39' title="bbox 1897 1876 3543 1949">
     <span class='ocr_line' id='line_1_39' title="bbox 1897 1876 3543 1949; baseline -0.002 -16"><span class='ocrx_word' id='word_1_278' title='bbox 1897 1879 2117 1933; x_wconf 89' lang='lat' dir='ltr'>donum</span> <span class='ocrx_word' id='word_1_279' title='bbox 2152 1877 2340 1932; x_wconf 89' lang='lat' dir='ltr'>sancti</span> <span class='ocrx_word' id='word_1_280' title='bbox 2361 1876 2638 1948; x_wconf 87' lang='lat' dir='ltr'>Spiritus.</span> <span class='ocrx_word' id='word_1_281' title='bbox 2664 1877 2780 1933; x_wconf 84' lang='lat' dir='ltr'>Hoc</span> <span class='ocrx_word' id='word_1_282' title='bbox 2802 1878 2954 1932; x_wconf 91' lang='lat' dir='ltr'>dono</span> <span class='ocrx_word' id='word_1_283' title='bbox 2976 1882 3033 1933; x_wconf 91' lang='lat' dir='ltr'>et</span> <span class='ocrx_word' id='word_1_284' title='bbox 3053 1876 3243 1949; x_wconf 88' lang='lat' dir='ltr'>gratia</span> <span class='ocrx_word' id='word_1_285' title='bbox 3278 1888 3543 1946; x_wconf 90' lang='lat' dir='ltr'>compes-</span> 
     </span>
    </p>
   </div>
   <div class='ocr_carea' id='block_1_40' title="bbox 1896 1961 3542 2037">
    <p class='ocr_par' dir='ltr' id='par_1_40' title="bbox 1896 1961 3542 2037">
     <span class='ocr_line' id='line_1_40' title="bbox 1896 1961 3542 2037; baseline -0.002 -16"><span class='ocrx_word' id='word_1_286' title='bbox 1896 1967 2018 2023; x_wconf 90' lang='lat' dir='ltr'>cuit</span> <span class='ocrx_word' id='word_1_287' title='bbox 2046 1967 2256 2021; x_wconf 90' lang='lat' dir='ltr'>beatus</span> <span class='ocrx_word' id='word_1_288' title='bbox 2288 1965 2491 2020; x_wconf 88' lang='lat' dir='ltr'>Petrus</span> <span class='ocrx_word' id='word_1_289' title='bbox 2522 1966 2730 2021; x_wconf 84' lang='lat' dir='ltr'>fratres</span> <span class='ocrx_word' id='word_1_290' title='bbox 2787 1970 3227 2021; x_wconf 88' lang='lat' dir='ltr'>murmurantes</span> <span class='ocrx_word' id='word_1_291' title='bbox 3258 1979 3438 2037; x_wconf 89' lang='lat' dir='ltr'>quare</span> <span class='ocrx_word' id='word_1_292' title='bbox 3469 1961 3542 2017; x_wconf 90' lang='lat' dir='ltr'>ad</span> 
     </span>
    </p>
   </div>
   <div class='ocr_carea' id='block_1_41' title="bbox 1894 2052 3542 2125">
    <p class='ocr_par' dir='ltr' id='par_1_41' title="bbox 1894 2052 3542 2125">
     <span class='ocr_line' id='line_1_41' title="bbox 1894 2052 3542 2125; baseline -0.003 -15"><span class='ocrx_word' id='word_1_293' title='bbox 1894 2054 2083 2111; x_wconf 88' lang='lat' dir='ltr'>virum</span> <span class='ocrx_word' id='word_1_294' title='bbox 2133 2053 2481 2125; x_wconf 76' lang='lat' dir='ltr'>praeputium</span> <span class='ocrx_word' id='word_1_295' title='bbox 2541 2054 2851 2109; x_wconf 90' lang='lat' dir='ltr'>habentem</span> <span class='ocrx_word' id='word_1_296' title='bbox 2918 2052 3242 2109; x_wconf 87' lang='lat' dir='ltr'>introierit:</span> <span class='ocrx_word' id='word_1_297' title='bbox 3292 2054 3419 2124; x_wconf 86' lang='lat' dir='ltr'>Ego,</span> <span class='ocrx_word' id='word_1_298' title='bbox 3452 2053 3542 2106; x_wconf 89' lang='lat' dir='ltr'>in-</span> 
     </span>
    </p>
   </div>
   <div class='ocr_carea' id='block_1_42' title="bbox 1897 2141 3540 2217">
    <p class='ocr_par' dir='ltr' id='par_1_42' title="bbox 1897 2141 3540 2217">
     <span class='ocr_line' id='line_1_42' title="bbox 1897 2141 3540 2217; baseline -0.001 -20"><span class='ocrx_word' id='word_1_299' title='bbox 1897 2143 2043 2217; x_wconf 85' lang='lat' dir='ltr'>quit,</span> <span class='ocrx_word' id='word_1_300' title='bbox 2062 2143 2184 2214; x_wconf 87' lang='lat' dir='ltr'>quis</span> <span class='ocrx_word' id='word_1_301' title='bbox 2214 2158 2386 2212; x_wconf 91' lang='lat' dir='ltr'>eram,</span> <span class='ocrx_word' id='word_1_302' title='bbox 2420 2144 2516 2214; x_wconf 86' lang='lat' dir='ltr'>qui</span> <span class='ocrx_word' id='word_1_303' title='bbox 2541 2158 2749 2213; x_wconf 87' lang='lat' dir='ltr'>possem</span> <span class='ocrx_word' id='word_1_304' title='bbox 2778 2143 3064 2213; x_wconf 85' lang='lat' dir='ltr'>prohibere</span> <span class='ocrx_word' id='word_1_305' title='bbox 3092 2142 3262 2198; x_wconf 87' lang='lat' dir='ltr'>Deum</span> <span class='ocrx_word' id='word_1_306' title='bbox 3291 2141 3427 2212; x_wconf 85' lang='lat' dir='ltr'>(Act.</span> <span class='ocrx_word' id='word_1_307' title='bbox 3458 2158 3540 2211; x_wconf 80' lang='lat' dir='ltr'>xi,</span> 
     </span>
    </p>
   </div>
   <div class='ocr_carea' id='block_1_43' title="bbox 1900 2228 3542 2302">
    <p class='ocr_par' dir='ltr' id='par_1_43' title="bbox 1900 2228 3542 2302">
     <span class='ocr_line' id='line_1_43' title="bbox 1900 2228 3542 2302; baseline -0.001 -17"><span class='ocrx_word' id='word_1_308' title='bbox 1900 2232 2009 2302; x_wconf 89' lang='grc'>17),</span> <span class='ocrx_word' id='word_1_309' title='bbox 2043 2236 2109 2285; x_wconf 93' lang='lat' dir='ltr'><strong>ut</strong></span> <span class='ocrx_word' id='word_1_310' title='bbox 2138 2246 2252 2285; x_wconf 89' lang='lat' dir='ltr'>non</span> <span class='ocrx_word' id='word_1_311' title='bbox 2286 2230 2723 2300; x_wconf 86' lang='lat' dir='ltr'>baptizarentur</span> <span class='ocrx_word' id='word_1_312' title='bbox 2750 2230 2810 2285; x_wconf 89' lang='lat' dir='ltr'>hi</span> <span class='ocrx_word' id='word_1_313' title='bbox 2842 2231 2942 2302; x_wconf 88' lang='lat' dir='ltr'>qui</span> <span class='ocrx_word' id='word_1_314' title='bbox 2966 2228 3249 2301; x_wconf 82' lang='lat' dir='ltr'>Spiritum</span> <span class='ocrx_word' id='word_1_315' title='bbox 3273 2232 3542 2284; x_wconf 90' lang='lat' dir='ltr'>sanctum</span> 
     </span>
    </p>
   </div>
   <div class='ocr_carea' id='block_1_44' title="bbox 1903 2317 3542 2391">
    <p class='ocr_par' dir='ltr' id='par_1_44' title="bbox 1903 2317 3542 2391">
     <span class='ocr_line' id='line_1_44' title="bbox 1903 2317 3542 2391; baseline -0.002 -16"><span class='ocrx_word' id='word_1_316' title='bbox 1903 2317 2285 2391; x_wconf 82' lang='lat' dir='ltr'>acceperant?</span> <span class='ocrx_word' id='word_1_317' title='bbox 2314 2318 2409 2372; x_wconf 85' lang='lat' dir='ltr'>His</span> <span class='ocrx_word' id='word_1_318' title='bbox 2437 2318 2662 2383; x_wconf 83' lang='lat' dir='ltr'>auditis,</span> <span class='ocrx_word' id='word_1_319' title='bbox 2685 2323 2990 2385; x_wconf 81' lang='lat' dir='ltr'>tacuerunt,</span> <span class='ocrx_word' id='word_1_320' title='bbox 3013 2322 3122 2374; x_wconf 86' lang='lat' dir='ltr'>etc.</span> <span class='ocrx_word' id='word_1_321' title='bbox 3142 2319 3189 2389; x_wconf 83' lang='lat'>(1</span> <span class='ocrx_word' id='word_1_322' title='bbox 3199 2318 3312 2373; x_wconf 87' lang='lat' dir='ltr'>bid.</span> <span class='ocrx_word' id='word_1_323' title='bbox 3339 2317 3542 2388; x_wconf 82' lang='lat' dir='ltr'>18).Fi-</span> 
     </span>
    </p>
   </div>
   <div class='ocr_carea' id='block_1_45' title="bbox 1902 2406 3548 2479">
    <p class='ocr_par' dir='ltr' id='par_1_45' title="bbox 1902 2406 3548 2479">
     <span class='ocr_line' id='line_1_45' title="bbox 1902 2406 3548 2479; baseline -0.002 -16"><span class='ocrx_word' id='word_1_324' title='bbox 1902 2409 1969 2463; x_wconf 90' lang='lat' dir='ltr'>lii</span> <span class='ocrx_word' id='word_1_325' title='bbox 2000 2407 2270 2479; x_wconf 86' lang='lat' dir='ltr'>Spiritum</span> <span class='ocrx_word' id='word_1_326' title='bbox 2306 2406 2444 2461; x_wconf 91' lang='lat' dir='ltr'>dicit</span> <span class='ocrx_word' id='word_1_327' title='bbox 2486 2407 2768 2462; x_wconf 90' lang='lat' dir='ltr'>adversus</span> <span class='ocrx_word' id='word_1_328' title='bbox 2817 2406 3139 2478; x_wconf 77' lang='lat' dir='ltr'>haereticos,</span> <span class='ocrx_word' id='word_1_329' title='bbox 3171 2411 3237 2461; x_wconf 89' lang='lat' dir='ltr'>ut</span> <span class='ocrx_word' id='word_1_330' title='bbox 3275 2406 3548 2461; x_wconf 88' lang='lat' dir='ltr'>ostendat</span> 
     </span>
    </p>
   </div>
   <div class='ocr_carea' id='block_1_46' title="bbox 1902 2492 3545 2568">
    <p class='ocr_par' dir='ltr' id='par_1_46' title="bbox 1902 2492 3545 2568">
     <span class='ocr_line' id='line_1_46' title="bbox 1902 2492 3545 2568; baseline -0.001 -18"><span class='ocrx_word' id='word_1_331' title='bbox 1902 2497 2043 2568; x_wconf 88' lang='lat' dir='ltr'><strong>quia</strong></span> <span class='ocrx_word' id='word_1_332' title='bbox 2073 2496 2229 2552; x_wconf 88' lang='lat' dir='ltr'>sicut</span> <span class='ocrx_word' id='word_1_333' title='bbox 2258 2512 2291 2551; x_wconf 94' lang='lat' dir='ltr'>a</span> <span class='ocrx_word' id='word_1_334' title='bbox 2325 2496 2487 2551; x_wconf 86' lang='lat' dir='ltr'>Patre</span> <span class='ocrx_word' id='word_1_335' title='bbox 2520 2495 2799 2567; x_wconf 91' lang='lat' dir='ltr'>procedit,</span> <span class='ocrx_word' id='word_1_336' title='bbox 2832 2496 2916 2550; x_wconf 89' lang='lat' dir='ltr'>sic</span> <span class='ocrx_word' id='word_1_337' title='bbox 2945 2496 3121 2551; x_wconf 90' lang='lat' dir='ltr'>etiam</span> <span class='ocrx_word' id='word_1_338' title='bbox 3155 2512 3190 2550; x_wconf 91' lang='lat' dir='ltr'>a</span> <span class='ocrx_word' id='word_1_339' title='bbox 3219 2492 3387 2549; x_wconf 91' lang='lat' dir='ltr'>Filio.</span> <span class='ocrx_word' id='word_1_340' title='bbox 3421 2494 3545 2549; x_wconf 87' lang='lat' dir='ltr'>Cla-</span> 
     </span>
    </p>
   </div>
   <div class='ocr_carea' id='block_1_47' title="bbox 1900 2583 3545 2652">
    <p class='ocr_par' dir='ltr' id='par_1_47' title="bbox 1900 2583 3545 2652">
     <span class='ocr_line' id='line_1_47' title="bbox 1900 2583 3545 2652; baseline -0.002 -12"><span class='ocrx_word' id='word_1_341' title='bbox 1900 2590 2147 2641; x_wconf 85' lang='lat' dir='ltr'>mantem</span> <span class='ocrx_word' id='word_1_342' title='bbox 2175 2584 2400 2652; x_wconf 90' lang='lat' dir='ltr'>dicit,id</span> <span class='ocrx_word' id='word_1_343' title='bbox 2424 2589 2513 2639; x_wconf 91' lang='lat' dir='ltr'>est</span> <span class='ocrx_word' id='word_1_344' title='bbox 2536 2583 2787 2639; x_wconf 89' lang='lat' dir='ltr'>clamare</span> <span class='ocrx_word' id='word_1_345' title='bbox 2810 2584 3139 2639; x_wconf 87' lang='lat' dir='ltr'>facientem.</span> <span class='ocrx_word' id='word_1_346' title='bbox 3172 2583 3320 2638; x_wconf 83' lang='lat' dir='ltr'>Abba</span> <span class='ocrx_word' id='word_1_347' title='bbox 3350 2598 3545 2638; x_wconf 88' lang='lat' dir='ltr'>sermo</span> 
     </span>
    </p>
   </div>
   <div class='ocr_carea' id='block_1_48' title="bbox 1903 2672 3547 2745">
    <p class='ocr_par' dir='ltr' id='par_1_48' title="bbox 1903 2672 3547 2745">
     <span class='ocr_line' id='line_1_48' title="bbox 1903 2672 3547 2745; baseline -0.002 -16"><span class='ocrx_word' id='word_1_348' title='bbox 1903 2674 2179 2729; x_wconf 62' lang='lat' dir='ltr'>Hebraeus</span> <span class='ocrx_word' id='word_1_349' title='bbox 2205 2677 2314 2737; x_wconf 85' lang='lat' dir='ltr'>est,</span> <span class='ocrx_word' id='word_1_350' title='bbox 2344 2678 2517 2744; x_wconf 90' lang='lat' dir='ltr'>atque</span> <span class='ocrx_word' id='word_1_351' title='bbox 2546 2673 2762 2742; x_wconf 81' lang='lat' dir='ltr'>Syrus;</span> <span class='ocrx_word' id='word_1_352' title='bbox 2798 2678 2962 2745; x_wconf 91' lang='lat' dir='ltr'>pater</span> <span class='ocrx_word' id='word_1_353' title='bbox 3009 2688 3141 2729; x_wconf 91' lang='lat' dir='ltr'>vero</span> <span class='ocrx_word' id='word_1_354' title='bbox 3180 2672 3414 2727; x_wconf 80' lang='lat' dir='ltr'>Graecus</span> <span class='ocrx_word' id='word_1_355' title='bbox 3459 2677 3547 2726; x_wconf 88' lang='lat' dir='ltr'>at-</span> 
     </span>
    </p>
   </div>
   <div class='ocr_carea' id='block_1_49' title="bbox 1904 2757 3547 2834">
    <p class='ocr_par' dir='ltr' id='par_1_49' title="bbox 1904 2757 3547 2834">
     <span class='ocr_line' id='line_1_49' title="bbox 1904 2757 3547 2834; baseline -0.001 -18"><span class='ocrx_word' id='word_1_356' title='bbox 1904 2778 2017 2833; x_wconf 88' lang='lat' dir='ltr'>que</span> <span class='ocrx_word' id='word_1_357' title='bbox 2052 2760 2314 2817; x_wconf 90' lang='lat' dir='ltr'>Latinus.</span> <span class='ocrx_word' id='word_1_358' title='bbox 2348 2760 2600 2831; x_wconf 89' lang='lat' dir='ltr'>Ideoque</span> <span class='ocrx_word' id='word_1_359' title='bbox 2630 2766 2947 2832; x_wconf 91' lang='lat' dir='ltr'>utrumque</span> <span class='ocrx_word' id='word_1_360' title='bbox 2979 2759 3177 2834; x_wconf 88' lang='lat' dir='ltr'>posuit</span> <span class='ocrx_word' id='word_1_361' title='bbox 3206 2757 3547 2831; x_wconf 84' lang='lat' dir='ltr'>Apostolus,</span> 
     </span>
    </p>
   </div>
   <div class='ocr_carea' id='block_1_50' title="bbox 1904 2849 3548 2922">
    <p class='ocr_par' dir='ltr' id='par_1_50' title="bbox 1904 2849 3548 2922">
     <span class='ocr_line' id='line_1_50' title="bbox 1904 2849 3548 2922; baseline 0 -18"><span class='ocrx_word' id='word_1_362' title='bbox 1904 2850 2043 2922; x_wconf 86' lang='lat' dir='ltr'>quia</span> <span class='ocrx_word' id='word_1_363' title='bbox 2071 2849 2419 2921; x_wconf 73' lang='lat' dir='ltr'>praevidebat</span> <span class='ocrx_word' id='word_1_364' title='bbox 2448 2864 2653 2904; x_wconf 88' lang='lat' dir='ltr'>omnes</span> <span class='ocrx_word' id='word_1_365' title='bbox 2684 2854 2887 2920; x_wconf 84' lang='lat' dir='ltr'>gentes</span> <span class='ocrx_word' id='word_1_366' title='bbox 2917 2849 3265 2917; x_wconf 79' lang='lat' dir='ltr'>crediturae,</span> <span class='ocrx_word' id='word_1_367' title='bbox 3299 2852 3363 2903; x_wconf 92' lang='lat' dir='ltr'>ut</span> <span class='ocrx_word' id='word_1_368' title='bbox 3401 2865 3548 2904; x_wconf 88' lang='lat' dir='ltr'>una-</span> 
     </span>
    </p>
   </div>
   <div class='ocr_carea' id='block_1_51' title="bbox 1906 2935 3547 3009">
    <p class='ocr_par' dir='ltr' id='par_1_51' title="bbox 1906 2935 3547 3009">
     <span class='ocr_line' id='line_1_51' title="bbox 1906 2935 3547 3009; baseline 0 -17"><span class='ocrx_word' id='word_1_369' title='bbox 1906 2952 2153 3008; x_wconf 64' lang='lat' dir='ltr'>quaeque</span> <span class='ocrx_word' id='word_1_370' title='bbox 2176 2936 2585 3007; x_wconf 85' lang='lat' dir='ltr'>proprietatem</span> <span class='ocrx_word' id='word_1_371' title='bbox 2600 2935 2812 3009; x_wconf 69' lang='lat' dir='ltr'>lingua:</span> <span class='ocrx_word' id='word_1_372' title='bbox 2825 2942 3246 3008; x_wconf 85' lang='lat' dir='ltr'>agnosceret,et</span> <span class='ocrx_word' id='word_1_373' title='bbox 3264 2938 3321 2994; x_wconf 86' lang='lat' dir='ltr'>in</span> <span class='ocrx_word' id='word_1_374' title='bbox 3344 2939 3547 2994; x_wconf 90' lang='lat' dir='ltr'>eadem</span> 
     </span>
    </p>
   </div>
   <div class='ocr_carea' id='block_1_52' title="bbox 148 2320 1787 2392">
    <p class='ocr_par' dir='ltr' id='par_1_52' title="bbox 148 2320 1787 2392">
     <span class='ocr_line' id='line_1_52' title="bbox 148 2320 1787 2392; baseline 0.002 -19"><span class='ocrx_word' id='word_1_375' title='bbox 148 2334 340 2374; x_wconf 87' lang='lat' dir='ltr'>vocare</span> <span class='ocrx_word' id='word_1_376' title='bbox 362 2324 604 2391; x_wconf 89' lang='lat' dir='ltr'>propter</span> <span class='ocrx_word' id='word_1_377' title='bbox 624 2336 800 2377; x_wconf 87' lang='lat' dir='ltr'>sexus</span> <span class='ocrx_word' id='word_1_378' title='bbox 822 2320 1260 2392; x_wconf 90' lang='lat' dir='ltr'>discretionem,</span> <span class='ocrx_word' id='word_1_379' title='bbox 1294 2322 1447 2378; x_wconf 90' lang='lat' dir='ltr'>sicut</span> <span class='ocrx_word' id='word_1_380' title='bbox 1486 2323 1620 2392; x_wconf 87' lang='lat' dir='ltr'>Eva,</span> <span class='ocrx_word' id='word_1_381' title='bbox 1653 2337 1787 2377; x_wconf 83' lang='lat' dir='ltr'>mox</span> 
     </span>
    </p>
   </div>
   <div class='ocr_carea' id='block_1_53' title="bbox 143 2406 1577 2482">
    <p class='ocr_par' dir='ltr' id='par_1_53' title="bbox 143 2406 1577 2482">
     <span class='ocr_line' id='line_1_53' title="bbox 143 2406 1577 2482; baseline 0.003 -21"><span class='ocrx_word' id='word_1_382' title='bbox 143 2410 201 2460; x_wconf 91' lang='lat' dir='ltr'><strong>ut</strong></span> <span class='ocrx_word' id='word_1_383' title='bbox 228 2411 321 2462; x_wconf 90' lang='lat' dir='ltr'>est</span> <span class='ocrx_word' id='word_1_384' title='bbox 349 2412 563 2474; x_wconf 89' lang='lat' dir='ltr'>creata,</span> <span class='ocrx_word' id='word_1_385' title='bbox 598 2406 812 2463; x_wconf 92' lang='lat' dir='ltr'>mulier</span> <span class='ocrx_word' id='word_1_386' title='bbox 838 2414 928 2464; x_wconf 89' lang='lat' dir='ltr'>est</span> <span class='ocrx_word' id='word_1_387' title='bbox 957 2415 1159 2465; x_wconf 87' lang='lat' dir='ltr'>vocata</span> <span class='ocrx_word' id='word_1_388' title='bbox 1189 2411 1343 2481; x_wconf 85' lang='lat' dir='ltr'>(Gen.</span> <span class='ocrx_word' id='word_1_389' title='bbox 1376 2428 1441 2476; x_wconf 88' lang='grc' dir='ltr'>ιι,</span> <span class='ocrx_word' id='word_1_390' title='bbox 1466 2412 1577 2482; x_wconf 81' lang='grc'>22).</span> 
     </span>
    </p>
   </div>
   <div class='ocr_carea' id='block_1_54' title="bbox 201 2494 1786 2571">
    <p class='ocr_par' dir='ltr' id='par_1_54' title="bbox 201 2494 1786 2571">
     <span class='ocr_line' id='line_1_54' title="bbox 201 2494 1786 2571; baseline 0.003 -22"><span class='ocrx_word' id='word_1_391' title='bbox 201 2494 518 2567; x_wconf 90' lang='lat' dir='ltr'>Sequitur:</span> <span class='ocrx_word' id='word_1_392' title='bbox 553 2497 778 2551; x_wconf 82' lang='lat' dir='ltr'>Factum</span> <span class='ocrx_word' id='word_1_393' title='bbox 805 2498 909 2553; x_wconf 85' lang='lat' dir='ltr'>sub</span> <span class='ocrx_word' id='word_1_394' title='bbox 940 2500 1072 2569; x_wconf 78' lang='lat' dir='ltr'>lege.</span> <span class='ocrx_word' id='word_1_395' title='bbox 1107 2499 1228 2555; x_wconf 92' lang='lat' dir='ltr'>Sub</span> <span class='ocrx_word' id='word_1_396' title='bbox 1280 2500 1407 2571; x_wconf 89' lang='lat' dir='ltr'>lege</span> <span class='ocrx_word' id='word_1_397' title='bbox 1448 2499 1638 2556; x_wconf 88' lang='lat' dir='ltr'>factus</span> <span class='ocrx_word' id='word_1_398' title='bbox 1677 2504 1786 2568; x_wconf 89' lang='lat' dir='ltr'>est,</span> 
     </span>
    </p>
   </div>
   <div class='ocr_carea' id='block_1_55' title="bbox 133 2583 1791 2660">
    <p class='ocr_par' dir='ltr' id='par_1_55' title="bbox 133 2583 1791 2660">
     <span class='ocr_line' id='line_1_55' title="bbox 133 2583 1791 2660; baseline 0.004 -23"><span class='ocrx_word' id='word_1_399' title='bbox 133 2583 273 2655; x_wconf 92' lang='lat' dir='ltr'>quia</span> <span class='ocrx_word' id='word_1_400' title='bbox 308 2584 696 2641; x_wconf 89' lang='lat' dir='ltr'>circumcisus</span> <span class='ocrx_word' id='word_1_401' title='bbox 726 2590 784 2641; x_wconf 91' lang='lat' dir='ltr'>et</span> <span class='ocrx_word' id='word_1_402' title='bbox 810 2584 1019 2659; x_wconf 89' lang='lat' dir='ltr'>legalia</span> <span class='ocrx_word' id='word_1_403' title='bbox 1041 2605 1286 2644; x_wconf 90' lang='lat' dir='ltr'>munera</span> <span class='ocrx_word' id='word_1_404' title='bbox 1304 2606 1406 2660; x_wconf 91' lang='lat' dir='ltr'>pro</span> <span class='ocrx_word' id='word_1_405' title='bbox 1428 2604 1493 2644; x_wconf 91' lang='lat' dir='ltr'>eo</span> <span class='ocrx_word' id='word_1_406' title='bbox 1512 2588 1791 2657; x_wconf 90' lang='lat' dir='ltr'>oblata,et</span> 
     </span>
    </p>
   </div>
   <div class='ocr_carea' id='block_1_56' title="bbox 128 2672 1791 2748">
    <p class='ocr_par' dir='ltr' id='par_1_56' title="bbox 128 2672 1791 2748">
     <span class='ocr_line' id='line_1_56' title="bbox 128 2672 1791 2748; baseline 0.004 -22"><span class='ocrx_word' id='word_1_407' title='bbox 128 2677 377 2728; x_wconf 65' lang='lat' dir='ltr'>caeteras</span> <span class='ocrx_word' id='word_1_408' title='bbox 416 2672 633 2745; x_wconf 87' lang='lat' dir='ltr'>legales</span> <span class='ocrx_word' id='word_1_409' title='bbox 684 2676 1060 2730; x_wconf 65' lang='lat' dir='ltr'>caeremonias</span> <span class='ocrx_word' id='word_1_410' title='bbox 1104 2678 1389 2731; x_wconf 88' lang='lat' dir='ltr'>servavit:</span> <span class='ocrx_word' id='word_1_411' title='bbox 1448 2678 1791 2748; x_wconf 90' lang='lat' dir='ltr'>parentibus</span> 
     </span>
    </p>
   </div>
   <div class='ocr_carea' id='block_1_57' title="bbox 127 2760 1791 2829">
    <p class='ocr_par' dir='ltr' id='par_1_57' title="bbox 127 2760 1791 2829">
     <span class='ocr_line' id='line_1_57' title="bbox 127 2760 1791 2829; baseline 0.003 -14"><span class='ocrx_word' id='word_1_412' title='bbox 127 2760 318 2816; x_wconf 89' lang='lat' dir='ltr'>etiam</span> <span class='ocrx_word' id='word_1_413' title='bbox 351 2777 541 2829; x_wconf 88' lang='lat' dir='ltr'>usque</span> <span class='ocrx_word' id='word_1_414' title='bbox 572 2762 645 2817; x_wconf 92' lang='lat' dir='ltr'>ad</span> <span class='ocrx_word' id='word_1_415' title='bbox 669 2762 1236 2820; x_wconf 69' lang='lat' dir='ltr'>tricesimumaatatis</span> <span class='ocrx_word' id='word_1_416' title='bbox 1262 2781 1381 2821; x_wconf 77' lang='lat' dir='ltr'>suae</span> <span class='ocrx_word' id='word_1_417' title='bbox 1403 2782 1623 2819; x_wconf 91' lang='lat' dir='ltr'>annum</span> <span class='ocrx_word' id='word_1_418' title='bbox 1646 2766 1791 2820; x_wconf 88' lang='lat' dir='ltr'>sub-</span> 
     </span>
    </p>
   </div>
   <div class='ocr_carea' id='block_1_58' title="bbox 123 2848 1792 2922">
    <p class='ocr_par' dir='ltr' id='par_1_58' title="bbox 123 2848 1792 2922">
     <span class='ocr_line' id='line_1_58' title="bbox 123 2848 1792 2922; baseline 0.002 -18"><span class='ocrx_word' id='word_1_419' title='bbox 123 2850 298 2906; x_wconf 89' lang='lat' dir='ltr'>ditus</span> <span class='ocrx_word' id='word_1_420' title='bbox 320 2848 712 2921; x_wconf 80' lang='lat' dir='ltr'>legitur(Luc.</span> <span class='ocrx_word' id='word_1_421' title='bbox 737 2867 799 2919; x_wconf 90' lang='grc' dir='ltr'>ιι,</span> <span class='ocrx_word' id='word_1_422' title='bbox 821 2852 934 2922; x_wconf 88' lang='grc'>51).</span> <span class='ocrx_word' id='word_1_423' title='bbox 959 2852 1069 2906; x_wconf 92' lang='lat' dir='ltr'>Sed</span> <span class='ocrx_word' id='word_1_424' title='bbox 1118 2852 1238 2907; x_wconf 71' lang='lat' dir='ltr'>haec</span> <span class='ocrx_word' id='word_1_425' title='bbox 1286 2854 1507 2919; x_wconf 89' lang='lat' dir='ltr'>omnia,</span> <span class='ocrx_word' id='word_1_426' title='bbox 1541 2854 1792 2909; x_wconf 88' lang='lat' dir='ltr'>maxime</span> 
     </span>
    </p>
   </div>
   <div class='ocr_carea' id='block_1_59' title="bbox 121 2937 1793 3012">
    <p class='ocr_par' dir='ltr' id='par_1_59' title="bbox 121 2937 1793 3012">
     <span class='ocr_line' id='line_1_59' title="bbox 121 2937 1793 3012; baseline 0.002 -19"><span class='ocrx_word' id='word_1_427' title='bbox 121 2937 401 2993; x_wconf 89' lang='lat' dir='ltr'>instante</span> <span class='ocrx_word' id='word_1_428' title='bbox 424 2944 684 3008; x_wconf 90' lang='lat' dir='ltr'>tempore</span> <span class='ocrx_word' id='word_1_429' title='bbox 710 2955 827 2993; x_wconf 69' lang='lat' dir='ltr'>suae</span> <span class='ocrx_word' id='word_1_430' title='bbox 850 2939 1162 3010; x_wconf 89' lang='lat' dir='ltr'>passionis,</span> <span class='ocrx_word' id='word_1_431' title='bbox 1185 2940 1326 3011; x_wconf 91' lang='lat' dir='ltr'>quia</span> <span class='ocrx_word' id='word_1_432' title='bbox 1340 2941 1529 3012; x_wconf 90' lang='lat' dir='ltr'>gratia</span> <span class='ocrx_word' id='word_1_433' title='bbox 1541 2945 1793 2996; x_wconf 90' lang='lat' dir='ltr'>eratma-</span> 
     </span>
    </p>
   </div>
   <div class='ocr_carea' id='block_1_60' title="bbox 118 3024 2405 3100">
    <p class='ocr_par' dir='ltr' id='par_1_60' title="bbox 118 3024 2405 3100">
     <span class='ocr_line' id='line_1_60' title="bbox 118 3024 2405 3100; baseline -0.001 -20"><span class='ocrx_word' id='word_1_434' title='bbox 118 3026 499 3092; x_wconf 84' lang='lat' dir='ltr'>nifestanda,</span> <span class='ocrx_word' id='word_1_435' title='bbox 523 3025 1029 3090; x_wconf 86' lang='lat' dir='ltr'>destruxit.Quare</span> <span class='ocrx_word' id='word_1_436' title='bbox 1054 3028 1163 3083; x_wconf 88' lang='lat' dir='ltr'>sub</span> <span class='ocrx_word' id='word_1_437' title='bbox 1186 3027 1314 3100; x_wconf 88' lang='lat' dir='ltr'>lege</span> <span class='ocrx_word' id='word_1_438' title='bbox 1345 3028 1537 3084; x_wconf 87' lang='lat' dir='ltr'>factus</span> <span class='ocrx_word' id='word_1_439' title='bbox 1575 3030 1673 3095; x_wconf 89' lang='lat' dir='ltr'>sit,</span> <span class='ocrx_word' id='word_1_440' title='bbox 1708 3045 1795 3084; x_wconf 86' lang='lat' dir='ltr'>os—</span> <span class='ocrx_word' id='word_1_441' title='bbox 1905 3026 2089 3081; x_wconf 91' lang='lat' dir='ltr'>Deum</span> <span class='ocrx_word' id='word_1_442' title='bbox 2122 3024 2405 3080; x_wconf 89' lang='lat' dir='ltr'>laudaret.</span> 
     </span>
    </p>
   </div>
   <div class='ocr_carea' id='block_1_61' title="bbox 108 3113 3548 3186">
    <p class='ocr_par' dir='ltr' id='par_1_61' title="bbox 108 3113 3548 3186">
     <span class='ocr_line' id='line_1_61' title="bbox 108 3113 3548 3186; baseline -0.001 -16"><span class='ocrx_word' id='word_1_443' title='bbox 108 3113 365 3170; x_wconf 89' lang='lat' dir='ltr'>tendit:</span> <span class='ocrx_word' id='word_1_444' title='bbox 392 3115 456 3170; x_wconf 88' lang='lat' dir='ltr'>Ut</span> <span class='ocrx_word' id='word_1_445' title='bbox 484 3128 592 3181; x_wconf 86' lang='lat' dir='ltr'>eos,</span> <span class='ocrx_word' id='word_1_446' title='bbox 626 3116 724 3186; x_wconf 82' lang='lat' dir='ltr'>qui</span> <span class='ocrx_word' id='word_1_447' title='bbox 752 3117 852 3170; x_wconf 87' lang='lat' dir='ltr'>sub</span> <span class='ocrx_word' id='word_1_448' title='bbox 883 3118 1000 3185; x_wconf 85' lang='lat' dir='ltr'>lege</span> <span class='ocrx_word' id='word_1_449' title='bbox 1057 3125 1236 3186; x_wconf 84' lang='lat' dir='ltr'>erant,</span> <span class='ocrx_word' id='word_1_450' title='bbox 1280 3117 1590 3173; x_wconf 85' lang='lat' dir='ltr'>redimeret.</span> <span class='ocrx_word' id='word_1_451' title='bbox 1647 3118 1793 3183; x_wconf 87' lang='lat' dir='ltr'>Quid</span> <span class='ocrx_word' id='word_1_452' title='bbox 1976 3114 2286 3185; x_wconf 81' lang='lat' dir='ltr'>Sequitur:</span> <span class='ocrx_word' id='word_1_453' title='bbox 2321 3114 2507 3184; x_wconf 86' lang='lat' dir='ltr'>Itaque</span> <span class='ocrx_word' id='word_1_454' title='bbox 2550 3113 2674 3185; x_wconf 87' lang='lat' dir='ltr'>jam</span> <span class='ocrx_word' id='word_1_455' title='bbox 2701 3130 2811 3170; x_wconf 88' lang='lat' dir='ltr'>non</span> <span class='ocrx_word' id='word_1_456' title='bbox 2834 3124 2913 3169; x_wconf 83' lang='lat' dir='ltr'>est</span> <span class='ocrx_word' id='word_1_457' title='bbox 2968 3130 3176 3185; x_wconf 83' lang='lat' dir='ltr'>servus,</span> <span class='ocrx_word' id='word_1_458' title='bbox 3206 3114 3297 3168; x_wconf 85' lang='lat' dir='ltr'>sed</span> <span class='ocrx_word' id='word_1_459' title='bbox 3351 3115 3548 3169; x_wconf 84' lang='lat' dir='ltr'>Filius.</span> 
     </span>
    </p>
   </div>
   <div class='ocr_carea' id='block_1_62' title="bbox 115 3191 3549 3279">
    <p class='ocr_par' dir='ltr' id='par_1_62' title="bbox 115 3191 3549 3279">
     <span class='ocr_line' id='line_1_62' title="bbox 115 3191 3549 3279; baseline -0.001 -20"><span class='ocrx_word' id='word_1_460' title='bbox 115 3202 384 3268; x_wconf 89' lang='lat' dir='ltr'>mirum,</span> <span class='ocrx_word' id='word_1_461' title='bbox 417 3201 464 3257; x_wconf 90' lang='lat' dir='ltr'>si</span> <span class='ocrx_word' id='word_1_462' title='bbox 500 3204 691 3259; x_wconf 88' lang='lat' dir='ltr'>factus</span> <span class='ocrx_word' id='word_1_463' title='bbox 722 3210 813 3259; x_wconf 89' lang='lat' dir='ltr'>est</span> <span class='ocrx_word' id='word_1_464' title='bbox 864 3205 975 3260; x_wconf 90' lang='lat' dir='ltr'>sub</span> <span class='ocrx_word' id='word_1_465' title='bbox 1033 3204 1178 3278; x_wconf 87' lang='lat' dir='ltr'>lege,</span> <span class='ocrx_word' id='word_1_466' title='bbox 1211 3210 1277 3261; x_wconf 90' lang='lat' dir='ltr'>ut</span> <span class='ocrx_word' id='word_1_467' title='bbox 1333 3206 1645 3263; x_wconf 89' lang='lat' dir='ltr'>redimeret</span> <span class='ocrx_word' id='word_1_468' title='bbox 1691 3207 1793 3279; x_wconf 89' lang='lat' dir='ltr'>qui</span> <span class='ocrx_word' id='word_1_469' title='bbox 1824 3191 1867 3259; x_wconf 85' lang='lat' dir='ltr'>C</span> <span class='ocrx_word' id='word_1_470' title='bbox 1906 3202 2081 3267; x_wconf 88' lang='lat' dir='ltr'>Quasi</span> <span class='ocrx_word' id='word_1_471' title='bbox 2115 3202 2372 3258; x_wconf 90' lang='lat' dir='ltr'>diceret:</span> <span class='ocrx_word' id='word_1_472' title='bbox 2404 3201 2447 3257; x_wconf 93' lang='lat'>0</span> <span class='ocrx_word' id='word_1_473' title='bbox 2477 3200 2711 3270; x_wconf 78' lang='lat' dir='ltr'>Galatae,</span> <span class='ocrx_word' id='word_1_474' title='bbox 2758 3202 2896 3273; x_wconf 90' lang='lat' dir='ltr'>quia</span> <span class='ocrx_word' id='word_1_475' title='bbox 2941 3202 3224 3274; x_wconf 91' lang='lat' dir='ltr'>Spiritum</span> <span class='ocrx_word' id='word_1_476' title='bbox 3279 3206 3549 3257; x_wconf 89' lang='lat' dir='ltr'>sanctum</span> 
     </span>
    </p>
   </div>
   <div class='ocr_carea' id='block_1_63' title="bbox 120 3289 3554 3364">
    <p class='ocr_par' dir='ltr' id='par_1_63' title="bbox 120 3289 3554 3364">
     <span class='ocr_line' id='line_1_63' title="bbox 120 3289 3554 3364; baseline -0.001 -15"><span class='ocrx_word' id='word_1_477' title='bbox 120 3292 241 3349; x_wconf 88' lang='lat' dir='ltr'>sub</span> <span class='ocrx_word' id='word_1_478' title='bbox 278 3290 409 3363; x_wconf 87' lang='lat' dir='ltr'>lege</span> <span class='ocrx_word' id='word_1_479' title='bbox 441 3297 627 3359; x_wconf 89' lang='lat' dir='ltr'>erant,</span> <span class='ocrx_word' id='word_1_480' title='bbox 661 3308 797 3348; x_wconf 91' lang='lat' dir='ltr'>cum</span> <span class='ocrx_word' id='word_1_481' title='bbox 851 3294 1044 3350; x_wconf 81' lang='lat' dir='ltr'>factus</span> <span class='ocrx_word' id='word_1_482' title='bbox 1093 3296 1171 3351; x_wconf 90' lang='lat' dir='ltr'>sit</span> <span class='ocrx_word' id='word_1_483' title='bbox 1211 3295 1499 3362; x_wconf 89' lang='lat' dir='ltr'>mortalis,</span> <span class='ocrx_word' id='word_1_484' title='bbox 1533 3301 1597 3352; x_wconf 95' lang='lat' dir='ltr'>ut</span> <span class='ocrx_word' id='word_1_485' title='bbox 1626 3314 1733 3352; x_wconf 86' lang='lat' dir='ltr'>nos</span> <span class='ocrx_word' id='word_1_486' title='bbox 1763 3315 1797 3352; x_wconf 90' lang='lat' dir='ltr'>a</span> <span class='ocrx_word' id='word_1_487' title='bbox 1908 3291 2242 3364; x_wconf 89' lang='lat' dir='ltr'>accepistis,</span> <span class='ocrx_word' id='word_1_488' title='bbox 2275 3296 2330 3346; x_wconf 91' lang='lat' dir='ltr'>et</span> <span class='ocrx_word' id='word_1_489' title='bbox 2361 3290 2465 3345; x_wconf 84' lang='lat' dir='ltr'>ﬁlii</span> <span class='ocrx_word' id='word_1_490' title='bbox 2494 3291 2596 3347; x_wconf 93' lang='lat' dir='ltr'>Dei</span> <span class='ocrx_word' id='word_1_491' title='bbox 2627 3291 2812 3347; x_wconf 71' lang='lat' dir='ltr'>effecti</span> <span class='ocrx_word' id='word_1_492' title='bbox 2843 3291 3003 3359; x_wconf 89' lang='lat' dir='ltr'>estis,</span> <span class='ocrx_word' id='word_1_493' title='bbox 3034 3307 3214 3364; x_wconf 88' lang='lat' dir='ltr'>quare</span> <span class='ocrx_word' id='word_1_494' title='bbox 3243 3308 3277 3347; x_wconf 91' lang='lat' dir='ltr'>a</span> <span class='ocrx_word' id='word_1_495' title='bbox 3318 3289 3554 3347; x_wconf 84' lang='lat' dir='ltr'>liberta-</span> 
     </span>
    </p>
   </div>
   <div class='ocr_carea' id='block_1_64' title="bbox 126 3379 3551 3449">
    <p class='ocr_par' dir='ltr' id='par_1_64' title="bbox 126 3379 3551 3449">
     <span class='ocr_line' id='line_1_64' title="bbox 126 3379 3551 3449; baseline -0.001 -12"><span class='ocrx_word' id='word_1_496' title='bbox 126 3385 335 3438; x_wconf 89' lang='lat' dir='ltr'>morte</span> <span class='ocrx_word' id='word_1_497' title='bbox 367 3379 696 3438; x_wconf 82' lang='lat' dir='ltr'>liberaret?</span> <span class='ocrx_word' id='word_1_498' title='bbox 1903 3386 1960 3437; x_wconf 91' lang='lat' dir='ltr'>te</span> <span class='ocrx_word' id='word_1_499' title='bbox 1994 3382 2066 3437; x_wconf 87' lang='lat' dir='ltr'>ad</span> <span class='ocrx_word' id='word_1_500' title='bbox 2099 3380 2445 3437; x_wconf 90' lang='lat' dir='ltr'>servitutem</span> <span class='ocrx_word' id='word_1_501' title='bbox 2478 3380 2728 3435; x_wconf 90' lang='lat' dir='ltr'>transire</span> <span class='ocrx_word' id='word_1_502' title='bbox 2776 3380 2955 3436; x_wconf 90' lang='lat' dir='ltr'>vultis</span> <span class='ocrx_word' id='word_1_503' title='bbox 2976 3379 3004 3435; x_wconf 85' lang='lat'><strong>?</strong></span> <span class='ocrx_word' id='word_1_504' title='bbox 3033 3380 3141 3444; x_wconf 90' lang='lat' dir='ltr'>Qui</span> <span class='ocrx_word' id='word_1_505' title='bbox 3172 3380 3373 3449; x_wconf 87' lang='lat' dir='ltr'>etiam,</span> <span class='ocrx_word' id='word_1_506' title='bbox 3394 3380 3445 3435; x_wconf 90' lang='lat' dir='ltr'>si</span> <span class='ocrx_word' id='word_1_507' title='bbox 3484 3381 3551 3435; x_wconf 82' lang='lat' dir='ltr'>ii-</span> 
     </span>
    </p>
   </div>
   <div class='ocr_carea' id='block_1_65' title="bbox 203 3469 3550 3546">
    <p class='ocr_par' dir='ltr' id='par_1_65' title="bbox 203 3469 3550 3546">
     <span class='ocr_line' id='line_1_65' title="bbox 203 3469 3550 3546; baseline -0.001 -19"><span class='ocrx_word' id='word_1_508' title='bbox 203 3469 495 3541; x_wconf 86' lang='lat' dir='ltr'>Sequitur</span> <span class='ocrx_word' id='word_1_509' title='bbox 523 3486 535 3523; x_wconf 89' lang='lat'>:</span> <span class='ocrx_word' id='word_1_510' title='bbox 566 3471 628 3526; x_wconf 91' lang='lat' dir='ltr'>Ut</span> <span class='ocrx_word' id='word_1_511' title='bbox 643 3470 1001 3543; x_wconf 85' lang='lat' dir='ltr'>adoptionem</span> <span class='ocrx_word' id='word_1_512' title='bbox 1021 3473 1271 3542; x_wconf 82' lang='lat' dir='ltr'>ﬁliorum</span> <span class='ocrx_word' id='word_1_513' title='bbox 1292 3475 1669 3546; x_wconf 84' lang='lat' dir='ltr'>reciperemus.</span> <span class='ocrx_word' id='word_1_514' title='bbox 1696 3475 1797 3530; x_wconf 90' lang='lat' dir='ltr'>His</span> <span class='ocrx_word' id='word_1_515' title='bbox 1906 3471 1970 3525; x_wconf 90' lang='lat' dir='ltr'>lii</span> <span class='ocrx_word' id='word_1_516' title='bbox 2002 3472 2143 3526; x_wconf 89' lang='lat' dir='ltr'>estis</span> <span class='ocrx_word' id='word_1_517' title='bbox 2175 3475 2232 3525; x_wconf 92' lang='lat' dir='ltr'>et</span> <span class='ocrx_word' id='word_1_518' title='bbox 2263 3469 2545 3540; x_wconf 66' lang='lat' dir='ltr'>bmredes,</span> <span class='ocrx_word' id='word_1_519' title='bbox 2580 3470 2718 3542; x_wconf 89' lang='lat' dir='ltr'>quia</span> <span class='ocrx_word' id='word_1_520' title='bbox 2748 3470 2883 3526; x_wconf 84' lang='lat' dir='ltr'>ﬁliis</span> <span class='ocrx_word' id='word_1_521' title='bbox 2939 3470 3185 3526; x_wconf 90' lang='lat' dir='ltr'>debetur</span> <span class='ocrx_word' id='word_1_522' title='bbox 3220 3469 3550 3525; x_wconf 62' lang='lat' dir='ltr'>hereditas.</span> 
     </span>
    </p>
   </div>
   <div class='ocr_carea' id='block_1_66' title="bbox 134 3558 3553 3636">
    <p class='ocr_par' dir='ltr' id='par_1_66' title="bbox 134 3558 3553 3636">
     <span class='ocr_line' id='line_1_66' title="bbox 134 3558 3553 3636; baseline -0 -21"><span class='ocrx_word' id='word_1_523' title='bbox 134 3558 344 3615; x_wconf 85' lang='lat' dir='ltr'>verbis</span> <span class='ocrx_word' id='word_1_524' title='bbox 368 3562 629 3613; x_wconf 89' lang='lat' dir='ltr'>nostram</span> <span class='ocrx_word' id='word_1_525' title='bbox 662 3560 1005 3631; x_wconf 87' lang='lat' dir='ltr'>dignitatem</span> <span class='ocrx_word' id='word_1_526' title='bbox 1037 3564 1109 3617; x_wconf 89' lang='lat' dir='ltr'>ab</span> <span class='ocrx_word' id='word_1_527' title='bbox 1142 3562 1300 3618; x_wconf 90' lang='lat' dir='ltr'>illius</span> <span class='ocrx_word' id='word_1_528' title='bbox 1323 3563 1801 3636; x_wconf 89' lang='lat' dir='ltr'>distinguit,quia</span> <span class='ocrx_word' id='word_1_529' title='bbox 1908 3561 2020 3616; x_wconf 86' lang='lat' dir='ltr'>Sed</span> <span class='ocrx_word' id='word_1_530' title='bbox 2053 3565 2119 3615; x_wconf 93' lang='lat' dir='ltr'>ut</span> <span class='ocrx_word' id='word_1_531' title='bbox 2149 3558 2347 3615; x_wconf 86' lang='lat' dir='ltr'>omnia</span> <span class='ocrx_word' id='word_1_532' title='bbox 2395 3558 2725 3614; x_wconf 86' lang='lat' dir='ltr'>excluderet</span> <span class='ocrx_word' id='word_1_533' title='bbox 2779 3558 3116 3631; x_wconf 85' lang='lat' dir='ltr'>Apostolus,</span> <span class='ocrx_word' id='word_1_534' title='bbox 3150 3562 3390 3631; x_wconf 87' lang='lat' dir='ltr'>excepta</span> <span class='ocrx_word' id='word_1_535' title='bbox 3419 3575 3553 3631; x_wconf 91' lang='lat' dir='ltr'>gra-</span> 
     </span>
    </p>
   </div>
   <div class='ocr_carea' id='block_1_67' title="bbox 134 3646 3555 3724">
    <p class='ocr_par' dir='ltr' id='par_1_67' title="bbox 134 3646 3555 3724">
     <span class='ocr_line' id='line_1_67' title="bbox 134 3646 3555 3724; baseline 0 -22"><span class='ocrx_word' id='word_1_536' title='bbox 134 3648 238 3704; x_wconf 92' lang='lat' dir='ltr'>ille</span> <span class='ocrx_word' id='word_1_537' title='bbox 258 3646 450 3704; x_wconf 88' lang='lat' dir='ltr'>Filius</span> <span class='ocrx_word' id='word_1_538' title='bbox 475 3649 747 3719; x_wconf 88' lang='lat' dir='ltr'>proprius</span> <span class='ocrx_word' id='word_1_539' title='bbox 770 3650 1145 3720; x_wconf 91' lang='lat' dir='ltr'>quidem,nos</span> <span class='ocrx_word' id='word_1_540' title='bbox 1168 3657 1363 3707; x_wconf 87' lang='lat' dir='ltr'>autem</span> <span class='ocrx_word' id='word_1_541' title='bbox 1383 3653 1634 3724; x_wconf 88' lang='lat' dir='ltr'>adoptivi</span> <span class='ocrx_word' id='word_1_542' title='bbox 1665 3671 1677 3720; x_wconf 91' lang='lat'><strong>;</strong></span> <span class='ocrx_word' id='word_1_543' title='bbox 1704 3651 1801 3707; x_wconf 91' lang='lat' dir='ltr'>ille</span> <span class='ocrx_word' id='word_1_544' title='bbox 1908 3650 2009 3719; x_wconf 89' lang='lat' dir='ltr'>tia,</span> <span class='ocrx_word' id='word_1_545' title='bbox 2043 3648 2275 3704; x_wconf 90' lang='lat' dir='ltr'>addidit</span> <span class='ocrx_word' id='word_1_546' title='bbox 2299 3664 2403 3719; x_wconf 85' lang='lat' dir='ltr'>per</span> <span class='ocrx_word' id='word_1_547' title='bbox 2433 3654 2611 3704; x_wconf 85' lang='lat' dir='ltr'>Deum</span> <span class='ocrx_word' id='word_1_548' title='bbox 2632 3666 2653 3710; x_wconf 86' lang='lat'><strong><em>;</em></strong></span> <span class='ocrx_word' id='word_1_549' title='bbox 2684 3649 2851 3720; x_wconf 89' lang='lat' dir='ltr'>quasi</span> <span class='ocrx_word' id='word_1_550' title='bbox 2885 3649 3140 3704; x_wconf 88' lang='lat' dir='ltr'>diceret:</span> <span class='ocrx_word' id='word_1_551' title='bbox 3173 3647 3299 3702; x_wconf 90' lang='lat' dir='ltr'>Non</span> <span class='ocrx_word' id='word_1_552' title='bbox 3344 3647 3555 3703; x_wconf 89' lang='lat' dir='ltr'>vestris</span> 
     </span>
    </p>
   </div>
   <div class='ocr_carea' id='block_1_68' title="bbox 137 3735 3551 3812">
    <p class='ocr_par' dir='ltr' id='par_1_68' title="bbox 137 3735 3551 3812">
     <span class='ocr_line' id='line_1_68' title="bbox 137 3735 3551 3812; baseline 0 -21"><span class='ocrx_word' id='word_1_553' title='bbox 137 3743 386 3802; x_wconf 91' lang='lat' dir='ltr'>natura,</span> <span class='ocrx_word' id='word_1_554' title='bbox 413 3752 521 3791; x_wconf 90' lang='lat' dir='ltr'>nos</span> <span class='ocrx_word' id='word_1_555' title='bbox 543 3736 751 3808; x_wconf 88' lang='lat' dir='ltr'>gratia.</span> <span class='ocrx_word' id='word_1_556' title='bbox 776 3738 842 3793; x_wconf 90' lang='lat' dir='ltr'>Et</span> <span class='ocrx_word' id='word_1_557' title='bbox 864 3744 1004 3794; x_wconf 88' lang='lat' dir='ltr'>nota</span> <span class='ocrx_word' id='word_1_558' title='bbox 1025 3740 1164 3811; x_wconf 91' lang='lat' dir='ltr'>quia</span> <span class='ocrx_word' id='word_1_559' title='bbox 1192 3757 1307 3795; x_wconf 91' lang='lat' dir='ltr'>non</span> <span class='ocrx_word' id='word_1_560' title='bbox 1340 3741 1482 3795; x_wconf 90' lang='lat' dir='ltr'>dicit</span> <span class='ocrx_word' id='word_1_561' title='bbox 1513 3741 1800 3812; x_wconf 73' lang='lat' dir='ltr'>accipere~</span> <span class='ocrx_word' id='word_1_562' title='bbox 1910 3738 2157 3803; x_wconf 90' lang='lat' dir='ltr'>meritis,</span> <span class='ocrx_word' id='word_1_563' title='bbox 2193 3753 2384 3807; x_wconf 78' lang='lat' dir='ltr'>neque</span> <span class='ocrx_word' id='word_1_564' title='bbox 2412 3741 2602 3793; x_wconf 91' lang='lat' dir='ltr'>vestro</span> <span class='ocrx_word' id='word_1_565' title='bbox 2661 3742 2895 3805; x_wconf 90' lang='lat' dir='ltr'>conatu,</span> <span class='ocrx_word' id='word_1_566' title='bbox 2921 3753 3136 3808; x_wconf 63' lang='lat' dir='ltr'>neque</span> <span class='ocrx_word' id='word_1_567' title='bbox 3182 3753 3285 3809; x_wconf 91' lang='lat' dir='ltr'>per</span> <span class='ocrx_word' id='word_1_568' title='bbox 3342 3735 3551 3807; x_wconf 91' lang='lat' dir='ltr'>legem,</span> 
     </span>
    </p>
   </div>
   <div class='ocr_carea' id='block_1_69' title="bbox 138 3825 2574 3899">
    <p class='ocr_par' dir='ltr' id='par_1_69' title="bbox 138 3825 2574 3899">
     <span class='ocr_line' id='line_1_69' title="bbox 138 3825 2574 3899; baseline -0.001 -18"><span class='ocrx_word' id='word_1_569' title='bbox 138 3825 416 3894; x_wconf 85' lang='lat' dir='ltr'>mus,sed</span> <span class='ocrx_word' id='word_1_570' title='bbox 437 3825 827 3897; x_wconf 80' lang='lat' dir='ltr'>reciperemus.</span> <span class='ocrx_word' id='word_1_571' title='bbox 853 3827 1082 3899; x_wconf 77' lang='lat' dir='ltr'>Accipit</span> <span class='ocrx_word' id='word_1_572' title='bbox 1109 3829 1266 3884; x_wconf 94' lang='lat' dir='ltr'>enim</span> <span class='ocrx_word' id='word_1_573' title='bbox 1297 3828 1473 3883; x_wconf 92' lang='lat' dir='ltr'>homo</span> <span class='ocrx_word' id='word_1_574' title='bbox 1502 3830 1653 3898; x_wconf 92' lang='lat' dir='ltr'>quod</span> <span class='ocrx_word' id='word_1_575' title='bbox 1686 3845 1802 3884; x_wconf 90' lang='lat' dir='ltr'>non</span> <span class='ocrx_word' id='word_1_576' title='bbox 1911 3827 2012 3882; x_wconf 88' lang='lat' dir='ltr'>sed</span> <span class='ocrx_word' id='word_1_577' title='bbox 2044 3842 2146 3896; x_wconf 90' lang='lat' dir='ltr'>per</span> <span class='ocrx_word' id='word_1_578' title='bbox 2174 3825 2423 3896; x_wconf 90' lang='lat' dir='ltr'>gratiam</span> <span class='ocrx_word' id='word_1_579' title='bbox 2456 3825 2574 3880; x_wconf 91' lang='lat' dir='ltr'>Dei.</span> 
     </span>
    </p>
   </div>
   <div class='ocr_carea' id='block_1_70' title="bbox 136 3912 3555 3990">
    <p class='ocr_par' dir='ltr' id='par_1_70' title="bbox 136 3912 3555 3990">
     <span class='ocr_line' id='line_1_70' title="bbox 136 3912 3555 3990; baseline -0.001 -19"><span class='ocrx_word' id='word_1_580' title='bbox 136 3914 345 3984; x_wconf 88' lang='lat' dir='ltr'>habet,</span> <span class='ocrx_word' id='word_1_581' title='bbox 372 3914 582 3985; x_wconf 90' lang='lat' dir='ltr'>recipit</span> <span class='ocrx_word' id='word_1_582' title='bbox 614 3916 769 3986; x_wconf 92' lang='lat' dir='ltr'>quod</span> <span class='ocrx_word' id='word_1_583' title='bbox 800 3916 1021 3972; x_wconf 90' lang='lat' dir='ltr'>amisit.</span> <span class='ocrx_word' id='word_1_584' title='bbox 1050 3918 1199 3990; x_wconf 91' lang='lat' dir='ltr'>Ergo</span> <span class='ocrx_word' id='word_1_585' title='bbox 1240 3920 1608 3989; x_wconf 82' lang='lat' dir='ltr'>reciperemus</span> <span class='ocrx_word' id='word_1_586' title='bbox 1638 3917 1802 3989; x_wconf 88' lang='lat' dir='ltr'>dicit,</span> <span class='ocrx_word' id='word_1_587' title='bbox 1983 3914 2087 3968; x_wconf 82' lang='lat' dir='ltr'>Sed</span> <span class='ocrx_word' id='word_1_588' title='bbox 2116 3918 2248 3967; x_wconf 85' lang='lat' dir='ltr'>tunc</span> <span class='ocrx_word' id='word_1_589' title='bbox 2277 3912 2520 3983; x_wconf 84' lang='lat' dir='ltr'>quidem,</span> <span class='ocrx_word' id='word_1_590' title='bbox 2553 3917 2664 3968; x_wconf 91' lang='lat' dir='ltr'>etc.</span> <span class='ocrx_word' id='word_1_591' title='bbox 2726 3913 2901 3976; x_wconf 90' lang='lat' dir='ltr'>Quasi</span> <span class='ocrx_word' id='word_1_592' title='bbox 2957 3914 3209 3969; x_wconf 87' lang='lat' dir='ltr'>diceret:</span> <span class='ocrx_word' id='word_1_593' title='bbox 3270 3918 3410 3968; x_wconf 90' lang='lat' dir='ltr'>Cum</span> <span class='ocrx_word' id='word_1_594' title='bbox 3452 3930 3555 3969; x_wconf 88' lang='lat' dir='ltr'>vos</span> 
     </span>
    </p>
   </div>
   <div class='ocr_carea' id='block_1_71' title="bbox 140 4001 3555 4077">
    <p class='ocr_par' dir='ltr' id='par_1_71' title="bbox 140 4001 3555 4077">
     <span class='ocr_line' id='line_1_71' title="bbox 140 4001 3555 4077; baseline -0.001 -19"><span class='ocrx_word' id='word_1_595' title='bbox 140 4003 312 4059; x_wconf 91' lang='lat' dir='ltr'>illam</span> <span class='ocrx_word' id='word_1_596' title='bbox 346 4002 575 4059; x_wconf 89' lang='lat' dir='ltr'>scilicet</span> <span class='ocrx_word' id='word_1_597' title='bbox 607 4004 956 4076; x_wconf 88' lang='lat' dir='ltr'>dignitatem</span> <span class='ocrx_word' id='word_1_598' title='bbox 978 4022 1156 4077; x_wconf 92' lang='lat' dir='ltr'>quam</span> <span class='ocrx_word' id='word_1_599' title='bbox 1180 4008 1239 4061; x_wconf 92' lang='lat' dir='ltr'>in</span> <span class='ocrx_word' id='word_1_600' title='bbox 1264 4007 1449 4062; x_wconf 89' lang='lat' dir='ltr'>Adam</span> <span class='ocrx_word' id='word_1_601' title='bbox 1473 4006 1802 4062; x_wconf 92' lang='lat' dir='ltr'>amisimus.</span> <span class='ocrx_word' id='word_1_602' title='bbox 1912 4004 2250 4075; x_wconf 86' lang='lat' dir='ltr'>ignorantes</span> <span class='ocrx_word' id='word_1_603' title='bbox 2283 4001 2465 4056; x_wconf 91' lang='lat' dir='ltr'>Deum</span> <span class='ocrx_word' id='word_1_604' title='bbox 2496 4001 2902 4067; x_wconf 87' lang='lat' dir='ltr'>essetis,idolis</span> <span class='ocrx_word' id='word_1_605' title='bbox 2923 4001 3281 4070; x_wconf 88' lang='lat' dir='ltr'>serviebatis,</span> <span class='ocrx_word' id='word_1_606' title='bbox 3305 4007 3362 4057; x_wconf 93' lang='lat' dir='ltr'>et</span> <span class='ocrx_word' id='word_1_607' title='bbox 3381 4002 3555 4057; x_wconf 90' lang='lat' dir='ltr'>idcir-</span> 
     </span>
    </p>
   </div>
   <div class='ocr_carea' id='block_1_72' title="bbox 140 4088 3558 4168">
    <p class='ocr_par' dir='ltr' id='par_1_72' title="bbox 140 4088 3558 4168">
     <span class='ocr_line' id='line_1_72' title="bbox 140 4088 3558 4168; baseline -0 -22"><span class='ocrx_word' id='word_1_608' title='bbox 140 4093 195 4147; x_wconf 83' lang='lat' dir='ltr'>Si</span> <span class='ocrx_word' id='word_1_609' title='bbox 227 4096 443 4148; x_wconf 89' lang='lat' dir='ltr'>autem</span> <span class='ocrx_word' id='word_1_610' title='bbox 476 4092 597 4146; x_wconf 71' lang='lat' dir='ltr'>haec</span> <span class='ocrx_word' id='word_1_611' title='bbox 628 4092 952 4149; x_wconf 88' lang='lat' dir='ltr'>similitudo</span> <span class='ocrx_word' id='word_1_612' title='bbox 985 4095 1272 4151; x_wconf 84' lang='lat' dir='ltr'>referatur</span> <span class='ocrx_word' id='word_1_613' title='bbox 1298 4096 1369 4150; x_wconf 90' lang='lat' dir='ltr'>ad</span> <span class='ocrx_word' id='word_1_614' title='bbox 1418 4097 1684 4168; x_wconf 87' lang='lat' dir='ltr'>gentiles,</span> <span class='ocrx_word' id='word_1_615' title='bbox 1718 4098 1807 4151; x_wconf 89' lang='lat' dir='ltr'>est</span> <span class='ocrx_word' id='word_1_616' title='bbox 1914 4109 1979 4148; x_wconf 90' lang='lat' dir='ltr'>co</span> <span class='ocrx_word' id='word_1_617' title='bbox 2010 4096 2152 4146; x_wconf 90' lang='lat' dir='ltr'>tunc</span> <span class='ocrx_word' id='word_1_618' title='bbox 2184 4089 2350 4145; x_wconf 83' lang='lat' dir='ltr'>facile</span> <span class='ocrx_word' id='word_1_619' title='bbox 2382 4088 2808 4161; x_wconf 87' lang='lat' dir='ltr'>indulgentiam</span> <span class='ocrx_word' id='word_1_620' title='bbox 2848 4089 3360 4162; x_wconf 90' lang='lat' dir='ltr'>promerebamini.</span> <span class='ocrx_word' id='word_1_621' title='bbox 3394 4093 3558 4145; x_wconf 84' lang='lat' dir='ltr'>Atro-</span> 
     </span>
    </p>
   </div>
   <div class='ocr_carea' id='block_1_73' title="bbox 142 4178 3559 4257">
    <p class='ocr_par' dir='ltr' id='par_1_73' title="bbox 142 4178 3559 4257">
     <span class='ocr_line' id='line_1_73' title="bbox 142 4178 3559 4257; baseline -0.001 -21"><span class='ocrx_word' id='word_1_622' title='bbox 142 4181 293 4238; x_wconf 90' lang='lat' dir='ltr'>alter</span> <span class='ocrx_word' id='word_1_623' title='bbox 327 4181 547 4237; x_wconf 89' lang='lat' dir='ltr'>exitus.</span> <span class='ocrx_word' id='word_1_624' title='bbox 580 4181 757 4239; x_wconf 86' lang='lat' dir='ltr'>Paulo</span> <span class='ocrx_word' id='word_1_625' title='bbox 790 4183 1063 4253; x_wconf 91' lang='lat' dir='ltr'>superius</span> <span class='ocrx_word' id='word_1_626' title='bbox 1093 4184 1277 4256; x_wconf 89' lang='lat' dir='ltr'>legem</span> <span class='ocrx_word' id='word_1_627' title='bbox 1320 4184 1669 4241; x_wconf 87' lang='lat' dir='ltr'>assimilavit</span> <span class='ocrx_word' id='word_1_628' title='bbox 1694 4202 1806 4257; x_wconf 63' lang='grc' dir='ltr'>ραι·</span> <span class='ocrx_word' id='word_1_629' title='bbox 1914 4182 2042 4237; x_wconf 91' lang='lat' dir='ltr'>cius</span> <span class='ocrx_word' id='word_1_630' title='bbox 2070 4179 2153 4234; x_wconf 92' lang='lat' dir='ltr'>illi</span> <span class='ocrx_word' id='word_1_631' title='bbox 2185 4178 2523 4252; x_wconf 87' lang='lat' dir='ltr'>punientur,</span> <span class='ocrx_word' id='word_1_632' title='bbox 2555 4179 2655 4250; x_wconf 91' lang='lat' dir='ltr'>qui</span> <span class='ocrx_word' id='word_1_633' title='bbox 2688 4179 2939 4235; x_wconf 89' lang='lat' dir='ltr'>scienter</span> <span class='ocrx_word' id='word_1_634' title='bbox 2967 4185 3423 4251; x_wconf 88' lang='lat' dir='ltr'>peccant,quam</span> <span class='ocrx_word' id='word_1_635' title='bbox 3455 4179 3559 4250; x_wconf 92' lang='lat' dir='ltr'>qui</span> 
     </span>
    </p>
   </div>
   <div class='ocr_carea' id='block_1_74' title="bbox 146 4266 3559 4345">
    <p class='ocr_par' dir='ltr' id='par_1_74' title="bbox 146 4266 3559 4345">
     <span class='ocr_line' id='line_1_74' title="bbox 146 4266 3559 4345; baseline -0.001 -19"><span class='ocrx_word' id='word_1_636' title='bbox 146 4270 629 4345; x_wconf 87' lang='lat' dir='ltr'>dagogo,deinde</span> <span class='ocrx_word' id='word_1_637' title='bbox 654 4275 880 4327; x_wconf 90' lang='lat' dir='ltr'>tutores</span> <span class='ocrx_word' id='word_1_638' title='bbox 910 4275 968 4327; x_wconf 90' lang='lat' dir='ltr'>et</span> <span class='ocrx_word' id='word_1_639' title='bbox 998 4277 1222 4328; x_wconf 89' lang='lat' dir='ltr'>actores</span> <span class='ocrx_word' id='word_1_640' title='bbox 1246 4274 1449 4329; x_wconf 91' lang='lat' dir='ltr'>mundi</span> <span class='ocrx_word' id='word_1_641' title='bbox 1480 4272 1804 4329; x_wconf 87' lang='lat' dir='ltr'>elementis.</span> <span class='ocrx_word' id='word_1_642' title='bbox 1916 4270 2273 4343; x_wconf 80' lang='lat' dir='ltr'>ignoranter.</span> <span class='ocrx_word' id='word_1_643' title='bbox 2309 4268 2378 4323; x_wconf 88' lang='lat' dir='ltr'>Et</span> <span class='ocrx_word' id='word_1_644' title='bbox 2406 4266 2519 4322; x_wconf 90' lang='lat' dir='ltr'>tale</span> <span class='ocrx_word' id='word_1_645' title='bbox 2575 4272 2664 4323; x_wconf 87' lang='lat' dir='ltr'>est</span> <span class='ocrx_word' id='word_1_646' title='bbox 2720 4268 2828 4324; x_wconf 89' lang='lat' dir='ltr'>hoc</span> <span class='ocrx_word' id='word_1_647' title='bbox 2858 4268 3030 4341; x_wconf 89' lang='lat' dir='ltr'>quale</span> <span class='ocrx_word' id='word_1_648' title='bbox 3061 4272 3119 4324; x_wconf 92' lang='lat' dir='ltr'>et</span> <span class='ocrx_word' id='word_1_649' title='bbox 3147 4268 3294 4323; x_wconf 90' lang='lat' dir='ltr'>illud</span> <span class='ocrx_word' id='word_1_650' title='bbox 3322 4268 3559 4323; x_wconf 80' lang='lat' dir='ltr'>Abime-</span> 
     </span>
    </p>
   </div>
   <div class='ocr_carea' id='block_1_75' title="bbox 144 4355 3559 4433">
    <p class='ocr_par' dir='ltr' id='par_1_75' title="bbox 144 4355 3559 4433">
     <span class='ocr_line' id='line_1_75' title="bbox 144 4355 3559 4433; baseline -0.001 -17"><span class='ocrx_word' id='word_1_651' title='bbox 144 4358 1808 4433; x_wconf 84' lang='lat' dir='ltr'>Isteergominorpopulus,idestecclesiasticus,quianon</span> <span class='ocrx_word' id='word_1_652' title='bbox 1915 4358 2043 4413; x_wconf 90' lang='lat' dir='ltr'>lech</span> <span class='ocrx_word' id='word_1_653' title='bbox 2076 4355 2416 4428; x_wconf 90' lang='lat' dir='ltr'>accipientis</span> <span class='ocrx_word' id='word_1_654' title='bbox 2446 4356 2651 4412; x_wconf 88' lang='lat' dir='ltr'>Saram</span> <span class='ocrx_word' id='word_1_655' title='bbox 2684 4374 2921 4413; x_wconf 87' lang='lat' dir='ltr'>uxorem</span> <span class='ocrx_word' id='word_1_656' title='bbox 2946 4357 3209 4427; x_wconf 70' lang='lat' dir='ltr'>Abrahae,</span> <span class='ocrx_word' id='word_1_657' title='bbox 3234 4358 3403 4428; x_wconf 86' lang='lat' dir='ltr'>cujus</span> <span class='ocrx_word' id='word_1_658' title='bbox 3434 4355 3559 4411; x_wconf 90' lang='lat' dir='ltr'>vul-</span> 
     </span>
    </p>
   </div>
   <div class='ocr_carea' id='block_1_76' title="bbox 147 4449 1809 4523">
    <p class='ocr_par' dir='ltr' id='par_1_76' title="bbox 147 4449 1809 4523">
     <span class='ocr_line' id='line_1_76' title="bbox 147 4449 1809 4523; baseline 0.001 -18"><span class='ocrx_word' id='word_1_659' title='bbox 147 4466 215 4505; x_wconf 85' lang='lat' dir='ltr'>ex</span> <span class='ocrx_word' id='word_1_660' title='bbox 242 4449 503 4515; x_wconf 88' lang='lat' dir='ltr'>uno,sed</span> <span class='ocrx_word' id='word_1_661' title='bbox 534 4466 603 4505; x_wconf 85' lang='lat' dir='ltr'>ex</span> <span class='ocrx_word' id='word_1_662' title='bbox 631 4450 885 4515; x_wconf 90' lang='lat' dir='ltr'>duobus,</span> <span class='ocrx_word' id='word_1_663' title='bbox 940 4450 1217 4507; x_wconf 89' lang='lat' dir='ltr'>collectus</span> <span class='ocrx_word' id='word_1_664' title='bbox 1259 4456 1349 4507; x_wconf 86' lang='lat' dir='ltr'>est</span> <span class='ocrx_word' id='word_1_665' title='bbox 1378 4451 1647 4523; x_wconf 83' lang='lat' dir='ltr'>pepulus,</span> <span class='ocrx_word' id='word_1_666' title='bbox 1681 4451 1809 4507; x_wconf 86' lang='lat' dir='ltr'>ideo</span> 
     </span>
    </p>
   </div>
   <div class='ocr_carea' id='block_1_77' title="bbox 148 4535 3563 4623">
    <p class='ocr_par' dir='ltr' id='par_1_77' title="bbox 148 4535 3563 4623">
     <span class='ocr_line' id='line_1_77' title="bbox 148 4535 3563 4623; baseline -0.001 -29"><span class='ocrx_word' id='word_1_667' title='bbox 148 4537 851 4612; x_wconf 72' lang='lat' dir='ltr'>pmpterJudaeoslegem</span> <span class='ocrx_word' id='word_1_668' title='bbox 876 4539 1704 4612; x_wconf 67' lang='lat' dir='ltr'>paadagogo,pr0ptergentiles</span> <span class='ocrx_word' id='word_1_669' title='bbox 1719 4546 1809 4596; x_wconf 91' lang='lat' dir='ltr'>tu-</span> <span class='ocrx_word' id='word_1_670' title='bbox 1842 4559 1888 4623; x_wconf 83' lang='lat' dir='ltr'><strong>D</strong></span> <span class='ocrx_word' id='word_1_671' title='bbox 1920 4536 2166 4599; x_wconf 81' lang='lat' dir='ltr'>Domine,</span> <span class='ocrx_word' id='word_1_672' title='bbox 2198 4538 2412 4602; x_wconf 73' lang='lat' dir='ltr'>gentem</span> <span class='ocrx_word' id='word_1_673' title='bbox 2458 4535 2668 4623; x_wconf 82' lang='lat' dir='ltr'>justam</span> <span class='ocrx_word' id='word_1_674' title='bbox 2722 4540 2775 4590; x_wconf 85' lang='lat' dir='ltr'>et</span> <span class='ocrx_word' id='word_1_675' title='bbox 2834 4538 3183 4606; x_wconf 81' lang='lat' dir='ltr'>ignoraan</span> <span class='ocrx_word' id='word_1_676' title='bbox 3220 4536 3563 4623; x_wconf 80' lang='lat' dir='ltr'>interﬁcies?</span> 
     </span>
    </p>
   </div>
   <div class='ocr_carea' id='block_1_78' title="bbox 146 4621 3565 4700">
    <p class='ocr_par' dir='ltr' id='par_1_78' title="bbox 146 4621 3565 4700">
     <span class='ocr_line' id='line_1_78' title="bbox 146 4621 3565 4700; baseline -0.003 -18"><span class='ocrx_word' id='word_1_677' title='bbox 146 4633 310 4684; x_wconf 87' lang='lat' dir='ltr'>tores</span> <span class='ocrx_word' id='word_1_678' title='bbox 334 4626 689 4683; x_wconf 89' lang='lat' dir='ltr'>assimilavit</span> <span class='ocrx_word' id='word_1_679' title='bbox 705 4627 1174 4700; x_wconf 89' lang='lat' dir='ltr'>elementis,quia</span> <span class='ocrx_word' id='word_1_680' title='bbox 1202 4627 1508 4684; x_wconf 90' lang='lat' dir='ltr'>elementis</span> <span class='ocrx_word' id='word_1_681' title='bbox 1534 4629 1814 4685; x_wconf 86' lang='lat' dir='ltr'>deservie-</span> <span class='ocrx_word' id='word_1_682' title='bbox 1842 4621 1875 4623; x_wconf 38' lang='grc' dir='ltr'><em>ί</em></span> <span class='ocrx_word' id='word_1_683' title='bbox 1923 4624 2076 4695; x_wconf 86' lang='lat' dir='ltr'>(Gen.</span> <span class='ocrx_word' id='word_1_684' title='bbox 2109 4640 2201 4689; x_wconf 87' lang='lat' dir='ltr'>xx,</span> <span class='ocrx_word' id='word_1_685' title='bbox 2236 4623 2313 4689; x_wconf 80' lang='grc'>4.)</span> <span class='ocrx_word' id='word_1_686' title='bbox 2344 4622 2520 4688; x_wconf 88' lang='lat' dir='ltr'>Quasi</span> <span class='ocrx_word' id='word_1_687' title='bbox 2550 4622 2803 4678; x_wconf 90' lang='lat' dir='ltr'>diceret:</span> <span class='ocrx_word' id='word_1_688' title='bbox 2833 4625 2887 4678; x_wconf 92' lang='lat' dir='ltr'>Si</span> <span class='ocrx_word' id='word_1_689' title='bbox 2942 4624 3282 4695; x_wconf 82' lang='lat' dir='ltr'>ignoranter</span> <span class='ocrx_word' id='word_1_690' title='bbox 3310 4621 3565 4695; x_wconf 89' lang='lat' dir='ltr'>peccavi,</span> 
     </span>
    </p>
   </div>
   <div class='ocr_carea' id='block_1_79' title="bbox 153 4707 3566 4785">
    <p class='ocr_par' dir='ltr' id='par_1_79' title="bbox 153 4707 3566 4785">
     <span class='ocr_line' id='line_1_79' title="bbox 153 4707 3566 4785; baseline -0.001 -15"><span class='ocrx_word' id='word_1_691' title='bbox 153 4723 314 4783; x_wconf 89' lang='lat' dir='ltr'>rant,</span> <span class='ocrx_word' id='word_1_692' title='bbox 354 4716 410 4771; x_wconf 92' lang='lat' dir='ltr'>id</span> <span class='ocrx_word' id='word_1_693' title='bbox 446 4721 557 4785; x_wconf 52' lang='lat' dir='ltr'>est,</span> <span class='ocrx_word' id='word_1_694' title='bbox 592 4716 700 4772; x_wconf 90' lang='lat' dir='ltr'>soli</span> <span class='ocrx_word' id='word_1_695' title='bbox 731 4723 789 4774; x_wconf 90' lang='lat' dir='ltr'>et</span> <span class='ocrx_word' id='word_1_696' title='bbox 819 4717 993 4784; x_wconf 68' lang='lat' dir='ltr'>lunae,</span> <span class='ocrx_word' id='word_1_697' title='bbox 1026 4723 1081 4773; x_wconf 91' lang='lat' dir='ltr'>et</span> <span class='ocrx_word' id='word_1_698' title='bbox 1110 4718 1352 4773; x_wconf 72' lang='lat' dir='ltr'>caeteris.</span> <span class='ocrx_word' id='word_1_699' title='bbox 1375 4717 1593 4773; x_wconf 85' lang='lat' dir='ltr'>Verum</span> <span class='ocrx_word' id='word_1_700' title='bbox 1613 4719 1662 4773; x_wconf 90' lang='lat' dir='ltr'>si</span> <span class='ocrx_word' id='word_1_701' title='bbox 1690 4718 1812 4774; x_wconf 76' lang='lat' dir='ltr'>haec</span> <span class='ocrx_word' id='word_1_702' title='bbox 1923 4729 2051 4784; x_wconf 77' lang='lat' dir='ltr'>quae</span> <span class='ocrx_word' id='word_1_703' title='bbox 2077 4710 2309 4782; x_wconf 89' lang='lat' dir='ltr'>justitia</span> <span class='ocrx_word' id='word_1_704' title='bbox 2340 4718 2447 4780; x_wconf 83' lang='lat' dir='ltr'>est,</span> <span class='ocrx_word' id='word_1_705' title='bbox 2480 4716 2544 4765; x_wconf 93' lang='lat' dir='ltr'>ut</span> <span class='ocrx_word' id='word_1_706' title='bbox 2571 4710 3002 4784; x_wconf 89' lang='lat' dir='ltr'>indulgentiam</span> <span class='ocrx_word' id='word_1_707' title='bbox 3036 4729 3149 4767; x_wconf 90' lang='lat' dir='ltr'>non</span> <span class='ocrx_word' id='word_1_708' title='bbox 3188 4707 3566 4783; x_wconf 78' lang='lat' dir='ltr'>promerear?</span> 
     </span>
    </p>
   </div>
   <div class='ocr_carea' id='block_1_80' title="bbox 148 4794 3571 4879">
    <p class='ocr_par' dir='ltr' id='par_1_80' title="bbox 148 4794 3571 4879">
     <span class='ocr_line' id='line_1_80' title="bbox 148 4794 3571 4879; baseline -0.004 -18"><span class='ocrx_word' id='word_1_709' title='bbox 148 4808 219 4861; x_wconf 89' lang='lat' dir='ltr'>ad</span> <span class='ocrx_word' id='word_1_710' title='bbox 254 4805 517 4879; x_wconf 88' lang='lat' dir='ltr'>gentiles</span> <span class='ocrx_word' id='word_1_711' title='bbox 550 4807 854 4877; x_wconf 84' lang='lat' dir='ltr'>referatur,</span> <span class='ocrx_word' id='word_1_712' title='bbox 889 4824 1003 4862; x_wconf 93' lang='lat' dir='ltr'>non</span> <span class='ocrx_word' id='word_1_713' title='bbox 1040 4807 1212 4861; x_wconf 90' lang='lat' dir='ltr'>debet</span> <span class='ocrx_word' id='word_1_714' title='bbox 1244 4806 1424 4862; x_wconf 92' lang='lat' dir='ltr'>videri</span> <span class='ocrx_word' id='word_1_715' title='bbox 1456 4807 1811 4863; x_wconf 89' lang='lat' dir='ltr'>contrarium</span> <span class='ocrx_word' id='word_1_716' title='bbox 1924 4802 2087 4868; x_wconf 91' lang='lat' dir='ltr'>Quod</span> <span class='ocrx_word' id='word_1_717' title='bbox 2121 4816 2237 4856; x_wconf 90' lang='lat' dir='ltr'>non</span> <span class='ocrx_word' id='word_1_718' title='bbox 2271 4799 2462 4856; x_wconf 92' lang='lat' dir='ltr'>solum</span> <span class='ocrx_word' id='word_1_719' title='bbox 2494 4800 2565 4855; x_wconf 89' lang='lat' dir='ltr'>de</span> <span class='ocrx_word' id='word_1_720' title='bbox 2595 4800 2724 4867; x_wconf 90' lang='lat' dir='ltr'>hac,</span> <span class='ocrx_word' id='word_1_721' title='bbox 2757 4801 2829 4857; x_wconf 90' lang='lat' dir='ltr'>de</span> <span class='ocrx_word' id='word_1_722' title='bbox 2862 4816 3216 4872; x_wconf 88' lang='lat' dir='ltr'>unaquaque</span> <span class='ocrx_word' id='word_1_723' title='bbox 3246 4816 3307 4855; x_wconf 87' lang='lat' dir='ltr'>re</span> <span class='ocrx_word' id='word_1_724' title='bbox 3355 4794 3571 4854; x_wconf 87' lang='lat' dir='ltr'>intelli-</span> 
     </span>
    </p>
   </div>
   <div class='ocr_carea' id='block_1_81' title="bbox 155 4892 2319 4967">
    <p class='ocr_par' dir='ltr' id='par_1_81' title="bbox 155 4892 2319 4967">
     <span class='ocr_line' id='line_1_81' title="bbox 155 4892 2319 4967; baseline -0.002 -17"><span class='ocrx_word' id='word_1_725' title='bbox 155 4895 319 4967; x_wconf 90' lang='lat' dir='ltr'>quod</span> <span class='ocrx_word' id='word_1_726' title='bbox 356 4894 521 4961; x_wconf 89' lang='lat' dir='ltr'>dicit,</span> <span class='ocrx_word' id='word_1_727' title='bbox 554 4897 636 4951; x_wconf 91' lang='lat' dir='ltr'>ita</span> <span class='ocrx_word' id='word_1_728' title='bbox 666 4899 718 4950; x_wconf 86' lang='lat' dir='ltr'>et</span> <span class='ocrx_word' id='word_1_729' title='bbox 744 4911 861 4962; x_wconf 83' lang='lat' dir='ltr'>nos,</span> <span class='ocrx_word' id='word_1_730' title='bbox 895 4895 1030 4967; x_wconf 90' lang='lat' dir='ltr'>quia</span> <span class='ocrx_word' id='word_1_731' title='bbox 1061 4895 1187 4967; x_wconf 91' lang='lat' dir='ltr'>ipse</span> <span class='ocrx_word' id='word_1_732' title='bbox 1218 4896 1420 4952; x_wconf 91' lang='lat' dir='ltr'>doctor</span> <span class='ocrx_word' id='word_1_733' title='bbox 1447 4902 1504 4951; x_wconf 93' lang='lat' dir='ltr'>et</span> <span class='ocrx_word' id='word_1_734' title='bbox 1532 4895 1815 4967; x_wconf 90' lang='lat' dir='ltr'>magister</span> <span class='ocrx_word' id='word_1_735' title='bbox 1920 4892 2179 4963; x_wconf 83' lang='lat' dir='ltr'>gendum</span> <span class='ocrx_word' id='word_1_736' title='bbox 2210 4895 2319 4946; x_wconf 89' lang='lat' dir='ltr'>est.</span> 
     </span>
    </p>
   </div>
   <div class='ocr_carea' id='block_1_82' title="bbox 159 4970 3584 5055">
    <p class='ocr_par' dir='ltr' id='par_1_82' title="bbox 159 4970 3584 5055">
     <span class='ocr_line' id='line_1_82' title="bbox 159 4970 3584 5055; baseline -0.002 -16"><span class='ocrx_word' id='word_1_737' title='bbox 159 5000 337 5039; x_wconf 83' lang='lat' dir='ltr'>suam</span> <span class='ocrx_word' id='word_1_738' title='bbox 375 5000 684 5054; x_wconf 89' lang='lat' dir='ltr'>personam</span> <span class='ocrx_word' id='word_1_739' title='bbox 717 4984 985 5055; x_wconf 90' lang='lat' dir='ltr'>personis</span> <span class='ocrx_word' id='word_1_740' title='bbox 1012 4984 1254 5047; x_wconf 82' lang='lat' dir='ltr'>sociavit</span> <span class='ocrx_word' id='word_1_741' title='bbox 1310 4986 1669 5041; x_wconf 89' lang='lat' dir='ltr'>auditorum.</span> <span class='ocrx_word' id='word_1_742' title='bbox 1701 4986 1814 5043; x_wconf 91' lang='lat' dir='ltr'>Nec</span> <span class='ocrx_word' id='word_1_743' title='bbox 1997 4980 2279 5054; x_wconf 86' lang='lat' dir='ltr'>Quomodo</span> <span class='ocrx_word' id='word_1_744' title='bbox 2309 4980 2703 5040; x_wconf 85' lang='lat' dir='ltr'>convertimini</span> <span class='ocrx_word' id='word_1_745' title='bbox 2729 4981 2957 5046; x_wconf 81' lang='lat' dir='ltr'>iterum,</span> <span class='ocrx_word' id='word_1_746' title='bbox 2994 4982 3108 5033; x_wconf 89' lang='lat' dir='ltr'>etc.</span> <span class='ocrx_word' id='word_1_747' title='bbox 3158 4976 3442 5048; x_wconf 90' lang='lat' dir='ltr'>Superius</span> <span class='ocrx_word' id='word_1_748' title='bbox 3493 4970 3584 5025; x_wconf 82' lang='lat' dir='ltr'>di-</span> 
     </span>
    </p>
   </div>
   <div class='ocr_carea' id='block_1_83' title="bbox 155 5064 3588 5146">
    <p class='ocr_par' dir='ltr' id='par_1_83' title="bbox 155 5064 3588 5146">
     <span class='ocr_line' id='line_1_83' title="bbox 155 5064 3588 5146; baseline -0.003 -20"><span class='ocrx_word' id='word_1_749' title='bbox 155 5071 336 5127; x_wconf 91' lang='lat' dir='ltr'>debet</span> <span class='ocrx_word' id='word_1_750' title='bbox 368 5071 544 5126; x_wconf 87' lang='lat' dir='ltr'>etiam</span> <span class='ocrx_word' id='word_1_751' title='bbox 577 5071 716 5126; x_wconf 92' lang='lat' dir='ltr'>illud</span> <span class='ocrx_word' id='word_1_752' title='bbox 750 5071 929 5128; x_wconf 89' lang='lat' dir='ltr'>videri</span> <span class='ocrx_word' id='word_1_753' title='bbox 960 5072 1344 5140; x_wconf 81' lang='lat' dir='ltr'>contrarium,</span> <span class='ocrx_word' id='word_1_754' title='bbox 1373 5075 1529 5146; x_wconf 90' lang='lat' dir='ltr'>quod</span> <span class='ocrx_word' id='word_1_755' title='bbox 1580 5075 1815 5134; x_wconf 88' lang='lat' dir='ltr'>nomine</span> <span class='ocrx_word' id='word_1_756' title='bbox 1930 5075 2091 5126; x_wconf 90' lang='lat' dir='ltr'>xerat</span> <span class='ocrx_word' id='word_1_757' title='bbox 2117 5087 2129 5126; x_wconf 89' lang='lat'>:</span> <span class='ocrx_word' id='word_1_758' title='bbox 2155 5071 2453 5141; x_wconf 84' lang='lat' dir='ltr'>Elementa,</span> <span class='ocrx_word' id='word_1_759' title='bbox 2478 5075 2535 5127; x_wconf 89' lang='lat' dir='ltr'>et</span> <span class='ocrx_word' id='word_1_760' title='bbox 2553 5068 2940 5139; x_wconf 89' lang='lat' dir='ltr'>subjunxerat</span> <span class='ocrx_word' id='word_1_761' title='bbox 2965 5086 2979 5135; x_wconf 93' lang='lat'><strong>;</strong></span> <span class='ocrx_word' id='word_1_762' title='bbox 3007 5064 3232 5131; x_wconf 83' lang='lat' dir='ltr'>Mundi;</span> <span class='ocrx_word' id='word_1_763' title='bbox 3256 5082 3413 5121; x_wconf 88' lang='lat' dir='ltr'>nunc</span> <span class='ocrx_word' id='word_1_764' title='bbox 3451 5074 3588 5117; x_wconf 85' lang='lat' dir='ltr'>vero</span> 
     </span>
    </p>
   </div>
   <div class='ocr_carea' id='block_1_84' title="bbox 153 5153 3594 5233">
    <p class='ocr_par' dir='ltr' id='par_1_84' title="bbox 153 5153 3594 5233">
     <span class='ocr_line' id='line_1_84' title="bbox 153 5153 3594 5233; baseline -0.001 -17"><span class='ocrx_word' id='word_1_765' title='bbox 153 5159 590 5216; x_wconf 87' lang='lat' dir='ltr'>elementorum</span> <span class='ocrx_word' id='word_1_766' title='bbox 623 5162 829 5217; x_wconf 93' lang='lat' dir='ltr'>mundi</span> <span class='ocrx_word' id='word_1_767' title='bbox 874 5161 1022 5233; x_wconf 91' lang='lat'>(930)</span> <span class='ocrx_word' id='word_1_768' title='bbox 1085 5159 1339 5218; x_wconf 90' lang='lat' dir='ltr'>litteram</span> <span class='ocrx_word' id='word_1_769' title='bbox 1395 5170 1494 5221; x_wconf 91' lang='lat' dir='ltr'>aut</span> <span class='ocrx_word' id='word_1_770' title='bbox 1555 5178 1818 5222; x_wconf 64' lang='lat' dir='ltr'>cmremo-</span> <span class='ocrx_word' id='word_1_771' title='bbox 1929 5176 2108 5217; x_wconf 86' lang='lat' dir='ltr'>vacua</span> <span class='ocrx_word' id='word_1_772' title='bbox 2138 5160 2316 5217; x_wconf 88' lang='lat' dir='ltr'>dicit:</span> <span class='ocrx_word' id='word_1_773' title='bbox 2343 5164 2415 5218; x_wconf 93' lang='lat' dir='ltr'>ob</span> <span class='ocrx_word' id='word_1_774' title='bbox 2438 5162 2568 5226; x_wconf 91' lang='lat' dir='ltr'>hoc,</span> <span class='ocrx_word' id='word_1_775' title='bbox 2587 5157 2727 5227; x_wconf 87' lang='lat' dir='ltr'>quia</span> <span class='ocrx_word' id='word_1_776' title='bbox 2744 5160 3009 5229; x_wconf 86' lang='lat' dir='ltr'>primum</span> <span class='ocrx_word' id='word_1_777' title='bbox 3042 5153 3383 5225; x_wconf 89' lang='lat' dir='ltr'>ignorantes</span> <span class='ocrx_word' id='word_1_778' title='bbox 3404 5154 3594 5212; x_wconf 80' lang='lat' dir='ltr'>Deum</span> 
     </span>
    </p>
   </div>
   <div class='ocr_carea' id='block_1_85' title="bbox 1916 4446 3560 4519">
    <p class='ocr_par' dir='ltr' id='par_1_85' title="bbox 1916 4446 3560 4519">
     <span class='ocr_line' id='line_1_85' title="bbox 1916 4446 3560 4519; baseline -0.001 -18"><span class='ocrx_word' id='word_1_779' title='bbox 1916 4463 2049 4502; x_wconf 92' lang='lat' dir='ltr'>vam</span> <span class='ocrx_word' id='word_1_780' title='bbox 2081 4447 2295 4501; x_wconf 89' lang='lat' dir='ltr'>domus</span> <span class='ocrx_word' id='word_1_781' title='bbox 2325 4460 2460 4500; x_wconf 93' lang='lat' dir='ltr'>eum</span> <span class='ocrx_word' id='word_1_782' title='bbox 2492 4446 2881 4515; x_wconf 85' lang='lat' dir='ltr'>percussisset</span> <span class='ocrx_word' id='word_1_783' title='bbox 2910 4446 3337 4519; x_wconf 85' lang='lat' dir='ltr'>Deus(932),ait</span> <span class='ocrx_word' id='word_1_784' title='bbox 3359 4464 3370 4502; x_wconf 95' lang='lat'>:</span> <span class='ocrx_word' id='word_1_785' title='bbox 3395 4448 3560 4516; x_wconf 85' lang='lat' dir='ltr'>Num,</span> 
     </span>
    </p>
   </div>
   <div class='ocr_carea' id='block_1_86' title="bbox 224 5318 2385 5358">
    <p class='ocr_par' dir='ltr' id='par_1_86' title="bbox 224 5318 2385 5358">
     <span class='ocr_line' id='line_1_86' title="bbox 224 5318 2385 5358; baseline 0 0"><span class='ocrx_word' id='word_1_786' title='bbox 224 5319 386 5358; x_wconf 56' lang='lat'>109$“</span> <span class='ocrx_word' id='word_1_787' title='bbox 408 5318 466 5358; x_wconf 80' lang='grc' dir='ltr'>Ῐη</span> <span class='ocrx_word' id='word_1_788' title='bbox 504 5324 680 5358; x_wconf 66' lang='lat' dir='ltr'>nnlno‘</span> <span class='ocrx_word' id='word_1_789' title='bbox 734 5337 898 5358; x_wconf 70' lang='lat' dir='ltr'>mann</span> <span class='ocrx_word' id='word_1_790' title='bbox 952 5322 1047 5358; x_wconf 67' lang='lat' dir='ltr'>hin</span> <span class='ocrx_word' id='word_1_791' title='bbox 1084 5319 1294 5358; x_wconf 60' lang='lat' dir='ltr'>lonihnn</span> <span class='ocrx_word' id='word_1_792' title='bbox 1324 5341 1427 5358; x_wconf 71' lang='lat' dir='ltr'>non</span> <span class='ocrx_word' id='word_1_793' title='bbox 1484 5323 1579 5358; x_wconf 76' lang='grc' dir='ltr'>νγ</span> <span class='ocrx_word' id='word_1_794' title='bbox 1932 5322 2010 5358; x_wconf 74' lang='grc' dir='ltr'>Ηο</span> <span class='ocrx_word' id='word_1_795' title='bbox 2044 5320 2385 5358; x_wconf 74' lang='lat' dir='ltr'>nonanimnn</span> 
     </span>
    </p>
   </div>
  </div>
