3974 5358
375 415 493 474 5’27
1406 409 1666 469 AT'l‘ON
1676 410 1743 469 IS
1790 406 2369 469 VERCELLENSIS
2414 406 2765 469 EPISCOPI
3667 396 3791 459 528

380 543 551 600 idolis
581 542 932 607 serviebant,
990 539 1365 613 postmodum
1423 556 1556 595 vero
1617 540 1885 599 notitiam
1928 538 2026 595 Dei
2056 545 2110 612 Α
2139 538 2381 594 tentatio
2413 554 2543 595 esse
2574 536 2794 595 Galatis
2825 534 3175 591 dicentibus.
3206 534 3342 597 Quae
3387 532 3499 601 vis,
3558 528 3651 585 vel
3690 525 3792 601 qui

377 633 681 703 habentes,
717 632 789 689 ad
824 629 1106 702 pristinos
1136 644 1361 684 errores
1419 630 1876 685 revertebantur.
1921 631 2031 685 Ima
2142 628 2364 683 fructus
2396 628 2455 683 in
2488 627 2586 683 tali
2617 624 2903 691 doctrina,
2937 640 3069 679 cum
3103 621 3292 694 ipsius
3318 620 3678 692 praedicator
3710 622 3796 673 tot

378 722 589 790 cogniti
616 721 744 775 sitis
772 720 943 791 (933),
977 724 1085 774 etc.
1123 720 1236 773 Hoc
1266 719 1445 785 enim,
1505 719 1669 791 quod.
1724 719 1882 789 dicit,
1916 735 2030 774 non
2140 717 2499 773 cruciatibus
2530 713 2869 787 afﬂigatur?
2898 713 2957 768 In
2986 728 3153 768 came
3207 727 3350 779 mea,
3412 710 3577 781 quod
3635 708 3801 775 dicit,

386 808 839 880 intelligendum
872 810 961 863 est
990 808 1167 862 Deum
1201 822 1269 860 ex
1301 806 1642 878 improviso,
1692 806 1780 861 vel
1812 807 2029 873 subito,
2141 805 2275 862 talis
2306 812 2395 862 est
2425 822 2658 873 sensus,
2693 804 2860 875 quasi
2893 803 3047 859 dicat
3075 818 3087 856 :
3124 800 3393 870 Humilis,
3455 799 3799 869 despectas,

386 901 488 951 aut
511 914 615 968 per
644 901 907 968 tempora
939 894 1163 967 aliquid
1197 896 1537 966 cognovisse
1563 913 1576 952 :
1612 895 1713 949 sed
1746 911 1811 950 eo
1861 894 2031 949 modo
2141 899 2200 949 et
2220 893 2692 965 contemptibilis,
2717 891 2864 948 nihil
2894 895 3104 961 sciens,
3132 890 3246 945 nisi
3270 887 3579 944 Christum
3597 888 3801 942 Jesum

388 984 621 1054 dicitur,
653 1002 768 1057 quo
789 985 1046 1039 Joannes
1070 982 1413 1051 :Diligamus
1436 984 1601 1039 Deum
1624 982 1885 1054 (Joan.1v,
1921 982 2029 1051 i9),
2141 984 2185 1053 (1
2217 983 2336 1038 Cor.
2368 1001 2426 1047 ιι,
2460 983 2535 1053 2),
2564 999 2696 1037 cum
2729 998 2941 1048 essem,
2976 997 3091 1035 non
3145 980 3433 1051 respuistis
3463 995 3477 1044 ;
3537 976 3638 1032 sed
3666 978 3803 1031 sinu

389 1088 505 1128 non
528 1073 666 1143 quia
691 1071 1001 1129 dileximus
1020 1072 1284 1139 eum,sed
1318 1071 1455 1142 quia
1486 1073 1609 1143 ipse
1637 1074 1796 1143 prior
1830 1070 2035 1125 dilexit
2141 1073 2398 1143 angelum
2426 1074 2541 1137 Dei,
2577 1072 2632 1126 id
2666 1071 3063 1137 est,nuntium
3097 1070 3385 1124 donorum
3438 1065 3802 1134 caelestium,

388 1177 507 1216 nos.
533 1160 759 1233 Cogniti
775 1160 930 1216 enim
955 1176 1163 1216 sumus
1176 1160 1517 1231 priusquam
1534 1161 2031 1233 cognovissemus,
2141 1164 2425 1233 excepi-stis
2445 1179 2466 1223 ;
2491 1167 2548 1217 et
2568 1177 2682 1215 non
2706 1159 2896 1216 solum
2920 1159 3021 1225 ita,
3052 1159 3153 1215 sed
3186 1164 3249 1213 ut
3280 1157 3567 1212 Christum
3591 1156 3799 1211 Iesum.

391 1250 671 1321 quoniam
705 1250 776 1305 ali
810 1250 936 1320 ipso
966 1249 1138 1303 tracti
1173 1250 1393 1306 fuimus
1422 1250 1599 1321 (Joan.
1634 1267 1709 1321 v1,
1742 1251 1854 1319 44).
2142 1253 2211 1305 Et
2242 1256 2379 1306 nota
2410 1251 2551 1322 quia
2582 1250 2878 1305 Christum
2903 1248 3052 1320 (937)
3103 1248 3333 1318 praefert
3392 1245 3631 1317 angelo,
3672 1258 3801 1299 cum

461 1340 583 1394 Dies
612 1338 947 1399 observatis;
978 1337 1036 1392 id
1094 1344 1202 1404 est,
1261 1339 1682 1406 Sabbatorum;
1718 1343 1774 1393 et
1802 1354 2031 1407 menses,
2146 1345 2376 1396 econtra
2429 1338 2739 1396 Psalmista
2771 1338 3044 1410 angelum
3073 1337 3325 1402 Christo,
3356 1341 3422 1390 ut
3480 1334 3638 1389 illud
3666 1350 3681 1389 :
3717 1335 3805 1389 M-

392 1428 861 1495 neomeniarum,
897 1427 1004 1484 hoc
1035 1432 1145 1495 est,
1178 1438 1333 1483 nevae
1364 1427 1555 1483 luna):
1592 1445 1725 1483 nam
1753 1442 2035 1482 mensesa
2142 1431 2320 1484 nuisli
2346 1446 2469 1485 eum
2488 1429 2657 1500 paulo
2675 1430 2868 1482 minus
2885 1427 3064 1496 (Psal.
3091 1425 3428 1495 vm,6);sed
3450 1424 3535 1478 ibi
3562 1428 3803 1495 propter

386 1516 528 1573 luna
557 1517 1014 1589 computabant;
1047 1522 1103 1573 et
1132 1521 1410 1589 tempora;
1445 1518 1501 1573 id
1535 1521 1644 1583 est,
1711 1518 1825 1572 tria
1872 1516 2031 1581 anni,
2142 1518 2587 1585 humanitatem,
2619 1517 2713 1571 hic
2742 1532 2918 1572 causa
2947 1514 3288 1570 divinitatis.

386 1606 535 1677 (934)
566 1606 623 1660 in
657 1605 874 1679 quibus
904 1606 1168 1662 diversas
1200 1607 1635 1662 observationes
1662 1605 2035 1661 celebrabant
2217 1607 2314 1662 Ubi
2338 1611 2414 1661 est
2442 1622 2568 1674 ergo
2601 1605 2875 1660 beatitudo
2923 1607 3143 1660 vestra!
3184 1603 3361 1668 Quasi
3393 1602 3665 1658 diceret:
3699 1602 3797 1657 Ubi

383 1694 580 1767 (Exod.
614 1711 776 1760 xxm,
812 1695 919 1766 l7),
954 1695 1188 1765 quando
1221 1695 1395 1751 etiam
1419 1700 1771 1768 praeceptum
1792 1698 1933 1761 erat,
1968 1699 2035 1750 ut
2141 1700 2230 1751 est
2258 1696 2505 1762 devotio,
2540 1694 2911 1765 religiositas,
2945 1698 3003 1749 et
3033 1692 3276 1749 atfectus
3312 1691 3639 1748 charitatis
3666 1708 3795 1764 erga

387 1799 580 1839 omme
603 1782 995 1839 masculinum
1017 1789 1323 1855 appareret
1343 1784 1401 1839 in
1426 1788 1738 1856 conspectu
1760 1783 1989 1839 Domini
2013 1801 2030 1836 :

388 1876 445 1927 et
464 1888 656 1938 annos,
691 1872 748 1925 id
780 1876 887 1938 est,
911 1872 1215 1944 septimus,
1242 1872 1349 1928 hoc
1378 1876 1468 1929 est
1489 1874 1801 1929 sabbatum
1823 1873 2032 1928 sabba-

390 1965 605 2029 torum,
639 1965 696 2015 et
716 1959 1045 2030 jubilaaum.

470 2050 644 2105 Timeo
673 2063 787 2115 vos,
818 2052 928 2105 etc.
970 2047 1114 2103 Vide
1170 2064 1349 2120 quam
1406 2054 1724 2121 temperate
1754 2048 2032 2120 loquitur.

391 2141 517 2209 Non
551 2138 707 2193 enim
738 2136 923 2193 dixit:
959 2137 1088 2193 sine
1120 2154 1298 2193 causa
1328 2136 1603 2203 laboravi,
1638 2155 1709 2193 ne
1740 2138 1887 2192 forte
1910 2137 2036 2191 fun-

394 2226 552 2283 ditus
574 2242 673 2283 eos
693 2226 970 2297 abjiceret
995 2252 1010 2293 ς
1042 2228 1142 2282 sed
1177 2227 1324 2282 dixit
1353 2245 1365 2281 :
1393 2228 1467 2281 Ne
1523 2229 1663 2297 forte
1682 2228 1801 2281 sine
1828 2242 2035 2286 causa;

393 2315 668 2388 quoniam
694 2332 798 2370 nec
819 2316 1084 2371 funditus
1106 2331 1203 2371 eos
1228 2316 1478 2386 abjicerc
1502 2314 1705 2381 voluit,
1733 2332 1841 2371 noc
1862 2315 2037 2370 etiam

391 2405 746 2459 incorrectos
776 2420 1051 2471 manere;
1085 2405 1385 2475 quoniam,
1419 2404 1467 2458 si
1495 2404 1781 2469 funditus,
1832 2404 2038 2475 despe-

390 2497 643 2558 rassent,
677 2491 725 2547 si
755 2492 1105 2548 incorrectos
1135 2492 1304 2563 (935),
1337 2492 1468 2547 aliis
1524 2493 1857 2567 exemplum
1906 2509 2039 2564 per-

390 2580 567 2636 cundi
600 2580 968 2655 tribuissent.
1002 2580 1272 2636 Ostendit
1300 2580 1457 2636 enim
1510 2580 1603 2636 his
1659 2582 1850 2637 verbis
1881 2597 1942 2636 se
1969 2582 2041 2636 de

395 2668 631 2724 illorum
665 2669 1043 2725 conversione
1074 2685 1191 2724 non
1223 2668 1522 2725 dubitare:
1557 2670 1731 2725 etiam
1765 2687 1863 2726 eos
1892 2671 2041 2725 resi-

396 2758 621 2832 piscere
651 2758 817 2814 velle.

467 2849 647 2904 Estote
673 2849 814 2904 sicut
844 2855 895 2902 el.
923 2862 1041 2919 ego.
1081 2848 1256 2911 Quasi
1290 2846 1508 2903 diceret
1537 2866 1549 2904 :
1584 2848 1743 2921 Rogo
1772 2865 1874 2904 vos
1929 2849 2043 2905 fra-

400 2928 521 2993 tres
551 2953 775 3008 omnes,
831 2935 1049 3009 legales
1108 2937 1542 2993 observationes
1601 2936 1930 3010 relinquite,
1990 2943 2047 2995 et

401 3026 725 3082 imitatores
755 3026 870 3081 mei
898 3029 1112 3081 estote:
1149 3026 1427 3097 quoniam
1459 3042 1585 3098 ego,
1612 3026 1713 3098 qui
1744 3027 2045 3098 quondam

406 3113 713 3171 aemulator
732 3130 889 3169 eram
918 3113 1084 3186 legis,
1100 3117 1154 3169 et
1181 3115 1451 3169 defensor
1473 3120 1849 3186 paternarum
1872 3116 2048 3170 tradi-

405 3205 655 3271 tionum,
678 3203 875 3259 omnia
904 3202 1025 3271 illa,
1060 3203 1228 3274 quasi
1259 3208 1664 3275 purgamenta,
1691 3210 1747 3259 et
1767 3211 2044 3273 stercora,

2143 1800 2255 1849 me,
2288 1800 2462 1855 quem
2496 1782 2789 1839 habuistis
2813 1783 2839 1837 ‘I
2871 1782 2943 1838 Ut
2997 1782 3081 1837 eis
3136 1782 3422 1854 pudorem
3464 1780 3795 1847 incuteret;

2142 1873 2444 1929 audientes
2467 1871 2669 1945 quales
2690 1871 2924 1939 fuerint,
2940 1876 2998 1926 et
3016 1888 3079 1927 se
3100 1869 3601 1943 reprehensibiles
3624 1884 3799 1941 agno-

2145 1965 2372 2017 scentes
2397 1979 2410 2029 ;
2442 1960 2638 2016 taliter
2668 1960 3037 2031 loquebatur.
3073 1961 3137 2014 In
3167 1975 3283 2031 quo
3306 1959 3460 2013 facto
3483 1963 3799 2013 monentur

2145 2050 2569 2121 praedicatores,
2605 2054 2669 2105 ut
2698 2049 2893 2105 taliter
2918 2064 3087 2121 agere
3116 2048 3397 2103 studeant
3454 2063 3601 2118 erga
3641 2063 3797 2102 suos.

2216 2141 2601 2195 Testimonium
2620 2140 2771 2194 enim
2789 2138 3044 2210 perhibeo
3072 2138 3242 2204 vobis,
3273 2142 3382 2193 etc.
3418 2134 3794 2209 Hyperbolioe

2146 2227 2301 2284 enim
2324 2228 2434 2283 iste
2455 2228 2616 2283 locus
2643 2226 3056 2298 intelligendus
3083 2232 3171 2282 est
3195 2243 3208 2281 :
3237 2242 3371 2282 nam
3395 2225 3797 2297 exaggeratio-

2149 2333 2280 2372 nem
2304 2316 2607 2372 charitatis
2629 2316 2754 2372 vult
2777 2317 3081 2372 ostendam
3100 2315 3161 2370 in
3186 2314 3513 2386 primordio
3531 2314 3798 2386 pradica-

2147 2405 2324 2460 tionis
2338 2405 2669 2461 Galatarum
2690 2424 2702 2472 ;
2718 2406 2846 2461 ideo
2859 2404 3343 2476 taliterloquitur,
3361 2403 3796 2475 quasidiceret:

2148 2494 2305 2549 Adeo
2336 2511 2430 2550 me
2461 2494 2770 2561 dilexistis,
2801 2500 2866 2549 ut
2897 2495 2946 2550 si
2978 2494 3595 2565 recompensationem
3620 2492 3798 2547 Evan—

2151 2582 2299 2655 gelio
2330 2584 2587 2638 tribuere
2618 2582 2977 2654 potuissetis,
3002 2582 3212 2639 vestris
3234 2581 3570 2637 luminibus
3589 2580 3799 2636 voluis-

2152 2672 2291 2728 setis
2313 2671 2612 2743 privari,et
2633 2677 2889 2728 vestrum
2917 2674 3202 2727 damnum
3225 2687 3424 2727 meum
3450 2669 3695 2726 lucrum
3718 2671 3800 2725 de-

2153 2764 2376 2833 putare.
2410 2761 2558 2826 Quid
2589 2760 2743 2817 enim
2797 2760 3035 2817 charius
3092 2761 3497 2816 membrorum
3549 2758 3723 2814 oculo
3748 2758 3799 2813 in

2153 2850 2342 2921 capite
2362 2849 2389 2903 ‘?
2414 2849 2676 2906 Nullum.
2706 2852 2893 2916 Quare
2921 2866 3058 2923 ergo
3088 2850 3197 2906 hoc
3244 2848 3434 2905 dicit?
3496 2849 3619 2903 Iste
3650 2848 3797 2903 enim

2152 2954 2326 2994 verus
2355 2940 2721 3011 pradicator,
2755 2945 2813 2995 et
2872 2938 3195 3011 discipulus
3251 2937 3517 2994 veritatis
3567 2936 3798 2992 mentiri

2155 3044 2524 3099 nequaquam
2556 3033 2768 3100 potest.
2791 3029 2924 3095 Sed,
2948 3034 3016 3083 ut
3037 3028 3318 3095 diximus,
3338 3031 3411 3083 ad
3443 3042 3796 3100 exaggeran-

2156 3116 2290 3170 dam
2322 3117 2665 3172 charitatem
2696 3117 2779 3172 ita
2807 3116 3084 3188 loquitur.

2227 3206 2364 3276 Ergo
2417 3208 2676 3261 inimicus
2732 3206 2879 3261 vobis
2926 3209 3105 3277 factus
3160 3210 3327 3261 sum?
3374 3210 3492 3261 etc.
3526 3204 3796 3261 Nonnulli

404 3298 581 3367 atque
603 3293 953 3365 quisquilias
976 3292 1270 3365 deputavi.
1303 3294 1444 3361 Quia
1473 3302 1524 3348 et
1549 3309 1643 3361 ego
1672 3296 1813 3349 sicut
1844 3310 1951 3363 vos,
1984 3295 2042 3350 id
2075 3285 2118 3352 C
2157 3291 2604 3366 interrogative:
2667 3295 2905 3366 quidam
2964 3296 3141 3351 etiam
3200 3295 3497 3350 narrative
3555 3292 3793 3366 pml‘erri

403 3388 510 3455 est,
544 3383 697 3439 sicut
725 3400 826 3438 vos
855 3381 1146 3452 homines,
1207 3383 1286 3437 ita
1342 3386 1398 3436 et
1450 3398 1554 3454 ego
1612 3381 1786 3437 homo
1848 3385 1919 3438 ab
1951 3384 2043 3440 his

397 3488 691 3546 egressus,
721 3476 779 3526 et
805 3487 905 3526 vos
935 3471 1132 3542 egredi
1164 3470 1450 3541 poteritis.

468 3560 617 3633 (936)
635 3561 851 3615 Fratres
882 3559 1094 3615 obsecro
1122 3574 1234 3623 vos,
1293 3562 1401 3614 etc.
1465 3559 1603 3616 Post
1658 3560 1874 3616 multas
1917 3579 2042 3618 cor-

399 3649 688 3705 rectiones
719 3652 776 3703 et
804 3646 1252 3718 increpationes,
1285 3648 1535 3717 pristina
1592 3650 1743 3704 bona
1799 3650 1871 3705 ad
1923 3667 2042 3708 me-

400 3738 649 3794 moriam
682 3740 930 3805 revocat,
991 3736 1229 3791 dicens:
1290 3737 1438 3790 Nihil
1487 3753 1572 3792 me
1631 3738 1870 3809 lazsistis,
1930 3745 2039 3797 etc.

402 3826 577 3892 Quasi
600 3825 779 3882 dicat:
807 3824 1062 3879 Recotite
1084 3824 1295 3896 quiain
1328 3826 1647 3896 primordio
1664 3843 1803 3883 meae
1835 3828 2041 3899 praedi-

400 3914 669 3983 cationis,
692 3930 824 3969 cum
848 3914 1091 3969 minoris
1109 3914 1315 3970 essetis
1336 3914 1753 3988 intelligentiae,
1783 3918 1926 3972 nihil
1949 3935 2043 3974 me

399 4003 668 4061 laesistis:
696 4019 875 4075 quare
892 4020 1070 4071 nunc,
1083 4019 1217 4058 cum
1233 4003 1420 4076 magis
1436 4003 1777 4077 intelligetis
1790 4006 1816 4060 ‘?
1834 4007 1901 4061 Et
1933 4007 2041 4063 hoc

398 4094 552 4161 ideo,
584 4099 650 4149 ut
680 4093 813 4165 ipsi,
847 4093 1096 4165 pristina
1124 4094 1277 4150 bona
1323 4094 1644 4163 audientes,
1680 4112 1793 4150 non
1835 4098 2039 4167 despe-

398 4188 612 4247 rarent.
639 4185 701 4237 In
728 4199 843 4253 quo
866 4182 1013 4237 facto
1038 4187 1351 4237 monentur
1374 4184 1875 4255 praedicatores,ut
1904 4202 2039 4241 cum

397 4288 536 4329 suos
566 4260 890 4343 increpant,
924 4272 1176 4343 pristina
1205 4272 1358 4327 bona
1389 4273 1460 4327 ad
1489 4272 1831 4328 memoriam
1876 4290 2037 4329 revo-

395 4364 546 4428 cent,
575 4375 645 4414 ne
706 4360 839 4431 ipsi,
899 4360 1285 4431 desperando,
1349 4360 1764 4418 abundantiori
1804 4361 2040 4420 tristitia

393 4446 840 4502 absorbeantur.

463 4534 627 4590 Scitis
655 4540 860 4602 autem,
893 4540 1003 4591 etc.
1067 4530 1476 4592 Inﬁrmitatem
1534 4555 1790 4610 namque
1845 4541 2037 4597 carnis

2152 3384 2353 3440 volunt
2373 3384 2528 3439 hunc
2550 3384 2771 3440 locum:
2792 3384 2917 3450 sed,
2941 3384 2989 3439 si
3005 3385 3442 3456 interrogative,
3468 3384 3575 3439 hoc
3596 3382 3786 3451 modo,

2154 3474 2320 3545 quasi
2345 3473 2599 3528 diceret:
2635 3474 2821 3537 Quare
2875 3473 3150 3528 inimicus
3208 3471 3371 3528 vobis
3404 3473 3602 3528 factus
3642 3488 3788 3539 sum,

2151 3578 2353 3618 verum
2378 3561 2621 3617 dicendo
2643 3562 2670 3616 ‘I
2690 3561 2987 3619 Narrative
3000 3579 3132 3618 vero
3155 3563 3272 3619 ita:
3301 3560 3591 3619 Inimicus
3612 3561 3789 3617 factus

2153 3668 2305 3721 sum,
2338 3667 2537 3707 verum
2569 3651 2813 3707 dicendo
2838 3650 3023 3706 vobis.

2220 3740 2367 3811 (938)
2414 3740 2770 3796 imulantur
2798 3756 2907 3811 vos,
2940 3744 3050 3796 etc.
3080 3764 3094 3806 ;
3154 3740 3212 3796 id
3270 3744 3379 3807 est,
3412 3740 3795 3796 invidentiam

2150 3830 2386 3897 habent,
2419 3830 2559 3901 quia
2606 3830 2829 3900 absque
2886 3828 3334 3885 circumcisione
3390 3830 3463 3885 ad
3529 3830 3797 3885 notitiam

2151 3919 2363 3975 Christi
2386 3919 2650 3974 transitis
2677 3938 2688 3988 ;
2723 3919 2795 3973 ob
2814 3919 2942 3984 hoc,
2958 3918 3096 3991 quia
3128 3918 3248 3975 illis
3278 3919 3616 3991 promissus
3638 3918 3797 3992 (989),

2150 4007 2266 4063 illis
2288 4007 2640 4080 praedicavit,
2671 4025 2740 4063 ex
2768 4007 2914 4079 ipsis
2943 4008 3120 4063 etiam
3174 4024 3408 4063 carnem
3452 4009 3705 4081 accepit.
3734 4008 3801 4062 Et

2151 4114 2330 4168 quare
2348 4114 2465 4154 non
2488 4099 2641 4167 bene,
2664 4097 2789 4169 ipse
2809 4097 3067 4169 exponit.
3099 4097 3403 4153 Excludere
3452 4114 3547 4153 vos
3595 4099 3798 4164 volunt,

2148 4191 2208 4240 ut
2230 4186 2357 4241 illos
2376 4187 2720 4242 azmulemini
2735 4203 2757 4247 ;
2783 4186 2843 4239 id
2873 4191 2981 4256 est,
3014 4186 3347 4242 imitemini.

2218 4279 2436 4330 Bonum
2458 4280 2645 4330 autem
2671 4275 3025 4331 :emulamini
3051 4277 3112 4330 in
3144 4278 3299 4345 bono,
3360 4274 3416 4330 id
3474 4282 3593 4343 est,
3650 4277 3800 4333 bona

2147 4361 2551 4431 intentione,et
2572 4379 2687 4418 non
2708 4362 2781 4419 ad
2804 4367 3056 4434 tempus,
3081 4364 3181 4418 sed
3201 4379 3433 4436 semper.
3454 4365 3518 4420 In
3543 4366 3799 4437 singulis

2148 4467 2401 4523 namque
2422 4452 2611 4507 verbis
2638 4451 2888 4524 percutit
2913 4451 3277 4525 Galatas,qui
3294 4453 3651 4525 imitatiiam
3675 4455 3798 4511 fue-

2147 4548 2280 4597 rant
2311 4543 2463 4597 bona
2484 4542 2822 4609 intentione,
2852 4541 2954 4597 sed
2984 4546 3178 4598 tamen
3212 4560 3325 4599 non
3357 4558 3621 4616 semper,
3659 4544 3794 4615 quia

390 4639 592 4722 eorum
624 4641 868 4722 parvum
900 4623 1157 4722 appellat
1204 4625 1563 4722 intellectum
1593 4646 1605 4696 ;
1639 4629 1808 4699 quasi
1838 4629 2027 4686 dicat:
2064 4657 2111 4722 D
2147 4634 2482 4686 recesserat.
2507 4631 2576 4685 Et
2595 4630 2703 4685 hoc
2732 4635 2839 4701 est,
2860 4631 3015 4701 quod
3039 4632 3279 4688 subdit:
3314 4633 3378 4687 Et
3404 4649 3519 4689 non
3550 4642 3790 4698 tantum,

388 4712 515 4769 Non
541 4714 921 4785 profundiore
941 4714 1249 4786 prmdicavi
1271 4716 1575 4785 vobis,seti
1601 4733 1803 4789 eaquzn
1830 4736 2034 4791 capere
2064 4712 2105 4722 ”
2143 4736 2267 4774 cum
2291 4733 2539 4790 praesens
2567 4736 2691 4774 sum
2748 4720 2894 4790 apud
2950 4736 3079 4784 vos;
3131 4721 3301 4791 quasi
3360 4721 3622 4777 diceret:
3668 4722 3791 4777 Non

386 4802 683 4881 potuistis.
716 4804 781 4857 Et
800 4805 1160 4859 tentationem
1191 4812 1445 4876 vestram,
1506 4811 1612 4861 etc.
1675 4808 1837 4871 Quod
1870 4808 2028 4878 dicit,

385 4894 1095 4958 tentationem,notandum
1120 4893 1258 4966 quia
1278 4894 1335 4948 in
1359 4894 1681 4964 primordio
1696 4912 1813 4951 suae
1827 4898 2029 4968 praedi-

382 4979 629 5035 cationis
683 4982 1000 5052 Apostolus
1059 4982 1278 5037 multas
1334 4982 1570 5053 pertulit
1626 4985 2025 5058 adversitates,

380 5068 701 5141 multisque
730 5070 1214 5127 tribulationibus
1233 5075 1323 5127 est
1338 5071 1591 5127 afﬂictus
1614 5087 1627 5126 :
1653 5088 1780 5142 qua:
1803 5078 2027 5144 poterat

450 5260 598 5356 (933)
626 5262 733 5356 Per
756 5268 1161 5356 err‘oreml‘oco
1186 5266 1399 5356 cogniti
1419 5267 1542 5319 sitis
1588 5264 1802 5337 legitur
1829 5281 2021 5338 cogno-

379 5334 483 5356 ...ἐοι

2142 4814 2369 4863 tantum
2404 4825 2497 4864 me
2527 4808 2843 4863 imitamini
2873 4825 3007 4864 cum
3038 4811 3247 4864 adsum
3281 4811 3380 4865 sed
3438 4810 3623 4866 etiam
3657 4826 3790 4866 cum

2140 4898 2367 4953 desum.

2208 4988 2356 5059 (940)
2387 4987 2695 5059 Sequitur:
2724 4988 2909 5042 Filioli
2952 4989 3082 5053 mei,
3107 5003 3235 5059 quos
3278 4990 3483 5045 iterum
3507 4991 3786 5061 partui-io,

2137 5080 2246 5131 etc.
2268 5075 2419 5131 Sane
2440 5077 2762 5131 notandum
2786 5076 2926 5147 quia
2947 5093 3063 5131 non
3084 5077 3226 5132 dicit
3250 5094 3262 5133 :
3290 5079 3448 5143 Quos
3480 5078 3782 5151 parturio:

2380 5271 2483 5356 llic
2515 5271 2572 5323 in
2607 5274 2801 5356 autog.
2838 5289 3021 5356 marg.
3054 5273 3268 5356 legitur
3294 5290 3424 5346 cap.
3460 5274 3609 5356 XXI,
3654 5344 3669 5356 .
