3974 5358
701 452 1111 519 EXPOSITIO
1154 452 1233 516 IN
1277 450 1708 516 EPISTOLAS
1751 448 2005 515 PAULI.
2044 486 2121 499 —
2148 450 2228 517 IN
2269 452 2519 519 EPIST.
2564 457 2670 519 AD
2716 456 2889 519 GAL.

3379 447 3513 517 530

112 588 224 655 sed,
283 588 484 644 iterum
515 587 793 661 quoniam
824 590 1065 645 docente
1096 589 1372 662 Apostolo
1393 588 1605 645 Galatae
1628 607 1747 646 cre-
1782 588 1835 653 Α
1867 592 1967 644 aut
1997 607 2152 645 nunc
2183 588 2324 655 haec,
2362 607 2517 647 nunc
2546 590 2647 646 illa
2676 588 3077 663 exaggerando
3135 587 3408 661 proferre.
3445 588 3515 647 Et

115 678 398 743 didernut,
449 694 514 732 ac
574 682 845 750 suscepto
899 679 1243 752 evangelica;
1317 679 1745 750 praedicationis

108 768 318 826 semine
348 771 663 839 conceptus
696 770 784 822 est
813 766 1083 822 Christus
1114 768 1171 822 in
1207 784 1406 824 eorum
1439 768 1741 825 cordibus:

105 859 195 917 sed
225 856 369 928 (941)
403 856 542 929 quia
572 873 685 911 non
720 856 831 911 luit
887 859 1323 926 corroboratus,
1386 859 1513 915 ideo
1579 858 1746 915 facile

106 948 373 1005 falsorum
456 946 865 1018 praedicatione
923 949 1326 1020 apostolorum
1380 950 1742 1005 exstinctus:

107 1040 451 1111 quaprOpter
478 1035 799 1102 laborabat,
834 1040 900 1091 ut
932 1037 1123 1093 denuo
1158 1039 1499 1094 reformaret
1527 1038 1743 1094 exstin-

106 1132 273 1185 ctum.
308 1125 642 1181 Notandum
676 1125 876 1190 etiam,
905 1126 1044 1197 quia
1091 1127 1188 1198 qui
1248 1128 1430 1198 patris
1490 1128 1749 1200 suscepit

106 1218 392 1281 eﬂectum,
450 1215 734 1271 dicendo:
796 1217 899 1270 Per
950 1214 1313 1283 Evangelium‘
1339 1233 1437 1286 ego
1470 1234 1555 1272 vos
1582 1221 1750 1285 genui

107 1309 158 1377 (I
180 1305 278 1360 Cor
333 1321 407 1373 Iv,
442 1305 553 1375 15),
602 1304 727 1376 ipse
786 1304 989 1360 matris
1046 1305 1316 1372 assumit,
1377 1321 1508 1360 cum
1567 1307 1742 1361 dicit:

105 1396 357 1452 Parturio
384 1394 624 1465 quippe,
657 1401 722 1448 ut
751 1410 812 1448 se
860 1411 1102 1449 suorum
1163 1396 1587 1450 demonstraret
1647 1413 1745 1466 pa-

102 1490 259 1554 trem,
288 1488 347 1539 et
395 1487 643 1538 matrem
703 1483 1059 1550 auditorum,
1126 1484 1431 1556 utriusque
1491 1484 1747 1557 parentis

104 1573 351 1645 suscepit
382 1572 674 1627 affectum.
708 1572 1121 1628 Verumtamen
1155 1574 1288 1644 quis
1318 1574 1506 1629 verbis
1540 1590 1745 1645 paren-

101 1668 215 1718 tum
245 1662 542 1733 explicare
570 1661 721 1717 valet
754 1662 1024 1717 affectum
1046 1663 1075 1717 ?
1104 1662 1266 1718 Unde
1298 1663 1572 1737 Origenes
1597 1681 1610 1718 :
1638 1667 1749 1717 Hu-

104 1768 269 1808 mana
305 1755 643 1806 naturanon
667 1757 755 1807 est
774 1750 1063 1807 horrenda
1114 1753 1212 1807 sed
1236 1753 1564 1807 veneranda
1587 1752 1749 1823 :quis

104 1842 247 1897 enim
285 1840 778 1913 comprehendere
810 1844 997 1911 potest
1029 1841 1184 1912 quod
1216 1839 1591 1906 studium,vel
1617 1840 1748 1912 quis

1857 679 1987 734 ideo
2018 679 2285 734 dicebat:
2323 680 2519 737 Vellem
2568 689 2751 736 autem
2800 695 2913 736 esse
2965 679 3127 735 modo
3181 678 3328 750 apud
3381 695 3510 748 vos;

1858 770 2025 840 quasi
2061 769 2311 824 diceret:
2346 769 2581 841 Nequeo
2612 774 2774 825 tanta
2796 770 3295 841 scribere,quanta
3327 785 3513 825 mere-

1857 857 2001 913 mini
2056 858 2276 929 audire,
2339 862 2414 924 et,
2475 858 2587 913 nisi
2644 857 2893 916 vinculis
2953 856 3336 914 confessionis
3366 858 3513 930 (942)

1857 946 2094 1002 strictus
2126 952 2373 1010 tenerer,
2398 952 2662 1020 optarem
2694 964 2821 1003 esse
2852 948 3005 1019 apud
3036 963 3160 1015 vos,
3195 954 3246 1002 et
3300 951 3515 1003 mutare

1854 1053 2038 1092 vocem
2067 1053 2272 1091 meam.
2326 1036 2532 1091 Mutare
2590 1034 2749 1103 dicit,
2810 1041 2876 1090 ut
2933 1036 3031 1108 qui
3089 1052 3187 1091 eos
3240 1036 3393 1092 ﬁlios
3420 1053 3515 1091 vo-

1858 1132 2109 1191 caverat,
2174 1142 2243 1181 ne
2330 1125 2493 1181 duris
2582 1124 3077 1197 increpationibus
3135 1124 3515 1181 scandalizati

1859 1215 2173 1270 deteriores
2206 1215 2425 1279 ﬁerent,
2460 1214 2508 1268 si
2540 1214 2663 1286 ipse
2688 1216 2967 1270 adversus
2991 1230 3089 1270 eos
3110 1230 3305 1269 vocem
3327 1214 3513 1271 incre-

1860 1304 2114 1375 pationis
2148 1308 2495 1369 assumeret,
2529 1304 2843 1359 ostendens
2888 1302 3023 1359 illos
3078 1320 3193 1359 non
3247 1319 3375 1359 esse
3428 1302 3514 1358 di-

1858 1418 2004 1473 gnos
2036 1404 2197 1456 tanto
2228 1401 2466 1465 honore,
2501 1407 2565 1456 ut
2594 1402 2722 1472 ejus
2754 1401 2857 1455 ﬁlii
2907 1406 3271 1457 vocarentur.
3331 1402 3519 1465 Quare

1860 1494 2113 1544 mutaret
2142 1506 2339 1545 vocem
2389 1490 2681 1546 ostendit:
2764 1492 3042 1559 Quoniam
3096 1490 3399 1561 confundor
3456 1492 3520 1546 in

1858 1581 2023 1636 vobis.
2056 1580 2370 1634 Parentum
2405 1580 2622 1651 quippe
2653 1578 3055 1651 imprudentes
3117 1580 3269 1635 filios
3326 1577 3513 1650 repel-

1858 1668 1997 1732 lere,
2030 1684 2100 1723 ne
2131 1668 2570 1723 confundantur
2591 1686 2602 1723 :
2623 1668 2732 1723 hoc
2758 1669 2930 1723 modo
2955 1668 3130 1724 dicit:
3159 1668 3513 1741 Con/under:

1860 1759 1920 1813 in
1952 1758 2162 1813 Graecis
2194 1757 2647 1829 exemplaribus,
2680 1757 2970 1813 invenitur
2989 1774 3155 1827 egens
3174 1774 3296 1813 sum
3327 1757 3475 1829 [945]
3500 1800 3514 1825 ,

1861 1848 1960 1904 sed
1992 1848 2147 1903 idem
2181 1863 2388 1902 sensus
2421 1846 3035 1918 est.Confusionempe
3060 1851 3185 1902 erat
3219 1848 3512 1917 Apostolo,

106 1928 1751 2020 sitlaborparentibus,dumvelgignitpater,velconcipit
1781 1954 1831 2020 Β
1861 1937 1999 2009 quia
2031 1938 2159 2008 ejus
2210 1936 2474 1991 doctrina
2524 1954 2640 1992 non
2698 1936 3037 1993 abundabat
3094 1936 3152 1991 in
3210 1935 3350 2000 illis,
3412 1934 3515 1991 sed

107 2034 165 2076 ac
194 2019 451 2092 parturit
480 2023 666 2074 mater
683 2018 711 2075 ?
740 2020 963 2083 Quibus
984 2019 1158 2075 etiam
1180 2035 1297 2074 non
1313 2020 1509 2074 minus
1523 2024 1609 2075 est
1630 2026 1751 2075 stu-

108 2108 261 2164 dium
316 2106 376 2162 in
435 2108 782 2163 nutriendo:
839 2107 990 2163 sicut
1046 2108 1201 2163 enim
1262 2124 1460 2163 semen
1519 2109 1750 2179 seritur,

110 2198 258 2254 sulco
286 2196 628 2262 suscipitur,
658 2201 815 2252 terra
844 2197 1121 2269 operitur,
1172 2200 1476 2267 germinat,
1518 2197 1750 2253 crescit-

115 2304 213 2360 que
234 2287 302 2343 in
332 2286 544 2342 herbas
573 2291 629 2341 et
659 2284 905 2353 culmos,
941 2291 998 2341 et
1030 2302 1215 2358 usque
1246 2287 1317 2342 ad
1349 2287 1602 2342 fructum
1631 2305 1643 2353 ;
1669 2286 1752 2341 sic

117 2382 167 2433 et
188 2376 447 2433 hominis
480 2391 679 2431 semen
712 2372 882 2430 vulva
924 2375 1157 2447 seritur,
1219 2374 1350 2431 dein
1406 2376 1750 2447 concipitur,

107 2466 203 2520 hoc
230 2482 262 2520 a
302 2464 536 2537 proprio
566 2464 810 2520 humore
833 2464 1183 2520 exsiccatum
1210 2465 1672 2538 compaginatur,
1697 2470 1753 2521 et

102 2554 593 2623 formatur,donec
626 2553 1265 2609 ditfundaturinlucem
1290 2554 1604 2615 :ditfusum
1619 2571 1750 2609 vero

97 2645 389 2698 nutritur:
424 2641 697 2698 similiter
727 2647 783 2697 et
812 2658 1013 2698 semen
1042 2643 1200 2698 verbi
1233 2643 1329 2698 Dei
1364 2644 1422 2698 in
1466 2645 1638 2698 corde
1661 2660 1749 2699 se-

96 2732 262 2799 ritur,
301 2736 359 2788 et
388 2731 472 2787 sic
501 2731 767 2787 Christus
797 2730 857 2786 in
892 2736 1085 2787 mente
1110 2732 1750 2803 concipitur,acdeinde

96 2822 405 2877 formatur.
441 2826 604 2876 Hunc
637 2837 891 2891 namque
923 2825 1230 2891 parentum
1264 2821 1533 2876 affectum
1572 2822 1751 2877 latius

92 2912 332 2983 expenit
362 2911 568 2966 beatus
601 2926 751 2983 papa
779 2908 1092 2980 Gregorius
1122 2908 1183 2963 in
1215 2925 1279 2963 eo
1317 2908 1462 2978 loco,
1523 2911 1621 2963 ubi
1674 2909 1753 2963 ait

90 3000 383 3056 Dominus
442 2999 515 3053 ad
567 2999 715 3054 Job:
774 2994 1032 3068 Nunquid
1087 2999 1232 3051 nosti
1294 3001 1506 3064 tempus
1557 3008 1751 3068 partus

85 3089 308 3144 ibicum
338 3089 399 3141 in
425 3088 621 3157 petris,
653 3090 754 3141 etc.
790 3086 911 3156 (Job
941 3085 1531 3157 xxxrx,l).Apostolus
1554 3092 1749 3141 autem

81 3193 270 3233 cerva
301 3175 401 3231 Dei
432 3180 577 3245 erat,
608 3178 665 3230 et
694 3174 1133 3239 incurvabatur,
1181 3178 1245 3229 ut
1301 3180 1548 3245 pareret.
1602 3174 1747 3230 Illud

85 3270 301 3321 autem
320 3262 625 3318 sciendum
640 3262 777 3333 quia
790 3260 1106 3317 difficultas
1121 3266 1435 3332 conceptus
1448 3260 1531 3316 vel
1549 3270 1750 3333 partus

89 3353 418 3426 aliquando
445 3368 512 3408 ex
539 3368 717 3407 causa
746 3351 1196 3422 viri,aliquando
1228 3368 1295 3406 ex
1317 3351 1751 3417 mulieris,non-
1784 3320 1827 3387 θ

88 3458 405 3515 nunquam
421 3457 489 3497 ex
506 3440 815 3513 utriusque
831 3440 1047 3512 partis;
1071 3439 1343 3495 similiter
1364 3446 1418 3495 et
1432 3457 1757 3513 congruen-

90 3535 193 3602 tia,
224 3531 316 3587 sic
345 3530 522 3587 etiam
555 3533 610 3585 et
632 3529 688 3584 in
714 3528 1527 3601 praedicatoribushocipsum
1544 3530 1756 3602 agitur.

95 3624 207 3678 Iste
237 3619 461 3676 etenim
490 3619 739 3675 idoneus
769 3622 893 3674 erat
923 3619 1284 3690 praedicator,
1320 3623 1375 3673 et
1405 3618 1618 3674 Galatae
1640 3618 1760 3673 ido-

94 3711 185 3766 nei
220 3707 564 3764 auditores:
602 3711 1002 3762 verumtamen
1038 3706 1367 3779 ignorantia
1390 3706 1613 3779 decepti
1639 3708 1757 3761 tue-

95 3803 248 3855 rant.
287 3795 436 3853 Illud
470 3796 646 3851 etiam
677 3796 998 3851 notandum
1050 3796 1188 3867 quia
1240 3797 1422 3851 donec
1480 3800 1641 3850 tener
1672 3798 1761 3850 est

98 3892 331 3959 partus,
356 3884 525 3940 facile
555 3883 847 3956 exstingui
878 3887 1103 3954 potest:
1138 3886 1193 3938 et
1228 3883 1366 3953 quia
1424 3900 1537 3937 non
1575 3884 1762 3937 fuerat

100 3977 374 4032 Christus
404 3973 465 4028 in
497 3973 773 4029 cordibus
796 3971 1228 4039 Galatarum,ut
1248 3972 1467 4027 dictum
1490 3977 1599 4038 est,
1634 3989 1761 4026 cor-

97 4068 433 4129 roboratus,
462 4062 678 4118 idcirco
734 4060 900 4115 facile
954 4064 1042 4115 est
1097 4060 1456 4127 exstinctus;
1514 4059 1762 4132 ideoque

101 4155 359 4211 multum
393 4152 669 4209 studebat
698 4150 1015 4223 Apostolus
1048 4166 1219 4222 posse
1249 4150 1520 4205 eumdem
1569 4150 1760 4205 denuo

100 4246 442 4300 reformare.
481 4242 542 4296 In
575 4256 691 4311 quo
725 4240 874 4295 facto
899 4243 1211 4295 monentur
1242 4239 1761 4311 praedicatoresmt,

103 4332 147 4388 si
176 4331 443 4387 viderint
470 4330 529 4384 in
556 4329 752 4402 aliquo
779 4345 1022 4384 suorum
1055 4327 1389 4383 auditorum
1443 4328 1763 4399 quamlibet

109 4423 463 4478 exstinctam
492 4419 789 4484 virtutem,
823 4434 935 4473 non
968 4416 1165 4472 minus
1223 4417 1344 4471 sint
1397 4417 1666 4489 studiosi,
1700 4422 1764 4474 ut

104 4514 367 4567 recreant
396 4525 546 4574 eam,
571 4525 747 4580 quam
772 4507 1005 4562 fuerunt
1036 4507 1108 4561 ad
1137 4507 1475 4561 creandum.

173 4598 495 4670 Sequitur:
534 4598 734 4652 Vellem
763 4600 948 4651 autem
978 4610 1091 4649 esse
1134 4595 1283 4665 apud
1314 4611 1404 4648 vos
1459 4596 1644 4661 modo,
1714 4597 1765 4649 el

1864 2026 2059 2099 potius
2091 2025 2315 2099 egebat.

1933 2115 2211 2186 Sequitur
2235 2132 2246 2169 :
2278 2115 2453 2169 Dicite
2482 2112 2628 2169 mihi
2654 2114 2750 2184 qui
2774 2113 2873 2169 sub
2904 2115 3021 2183 lege
3048 2115 3212 2169 vultis
3236 2127 3369 2180 esse,
3404 2116 3514 2168 etc.

1863 2206 2073 2277 Magna
2102 2208 2225 2259 erat
2248 2204 2535 2269 dicturus,
2569 2220 2634 2259 ac
2666 2203 2851 2275 legem
2902 2204 3428 2277 interpretaturus:
3462 2207 3520 2258 et

1861 2294 1989 2349 ideo
2022 2292 2341 2365 praemisit:
2375 2292 2550 2347 Dicite
2578 2293 2740 2361 mihi,
2771 2292 3080 2364 etc.,quasi
3105 2291 3355 2347 diceret:
3382 2289 3515 2358 Vos,

1862 2398 1894 2436 ο
1924 2381 2157 2448 Galatae,
2188 2380 2288 2451 qui
2321 2381 2430 2435 sub
2454 2380 2578 2452 lege
2609 2380 2786 2435 vultis
2817 2396 2967 2445 esse,
3001 2396 3178 2451 quare
3201 2397 3314 2435 non
3372 2378 3515 2453 legi-

1863 2470 1972 2526 stis
2004 2470 2196 2542 legem
2217 2470 2247 2523 ?
2273 2471 2383 2524 Aut
2415 2469 2463 2524 si
2496 2468 2746 2540 legistis,
2780 2486 2961 2542 quare
3010 2486 3124 2525 non
3183 2468 3519 2525 attendistis

1860 2559 2001 2631 quid
2034 2558 2124 2614 lex
2151 2557 2352 2613 dicat?
2382 2555 2524 2613 Nam
2556 2557 2726 2629 quasi
2757 2558 3000 2614 dixisset
3053 2558 3268 2631 aliquis
3327 2558 3519 2629 profer

1860 2649 2069 2721 legem,
2104 2648 2229 2720 ipse
2258 2646 2485 2719 inquit:
2535 2648 2786 2719 Sciptum
2840 2652 2921 2702 est
2981 2648 3156 2713 enim,
3217 2651 3325 2702 etc.
3358 2645 3512 2721 [Gem

1856 2754 1974 2803 XVI,
2010 2738 2136 2809 15]:
2176 2741 2312 2792 nota
2345 2737 2484 2809 quia
2512 2735 2819 2792 historiam
2864 2735 2998 2791 libri
3058 2735 3298 2792 Genesis
3327 2736 3516 2809 legem

1859 2824 2148 2899 appellat:
2182 2829 2238 2880 et
2267 2825 2375 2880 hoc
2407 2826 2684 2880 adversus
2713 2842 2811 2880 eos
2842 2824 2942 2897 qui
2996 2824 3190 2896 legem
3221 2842 3349 2881 esse
3409 2826 3504 2880 di-

1859 2918 1999 2969 cunt
2028 2914 2526 2981 solummodo,ubi
2559 2913 2781 2984 aliquid
2806 2915 3054 2985 jubetur
3084 2913 3171 2968 vel
3235 2912 3513 2985 prohibe-

1858 3007 1977 3057 tur.
2013 3003 2081 3056 Et
2114 3002 2251 3073 quid
2288 3002 2526 3066 mirum,
2562 3002 2610 3056 si
2646 3001 2953 3058 historiam
2980 3001 3112 3056 libri
3157 3000 3399 3058 Genesis
3428 3000 3511 3056 le-

1859 3106 1991 3162 gem
2023 3088 2494 3160 appellavit,cum
2518 3090 2698 3145 totius
2715 3090 2937 3145 Veteris
2949 3089 3311 3146 Testamenti
3339 3090 3520 3146 series

1859 3165 1951 3234 lex
1976 3178 2204 3232 dicatur
2224 3176 2251 3230 ‘?

1935 3265 2244 3337 Sequitur:
2296 3265 2402 3320 Sed
2426 3266 2525 3337 pui
2569 3266 2634 3320 de
2695 3264 2903 3320 ancilla
2960 3266 3265 3320 secundum
3320 3281 3525 3321 carnen

1868 3361 2035 3410 natus
2067 3364 2164 3421 est,
2200 3354 2306 3410 hoc
2337 3359 2444 3424 est,
2478 3354 2803 3410 secundum
2835 3354 3131 3410 carnalem
3155 3353 3527 3410 consuetudi-

1870 3461 2025 3511 nem,
2059 3448 2115 3499 et
2150 3441 2921 3514 conjunctionem,videlicet
2953 3442 3134 3499 maris
3165 3446 3222 3497 et
3254 3442 3481 3498 feminis
3504 3462 3527 3507 ,-

1868 3539 1923 3589 et
1951 3534 2080 3589 ideo
2113 3532 2271 3588 ﬁlius
2301 3533 2493 3588 carnis
2525 3537 2790 3587 vocatur.
2822 3532 3133 3604 Sequitur:
3186 3533 3289 3601 Qui
3345 3535 3529 3587 autem

1868 3624 1941 3679 de
1959 3623 2264 3692 libera,per
2281 3619 3055 3692 repromissionem,videlicet
3066 3626 3123 3676 et
3137 3637 3205 3676 ex
3217 3636 3331 3675 anu
3346 3624 3527 3677 etste-

1868 3711 1959 3765 rili
1994 3714 2166 3767 natus
2193 3715 2310 3777 est;
2348 3715 2405 3765 et
2436 3710 2564 3765 ideo
2592 3708 2751 3764 ﬁlius
2784 3708 3192 3782 promissionis
3218 3712 3307 3764 est
3330 3708 3527 3782 appel-

1866 3797 2060 3865 latus;
2096 3799 2188 3853 cui
2224 3799 2585 3854 contrarium
2616 3815 2732 3854 non
2756 3803 2845 3853 est
2865 3798 3191 3869 illud,quod
3243 3796 3530 3870 scriptum

1869 3892 1992 3941 est:
2030 3887 2176 3950 Quia
2207 3886 2473 3958 angelus,
2537 3904 2672 3941 cum
2704 3886 3024 3942 invenisset
3043 3894 3200 3959 Agar
3228 3886 3288 3941 in
3322 3887 3528 3955 solitu-

1871 3975 2026 4041 dine,
2060 3974 2204 4030 dixit
2234 3975 2285 4029 ei
2316 3994 2327 4029 :
2361 3977 2551 4029 Paries
2577 3975 2784 4043 ﬁlium,
2817 3978 2869 4029 et
2898 3975 3109 4029 vocabis
3151 3992 3357 4030 nomen
3411 3975 3528 4047 ejus

1871 4063 2086 4129 Ismael,
2121 4067 2229 4117 etc.
2264 4062 2415 4133 [Gen.
2441 4064 2670 4131 xv1,1l].
2705 4062 2888 4124 Quare
2919 4078 3055 4133 ergo
3086 4078 3202 4115 non
3232 4066 3289 4117 et
3318 4060 3527 4119 Ismael

1872 4150 2027 4206 filius
2059 4150 2496 4222 promissionis?
2512 4148 2945 4222 Videlicetquia
2975 4149 3146 4222 longe
3176 4148 3356 4205 distat
3386 4168 3524 4222 pro-

1872 4240 2077 4295 missio
2112 4240 2210 4295 Dei
2245 4257 2278 4294 a
2308 4238 2696 4311 promissione
2727 4237 2952 4310 angeli:
2988 4237 3208 4293 oriente
3268 4254 3525 4310 namque

1873 4330 2015 4398 sole,
2047 4328 2467 4384 obtenebratur
2494 4326 2654 4382 luna.
2686 4326 2796 4381 Sed
2828 4326 2965 4381 huic
2999 4325 3277 4381 solutioni
3336 4330 3528 4399 potest

1873 4417 2017 4473 illud
2050 4416 2233 4472 videri
2247 4416 2792 4487 contrarium,quod
2812 4414 2938 4487 ipse
2951 4414 3239 4470 Dominus
3256 4416 3529 4487 promisit

1876 4506 2137 4561 Abrahae.
2172 4506 2269 4560 Ait
2298 4506 2381 4560 illi
2408 4523 2421 4561 :
2457 4508 2521 4561 Et
2540 4521 2704 4576 super
2728 4504 2923 4560 lsmael
2953 4504 3219 4560 exaudiui
3248 4511 3335 4567 te;
3382 4506 3527 4561 mul-

1875 4598 2132 4666 tiplicans
2168 4596 2550 4667 multiplicabo
2606 4595 2967 4661 vehementer,
3030 4598 3138 4663 etc,
3201 4593 3355 4665 (Gen.
3387 4611 3525 4649 xvn.

107 4695 329 4743 mutare
358 4702 539 4742 vocem
566 4684 999 4741 meam.Sciebat
1023 4699 1255 4754 quoque
1280 4682 1592 4754 Apostolus
1614 4683 1764 4737 Scri-
1796 4690 1842 4754 1)
1873 4686 1983 4753 20).
2017 4685 2178 4748 Quod
2213 4701 2282 4738 ne
2337 4683 2696 4739 contrarium
2754 4682 3040 4752 videatur,
3101 4682 3407 4738 sciendum
3440 4685 3530 4737 est

112 4783 317 4847 pturas
348 4776 647 4848 prodesse,
681 4791 813 4830 cum
847 4772 1143 4844 leguntur,
1178 4772 1276 4827 sed
1339 4772 1521 4828 ruulto
1579 4771 1766 4846 magis

113 4867 409 4937 prodesse,
444 4880 575 4918 cum
609 4862 824 4934 aliquid
856 4861 984 4917 viva
1013 4878 1153 4916 voce
1179 4862 1658 4926 commendatur;
1691 4862 1766 4916 vi-

116 4952 325 5009 delicet
355 4952 495 5024 quia
524 4968 638 5006 non
671 4955 758 5007 est
786 4952 872 5006 vis
901 4951 1334 5022 Scripturarum
1359 4950 1613 5006 dolorem
1640 4968 1766 5006 cor-

117 5042 205 5097 dis
236 5041 749 5109 manifestare,aut
774 5056 970 5096 vocem
999 5038 1411 5110 increpationis
1444 5056 1763 5112 assumere,

184 5147 437 5226 (94min
462 5147 597 5226 cod.
621 5144 835 5218 legitur
862 5164 998 5217 δαίμ,
1051 5146 1205 5216 quod
1248 5148 1495 5226 sequitur
1541 5146 1765 5220 signiﬁ-

1877 4773 2031 4830 aliud
2066 4790 2195 4828 esse
2227 4772 2385 4843 loqui
2406 4773 2475 4826 de
2507 4769 2902 4843 concepto,vel
2932 4774 3065 4825 nato
3090 4789 3102 4838 ;
3131 4774 3187 4825 et
3207 4770 3367 4827 aliud
3394 4786 3526 4841 pro-

1876 4864 2105 4919 mittere
2137 4860 2609 4935 concipiendum,
2644 4860 2763 4915 sive
2795 4859 2951 4916 aliud
2988 4863 3077 4914 est
3136 4858 3530 4932 multiplicare

1872 4952 2265 5020 vehementer,
2296 4956 2352 5005 et
2380 4947 2800 5021 temporalibus
2830 4945 3000 5001 bonis
3048 4946 3251 5001 ditare.
3286 4950 3342 5002 et
3370 4944 3529 4999 aliud

1876 5057 2009 5096 cum
2046 5040 2236 5110 aliquo
2268 5041 2623 5094 testamento
2654 5040 2909 5093 statuere
2940 5032 3107 5103 (9M).

1874 5152 1968 5225 tas
2000 5164 2035 5226 a
2065 5145 2228 5226 falsis
2260 5145 2540 5226 fratribus
2571 5144 2870 5226 deceptos.
2912 5139 3142 5225 Vincula
3171 5138 3356 5223 igitur
3390 5152 3532 5226 φρίξ-
