3974 5358
380 408 494 475 531

1405 415 1740 478 ATTONIS
1784 409 2366 479 VERGELLENSIS
2413 398 2763 474 EPIS‘COPI

3678 412 3802 476 532

449 541 762 616 Sequitur:
800 543 927 615 Quae
953 550 1085 602 sunt
1108 563 1211 620 per
1240 548 1564 617 allegoriam
1594 548 1763 615 dicta,
1793 545 2028 614 etc,Hoc
2058 546 2114 612 Α
2142 543 2397 615 gendum
2425 544 2523 611 sit,
2553 560 2664 600 vos.
2688 545 2758 600 Et
2786 544 2896 601 hoc
2926 561 3038 601 non
3081 547 3173 601 est
3228 544 3619 613 contrarium,
3666 547 3807 618 quia

379 632 506 690 loco
537 634 793 690 ostendit
839 634 1251 707 allegorizandi
1303 640 1360 692 et
1418 638 1636 710 ﬁguras
1695 634 2033 708 requirendi

379 722 733 795 exemplum.
769 728 876 779 Per
907 729 1125 780 matres
1170 742 1445 797 namque,
1506 730 1563 782 et
1622 725 1772 782 ﬁlios
1829 741 2031 781 earum

382 812 639 867 ostendit
668 811 917 884 intelligi
935 813 1143 869 debere
1156 815 1272 869 duo
1292 819 1731 885 testamenta,et
1774 815 1923 869 duos
1939 830 2035 885 po-

383 898 593 971 pulos:
628 901 684 956 in
715 918 829 972 quo
860 918 1064 959 omnes
1097 905 1472 959 consentiunt
1501 908 1793 969 auctores,
1847 919 2035 974 quan-

384 1003 560 1059 quam
593 989 904 1061 Apostolus
936 1009 1051 1047 non
1083 997 1280 1065 aperte
1310 993 1742 1065 interpretetur,
1766 994 1867 1047 sed
1899 996 2034 1046 tan-

382 1078 509 1133 tum
539 1077 850 1151 vestigium
880 1080 1301 1154 interpretandi
1345 1082 1634 1139 ostendat.

457 1167 773 1240 Sequitur:
805 1169 943 1225 Sina
999 1173 1149 1226 enim
1183 1188 1342 1227 mons
1401 1180 1478 1228 est
1527 1173 1587 1226 in
1643 1172 1868 1237 Arabia,
1926 1173 2035 1225 etc.

384 1260 680 1323 Quantum
701 1257 769 1313 ad
791 1258 1096 1315 historiam
1120 1260 1626 1331 pertinet,Arabici
1641 1265 1868 1316 montes
1907 1276 2040 1314 con-

379 1346 574 1417 juncti
606 1350 747 1402 sunt
774 1347 1548 1423 JerosolymitanisMyetice
1560 1365 1716 1413 vero,
1739 1365 1841 1421 per
1860 1348 2041 1403 diver-

389 1434 625 1493 sitatam
658 1435 920 1492 locorum
954 1438 1212 1494 ostendit
1232 1439 1572 1495 distantiam
1588 1438 1837 1493 duorum
1860 1440 2039 1492 testa-

391 1528 747 1581 mentorum.
782 1525 1027 1582 Pulchre
1047 1543 1303 1598 namque
1320 1526 1410 1582 lex
1431 1526 1753 1583 transitura
1770 1543 1869 1597 per
1889 1528 2043 1598 Agar

391 1612 755 1686 designatur,
790 1618 847 1670 et
874 1616 1028 1687 Agar
1057 1615 1479 1687 interpretatur
1508 1617 1801 1681 incolatus,
1827 1631 1926 1670 seu
1950 1630 2043 1685 pe-

388 1703 690 1770 regrinatio
722 1702 1051 1772 (945).Quis
1081 1705 1237 1759 enim
1270 1703 1500 1775 ignorat
1525 1705 1678 1775 quod
1712 1701 2043 1776 peregrina-

387 1789 467 1845 tio
498 1789 668 1862 longe
699 1791 877 1846 distat
906 1809 940 1847 a
965 1796 1244 1863 perpetua
1268 1792 1602 1848 haereditate
1623 1793 1650 1847 ‘l
1674 1793 1846 1847 Recte
1867 1792 2043 1847 etiam

388 1878 518 1950 ipsa
547 1877 639 1934 lex
668 1878 726 1934 in
758 1880 898 1936 Sina
925 1883 981 1935 et
1009 1879 1067 1934 in
1094 1880 1302 1935 Arabia
1332 1880 1541 1948 datur;
1578 1880 1717 1953 quia
1738 1881 1879 1936 Sina
1927 1888 2043 1935 ten-

387 1969 538 2023 tatio.
572 1968 788 2024 Arabia
817 1984 949 2024 vero
980 1970 1206 2024 occidua
1228 1969 1812 2041 interpretatur.ldeo
1846 1974 2042 2025 autem

393 2056 571 2112 dicit:
635 2057 975 2129 Conjunclus
1032 2063 1113 2113 est
1168 2060 1240 2127 ei,
1273 2074 1399 2131 quae
1466 2076 1615 2115 nunc
1696 2060 2039 2126 Jerusalem;

391 2146 532 2217 quia
580 2144 679 2202 ille
735 2146 1007 2219 populus,
1035 2147 1135 2218 qui
1193 2146 1349 2203 circa
1400 2147 1599 2203 Sinam
1685 2146 1873 2219 legem
1943 2162 2044 2200 ac-

391 2234 565 2305 cepit,
596 2234 889 2290 habitator
943 2236 1237 2291 terrestris
1282 2235 1608 2292 Jerusalem
1666 2236 2043 2308 postmodum

391 2322 633 2378 exstitit.
1798 2375 1805 2379 ,

462 2410 773 2482 Sequitur:
810 2412 911 2467 Illa
942 2415 1144 2479 autem,
1177 2427 1303 2484 qua
1329 2429 1549 2467 sursum
1576 2421 1677 2480 est,
1708 2414 2042 2484 Jerusalem,

392 2499 569 2555 libera
600 2508 675 2554 est
705 2503 812 2554 etc.
847 2499 1170 2572 Distinguit
1199 2504 1536 2556 terrestrem
1557 2501 2045 2572 Jerusalem,quze

390 2590 564 2645 servit
593 2604 717 2643 cum
744 2588 882 2657 ﬁliis
911 2590 1049 2653 suis,
1080 2589 1151 2644 ab
1182 2588 1284 2643 illa
1315 2589 1533 2644 cmlesti
1559 2606 1571 2645 :
1608 2591 2045 2661 namqueJeru-

391 2677 573 2734 salem
604 2681 807 2733 sancta
840 2676 1094 2734 Ecclesia
1124 2682 1214 2732 est
1241 2676 1639 2751 intelligenda,
1673 2695 1799 2749 quis
1834 2678 2047 2751 partim

391 2766 796 2838 peregrinatur
823 2765 882 2820 in
915 2766 1461 2838 terra,partimcum
1496 2768 1607 2823 Deo
1631 2777 1833 2840 regnat
1860 2768 1916 2823 in
1941 2785 2049 2825 cce-

391 2855 503 2911 lis:
536 2860 593 2911 et
624 2854 757 2911 licet
781 2856 840 2910 in
871 2860 1029 2911 terra
1049 2855 1552 2921 habitet,easlestis
1573 2858 2048 2928 est,tamen,quia

392 2945 522 3015 ejus
552 2943 913 2999 conversatio
944 2943 1004 2998 in
1036 2942 1196 2999 caelis
1219 2947 1307 2999 est
1335 2960 1347 2999 :
1382 2960 1508 3014 quae
1540 2945 1719 3000 etiam
1748 2945 1892 3001 bene
1921 2963 2045 3001 om-

396 3048 561 3088 nium
592 3032 853 3087 ﬁdelium
878 3037 1066 3087 mater
1088 3032 1470 3105 dicitur,quia
1486 3051 1689 3090 omnes
1706 3051 1809 3106 per
1833 3051 2046 3107 aquam

394 3119 840 3193 baptismatisin
872 3138 1050 3177 unam
1072 3120 1380 3177 infantiam
1399 3123 1741 3193 parturit.Et
1761 3125 1900 3196 quia
1913 3125 2049 3180 dua-

2141 631 2454 703 Apostolus
2486 632 2694 706 spiritu
2730 634 3065 707 prephetico
3098 634 3437 707 praeviderat
3461 635 3707 692 Galatas
3733 638 3804 693 ad

2143 720 2453 792 pristinam
2478 722 2653 777 ﬁdem
2681 739 3012 779 reversuros
3042 741 3055 792 ;
3085 722 3339 779 maxime
3369 725 3513 796 quia
3532 742 3657 781 non
3690 731 3813 782 stu-

2142 809 2258 874 dio,
2292 810 2392 865 sed
2425 810 2755 883 ignorantia
2776 817 3192 884 peccaverunt.

2213 897 2525 970 Sequitur:
2604 901 2720 957 Sed
2774 901 3038 971 quomodo
3095 909 3223 957 tunc
3314 904 3626 959 secundum
3683 920 3813 960 car-

2143 1001 2270 1041 nem
2298 991 2459 1042 natus
2510 989 2715 1058 fuerat,
2772 994 2885 1044 etc.
2926 994 3046 1045 Hoc
3076 1006 3191 1044 non
3223 988 3438 1063 legitur
3466 992 3527 1047 in
3562 992 3815 1050 historia

2144 1072 2278 1130 libri
2307 1076 2584 1143 Genesis;
2615 1076 2883 1133 videlicet
2915 1079 3068 1149 quod
3100 1079 3310 1135 Ismael
3347 1086 3706 1152 persecutus
3745 1086 3819 1140 sit

2147 1163 2344 1219 Isaac:
2378 1170 2780 1221 verumtamen
2811 1165 3045 1239 legitur,
3108 1169 3288 1240 quod,
3346 1186 3482 1225 cum
3537 1165 3818 1227 ludereut

2148 1252 2322 1307 ambo
2353 1253 2551 1308 simul.
2600 1255 2852 1326 graviter
2883 1255 2990 1311 hoc
3043 1258 3263 1329 accepit
3310 1259 3473 1326 Sara,
3526 1265 3590 1315 et
3650 1261 3815 1316 dixit-

2148 1342 2293 1411 Ejice
2349 1343 2611 1398 ancillam
2664 1348 2716 1399 et
2761 1346 2945 1415 ﬁlium
2988 1346 3105 1417 ejus
3152 1351 3260 1403 etc.
3312 1349 3470 1419 (Gen.
3529 1366 3656 1418 xxx,
3714 1351 3819 1420 10)-

2149 1430 2317 1485 Illum
2354 1448 2609 1505 namque
2638 1432 2837 1489 lusum
2857 1435 3174 1506 Apostolus
3204 1438 3683 1507 persecutionem
3715 1455 3815 1510 ap-

2151 1518 2369 1592 pellat;
2404 1522 2503 1576 sed
2548 1521 2864 1579 videndum
2924 1528 3013 1579 est
3069 1542 3272 1596 quare.
3332 1526 3627 1582 Videlicet
3673 1526 3813 1600 legis

2152 1609 2354 1664 doctor
2382 1614 2504 1665 erat
2524 1626 2693 1666 secus
2726 1612 2900 1683 pedes
2949 1614 3287 1668 Gamalielis
3344 1615 3533 1685 legem
3597 1615 3814 1671 didice-

2154 1703 2276 1766 rat;
2306 1702 2363 1753 et
2390 1698 2530 1770 quia
2559 1698 2844 1755 intellexit
2880 1700 2996 1755 vim
3026 1700 3173 1774 legis
3205 1702 3402 1774 ipsum
3436 1701 3647 1757 lusum
3701 1720 3813 1760 non

2154 1786 2339 1842 fuisse
2370 1787 2698 1859 simplicem
2725 1807 2739 1853 ;
2773 1789 3021 1860 ideoque
3053 1790 3520 1862 persecutionem
3570 1793 3813 1847 vocavit.

2155 1877 2299 1932 Sara
2331 1893 2565 1949 quoque
2588 1876 2872 1933 intellexit
2894 1879 3050 1951 quod
3082 1879 3227 1935 forte
3241 1879 3409 1935 vellet
3428 1896 3567 1936 eum
3588 1881 3817 1938 trahere

2155 1966 2225 2021 ad
2259 1964 2772 2037 scurrilitatempt
2800 1967 3014 2023 similis
3044 1968 3156 2024 sibi
3184 1969 3367 2037 ﬁeret,
3391 1976 3451 2025 et
3481 1970 3543 2025 in
3566 1970 3813 2026 heredi-

2151 2060 2271 2111 tate
2300 2056 2552 2127 praeferri
2584 2062 2779 2128 posset
2807 2061 2941 2124 ;aut
2959 2062 3112 2113 certe
3134 2057 3305 2113 vellet
3327 2075 3466 2114 eum
3492 2060 3727 2116 trahere
3747 2062 3813 2115 ad

2152 2144 2375 2201 idolum
2401 2163 2413 2212 ;
2448 2148 2566 2210 aut,
2588 2146 2741 2216 quod
2767 2146 2956 2218 magis
2978 2146 3645 2220 doctores;suspicantur
3662 2150 3810 2220 (949)

2154 2232 2541 2306 primogenita
2614 2233 2726 2289 sibi
2783 2233 2956 2290 vellet
3008 2234 3339 2292 vindicare:
3389 2241 3449 2292 et
3508 2236 3641 2292 ideo
3690 2254 3816 2309 gra-

2152 2321 2298 2378 viter
2326 2322 2565 2395 accepit.
2602 2326 2819 2378 Verum
2844 2324 3000 2395 quod
3052 2324 3169 2380 ait:
3238 2326 3321 2380 Ita
3375 2329 3429 2379 et
3477 2341 3656 2391 nunc,
3716 2341 3815 2397 po-

2154 2415 2268 2466 test
2349 2411 2547 2467 referri
2631 2413 2702 2467 ad
2763 2412 3021 2479 Galatas,
3081 2417 3137 2468 et
3194 2413 3341 2487 legis
3410 2413 3815 2479 emulatores,

2155 2516 2260 2554 nec
2319 2516 2433 2555 non
2490 2500 2561 2555 ad
2616 2505 2797 2556 totam
2856 2500 3174 2557 Ecclesiam

2156 2587 2342 2643 nales.

2228 2676 2541 2748 Sequitur;
2576 2677 2683 2733 Sed
2712 2677 2846 2749 quid
2877 2678 3012 2734 dicit
3049 2678 3398 2751 Scriptura?
3456 2681 3818 2737 Deterrentie

2155 2770 2243 2822 est
2272 2782 2485 2822 sermo.
2519 2766 2605 2821 Ad
2638 2767 3016 2824 deterrendos
3042 2768 3260 2841 quippe
3282 2768 3524 2825 Galatas
3547 2770 3663 2825 hoc
3686 2771 3817 2825 sub-

2148 2855 2346 2925 junxit
2373 2854 2705 2927 exemplum
2735 2873 2749 2923 ;
2778 2855 2950 2927 quasi
2980 2855 3197 2912 diceret
3224 2873 3236 2911 :
3280 2861 3395 2913 Vos
3421 2858 3563 2929 ;qui
3588 2858 3701 2915 ﬁlii
3720 2876 3821 2914 an-

2156 2942 2304 2999 cillae
2333 2960 2461 2999 esse
2492 2943 2690 3011 vultis,
2724 2960 2905 3017 quare
2950 2962 3064 3001 non
3122 2946 3429 3002 attenditis
3460 2947 3611 3019 quid
3673 2948 3819 3003 dicat

2156 3031 2505 3104 Scriptura?
2535 3035 2856 3104 Quatenus,
2890 3033 3033 3089 dum
3072 3033 3157 3087 illi
3213 3034 3488 3091 audirent
3545 3036 3815 3092 ancillam

2155 3121 2491 3191 ejectam,et
2521 3121 2707 3177 ﬁlium
2735 3123 2888 3193 ejus,
2917 3127 3273 3179 terrerentur
3301 3132 3354 3180 et
3384 3124 3671 3181 timerent
3701 3142 3769 3182 ne
3790 3144 3816 3181 ι

3251 2507 3309 2559 et
3393 2519 3607 2559 omnes
3689 2520 3816 2559 car-

399 3226 535 3265 rum
569 3213 826 3264 matrum
886 3211 1102 3267 fecerat
1138 3212 1517 3277 mentionem,
1572 3211 1753 3267 voluit
1781 3213 2047 3286 exemplo
2091 3281 2120 3286 _
2156 3215 2437 3281 perpetua
2465 3210 2801 3266 haereditate
2823 3209 3451 3269 excluderentur.lllud
3475 3231 3621 3270 sane
3637 3216 3817 3271 scien-

396 3315 564 3355 suam
596 3298 943 3355 confirmare
976 3300 1676 3372 narrationem;ideoque
1707 3302 2047 3372 eubjunxit:
2080 3281 2123 3349 (ἶ
2162 3298 2303 3353 dum
2336 3299 2493 3370 quia,
2527 3316 2867 3371 quanquam
2900 3300 3181 3373 iniquitas
3212 3301 3575 3369 sublevetur.
3634 3321 3817 3375 quan-

393 3386 671 3459 Scriptum
699 3391 779 3442 est
808 3398 888 3456 (in
922 3387 1072 3443 Isaia
1110 3386 1351 3459 scilicet)
1379 3406 1393 3457 ;
1429 3389 1655 3457 Latere,
1686 3391 1909 3445 sterilis.
1939 3395 2049 3446 etc.

395 3474 547 3546 (Isai.
582 3492 692 3541 LIV,
718 3475 770 3545 1)
803 3474 1209 3532 Hortantisest
1230 3478 1806 3533 sermo.Hortabatur
1837 3478 2053 3551 quippe

398 3562 701 3635 propheta,
734 3567 799 3617 ut
828 3562 1140 3630 laetaretur,
1171 3569 1227 3619 et
1259 3570 1613 3637 erumperet,
1646 3570 1703 3622 et
1733 3566 2049 3623 clamaret:

400 3653 547 3720 Quia
567 3653 733 3706 multi
755 3651 865 3721 ﬁlii
893 3651 1132 3723 deserta,
1166 3658 1275 3718 etc,
1307 3655 1546 3711 Deserta:
1588 3654 1745 3723 dicit,
1781 3672 1813 3710 a
1864 3656 2052 3727 primo

405 3739 629 3795 scilicet
655 3739 893 3794 homine
923 3746 1216 3811 peccante,
1251 3741 1350 3812 qui
1383 3758 1516 3797 mox
1546 3746 1610 3796 ut
1644 3743 1918 3813 peccavit,
1952 3763 2052 3800 su-

402 3844 720 3900 pernorum
750 3827 961 3883 civium
985 3830 1343 3885 consortium
1359 3830 1774 3887 deseruit.Sive
1803 3832 2051 3901 desertae,

401 3915 543 3987 quia
571 3919 808 3987 tempus
838 3916 1101 3988 pariendi
1128 3935 1240 3973 non
1292 3918 1578 3987 habebat;
1605 3936 1900 3992 synagoga
1920 3938 2053 3978 vero

402 4003 611 4060 habuit
636 4005 912 4072 virum,et
943 4006 1203 4077 pariendi
1229 4011 1548 4079 tempus,et
1580 4008 1797 4065 multos
1819 4016 2054 4068 sanctos

400 4092 794 4167 peperit.Nam
818 4093 1119 4150 sciendum
1143 4096 1282 4167 quia
1303 4097 1485 4153 donec
1510 4098 1803 4153 Abraham
1826 4116 1941 4155 non
1956 4116 2054 4172 ge-

401 4183 533 4237 nuit
562 4183 743 4250 Isaac,
775 4182 835 4238 id
860 4188 951 4239 est
986 4186 1132 4239 Deus
1167 4188 1334 4240 Pater
1363 4202 1466 4257 pro
1522 4186 1763 4241 humani
1825 4189 2055 4259 generis

401 4271 590 4326 salute
622 4270 833 4326 Filium
866 4288 1040 4327 suum
1084 4273 1155 4327 ad
1184 4276 1369 4328 terras
1401 4290 1516 4328 non
1542 4274 1726 4341 misit,
1760 4292 2057 4348 synagoga

402 4360 655 4415 fecunda
682 4359 793 4414 fuit
814 4378 828 4427 ;
853 4360 1199 4415 adveniente
1224 4377 1356 4415 vero
1386 4361 1641 4432 illo,quaa
1661 4368 1785 4418 erat
1813 4364 2052 4433 sterilis,

402 4447 554 4501 facta
584 4450 674 4502 est
706 4447 973 4501 fecunda.
1007 4447 1146 4519 quia
1175 4465 1277 4519 per
1305 4448 1482 4504 ﬁdem
1513 4450 1739 4507 Christo
1790 4451 2052 4510 inhaesit:

404 4534 505 4588 illa
532 4550 687 4601 vero,
722 4552 848 4606 quas
874 4530 998 4591 erat
1026 4537 1293 4592 fecunda.
1327 4537 1625 4594 inﬁrmata
1653 4540 1919 4614 est,quia
1954 4560 2057 4615 per

2161 3403 2338 3458 quam
2371 3386 2651 3457 haeretici,
2687 3394 2790 3444 aut
2819 3394 3087 3461 potentes
3117 3391 3400 3447 adversus
3431 3392 3707 3463 humiles,
3760 3396 3819 3448 et

2160 3492 2447 3547 pauperes
2479 3476 2783 3548 inﬂentur,
2813 3482 3219 3534 verumtamen
3250 3481 3400 3536 servi
3434 3486 3597 3547 sunt,
3628 3485 3686 3536 et
3714 3497 3819 3536 an-

2160 3563 2309 3620 cillas
2342 3565 2468 3620 ﬁlii.

2232 3654 2439 3725 Itaque,
2482 3657 2706 3725 fratres,
2765 3671 2876 3711 non
2930 3673 3122 3713 sumus
3173 3656 3401 3713 ancilla:
3460 3659 3594 3728 ﬁlii,
3626 3658 3730 3714 Vel
3760 3659 3823 3714 de

2162 3759 2244 3811 se,
2278 3743 2519 3814 suisque
2550 3744 2845 3800 similibus
2876 3745 3040 3812 dicit,
3073 3751 3137 3801 ut
3165 3763 3344 3817 supra
3375 3748 3528 3819 (950)
3551 3747 3641 3802 vel
3678 3752 3823 3803 certe

2163 3850 2332 3888 suam
2364 3849 2671 3903 personam
2705 3833 2924 3890 Galatia
2954 3835 3276 3908 conjungit,
3301 3837 3440 3907 quia
3469 3836 3825 3908 praevidebat

2163 3938 2258 3977 eos
2319 3938 2677 3979 reversuros.
2736 3924 2806 3979 Et
2864 3929 2927 3978 ut
2979 3924 3313 3980 ostenderet
3368 3942 3576 3996 aquo,
3608 3925 3699 3982 vel
3730 3941 3826 3998 per

2163 4026 2337 4081 quem
2371 4010 2523 4066 facta
2553 4012 2762 4067 fuisset
2790 4011 2919 4084 ipsa
2948 4011 3211 4068 libertas.
3262 4012 3583 4069 excludens
3630 4014 3826 4070 omnia

2164 4102 2371 4170 preter
2398 4100 2672 4170 gratiam,
2705 4100 3013 4171 subjunxit
3041 4118 3053 4156 :
3090 4101 3208 4169 Qua
3232 4101 3480 4157 libertate
3506 4119 3609 4159 nos
3672 4103 3824 4158 Chri-

2162 4196 2275 4243 stus
2308 4188 2561 4243 liberavit
2589 4206 2601 4255 ;
2635 4188 2807 4259 quasi
2839 4188 3101 4251 diceret;
3136 4188 3259 4247 Non
3292 4191 3525 4261 merita,
3566 4208 3690 4247 non
3720 4191 3821 4260 lex,

2164 4292 2353 4347 neque
2383 4276 2775 4341 circumcisio,
2827 4277 2926 4332 sed
2979 4277 3270 4347 Christus,
3330 4278 3442 4335 hoc
3498 4285 3614 4351 est,
3675 4280 3823 4353 quod

2164 4365 2290 4436 ipse
2345 4363 2460 4429 ait;
2551 4366 2612 4420 Si
2695 4367 2853 4436 ﬁlius
2936 4383 3032 4423 vos
3116 4368 3397 4440 liberavit,
3458 4372 3574 4424 etc.
3636 4370 3817 4440 (lacn.

2163 4470 2285 4520 VIII,
2319 4454 2428 4521 36).

2238 4544 2388 4614 (CAP.
2422 4542 2513 4613 V.)
2544 4543 2690 4598 State
2720 4543 2864 4607 Quia
2902 4562 3018 4599 non
3069 4562 3139 4601 ex
3191 4550 3311 4602 toto
3368 4546 3732 4602 ceciderant.
3764 4546 3820 4602 Et

403 4622 808 4716 inﬁdelitatem
840 4641 874 4678 a
902 4624 1129 4681 Christo
1162 4626 1420 4716 recessit,
1452 4631 1509 4682 et
1539 4628 1819 4685 virtutum
1846 4648 2053 4704 propo-
2087 4652 2132 4716 D
2167 4631 2318 4699 ideo,
2350 4631 2577 4703 quoties
2607 4633 2914 4703 sermo,vel
2946 4634 3271 4690 admonitio
3288 4636 3360 4691 ad
3384 4637 3574 4691 bonos
3607 4636 3699 4705 ﬁt,
3719 4637 3820 4691 isto

404 4712 584 4769 situm
616 4711 850 4780 amisit;
887 4714 1041 4769 unde
1098 4714 1418 4788 propheta:
1478 4717 1939 4789 Exspectantibus
1971 4737 2058 4778 me
2087 4711 2124 4716 —
2169 4724 2371 4775 utatur
2401 4736 2708 4787 sermone;
2742 4721 2815 4776 ad
2847 4721 3033 4778 malos
3067 4739 3218 4779 vero.
3252 4740 3513 4797 surgere.
3567 4726 3638 4781 Et
3670 4725 3818 4798 quod

402 4802 595 4857 multis
667 4800 856 4858 diebus
913 4804 1082 4875 (946],
1114 4808 1226 4860 etc.
1256 4804 1403 4861 Hinc
1434 4811 1523 4862 est
1548 4809 1701 4879 quod
1732 4810 1814 4865 ait
1844 4816 2051 4866 Anna:

405 4890 623 4946 Slerilis
648 4893 863 4963 peperit
890 4896 1092 4962 septem
1121 4894 1293 4963 (947),
1324 4899 1433 4950 etc.

473 4979 925 5050 Sequitueros
953 4985 1135 5036 autem
1189 4984 1413 5054 fratres,
1464 4988 1572 5039 etc.
1633 4985 1712 5040 De
1772 5002 1834 5041 se
1885 4987 2053 5059 (948),

404 5066 645 5139 suisque
674 5068 970 5125 similibus
1004 5069 1452 5143 dicit.0rigenes
1481 5088 1616 5127 vero
1633 5073 1775 5128 dicit
1796 5076 1948 5144 quod
1974 5074 2055 5131 le-

2165 4813 2320 4864 stare
2348 4810 2421 4866 ad
2452 4810 2656 4876 bonos,
2682 4810 3000 4883 propheta:
3041 4813 3174 4868 Vivit
3218 4814 3506 4878 Dominus,
3572 4816 3634 4869 in
3663 4815 3820 4884 cujus

2162 4902 2449 4969 conspectu
2477 4904 2560 4956 sto
2592 4900 2685 4971 (IV
2712 4901 2836 4970 Reg.
2870 4917 2924 4968 v,
2960 4900 3087 4971 16);
3119 4906 3175 4956 et
3205 4900 3493 4958 Dominus
3541 4903 3617 4958 ad
3674 4906 3823 4975 loy-

2165 5002 2266 5041 sen
2297 5003 2309 5040 :
2346 4986 2441 5041 Sta
2468 4996 2527 5041 tu
2547 4987 2635 5043 hic
2662 5004 2876 5043 mecum
2904 4990 3088 5059 (Deut.
3121 5006 3208 5057 ιιι,
3265 4990 3399 5060 31);
3458 4996 3517 5047 et
3571 4991 3817 5064 Stepha-

2164 5091 2313 5130 nus:
2353 5074 2510 5130 Vzdeo
2536 5077 2709 5131 Jesem
2737 5079 2973 5131 stantem
3005 5078 3140 5149 (Act.
3184 5094 3283 5144 vn,
3314 5080 3445 5150 35);
3504 5080 3647 5151 quia
3708 5088 3816 5137 sta-
