3974 5358
149 429 260 492 53’!

737 426 1150 490 EXPOSITIO
1191 425 1272 488 IN
1318 425 1744 489 EPlsTuLAS
1791 427 2149 491 PAULL—
2179 425 2259 488 ΙΝ
2305 424 2556 490 EPIST.
2605 424 2707 488 AD
2754 421 2930 487 GAL.

3418 416 3535 480 538

213 565 349 636 Ergo
375 565 700 618 emendum
729 562 875 632 (967)
900 564 983 616 est
1011 561 1360 631 scandalum,
1385 566 1494 617 etc.
1517 562 1780 633 Namque
1812 563 1863 631 Α
1895 561 2184 618 similiter.
2219 559 2288 616 Et
2320 562 2457 633 quia
2481 563 2606 630 jam
2639 577 2755 614 una
2785 558 2999 630 pendet
3030 573 3097 612 ex
3127 555 3328 624 altera,
3363 570 3542 626 quare

151 652 492 730 pradicabat
524 650 840 722 Apostolus
869 651 1164 706 Christum
1196 651 1397 706 Jesum
1423 650 1786 715 crucifixum,

152 742 298 818 quod
326 740 536 798 Iudaeis
567 739 792 812 quidem
814 739 1136 795 scandalum
1161 746 1302 805 erat,
1327 739 1580 809 gentibus
1602 744 1792 794 autem

150 831 386 891 stattitia
415 830 462 900 (l
491 829 612 884 Cor.
649 846 686 894 ι,
717 829 832 898 23),
866 845 979 883 non
1013 828 1412 884 credentibus.
1451 830 1516 883 Et
1546 830 1675 883 ideo
1703 829 1789 882 di-

152 924 258 979 cit:
290 923 430 990 Ergo
460 927 786 974 evacuatum
840 921 945 984 est,
1002 922 1111 972 etc.
1165 918 1312 981 Quia
1343 919 1390 972 si
1423 917 1790 972 circumcisio

153 1027 260 1068 non
290 1009 499 1076 salvat,
543 1007 762 1063 frustra
821 1006 1066 1079 praedico
1116 1006 1626 1062 circumcisionem
1661 1023 1790 1078 pro-

153 1101 332 1156 desse.

219 1189 436 1244 Utinam
465 1195 518 1242 et
545 1187 920 1252 absciduntur,
953 1189 1060 1240 etc.
1107 1185 1220 1240 Sed
1254 1201 1435 1256 quare
1467 1185 1577 1240 iste
1609 1184 1790 1239 disci-

149 1276 316 1351 pulus
344 1275 614 1331 veritatis
647 1275 826 1341 illius,
860 1275 961 1345 qui
993 1275 1216 1329 dixerat
1245 1292 1257 1329 :
1293 1274 1451 1328 Orata
1480 1290 1575 1345 pro
1604 1289 1788 1345 perse-

145 1365 435 1439 quentibus
489 1371 544 1420 et
595 1364 1067 1419 calumniantibus
1124 1379 1214 1419 vos
1273 1362 1478 1434 (Matth.
1532 1380 1585 1426 ν,
1644 1364 1734 1431 44)
1779 1380 1790 1428 ;

145 1461 202 1511 et
233 1455 392 1510 idem
455 1453 801 1526 Apostolus:
865 1453 1173 1508 Benedicite
1227 1452 1675 1524 persequentibus
1709 1466 1796 1506 vos

145 1546 309 1615 (Rom.
344 1557 454 1607 xu,
491 1543 619 1609 14');
652 1547 748 1596 et:
783 1543 973 1613 Neque
1000 1541 1266 1596 maledici
1295 1557 1523 1612 regnum
1548 1543 1643 1596 Dei
1668 1557 1794 1612 pos-

141 1631 474 1702 sidebunt“
527 1632 654 1686 Cor.
714 1647 793 1697 vx,
849 1633 980 1699 10);
1038 1645 1218 1702 quare
1271 1632 1624 1702 imprecetur
1653 1629 1796 1684 istos

143 1719 419 1777 abscidi?
446 1720 558 1776 Sed
593 1719 856 1775 solvitur.
906 1720 1098 1775 Potuit
1141 1719 1296 1774 enim
1333 1719 1452 1773 tieri
1485 1724 1549 1774 ut
1580 1719 1796 1774 condo-

141 1809 262 1866 lens
293 1808 541 1866 Galatas
571 1809 866 1879 deceptos,
900 1807 1000 1878 qui
1033 1807 1286 1878 pretioso
1316 1807 1602 1879 sanguine
1632 1807 1796 1862 Chri-

1901 669 2012 708 non
2041 651 2384 722 proponitur
2406 651 2635 705 dilectio
2663 649 2755 704 Dei
2782 652 2792 704 l
2822 648 2905 703 Ob
2938 648 3065 712 hoc,
3110 645 3246 718 quia
3272 644 3541 717 probabi-

1898 741 2008 796 lior
2036 740 2296 795 redditur
2326 741 2500 794 homo
2531 739 2837 794 dilectione
2889 735 3156 810 proximi,
3207 751 3383 805 quam
3418 734 3535 788 Dei.

1900 831 2044 885 Nam
2079 835 2267 900 potest
2297 828 2430 900 quis
2462 828 2688 883 dicere:
2744 828 2930 898 Diligo
2983 828 3161 881 Deum
3189 843 3202 893 ;
3236 829 3311 884 et,
3345 822 3392 878 si
3425 839 3538 876 non

1900 919 2110 990 diligit,
2145 919 2486 988 ignoratur;
2521 918 2567 971 si
2600 934 2731 971 vero
2759 916 3016 988 proximo
3050 913 3278 977 dixerit,
3313 911 3542 966 facilius

1902 1009 2134 1080 probari
2169 1012 2375 1079 potest,
2410 1007 2710 1078 quoniam,
2739 1005 2785 1059 si
2822 1003 2975 1059 mala
3025 1022 3150 1075 qua:
3182 1005 3370 1074 potest
3397 1001 3542 1077 irro-

1901 1103 2021 1169 gat,
2054 1102 2109 1152 et
2149 1098 2300 1152 bona
2331 1114 2455 1168 quae
2490 1101 2677 1168 potest
2707 1112 2821 1150 non
2851 1094 3203 1164 impertitur,
3255 1095 3448 1163 aperte
3481 1106 3542 1144 se

1903 1187 2239 1242 manifestat
2262 1203 2375 1241 non
2405 1186 2640 1256 diligere
2665 1184 3015 1255 proximum.
3040 1182 3108 1236 Et
3130 1181 3256 1236 ideo
3283 1177 3543 1234 dilectio-

1905 1293 2036 1330 nem
2075 1275 2317 1347 proximi
2354 1276 2567 1346 posuit.
2602 1292 2714 1330 non
2746 1274 2869 1329 Dei.

1975 1367 2124 1433 Quod
2158 1367 2212 1418 in
2250 1367 2482 1419 invicem
2531 1364 2815 1428 mortletis,
2849 1368 2957 1418 etc.
2993 1362 3068 1417 Ex
3101 1359 3344 1416 diversis
3375 1374 3543 1412 nam-

1905 1470 2018 1525 que
2049 1454 2566 1524 disputationibus,
2593 1453 2721 1507 aliis
2746 1452 3076 1506 dicentibus
3099 1449 3395 1504 meliorem
3419 1463 3546 1501 esse

1905 1542 2088 1614 legem
2124 1541 2330 1613 gratia,
2365 1540 2493 1595 aliis
2525 1541 2821 1595 meliorem
2871 1557 2997 1595 esse
3029 1539 3280 1593 litteram
3313 1531 3546 1607 spiritu,

1907 1631 2036 1686 aliis
2069 1630 2367 1685 meliorem
2391 1633 2654 1700 apertum
2678 1629 3072 1692 Judaismum,
3095 1628 3224 1682 aliis
3247 1625 3546 1681 meliorem

1907 1721 2223 1781 occultum,
2247 1724 2377 1788 etc.,
2401 1719 2572 1774 variae
2596 1719 2932 1774 oriebantur
2954 1715 3412 1771 contrarietates.
3437 1713 3545 1768 Sed

1899 1811 2024 1880 jam
2058 1807 2323 1862 nonnulli
2355 1809 2484 1864 ideo
2516 1826 2576 1864 se
2608 1807 3118 1869 circumcidebant,
3155 1809 3218 1859 ut
3248 1803 3379 1860 aliis
3413 1820 3552 1874 prae-

145 1899 216 1955 sti
246 1898 487 1954 fuerant
540 1897 849 1969 redempti,
910 1896 1312 1951 stomachatus
1370 1904 1425 1952 et
1456 1897 1797 1968 indignatus
1831 1933 1877 1996 Β
1910 1900 2216 1966 ferrentur,
2251 1902 2306 1951 et
2349 1897 2456 1952 hoc
2511 1897 2769 1952 faciendo
2826 1895 3182 1960 invidebant,
3218 1898 3274 1948 et
3303 1891 3448 1947 alios
3480 1891 3548 1946 ad

145 1989 406 2043 diceret:
446 1989 665 2044 Utinam
685 1985 1051 2047 absidantur;
1083 1987 1140 2041 id
1191 1992 1299 2052 est,
1334 1984 1559 2040 utinam
1597 1987 1798 2058 perde-

147 2080 370 2140 rentur,
405 2076 506 2148 qui
538 2091 640 2131 vos
670 2076 1040 2143 conturbant,
1074 2075 1145 2129 de
1177 2074 1366 2129 medio
1396 2075 1592 2138 vestri,
1619 2082 1681 2130 ut
1700 2092 1800 2130 vos

148 2164 547 2221 salvaremini.
586 2164 715 2218 Alio
746 2179 963 2220 sensu:
1016 2163 1252 2219 Uti-nam
1293 2163 1708 2230 absciduntur;
1742 2164 1799 2217 id

148 2258 248 2320 est,
273 2253 323 2308 si
351 2253 555 2325 aliqua
574 2253 816 2309 salvatio
853 2256 942 2308 est
980 2254 1037 2306 in
1071 2252 1538 2315 circumcisione,
1576 2252 1798 2306 utinam

155 2343 560 2399 abscideretur
578 2342 723 2397 illud
751 2344 1104 2403 membrum,
1129 2341 1184 2394 in
1205 2357 1319 2413 quo
1341 2343 1430 2394 est
1451 2341 1714 2408 salvatio,
1740 2345 1800 2394 ut

148 2431 517 2487 eunuchizati
575 2432 992 2497 redderentur;
1053 2431 1208 2484 unde
1239 2429 1562 2484 Dominus:
1599 2431 1800 2486 Metius

144 2525 221 2576 est
277 2538 412 2576 cum
465 2537 576 2576 uno
630 2521 802 2585 oculo,
862 2524 970 2573 etc.
1032 2519 1241 2590 (Matth.
1299 2535 1463 2585 xvm,
1518 2522 1596 2586 9;
1638 2519 1798 2573 Marc.

139 2626 218 2676 1x,
253 2611 375 2679 4'6).

213 2703 328 2754 Vos
360 2698 512 2752 enim
555 2698 616 2751 in
674 2698 981 2752 libertatem
1036 2697 1210 2751 vocati
1267 2698 1420 2764 estis,
1453 2702 1601 2762 etc.;
1635 2697 1803 2768 quasi

133 2785 409 2842 diceret:
469 2787 575 2850 Qui
639 2787 710 2840 ad
769 2784 1101 2839 libertatem
1163 2785 1452 2849 transitis,
1512 2785 1700 2840 videte
1733 2802 1807 2840 ne

131 2879 390 2946 propter
420 2873 752 2928 libertatem
769 2871 1349 2928 secundumlibitum
1372 2877 1630 2929 vestrum
1656 2874 1808 2928 viva-

128 2961 242 3018 tis.
292 2961 429 3018 Sive
479 2961 620 3032 quia
677 2961 748 3015 ad
807 2959 1138 3014 libertatem
1196 2960 1484 3028 transitis,
1516 2961 1703 3016 videte
1739 2978 1809 3016 ne

124 3050 338 3107 libere
366 3049 437 3104 ad
469 3048 978 3104 cir'cumcisionem
1003 3047 1339 3116 transeatis,
1363 3047 1533 3119 (968),
1558 3054 1612 3103 et
1635 3066 1806 3120 pseu-

125 3136 524 3208 don-postolis
553 3137 828 3207 parentis,
861 3141 928 3190 ut
962 3136 1084 3190 illis
1130 3136 1501 3202 subdamini;
1559 3155 1692 3193 nam
1724 3137 1809 3192 illi

126 3227 298 3282 ideo
319 3224 527 3281 volunt
547 3225 740 3280 vos-ad
772 3225 1280 3281 circumeisionem
1304 3227 1575 3294 transire,
1600 3232 1664 3282 ut
1695 3227 1811 3284 illis

1910 1987 2290 2043 invidentiam
2307 1987 2637 2049 trahebant,
2653 1984 2828 2039 ethoc
2845 1984 3102 2038 faciendo
3123 1981 3550 2038 consumeban-

1909 2082 2022 2132 tur.
2052 2077 2119 2130 Εἰ
2143 2077 2270 2131 ideo
2289 2073 2986 2143 hocdicebatApostolus.
3009 2072 3134 2126 Alio
3168 2088 3343 2126 sensu
3373 2069 3553 2139 :Quod

1911 2169 1963 2222 si
1991 2167 2225 2221 invicem
2256 2165 2511 2219 mordclis
2535 2181 2553 2223 ;
2585 2163 2643 2217 id
2677 2167 2782 2227 est,
2819 2161 2865 2215 si
2899 2162 2969 2216 ad
2993 2160 3281 2216 carnalem
3308 2159 3551 2214 circum-

1913 2255 2193 2310 cisionem
2229 2253 2374 2323 legis
2404 2251 2780 2318 transieritis,
2809 2250 3054 2305 invicem
3089 2248 3388 2311 mordetis,
3422 2249 3558 2319 quia

1911 2343 2229 2398 vindictam
2286 2340 2547 2412 exigetis.
2610 2341 2756 2395 Nam
2818 2339 2906 2395 lex
2965 2339 3143 2393 dicit:
3206 2337 3431 2393 Oculum
3459 2352 3558 2407 pro

1912 2432 2087 2498 oculo,
2122 2435 2230 2484 etc.
2265 2433 2454 2496 (Leuit.
2490 2447 2635 2495 xxxv,
2666 2431 2796 2497 ‘30,;
2832 2434 2887 2483 et
2931 2428 3072 2482 dum
3107 2425 3424 2480 vindictam
3458 2441 3559 2479 ex-

1915 2520 2130 2592 petitis,
2166 2519 2615 2580 consumemini.
2651 2519 2927 2590 quoniam
2963 2535 3074 2572 non
3102 2516 3226 2587 jam
3262 2532 3436 2583 unus,
3461 2514 3556 2569 sed

1915 2610 2029 2664 duo
2061 2613 2324 2681 pereunt.
2358 2609 2467 2663 Sed
2494 2609 2788 2679 quomodo
2841 2605 3313 2679 poterantJudaai
3364 2605 3434 2658 ab
3467 2603 3560 2656 his

1915 2700 2189 2754 omnibus
2224 2697 2514 2770 praedictis
2561 2714 2622 2751 se
2679 2713 2898 2762 eruere,
2951 2695 3062 2750 nisi
3109 2693 3447 2768 spiritaliter
3477 2692 3562 2746 vi-

1914 2792 2115 2842 verent
2129 2787 2157 2840 ?

1989 2876 2136 2945 (971)
2170 2876 2231 2929 Et
2265 2876 2391 2930 ideo
2452 2876 2792 2946 subjungit:
2851 2875 3070 2943 Spiritu
3121 2871 3426 2928 ambulate.
3461 2869 3565 2926 Ille

1919 2964 2074 3017 enim
2105 2963 2310 3034 spiritu
2336 2965 2622 3032 ambulat,
2648 2965 2745 3036 qui
2768 2981 2942 3036 Opera
2963 2961 3156 3018 carnis
3176 2979 3290 3016 non
3309 2961 3560 3033 perlicit;

1920 3055 1978 3105 et
1997 3049 2095 3105 ille
2117 3067 2291 3104 carne
2314 3069 2425 3105 non
2453 3052 2734 3114 ambulat,
2760 3052 2857 3123 qui
2895 3068 3070 3122 Opera
3091 3051 3282 3105 carnis
3306 3068 3419 3105 non
3441 3067 3567 3121 per-

1921 3139 2065 3204 ficit,
2089 3139 2412 3194 reluctante
2435 3140 2663 3210 spiritu.
2698 3141 2838 3195 Item
2863 3145 3001 3194 tunc
3029 3156 3203 3210 opera
3225 3139 3418 3192 carnis
3451 3154 3565 3191 non

1925 3229 2335 3302 perficiuntur,
2360 3245 2491 3283 cum
2518 3228 2838 3284 reluctatur
2859 3228 3101 3299 spiritus
3124 3246 3135 3294 ;
3161 3231 3217 3280 et
3240 3232 3377 3281 tunc
3399 3242 3571 3294 opera

128 3313 1372 3386 subdamini,quatenusquodimpenditis
1396 3316 1812 3386 pertimorem,
1843 3299 1886 3364 Ο
1925 3299 2172 3388 spiritus
2204 3317 2608 3388 perﬁciuntur,
2644 3334 2774 3372 cum
2810 3317 3011 3372 nullus
3049 3320 3245 3370 motus
3278 3314 3569 3370 reluctans

125 3401 510 3475 impendatis
531 3415 634 3472 per
652 3415 933 3457 amorem.
959 3403 1029 3458 Et
1056 3402 1184 3458 ideo
1213 3404 1518 3477 subjungit
1543 3422 1554 3460 :
1581 3405 1691 3460 Sed
1718 3421 1818 3476 per

128 3493 507 3557 duritatem,
541 3495 650 3546 etc.

210 3579 382 3652 (969)
439 3579 591 3634 Dicit
645 3579 805 3635 enim
862 3581 1068 3636 beatus
1123 3581 1477 3653 Gregorius:
1509 3583 1677 3638 Tunc
1709 3600 1816 3639 nos

133 3669 412 3726 clam-itas
442 3685 475 3723 α
495 3669 640 3740 jugo
670 3667 980 3724 servitutis-
1000 3671 1290 3741 perfectos
1343 3671 1556 3738 reddit,
1585 3671 1816 3742 quoties

134 3773 250 3814 nos
271 3761 484 3812 nostro
502 3757 890 3828 vicissim-per
909 3767 1167 3813 amorem
1189 3759 1424 3814 servitio
1445 3760 1644 3815 subdit
1666 3777 1678 3825 ;
1697 3762 1817 3816 sive

133 3850 292 3902 time
322 3859 432 3902 nos
451 3862 498 3900 ια
520 3846 666 3918 jugo
697 3845 996 3900 servitutis
1024 3847 1308 3917 perfectus
1341 3847 1553 3918 reddit,
1589 3849 1816 3917 quoties

135 3951 253 3992 nos
282 3939 494 3990 nostra
521 3934 674 3989 bona
697 3933 829 3989 aliis
859 3933 1316 4004 impertimus,et
1339 3935 1588 3989 aliorum
1613 3939 1818 3991 nostra

135 4025 536 4097 deputamus.

211 4112 604 4170 Omnis-anim
659 4125 778 4180 rex,
835 4114 943 4165 etc.
1004 4109 1180 4176 Quasi
1234 4111 1469 4166 diceret.
1503 4111 1817 4182 OGalatae,

138 4213 340 4275 quare
375 4201 454 4256 ad
481 4198 700 4272 legales
733 4199 1167 4254 obeervationes
1188 4201 1441 4255 transire
1460 4200 1658 4268 vultis,
1685 4218 1817 4256 cum

140 4289 364 4346 omnia
396 4299 516 4344 uno
545 4297 817 4343 sermone
847 4287 1304 4358 compleantur?
1353 4291 1419 4344 Et
1450 4291 1583 4361 quis
1616 4290 1691 4344 sit
1722 4290 1820 4346 ille

136 4394 376 4448 sermo,
406 4377 746 4449 subjungit:
767 4377 974 4446 Diliges
986 4379 1303 4446 proximum
1329 4384 1509 4446 tuum,
1533 4383 1639 4434 etc.
1659 4379 1822 4434 Sicut

137 4467 316 4524 enim
351 4466 414 4522 in
444 4463 812 4538 Epistula-ad
834 4465 1345 4521 Romanos-dicit:
1377 4468 1606 4523 Dilectio
1624 4471 1818 4538 proxi-

134 4561 224 4614 mi
247 4557 904 4626 melinum-operatur
931 4556 1105 4626 (Rom.
1160 4571 1287 4621 xm,
1343 4557 1468 4627 10);
1502 4561 1596 4611 et:
1626 4557 1817 4612 Pleni-

1925 3406 2120 3460 carnis
2152 3406 2211 3459 in
2259 3405 2427 3460 nobis
2488 3407 2798 3461 invenitur.
2856 3406 3016 3472 Quod
3076 3405 3232 3460 enim
3264 3404 3358 3458 hic
3390 3402 3568 3457 dicit:

1923 3495 2207 3549 Desideria
2229 3496 2415 3549 carnis
2444 3511 2553 3549 non.
2572 3496 2887 3565 perﬁcietis,
2911 3493 3028 3548 tale
3051 3498 3137 3549 est
3159 3492 3329 3564 quale
3351 3496 3405 3547 et
3425 3489 3568 3545 illud

1924 3582 1983 3637 in
2009 3583 2262 3654 Epistola
2283 3583 2352 3638 ad
2388 3584 2698 3642 Romanos.
2742 3584 2838 3638 ubi
2884 3583 3060 3638 dicit:
3095 3583 3230 3637 Nam
3263 3582 3396 3637 velle
3423 3579 3576 3650 adja-

1924 3679 2008 3727 cet
2035 3672 2198 3737 mihi,
2231 3673 2497 3740 perﬁcere
2526 3682 2713 3728 autem
2759 3674 2956 3727 bonum
3005 3689 3118 3726 non
3150 3672 3370 3727 invenio
3402 3671 3573 3742 (Rom.

1926 3777 2024 3826 vn,
2062 3762 2168 3831 l8).
2204 3761 2368 3815 Sicut
2391 3763 2546 3816 enim
2571 3761 2648 3816 ibi
2689 3763 2758 3816 de
2787 3762 2978 3828 bonis,
3010 3761 3092 3816 ita
3111 3765 3168 3816 et
3191 3761 3283 3815 hic.
3312 3758 3578 3832 loquitur

1928 3848 1998 3901 de
2031 3847 2224 3902 malis.

1999 3936 2107 3989 Sed
2143 3938 2466 3990 notandum
2528 3939 2664 4009 quia
2691 3936 2850 3992 aliud
2909 3944 2996 3993 est
3031 3939 3216 3992 facere
3248 3940 3486 4003 bonum,
3520 3941 3576 3991 et

1929 4022 2085 4078 aliud
2120 4024 2418 4095 perlicere.
2456 4026 2662 4080 Facere
2694 4042 2948 4096 namque
2995 4027 3210 4080 bonum
3245 4031 3330 4081 est
3370 4042 3578 4080 concu-

1930 4111 2230 4184 piscentiis
2263 4114 2572 4177 resistere;
2632 4114 2928 4184 perﬁcere.
2971 4132 3083 4170 non
3143 4114 3573 4185 concupiscere.

1930 4201 2087 4256 Sicut
2113 4202 2267 4256 aliud
2295 4208 2383 4257 est
2415 4220 2526 4257 non
2553 4220 2815 4276 peccare,
2839 4209 2896 4258 et
2918 4203 3075 4257 aliud
3099 4203 3320 4274 absque
3345 4207 3576 4273 peccato

1929 4308 2076 4346 esse.
2109 4290 2230 4346 Non
2267 4308 2502 4363 peccare
2539 4309 2878 4364 possumus,
2905 4293 2960 4346 id
2983 4296 3071 4346 est
3092 4290 3578 4362 concupiscentiis

1929 4382 2199 4436 resistere
2227 4406 2240 4444 ;
2266 4382 2487 4452 absque
2509 4387 2742 4451 peccato
2765 4397 2893 4436 esse
2925 4398 3038 4435 non
3073 4396 3412 4452 possumus,
3441 4379 3578 4451 quia

1930 4469 2444 4540 concupiscimus..
2483 4469 2762 4524 Similiter
2820 4475 2876 4524 et
2922 4469 3016 4524 hic
3062 4469 3217 4523 aliud
3251 4473 3336 4524 est
3364 4469 3578 4523 habere

1929 4558 2218 4613 desideria
2250 4558 2463 4623 carnis,
2495 4562 2552 4612 et
2583 4557 2741 4613 aliud
2776 4576 2889 4614 non
2942 4558 3237 4629 perlicere.
3280 4557 3579 4613 Desideria

139 4647 457 4717 tudo-tegis
511 4650 593 4701 est
647 4645 872 4700 dilectio
929 4645 1054 4714 (ld.,
1115 4644 1276 4715 ibid.)
1304 4663 1317 4710 ;
1353 4645 1432 4700 ita
1462 4649 1518 4701 et
1551 4645 1663 4700 hic.
1707 4647 1817 4702 Sed
1853 4664 1899 4729 D
1931 4662 2188 4717 namque
2207 4647 2398 4701 carnis
2416 4663 2528 4700 non
2557 4647 2769 4702 habere
2792 4665 2903 4702 non
2933 4664 3270 4718 possumus,
3296 4646 3428 4717 quia
3449 4662 3581 4699 con-

139 4749 343 4810 quare
381 4733 760 4791 solummodo
789 4733 854 4788 in
880 4733 1192 4790 dilectione
1223 4734 1472 4804 proximi
1507 4734 1824 4806 plenitudi-

140 4841 290 4882 nem
323 4821 837 4895 dieat‘esse'legis,
865 4837 999 4878 cum
1035 4823 1191 4877 dicat
1222 4822 1599 4894 Evangelium
1632 4825 1818 4896 (970):

139 4915 263 4972 Lez
289 4913 510 4986 pandet,
541 4912 946 4984 et'prOpltetae-t’
975 4912 1139 4978 Ideo,
1201 4912 1339 4983 quia
1398 4929 1509 4967 una
1541 4929 1608 4966 ex
1639 4913 1821 4969 altera

141 5003 393 5076 pendet,
427 5007 486 5058 et
517 5018 636 5056 una
663 5002 790 5058 sine
830 5001 1011 5057 altera
1039 5016 1171 5057 esse
1207 5017 1321 5056 non
1370 5005 1578 5073 potest.
1613 5004 1691 5056 Ac
1720 5019 1822 5075 per

141 5092 262 5174 hoc
299 5091 398 5166 qui
429 5085 629 5164 diligit
652 5089 1005 5164 proximum,
1039 5090 1228 5146 Deum
1264 5089 1474 5164 diligit,
1511 5091 1648 5162 quia
1671 5110 1817 5164 prae-

1935 4735 2328 4806 cupiscimus;
2355 4735 2452 4789 sed
2480 4740 2675 4792 tamen
2699 4753 2812 4790 non
2842 4736 3195 4808 perlicimus,
3222 4736 3358 4807 quia
3373 4751 3578 4789 concu-

1934 4822 2240 4894 piscentiis
2272 4823 2636 4889 resistimus;
2663 4825 2761 4878 sed
2793 4830 2934 4879 tunc
2958 4825 3227 4894 perfecte,
3247 4840 3381 4880 cum
3400 4826 3581 4876 absor-

1927 4915 2024 4984 pta
2054 4913 2233 4984 fuerit
2263 4929 2408 4968 mors
2459 4914 2516 4966 in
2576 4914 2815 4968 victoria
2864 4914 2914 4981 (l
2943 4912 3067 4967 Cor.
3097 4931 3188 4978 xv,
3221 4914 3334 4984 54),
3367 4915 3424 4966 et
3452 4927 3581 4964 cum

1930 5002 2165 5056 mortale
2195 5006 2294 5057 hoc
2321 5001 2566 5057 induerit
2596 5003 3067 5056 immortalitatem
3099 5003 3224 5073 (ld.,
3259 4999 3438 5070 ibid).

2007 5092 2148 5147 Caro
2179 5094 2331 5147 enim
2359 5092 2713 5162 concupiscit,
2747 5096 2856 5146 etc.
2877 5091 3013 5154 Quae
3038 5088 3334 5156 nolumus,
3357 5103 3425 5142 ea
3447 5087 3584 5144 faci-
