3974 5358
332 318 447 381 539

1348 324 1686 387 ATTONIS
1727 323 2311 411 VERCELLENSIS
2357 325 2707 390 EPISGOPI

3620 323 3753 385 540⁷

328 452 438 509 hoc
470 454 798 528 exemplum
830 459 1059 515 tranare
1090 457 1298 516 solent.
1349 462 1457 517 Sed
1499 460 1664 517 valde
1682 437 1965 517 laboran-
1997 459 2053 526 Α
2084 459 2359 516 venisset.
2393 462 2459 516 Et
2514 478 2628 517 non
2662 465 2752 517 est
2810 456 3171 517 contrarium
3228 456 3383 530 quod
3417 455 3566 514 dicit
3592 454 3737 513 vobis

330 544 492 611 dum,
527 561 597 599 ne
628 545 895 602 videatur
921 549 1235 620 Apostolus
1264 568 1297 605 a
1326 556 1515 622 caspia
1544 552 1861 606 intentione
1885 567 1972 604 re-

330 634 578 690 cessisse
610 635 860 692 insolite.
894 639 1039 693 Nam
1073 639 1337 695 soletille
1360 640 1711 712 praelibando
1736 656 1974 695 causam

330 727 591 794 tangere,
619 742 793 796 quam
824 727 882 780 in
917 729 1298 799 sequentibus
1349 735 1675 803 exaggerat.
1710 731 1817 785 Sed
1848 729 1979 785 talis

337 817 425 867 est
448 812 708 868 intentio.
733 816 992 887 Coeperat
1013 818 1313 873 destruere
1335 819 1595 874 carnales
1616 818 1761 890 legis
1783 820 1978 874 obser-

335 902 596 957 vationes
624 922 635 969 ;
668 904 859 959 adhuc
888 905 947 960 in
998 907 1317 962 intentione
1369 924 1765 979 perseverans,
1799 908 1975 963 dicit:

332 993 535 1060 spiritu
558 993 831 1049 ambulate
853 1013 864 1061 ;
885 995 940 1049 id
961 1000 1068 1061 est,
1087 996 1628 1068 spiritaliterlegem
1650 997 1979 1068 intelligite,

335 1080 474 1150 quia
496 1081 543 1134 si
578 1082 851 1150 feceritis,
886 1084 1172 1139 desideria
1203 1087 1395 1141 carnis
1425 1103 1539 1141 non
1564 1086 1894 1156 perficietis,
1922 1086 1977 1140 id

337 1174 424 1223 est
444 1168 758 1225 vindictam
786 1190 900 1227 non
922 1173 1183 1244 exigetis.
1226 1175 1368 1230 Caro
1410 1175 1787 1246 concupiscit,
1812 1175 1868 1228 id
1893 1178 1982 1229 est

338 1274 585 1314 carneus
636 1277 848 1315 sensus
907 1264 1187 1317 adversus
1234 1263 1580 1334 spiritalem,
1614 1268 1671 1318 et
1698 1262 1981 1335 spiritalis

338 1348 618 1403 adversus
649 1350 961 1405 carnalem.
988 1352 1057 1405 Et
1086 1351 1132 1405 si
1156 1352 1466 1423 contigerit
1504 1356 1569 1406 ut
1594 1351 1846 1406 carnalis
1877 1368 1978 1406 su-

340 1441 575 1507 peretur
604 1438 750 1509 (972)
782 1456 815 1493 a
837 1439 1105 1509 spiritali,
1132 1445 1290 1495 totus
1317 1441 1491 1495 homo
1513 1440 1729 1494 dicitur
1754 1440 1982 1511 spirita-

344 1524 417 1580 lis
442 1544 454 1592 ;
481 1526 752 1582 similiter
776 1534 830 1583 et
854 1528 1094 1584 alterne.
1121 1531 1281 1593 Quod
1307 1546 1421 1585 non
1446 1528 1637 1585 solum
1670 1530 1726 1584 in
1751 1530 1981 1585 duobus

338 1614 700 1685 hominibus,
739 1619 838 1672 sed
872 1618 930 1671 in
966 1635 1120 1684 uno;
1155 1636 1289 1673 nam
1340 1617 1482 1673 solet
1530 1617 1756 1674 evenire
1789 1624 1853 1673 ut
1876 1618 1981 1672 ali-

336 1706 570 1774 quando
594 1706 859 1775 przeferat
879 1706 1026 1776 (973)
1069 1705 1349 1775 spiritalis
1388 1707 1628 1773 carnali,
1655 1712 1711 1763 et
1730 1707 1981 1763 carnalis

338 1792 607 1862 spiritali.
643 1796 763 1847 Non
795 1809 1133 1866 quiscunque
1162 1796 1346 1862 vultis,
1397 1801 1530 1865 etc.;
1565 1798 1621 1851 id
1653 1802 1761 1861 est,
1795 1798 1980 1853 vindi-
2012 1831 2060 1894 B

335 1885 485 1935 ctam
523 1898 634 1936 non
666 1883 966 1953 expetatis.

407 1970 557 2039 Quod
584 1973 636 2025 si
663 1973 865 2042 spiritu
918 1973 1206 2042 ducimini,
1258 1980 1388 2044 etc.,
1454 1976 1510 2030 id
1543 1982 1649 2042 est,
1683 1976 1731 2031 si
1758 1976 1983 2047 Spiritu

338 2060 437 2115 Dei
466 2060 770 2132 agitamini
802 2066 857 2116 et
889 2064 1222 2129 movemini,
1252 2082 1358 2120 non
1390 2068 1521 2121 estis
1549 2067 1649 2121 sub
1674 2067 1787 2136 lege
1806 2083 1826 2127 ,'
1849 2066 1986 2137 quia

339 2148 429 2204 lex
446 2166 558 2204 non
583 2154 671 2204 est
690 2150 1078 2221 positajustis
1100 2171 1112 2221 ;
1138 2153 1256 2208 sive
1287 2154 1505 2225 Spiritu
1531 2155 1627 2210 Dei
1655 2154 1984 2227 agitamini,

339 2237 389 2293 si
422 2237 761 2310 spiritaliter
789 2238 975 2311 legem
1010 2241 1367 2314 intelligatis,
1401 2259 1509 2298 non
1561 2246 1693 2299 estis
1720 2245 1819 2299 sub
1850 2244 1984 2312 lege,

342 2328 481 2399 quia
504 2327 783 2384 ultionem
810 2346 922 2383 non
946 2330 1283 2400 exquiretis,
1310 2348 1445 2387 nam
1468 2349 1599 2387 caro
1627 2332 1824 2388 afficta
1845 2332 1985 2404 quid

340 2416 497 2472 aliud
532 2417 846 2483 desiderat,
880 2418 993 2474 nisi
1024 2419 1338 2475 vindictam
1361 2421 1388 2474 ?
1416 2422 1523 2477 Sed
1545 2421 1885 2493 spiritaliter
1906 2422 1989 2476 in-

338 2505 641 2579 telligatis,
675 2524 787 2561 non
824 2508 1130 2579 expetatis.

410 2596 694 2667 Manifesta
719 2600 903 2652 autem
930 2601 1054 2652 sunt
1082 2614 1251 2668 Opera
1296 2601 1497 2665 carnis,
1545 2606 1654 2655 etc.
1690 2601 1798 2656 Sed
1831 2617 1986 2672 quae-

345 2686 589 2740 rendum
613 2691 703 2741 est
724 2704 903 2758 quare
924 2687 1079 2742 dicat
1100 2688 1413 2759 Apostolus
1434 2688 1547 2744 ista
1581 2689 1778 2745 omnia
1798 2689 1990 2745 carnis

346 2791 494 2841 esse,
528 2793 661 2831 cum
693 2778 961 2847 quaedam
1005 2776 1247 2848 spiritus
1297 2794 1425 2833 esse
1453 2778 1779 2845 videantur,
1813 2779 1869 2834 id
1902 2784 1993 2834 est

346 2863 767 2933 aemulationes,
801 2864 1155 2933 inflationes,
1186 2870 1294 2921 etc.
1330 2867 1437 2921 Sed
1463 2866 1584 2922 hac
1605 2868 1848 2939 quaestio
1871 2868 1992 2923 sol-

342 2952 499 3005 vitur
520 2968 622 3023 per
642 2956 875 3023 tropum
898 2970 1012 3025 quo
1038 2972 1171 3025 pars
1195 2960 1417 3026 partem
1442 2956 1903 3028 comprehendit,
1928 2962 1995 3012 ut

344 3056 475 3094 caro
508 3056 609 3111 pro
642 3045 761 3096 toto
790 3041 1025 3098 homine
1058 3044 1396 3115 accipiat-ur,
1438 3050 1728 3117 quatenus
1751 3046 1887 3101 talis
1919 3047 1995 3102 sit

346 3145 556 3184 sensus
582 3146 594 3183 :
630 3129 924 3203 Manifesta
953 3137 1080 3187 sunt
1118 3150 1280 3204 opera
1309 3136 1514 3205 carnis,
1538 3134 1595 3190 id
1620 3140 1708 3191 est
1729 3135 1992 3206 cujusvis

348 3217 625 3273 hominis.
650 3220 756 3274 Sed
787 3220 1050 3276 nonnulli
1084 3222 1287 3277 dicunt
1324 3240 1555 3279 carnem
1588 3241 1715 3279 esse
1748 3223 1989 3279 incenti-
2024 3196 2067 3263 (ἶ

349 3324 486 3361 vum
507 3312 564 3363 et
584 3307 866 3380 originem
891 3311 1155 3366 omnium
1184 3312 1477 3367 vitiorum.
1499 3313 1609 3367 Sed
1630 3313 1770 3369 dicit
1790 3314 1996 3369 beatus

352 3396 752 3467 Augustinus:
789 3397 877 3452 Illi
904 3400 1001 3469 qui
1030 3400 1135 3454 hoc
1162 3399 1451 3467 dixerunt,
1477 3418 1591 3456 non
1615 3402 1877 3458 ordinem
1904 3418 2000 3456 na-

350 3490 494 3541 turae
513 3485 925 3542 intellexerunt
949 3505 961 3554 ;
988 3504 1121 3542 nam
1158 3505 1273 3544 non
1294 3506 1426 3545 caro
1450 3490 1847 3561 corruptibilis
1872 3491 1997 3545 ani-

356 3591 514 3630 mam
540 3575 671 3629 fecit
692 3591 818 3630 esse
841 3576 1242 3647 peccatricem,
1287 3580 1387 3633 sed
1431 3578 1627 3633 anima
1646 3580 1867 3634 exstitit
1895 3596 1999 3635 au-

357 3663 505 3719 ctrix
553 3668 769 3734 peccati
828 3665 1021 3720 carnis
1080 3666 1496 3738 corruptibilis,
1557 3685 1684 3739 quae
1716 3672 1805 3723 est
1833 3685 2004 3740 paena

359 3752 600 3823 peccati.
655 3753 874 3807 Tamen
934 3754 1107 3809 habet
1188 3772 1322 3810 caro
1406 3756 1620 3811 fastum
1680 3756 2002 3829 gravitatis,

362 3858 476 3913 quo
508 3841 655 3913 (974)
690 3842 887 3896 anima
914 3848 1207 3914 gravetur,
1266 3849 1332 3899 ut
1389 3844 1546 3900 aliud
1584 3864 1596 3901 ε
1632 3845 1836 3918 Corpus
1865 3847 2006 3918 quod

361 3932 759 4000 corrumpitur,
817 3941 1083 4000 aggravat
1136 3936 1404 4001 animum,
1456 3940 1562 3990 etc.
1596 3936 1745 4007 (Sap.
1781 3954 1856 4007 ιχ,
1892 3937 2004 4007 45.)

364 4018 514 4073 Dicit
545 4019 697 4074 enim
732 4020 857 4091 ipse
885 4039 897 4076 :
933 4022 1287 4078 Ascribenda
1310 4028 1449 4079 sunt
1472 4024 1592 4079 haec
1613 4026 1752 4081 vitia
1774 4027 2004 4094 animae,

2091 548 2231 620 quia
2260 550 2536 605 omnibus
2568 550 2839 606 Ecclesiis
2869 566 3008 605 suas
3036 548 3273 620 scripsit
3302 546 3618 619 Epistolas.

2161 641 2385 695 Fructus
2420 643 2603 695 autem
2631 641 2885 711 spiritus,
2908 644 3017 694 etc.
3063 639 3210 693 Nota
3237 636 3377 709 quia
3395 636 3541 691 vitia
3564 651 3743 707 opera

2088 729 2281 783 carnis
2312 727 2588 800 appellat.
2610 728 2855 799 spiritus
2878 728 3048 799 (976),
3070 726 3335 794 virtutes,
3359 724 3502 797 quia
3519 723 3623 778 illa
3642 724 3743 779 de-

2089 819 2235 872 strui
2260 821 2527 889 possunt,
2556 817 2671 873 ista
2717 833 2850 872 vero
2873 815 3205 888 proﬁciunt.
3259 816 3527 871 Adversus
3552 814 3747 884 hujus-

2087 906 2236 962 modi
2262 924 2373 962 non
2403 915 2478 962 est
2504 907 2615 973 lex,
2641 923 2755 961 non
2779 906 2921 961 dicit
2940 906 3222 961 adversus
3241 904 3384 971 haec,
3409 920 3481 959 ne
3502 903 3747 957 videan-

2090 1001 2187 1052 tur
2203 1001 2409 1051 caetera
2428 996 2680 1051 exclusa.
2704 996 3001 1050 Adversus
3022 993 3363 1064 hujusmodi
3386 1008 3502 1048 non
3521 998 3616 1046 est
3630 990 3749 1056 lex,

2093 1085 2252 1153 dicit,
2278 1086 2416 1157 quia
2450 1084 2534 1139 illi
2556 1086 2654 1157 qui
2676 1084 2735 1140 in
2758 1084 2977 1140 talibus
3001 1085 3308 1138 morantur
3328 1097 3442 1137 non
3467 1086 3612 1136 sunt
3634 1079 3752 1134 sub

2092 1174 2238 1247 lege,
2265 1175 2402 1246 quia
2419 1174 2508 1229 lex
2530 1192 2644 1230 non
2676 1179 2765 1230 est
2787 1173 3190 1245 positajustis,
3215 1172 3316 1228 sed
3337 1170 3602 1241 injustis,
3625 1169 3753 1224 sive

2092 1264 2458 1336 spiritalibus
2480 1268 2537 1319 et
2558 1261 3243 1335 spiritaliterviventibus
3256 1277 3371 1316 non
3392 1264 3485 1316 est
3504 1258 3618 1315 lex.
3635 1258 3745 1314 Sed

2091 1353 2395 1410 sciendum
2424 1354 2563 1425 quia
2586 1353 2860 1425 superius
2888 1350 3204 1423 praeposuit
3224 1350 3384 1415 vitia,
3407 1348 3625 1404 deinde
3642 1346 3748 1403 vir-

2092 1447 2271 1498 tutes.
2307 1443 2373 1498 Et
2403 1459 2639 1499 necesse
2667 1447 2756 1498 est
2787 1446 2852 1496 ut
2880 1441 3138 1513 primum
3168 1440 3309 1495 vitia
3338 1439 3744 1502 destruantur,

2092 1531 2304 1587 deinde
2340 1533 2489 1587 bona
2519 1536 2895 1603 peragantur,
2954 1533 3019 1585 ut
3075 1527 3428 1584 Psalmista:
3459 1526 3689 1581 Declina
3713 1543 3744 1579 a

2092 1624 2254 1689 malo,
2289 1625 2398 1677 etc.
2432 1621 2608 1685 (Psat.
2661 1638 2855 1687 xxxvr,
2883 1620 2974 1690 27)
3026 1623 3084 1673 et
3133 1616 3422 1673 Jeremias
3451 1632 3465 1672 :
3501 1617 3741 1671 Posuite

2091 1720 2152 1766 ut
2181 1710 2403 1780 evellas,
2434 1713 2544 1765 etc.
2578 1710 2701 1780 (Job
2735 1727 2772 1775 ι,
2809 1709 2934 1776 10);
2960 1711 3018 1763 et
3034 1707 3291 1762 Jacobus
3314 1723 3326 1760 :
3352 1707 3594 1775 Propter
3612 1701 3748 1774 quod

2092 1801 2405 1871 abjicientes
2429 1815 2649 1854 omnem
2680 1797 3100 1853 immunditiam
3129 1798 3264 1867 (Jac.
3300 1812 3340 1865 ι,
3369 1796 3482 1864 21).

2162 1888 2335 1945 Plura
2357 1888 2554 1959 posuit
2575 1886 2715 1942 vitia
2734 1902 2914 1958 quam
2938 1886 3207 1955 virtutes,
3233 1883 3375 1956 quia
3398 1882 3574 1955 plura
3591 1885 3749 1937 sunt.

2095 1978 2206 2033 Sed
2230 1976 2363 2048 quis
2386 1993 2501 2033 non
2527 1975 2959 2032 animadvertat
2978 1973 3211 2047 singula
3226 1972 3367 2028 vitia
3382 1970 3648 2044 singulis
3662 1971 3754 2025 de-

2097 2067 2246 2122 strui
2267 2066 2585 2121 virtutibus
2606 2066 2633 2120 ?
2652 2062 2978 2120 Fornicatio
3002 2078 3261 2133 namque
3284 2060 3424 2133 quid
3447 2059 3616 2115 aliud
3643 2062 3751 2126 est,

2096 2156 2207 2211 nisi
2226 2156 2295 2210 ad
2306 2154 2555 2210 ulterina
2568 2154 2839 2226 cogitatio
2854 2170 2979 2224 quae
3010 2151 3280 2207 homines
3293 2153 3532 2221 separat
3546 2165 3582 2204 a
3596 2153 3711 2203 Deo
3726 2146 3752 2200 Τ

2096 2245 2207 2300 Sed
2227 2243 2386 2299 nulla
2406 2243 2619 2299 virtute
2640 2242 2853 2297 melius
2893 2239 3219 2297 destruitur
3256 2238 3472 2294 virtute
3496 2236 3753 2292 Charita-

2096 2333 2193 2389 tis.
2218 2332 2625 2400 Immunditia,
2644 2329 3103 2402 etimpudicitia,
3121 2332 3413 2395 etcaetera,
3427 2344 3562 2398 qua
3577 2325 3757 2397 pudet

2098 2420 2393 2493 apostolos
2423 2421 2730 2475 nominare
2758 2419 2977 2491 (Ephes.
3008 2436 3064 2486 ν,
3095 2419 3167 2486 3;
3220 2417 3428 2472 Cotoss.
3458 2433 3550 2483 ιιι,
3581 2416 3663 2486 5),
3694 2417 3752 2468 ut

2098 2510 2179 2565 illi
2206 2510 2489 2581 pudentes
2515 2508 2873 2564 verecundos
2896 2508 3151 2563 facerent
3177 2506 3325 2577 (977)
3356 2503 3513 2559 filios
3558 2501 3751 2571 Israel,

2100 2615 2216 2655 non
2248 2597 2459 2653 melius
2487 2598 2876 2653 destruuntur
2908 2611 3089 2667 quam
3121 2594 3316 2668 gladio
3349 2590 3631 2664 spiritali.

2172 2690 2281 2757 Qui
2307 2695 2485 2744 autem
2517 2695 2646 2742 sunt
2688 2686 2919 2753 Christi,
2976 2691 3083 2741 etc.
3145 2684 3423 2756 Origenes
3455 2681 3618 2737 enim
3652 2680 3755 2736 hoc

2102 2778 2274 2833 modo
2315 2776 2473 2831 hunc
2518 2775 2711 2831 locum
2764 2773 3052 2847 superiori
3108 2772 3451 2844 coniungit:
3485 2770 3756 2826 Adversus

2100 2865 2415 2937 hujusmodi
2442 2880 2553 2920 non
2581 2868 2664 2919 est
2693 2864 2802 2929 lex,
2835 2865 2932 2936 qui
2959 2879 3187 2918 carnem
3226 2861 3437 2916 Christi
3464 2862 3757 2928 cruciﬂse-

2088 2964 2253 3039 ‘runt.
2286 2954 2625 3009 Notandum
2656 2952 2813 3009 enim
2853 2952 2996 3023 quia
3022 2952 3279 3007 Verbum
3313 2950 3436 3017 Dei,
3468 2948 3755 3004 sumendo

2103 3061 2361 3109 carnem,
2392 3060 2498 3098 nos
2530 3042 2643 3098 sibi
2673 3042 2950 3097 sociavit:
3007 3057 3145 3096 nam
3176 3056 3310 3095 caro
3354 3042 3565 3094 nostra
3594 3035 3752 3091 illius

2105 3139 2211 3203 est,
2238 3138 2295 3187 et
2321 3132 2589 3188 membra
2608 3136 2808 3187 nostra
2830 3130 3010 3186 illius.
3034 3130 3181 3202 Ergo
3203 3144 3337 3184 cum
3369 3126 3472 3182 illo
3496 3125 3756 3205 cruciﬁxi

2107 3239 2351 3289 sumus;
2385 3237 2521 3293 ergo
2554 3238 2668 3277 non
2697 3219 2946 3276 terrenis
2992 3219 3280 3274 debemus
3311 3216 3620 3282 inharere,
3651 3214 3747 3269 sed

2106 3310 2334 3385 Spirital
2345 3310 2478 3366 ibus
2495 3308 2816 3375 immorari,
2841 3309 2913 3363 ad
2929 3307 3262 3379 exemplum
3282 3306 3447 3361 illius
3461 3304 3570 3377 qui
3582 3302 3745 3359 dixit:

2106 3402 2362 3457 Memento
2388 3401 2520 3459 mei,
2554 3399 2808 3466 Domine,
2839 3402 2949 3453 etc.
2992 3397 3147 3468 (Luc.
3198 3412 3360 3462 xxm,
3396 3395 3511 3466 42),
3545 3393 3598 3449 si
3628 3406 3753 3447 vero

2108 3488 2420 3560 separatim
2452 3488 2651 3543 dicas:
2686 3485 2921 3543 Carnem
2974 3502 3158 3552 suam,
3215 3488 3349 3551 etc.,
3399 3499 3518 3538 non
3550 3479 3757 3536 Christi

2109 3583 2198 3634 est
2218 3576 2688 3649 intelligendum,
2707 3575 2810 3632 sed
2830 3574 3071 3631 alterius
3091 3592 3105 3635 :
3131 3573 3299 3646 quasi
3326 3573 3582 3629 diceret:
3606 3574 3652 3626 Ο
3667 3585 3763 3625 vos

2111 3666 2349 3735 Galatea,
2375 3682 2509 3721 cum
2531 3681 2632 3720 vos
2651 3666 2777 3736 jam
2800 3662 3198 3729 cruciﬁxistis,
3219 3678 3402 3734 quare
3424 3662 3500 3717 ad
3522 3659 3766 3716 circum-

2113 3755 2392 3812 cisionem
2425 3754 2676 3810 transire
2706 3752 2904 3818 vultis,
2935 3769 3070 3808 cum
3110 3750 3259 3806 nihil
3291 3749 3481 3822 prosit
3510 3749 3765 3805 circum-

2113 3845 2257 3901 cisio
2283 3844 2577 3900 cruciﬁxis
2597 3843 2624 3897 ?

2187 3935 2338 4006 (978)
2372 3934 2433 3990 Si
2456 3934 2687 3988 vivimus
2714 3932 2936 4002 spiritu,
2970 3933 3079 3985 etc.
3113 3928 3258 3995 Quid
3293 3930 3384 3983 est
3412 3928 3574 3999 quod
3608 3925 3768 3990 dicit,

2114 4022 2201 4079 vel
2233 4023 2368 4094 quis
2399 4022 2543 4076 dicit
2573 4021 2681 4076 hoc
2700 4020 2727 4075 ‘t
2758 4019 3004 4075 Interior
3034 4018 3232 4085 homo,
3264 4016 3438 4089 quasi
3457 4015 3771 4088 contigerit

366 4126 437 4164 ne
465 4109 730 4164 videatur
759 4109 1027 4165 diabolus
1059 4127 1263 4166 carens
1294 4129 1467 4168 carne
1505 4114 1576 4168 ab
1608 4114 1702 4169 his
1733 4117 2009 4171 omnibus
2118 4117 2185 4167 ut
2210 4111 2307 4167 ille
2328 4111 2504 4167 homo
2529 4113 2865 4181 separetur:
2889 4124 2924 4163 a
2945 4107 3155 4180 spiritu
3181 4106 3397 4162 dicitur
3416 4103 3771 4178 spiritualis,

365 4198 612 4253 excludi.
640 4199 784 4253 Nam
804 4198 1017 4254 dicitur
1032 4200 1279 4264 adulter,
1299 4200 1613 4272 homicida,
1634 4203 1705 4257 ob
1726 4201 1852 4269 hoc,
1872 4204 2013 4274 quia
2120 4201 2271 4257 sicut
2293 4217 2327 4255 a
2348 4215 2520 4255 carne
2540 4196 2812 4253 carnalis.
2837 4200 3035 4252 Potest
3058 4194 3187 4265 quis
3210 4194 3295 4251 uti
3316 4194 3432 4250 isto
3460 4191 3771 4262 versiculo,

366 4292 568 4342 auctor
589 4292 647 4342 et
668 4288 933 4343 incentor
961 4293 1050 4343 est
1081 4288 1369 4359 omnium,
1402 4295 1457 4345 et
1486 4289 1580 4344 his
1612 4290 1848 4346 similia.
1885 4292 2011 4347 Non
2120 4290 2169 4344 si
2202 4288 2411 4344 viderit
2438 4286 2695 4357 aliquem
2728 4283 3041 4341 carnaliter
3068 4282 3416 4341 conversari.

367 4375 520 4428 enim
546 4375 688 4429 dicit
714 4376 833 4430 haec
857 4378 1023 4447 (975),
1048 4393 1120 4433 ne
1138 4377 1450 4434 videantur
1487 4378 1586 4457 illa
1608 4380 1857 4452 excludi,
1884 4398 2011 4453 qua;

370 4460 637 4516 homines
668 4478 701 4515 a
730 4477 907 4533 regno
939 4471 1231 4534 separant.

2191 4381 2306 4435 Non
2338 4378 2670 4448 ofﬁciamur,
2700 4378 2833 4444 etc.,
2863 4391 2933 4430 ex
2951 4372 3353 4446 superioribus
3373 4371 3615 4443 pendet,
3641 4370 3777 4443 quia

2122 4468 2383 4524 dixerat:
2416 4466 2476 4522 Si
2522 4466 2759 4520 vivimus
2802 4464 3027 4535 spiritu,
3084 4472 3139 4518 et
3174 4462 3519 4519 ambulemus
3546 4462 3773 4532 spiritu,

445 4552 572 4619 Qum
600 4553 840 4623 praedico
870 4554 1039 4609 vobis.
1090 4555 1377 4624 Praedixit,
1402 4573 1535 4612 cum
1559 4557 1792 4614 adesset
1814 4575 2015 4631 corpo-
2046 4565 2094 4630 Β
2123 4574 2235 4614 non
2264 4558 2579 4628 efﬁciamur
2602 4554 2793 4609 inanis
2821 4553 3035 4623 gloriae,
3063 4554 3172 4607 etc.
3196 4554 3589 4607 Provocantes
3616 4563 3776 4605 nam-

371 4641 478 4697 rali
501 4643 831 4714 praesentia,
856 4647 911 4698 et
932 4644 1191 4715 praedicit
1215 4661 1316 4716 per
1337 4644 1488 4701 hanc
1508 4646 1830 4718 Epistolam
1861 4667 1873 4716 ;
1899 4649 2019 4704 sive
2128 4664 2240 4719 que
2261 4652 2319 4701 et
2338 4644 2728 4700 individentes
2753 4646 2940 4713 erant,
2963 4639 3095 4697 aliis
3118 4639 3450 4695 dicentibus
3471 4637 3775 4694 meliorem

373 4732 714 4802 praedixerat
734 4731 791 4786 in
814 4732 1070 4804 Epistola
1094 4735 1164 4789 ad
1190 4734 1541 4802 Corinthios,
1586 4738 1683 4792 ubi
1705 4738 1821 4793 ista
1841 4738 2014 4793 dinu-

374 4825 581 4889 merat,
604 4822 742 4892 quia
768 4822 960 4894 potuit
994 4821 1119 4878 ﬁeri
1152 4828 1215 4880 ut
1243 4826 1315 4881 ad
1346 4841 1559 4881 manus
1590 4826 1854 4899 ipsorum
1885 4843 2014 4899 per-

442 4985 591 5049 (972)
624 4984 684 5038 In
719 4988 913 5055 autog.
948 4993 1250 5055 separetur.

443 5054 591 5127 (A9763)
619 5058 825 5127 Autog.
862 5054 1081 5125 referat.

448 5125 594 5199 (974)
627 5128 686 5199 In
719 5125 914 5197 autog.
949 5127 1201 5199 legitur:
1243 5128 1407 5182 Habet
1451 5142 1579 5181 caro
1608 5129 1813 5195 fastum
1842 5130 2023 5198 gravi-

2126 4752 2254 4792 esse
2280 4734 2469 4806 legem
2488 4748 2665 4804 quam
2688 4729 2959 4803 gratiam,
2981 4733 3039 4785 et
3058 4732 3283 4795 caetera,
3302 4728 3459 4784 sicut
3476 4726 3773 4799 superius,

2126 4830 2185 4881 et
2205 4824 2314 4879 hoc
2335 4822 2628 4878 faciebant
2648 4820 2750 4892 qui
2771 4818 3132 4875 invidebant.
3161 4822 3241 4873 De
3262 4816 3375 4873 isto
3410 4816 3635 4873 etenim
3654 4831 3773 4872 ser-

2199 4984 2347 5056 (975)
2379 4983 2442 5040 Id
2474 4987 2581 5056 est,
2614 4982 2902 5056 non‘enim
2929 4978 3063 5056 dicit
3094 4978 3228 5056 haec,
3260 4976 3318 5032 id
3349 4982 3442 5056 e_st
3463 4994 3583 5056 n_on
3605 4991 3777 5049 opera

2126 5048 2359 5112 tantum
2392 5048 2585 5109 carnis
2616 5050 3032 5124 intelligendus
3058 5055 3147 5105 est
3173 5050 3347 5124 divus
3373 5048 3600 5124 Paulus
3626 5048 3779 5124 com-

2129 5142 2475 5204 memrorare,
2503 5141 2573 5180 ne
2600 5119 2892 5204 videantur
2914 5123 3017 5177 illa
3062 5120 3303 5204 excludi,
3332 5119 3409 5204 id_
3424 5126 3515 5177 est
3531 5123 3779 5204 peccata

375 5196 523 5270 tatis,
552 5198 748 5263 quibus
780 5193 969 5255 anima
999 5193 1275 5270 {iravetun
1313 5200 1457 5253 Loco
1490 5193 1682 5270 quibus
1705 5193 2019 5269 legendum
2130 5199 2404 5270 spiritus,
2417 5196 2701 5270 superius
2731 5199 3209 5270 commemorata,
3241 5208 3362 5264 quas
3386 5193 3660 5258 homines,
3692 5206 3780 5247 ne-

376 5264 653 5358 duximus
680 5285 780 5358 quo
806 5264 1222 5353 ;.quid'au.tem
1254 5286 1360 5358 pro
1374 5264 1526 5350 fastu
1547 5264 2021 5358 intelligendum,

2130 5267 2343 5358 quin?
2370 5267 2891 5358 ἱῃὲμίέἴῖφῖῗηέἲί,
2908 5273 3189 5358 δξηειῖξιῖίξζ

3269 5351 3295 5358 ..
3356 5338 3409 5358 -L
3445 5334 3772 5358 -.1.1--.1.-...
