3974 5358
175 434 283 499 541

768 440 1181 505 EXPOSITIO
1224 442 1301 504 IN
1348 437 1774 502 EPISTULAS
1820 436 2075 500 PAULI.
2107 470 2184 481 —
2214 439 2293 499 IN
2338 436 2588 500 EPIST.
2637 439 2738 498 AD
2784 429 2956 498 ΘΑΕ.

3441 424 3562 489 542

178 589 363 643 mone,
396 589 512 645 quo
542 578 633 629 est
656 575 856 645 gloria,
890 576 1059 631 multi
1080 576 1211 631 libri
1235 580 1465 632 exstant
1484 573 1811 647 gentllium.
1848 579 1897 641 Α
1929 579 2039 639 est,
2074 590 2189 628 una
2218 590 2350 629 cum
2381 574 2473 628 Dei
2505 570 2796 643 adjutorio
2820 569 2967 639 (982)
2992 584 3005 633 ;
3030 570 3254 623 tentare
3281 580 3571 632 vero,non

178 663 475 719 Invenitur
502 663 678 719 etiam
709 670 767 719 et
794 664 854 720 in
899 666 1128 721 divinis.
1163 667 1273 721 Sed
1308 666 1542 737 ponitur
1571 665 1629 720 in
1664 666 1816 720 bono

178 758 232 809 et
258 752 315 806 in
349 752 539 808 malo:
574 753 633 807 in
668 754 843 817 malo,
876 760 942 809 ut
969 758 1057 810 est
1085 755 1227 811 illud
1255 772 1267 809 :
1304 756 1500 811 Omnia
1528 770 1699 823 opera
1719 770 1817 808 sua

175 843 383 913 faciant
412 846 473 897 ut
491 842 897 913 gloriﬁcentur,
928 844 1073 915 (979)
1095 846 1160 899 ab
1193 844 1541 905 hominibus;
1574 844 1632 897 in
1665 844 1818 898 bono

177 935 335 986 utest
356 930 503 985 illud
530 947 541 984 :
566 933 674 999 Qui
691 934 1055 1000 gloriatur,in
1080 936 1314 989 Domino
1330 932 1603 1001 glorietur
1622 934 1670 1003 (Ι
1690 932 1814 986 Cor.

178 1038 214 1085 ι,
243 1020 331 1083 31,
366 1020 416 1074 II
444 1019 564 1075 Cor.
598 1038 654 1087 ι,
716 1023 842 1090 17);
875 1027 967 1077 et:
1029 1027 1145 1094 Ego
1194 1024 1435 1090 gloriam
1493 1039 1675 1076 meam
1708 1037 1816 1076 non

176 1124 352 1181 qumro
381 1108 559 1178 (Joan.
590 1126 712 1178 vm,
743 1112 855 1179 50).
890 1112 956 1165 Et
986 1111 1115 1167 ideo
1146 1112 1283 1183 quia
1325 1117 1384 1166 et
1413 1111 1469 1165 in
1499 1112 1649 1166 bono
1673 1115 1729 1165 et
1759 1110 1817 1164 in

177 1195 325 1252 malo
357 1196 614 1267 ponitur,
647 1214 780 1253 cum
812 1199 1137 1269 adjectione
1167 1200 1365 1271 posuit
1391 1202 1618 1265 inanis,-
1649 1199 1821 1253 debe-

177 1301 304 1340 mus
336 1301 591 1358 namque
619 1303 747 1343 esse
803 1288 1023 1359 cupidi,
1058 1290 1157 1343 sed
1210 1306 1324 1343 non
1372 1288 1565 1344 inanis
1596 1286 1813 1360 glorise.

174 1373 343 1429 Verbi
372 1375 559 1446 gratia
588 1376 725 1432 facit
755 1375 970 1449 aliquis
1019 1378 1443 1450 eleemosynam
1474 1395 1485 1431 :
1522 1377 1570 1433 si
1620 1377 1817 1431 studio

174 1462 439 1535 placendi
469 1464 831 1534 hominibus,
864 1466 1138 1533 inanem;
1174 1468 1221 1521 si
1248 1472 1379 1529 Deo,
1413 1466 1660 1522 solidam
1693 1463 1815 1535 glo-

173 1552 321 1607 riam
354 1552 716 1624 quaeritAdit
741 1555 872 1625 quis
895 1558 1240 1628 martyrium
1271 1575 1282 1611 :
1312 1557 1357 1612 si
1383 1557 1511 1624 deo,
1546 1561 1609 1610 ut
1638 1571 1818 1609 mem-

174 1640 275 1695 bra
306 1640 470 1698 illius
492 1644 845 1699 venerationi
885 1645 1232 1710 habeantur,
1291 1650 1347 1699 et
1377 1650 1442 1699 ut
1470 1644 1566 1699 ille
1599 1648 1819 1714 martyr

173 1729 420 1795 dicatur,
455 1731 565 1786 iste
594 1730 828 1788 inanem
863 1732 1112 1803 gloriam
1136 1734 1361 1805 quaerit.
1386 1734 1547 1788 Unde
1577 1733 1674 1788 ubi
1712 1748 1818 1807 nos

173 1816 428 1874 dicimus
452 1836 463 1874 :
489 1819 548 1874 Si
568 1821 841 1877 tradidero
856 1838 1051 1893 corpus
1070 1838 1271 1891 meum,
1295 1826 1357 1877 ut
1380 1824 1602 1877 ardeam
1617 1823 1661 1893 (I
1690 1824 1814 1878 Cor.

167 1923 284 1973 xm,
311 1908 386 1977 3),
412 1906 620 1965 melius
646 1910 701 1964 in
726 1910 921 2008 Graeco
948 1911 1215 1977 habetur,
1257 1913 1318 2008 in
1358 1912 1543 2009 gloria
1565 1912 1715 2010 (9S0)
1736 1929 1748 1965 :
1767 1910 1815 1965 si
1852 1945 1897 2010 Β

169 2012 321 2065 vero,
354 2001 418 2051 ut
447 2013 479 2051 a
509 2001 622 2053 Deo
654 1998 1097 2053 retributionem
1130 1998 1395 2070 accipiat,
1442 1998 1541 2054 ille
1572 1998 1818 2054 solidam

171 2084 418 2157 gloriam
456 2086 680 2158 quaerit.

238 2176 390 2245 (981)
421 2176 573 2247 (CAP.
607 2176 726 2249 VI.)
758 2179 993 2244 Fratres,
1044 2179 1096 2233 el
1124 2180 1174 2233 si
1212 2186 1621 2249 praeoccupatus
1649 2180 1823 2248 fuerit

174 2262 463 2329 homo,etc.
474 2265 704 2322 Fratres
718 2266 972 2338 appellat
985 2266 1280 2338 spiritales
1297 2267 1613 2322 :hominem
1630 2267 1822 2339 appel-

176 2351 246 2406 lat
260 2352 555 2424 fragilem,
569 2358 627 2408 et
642 2353 704 2410 in
725 2354 853 2426 ipso
867 2356 1102 2411 nomine
1120 2357 1377 2412 ostendit
1397 2356 1563 2411 illum
1589 2356 1816 2412 veniam

176 2443 227 2494 et
250 2439 678 2513 indulgentiam
711 2444 1047 2513 promereri.
1082 2445 1227 2500 Nam
1263 2445 1559 2501 hominem
1592 2444 1818 2513 dicit,id

172 2532 279 2593 est,
314 2530 577 2602 fragilem
611 2536 669 2586 et
700 2537 1079 2602 peccatorem.
1110 2534 1178 2589 Et
1217 2539 1353 2589 nota
1378 2535 1518 2605 quia
1542 2548 1819 2604 praeoccu-

168 2620 330 2688 patus
359 2618 519 2676 dicit.
554 2618 654 2677 Ille
686 2628 1142 2693 praeoccupatur,
1175 2624 1275 2693 qui
1306 2640 1422 2678 non
1452 2623 1669 2692 studio,
1701 2639 1817 2677 non

172 2707 573 2776 meditatione,
607 2726 720 2764 non
753 2710 1175 2767 deliberatione
1204 2718 1421 2783 peccat,
1449 2714 1550 2768 sed
1584 2718 1821 2769 casu.Et

168 2800 331 2863 nota,
364 2798 503 2868 quia
531 2814 646 2853 non
676 2799 850 2853 dicit:
882 2801 946 2853 In
966 2802 1173 2865 multis,
1198 2802 1297 2855 sed
1324 2802 1381 2854 in
1421 2802 1647 2871 aliquo;
1680 2802 1821 2873 quia

166 2883 291 2949 ille,
322 2886 421 2956 qui
459 2891 898 2958 praeoccupetur
926 2889 983 2942 in
1016 2887 1212 2957 aliquo
1244 2890 1306 2942 in
1332 2891 1539 2958 spiritu
1572 2892 1820 2946 lenitatis

162 2972 382 3045 corrigi
414 2974 605 3030 debet.

242 3065 348 3117 Vos
375 3064 471 3131 qui
525 3064 808 3133 spiritales
864 3065 1028 3129 estis;
1086 3064 1143 3117 id
1202 3068 1309 3131 est,
1356 3080 1477 3129 vos,
1533 3066 1634 3135 qui
1666 3066 1821 3121 ultra

161 3149 443 3205 homines
472 3149 635 3215 estis,
686 3153 945 3207 instruite
1001 3154 1060 3207 in
1089 3154 1293 3223 spiritu
1326 3153 1588 3219 lenitatis,
1620 3154 1677 3207 id
1709 3158 1816 3221 est,

164 3238 670 3304 mansuetudinis,
694 3243 758 3295 ut
789 3256 902 3294 non
927 3240 1007 3295 sis
1033 3241 1281 3312 rigidus,
1306 3241 1776 3305 szevus,crudelis
1800 3260 1815 3310 ;

1927 664 2154 733 tentati,
2189 664 2288 718 sed
2324 665 2593 718 testantis
2623 667 2713 717 est
2749 660 2806 715 in
2838 662 3145 731 potestate.

1997 754 2103 809 Sed
2137 754 2279 808 forte
2310 753 2455 807 dicit
2479 752 2835 823 aliquisjam
2866 749 3037 819 longo
3060 746 3220 802 senio
3251 746 3572 813 confectus,

1930 844 2027 899 sed
2062 843 2189 897 ideo
2222 843 2391 897 timet
2440 841 2653 895 acriter
2684 840 2973 909 corrigere
3004 837 3150 907 (983)
3178 853 3190 901 ;
3225 850 3330 906 ego
3354 835 3479 903 jam
3508 833 3567 887 in

1930 937 2094 1003 portu
2122 930 2563 1000 tranquillitatis
2594 928 3087 989 consisto,acriter
3112 924 3417 994 corrigere,
3446 938 3575 993 pos-

1927 1020 2200 1075 sum.Sed
2233 1019 2280 1073 si
2304 1018 2402 1073 ille
2434 1019 2620 1085 timet,
2650 1034 2719 1071 ne
2740 1015 3236 1080 tentetur,acriter
3260 1012 3571 1083 corrigere,

1929 1109 2113 1163 multo
2147 1109 2333 1177 magis
2362 1108 2472 1162 iste
2504 1108 2673 1161 facit:
2726 1105 2865 1176 quia
2911 1104 3193 1174 cogniscit
3224 1120 3324 1172 per
3347 1105 3486 1171 quot
3517 1104 3574 1154 et

1926 1204 2148 1269 quanta
2170 1199 2425 1269 pericula
2446 1198 2515 1251 ad
2540 1194 2983 1267 tranquillitatis
3010 1196 3240 1263 portum
3274 1190 3572 1261 pervenire

1928 1288 2136 1358 potuit.
2175 1288 2305 1341 Adit
2334 1287 2465 1358 quis
2496 1286 2862 1356 martyrium,
2885 1288 2941 1339 et
2967 1280 3174 1349 evadit,
3197 1284 3253 1334 et
3280 1280 3433 1334 videt
3466 1277 3571 1331 ali-

1927 1395 2101 1449 quem
2134 1377 2379 1431 diversis
2428 1376 2787 1431 cruciatibus
2840 1373 3123 1429 afﬁictum
3174 1382 3422 1439 negare:
3456 1383 3571 1420 non

1928 1467 2178 1523 miratur
2208 1467 2361 1537 quod
2420 1465 2515 1519 ille
2550 1463 2802 1537 negavit,
2866 1462 2964 1516 sed
3010 1458 3301 1530 quomodo
3332 1456 3572 1512 evadere

1928 1556 2136 1628 potuit.

1998 1644 2152 1700 Alter
2180 1647 2429 1699 alterius.
2462 1643 2747 1698 Salutaris
2778 1645 2868 1697 est
2897 1640 3015 1694 haec
3046 1636 3389 1693 admonitio.
3409 1637 3574 1690 Tunc

1926 1735 2140 1790 etenim
2171 1750 2348 1789 onera
2380 1738 2701 1804 portamus,
2735 1748 2868 1785 cum
2899 1734 3100 1784 nostra
3130 1726 3405 1781 ﬁrmitate
3434 1724 3573 1779 alte-

1928 1823 2051 1878 rius
2081 1824 2505 1886 inﬁrmitatem,
2526 1826 2582 1877 et
2605 1819 2895 1892 sapientia
2915 1816 3311 1888 insipientiam
3337 1818 3568 1869 susten-

1928 1917 2142 1967 tamus.
2176 1916 2250 1967 Et
2274 1914 2354 1966 sic
2404 1911 2794 1981 adimplebitis,
2826 1912 2935 1963 etc.
2970 1910 3166 1973 Legem
3228 1903 3437 1957 Christi
3467 1919 3571 1972 ap-

1932 2000 2110 2072 pellat
2144 2004 2492 2071 przeceptum
2541 1998 2777 2061 Christi,
2832 1996 2973 2050 illud
3008 1994 3231 2065 utique,
3266 1992 3419 2046 unde
3450 1991 3574 2061 ipse

1932 2090 2071 2144 dicit
2097 2107 2108 2145 :
2144 2092 2252 2145 Hoc
2270 2098 2348 2145 est
2374 2098 2717 2159 praeceptum
2744 2103 2945 2153 meum,
2978 2090 3040 2137 ut
3061 2083 3311 2152 diligatis
3341 2082 3577 2134 invicem

1930 2181 2107 2249 (Joan.
2140 2197 2229 2248 xv,
2257 2180 2363 2249 12),
2398 2178 2560 2244 Quod
2594 2179 2946 2249 praeceptum
2981 2174 3038 2227 in
3070 2174 3399 2243 exaggerat,
3420 2173 3483 2222 ut
3513 2168 3572 2222 in

1930 2269 2314 2340 sequentibus
2342 2268 2497 2322 dicat
2555 2268 2737 2336 (984):
2798 2267 2855 2320 In
2890 2265 2985 2320 hoc
3014 2264 3331 2331 cognoscent
3372 2273 3571 2325 omnes,

1929 2360 2060 2428 quia
2088 2360 2201 2412 mei
2227 2358 2485 2427 discipuli
2513 2356 2663 2418 estis,
2694 2358 2801 2409 etc.

2000 2448 2139 2501 Nam
2167 2449 2222 2501 si
2251 2449 2393 2517 quis,
2427 2451 2534 2500 etc.
2554 2444 2726 2499 Verbi
2760 2442 2947 2513 gratia
2967 2441 3123 2495 videt
3144 2438 3357 2509 aliquis
3378 2453 3577 2508 quem-

1929 2535 2085 2607 piam
2116 2535 2515 2607 insipientem,
2539 2551 2605 2589 ex
2628 2533 2788 2587 illius
2811 2530 3150 2602 insipientia
3170 2527 3294 2581 vult
3324 2542 3453 2581 esse
3483 2542 3575 2580 sa-

1928 2625 2096 2696 piens
2122 2642 2134 2691 ;
2156 2624 2429 2679 similiter
2448 2624 2759 2693 injustum,
2782 2624 2888 2675 etc.
2916 2621 3058 2674 Cum
3078 2618 3172 2672 ille
3193 2615 3405 2686 aliquid
3424 2616 3576 2671 msti-

1927 2722 2042 2768 mat
2069 2730 2125 2767 se
2152 2729 2281 2778 esse,
2342 2721 2393 2767 et
2420 2711 2570 2765 nihil
2606 2720 2705 2774 est,
2760 2710 2967 2765 seducit
3022 2724 3117 2761 se:
3152 2708 3344 2776 potest
3374 2702 3572 2758 referri

1927 2803 1996 2857 ad
2030 2802 2419 2872 superiora,ut
2441 2802 2519 2856 sit
2537 2816 2748 2856 sensus
2771 2799 2847 2855 :Si
2872 2797 3005 2869 quis
3035 2795 3330 2851 existimat
3352 2792 3573 2863 aliquid

1926 2907 2056 2946 esse
2086 2892 2145 2944 in
2168 2890 2630 2953 circumcisione,
2656 2906 2788 2943 cum
2822 2888 2901 2941 sit
2922 2884 3088 2951 nihil,
3123 2883 3349 2939 seducit
3378 2898 3456 2937 se.
3483 2881 3567 2935 Ad

1928 2977 2229 3047 superiora
2241 2979 2445 3033 attinet
2459 2978 2611 3049 quod
2628 2976 2851 3031 subdit:
2876 2978 3019 3045 Opus
3030 2978 3209 3028 autem
3228 2988 3411 3036 suum,
3426 2975 3567 3033 etc.;

1928 3064 2093 3134 quasi
2129 3066 2380 3120 diceret:
2416 3066 2464 3119 si
2496 3066 2773 3120 interiora
2801 3081 2909 3119 sua
2942 3066 3343 3134 perscrutatus
3375 3058 3571 3121 fuerit,

1928 3168 2242 3223 agnoscere
2275 3159 2481 3224 potest,
2529 3168 2878 3225 cognoscere
2922 3150 3075 3206 valet
3106 3150 3164 3203 in
3197 3165 3281 3213 se,
3313 3148 3359 3202 si
3395 3147 3572 3201 habet

1930 3243 2085 3297 unde
2116 3242 2569 3313 glorietur.Nam
2622 3239 2818 3296 nullus
2871 3240 2921 3294 ei
2951 3238 3193 3293 vicinior
3222 3240 3311 3291 est
3338 3238 3487 3307 ipso,
3519 3240 3575 3289 et

162 3324 312 3396 quia
342 3326 391 3380 si
422 3342 660 3382 severus
715 3333 773 3383 et
801 3328 1055 3384 crudelis
1113 3329 1350 3394 existas,
1383 3346 1497 3386 non
1528 3348 1590 3386 es
1621 3331 1816 3386 imita-
1851 3314 1892 3380 ί]
1930 3331 2060 3386 ideo
2094 3332 2141 3385 si
2164 3337 2461 3387 scrutatus
2485 3330 2675 3396 fuerit,
2698 3348 2809 3385 non
2836 3345 2974 3384 suas
2995 3328 3145 3382 vires
3166 3325 3409 3380 alterius
3438 3322 3574 3377 viri-

162 3418 262 3468 tor
289 3412 581 3485 illius,qui
611 3416 682 3470 de
707 3416 849 3471 caelo
872 3417 1172 3472 descendit
1192 3419 1263 3474 ad
1297 3424 1481 3474 terras
1503 3436 1604 3487 pro
1628 3420 1818 3475 salute

164 3501 415 3556 humani
438 3504 805 3572 generis.Sed
856 3505 1041 3561 oritur
1088 3508 1331 3578 quaestio
1364 3525 1545 3579 quare
1575 3509 1728 3564 dicat
1758 3509 1816 3564 in

163 3590 376 3661 spiritu
410 3590 683 3647 lenitanis
714 3593 945 3666 corrigi,
978 3612 1113 3650 cum
1145 3596 1204 3650 in
1237 3597 1493 3668 Epistola
1513 3597 1584 3652 ad
1616 3597 1816 3653 Corin-

162 3679 323 3734 thios
354 3680 544 3735 dicat:
576 3684 644 3735 In
674 3683 839 3750 virga
880 3686 1098 3739 veniam
1136 3684 1206 3738 ad
1238 3701 1346 3750 vos,
1381 3690 1490 3740 etc.
1528 3686 1573 3755 (Ι
1604 3686 1708 3741 Cor
1739 3704 1813 3754 ιν,

161 3768 278 3839 21).
312 3769 422 3824 Sed
454 3768 625 3825 facile
654 3770 917 3825 solvitur.
953 3772 1097 3836 Quia
1120 3772 1225 3839 illi,
1246 3774 1345 3844 qui
1376 3774 1591 3843 studio,
1626 3776 1817 3829 medi-

163 3860 386 3912 tatione
412 3861 469 3913 et
498 3859 914 3916 deliberatione
962 3866 1223 3930 peccant,
1276 3876 1513 3916 necesse
1544 3867 1632 3916 est
1656 3862 1818 3935 virga

164 3946 497 4003 severitatis
518 3948 923 4019 corrigantur;
950 3948 1034 4003 illi
1058 3950 1317 4020 vero,qui
1346 3950 1573 4016 casu,in
1606 3951 1817 4021 spiritu

162 4032 447 4090 lenitatis.
480 4036 673 4092 Potest
704 4036 905 4092 referri
937 4038 1009 4092 ad
1046 4038 1441 4109 superiora,ut
1463 4038 1539 4093 sit
1567 4056 1814 4094 sensus:

162 4121 225 4177 Si
257 4122 477 4195 aliquis
506 4126 709 4181 tardus
739 4142 807 4181 ex
827 4126 1152 4199 gentilitate
1184 4126 1272 4183 vel
1296 4144 1364 4182 ex
1391 4128 1699 4182 Judaismo
1728 4143 1821 4183 ve-

164 4214 322 4269 nerit
350 4214 422 4269 ad
459 4214 655 4281 ﬁdem,
688 4215 1027 4271 tolerandos
1055 4220 1161 4284 est,
1190 4232 1498 4289 quousque
1530 4217 1814 4289 proﬁciat.

164 4302 235 4357 Et
263 4318 450 4373 quare
472 4302 695 4358 dixerat
718 4320 731 4358 :
759 4304 819 4359 In
836 4306 1040 4375 spiritu
1074 4304 1345 4369 lenitatis,
1369 4308 1599 4362 subdit:
1636 4308 1814 4363 Consi.

163 4390 373 4446 darans
403 4394 453 4446 te
482 4394 683 4462 ipsum,
739 4397 873 4459 etc.,
905 4394 1073 4464 quasi
1133 4394 1368 4450 diceret.
1419 4396 1734 4453 Considera
1764 4404 1819 4453 te

164 4478 467 4536 hominem
499 4496 628 4536 esse
648 4480 938 4554 fragilem,
962 4498 1200 4553 peccare
1226 4500 1416 4554 posse,
1448 4489 1505 4539 et
1534 4487 1813 4555 potuisse.

164 4569 236 4623 Et
264 4572 404 4625 nota
431 4569 589 4641 quia,
623 4586 736 4625 non
769 4570 949 4627 dicit:
981 4571 1057 4626 Ne
1074 4575 1133 4625 tu
1152 4572 1337 4638 cadas,
1362 4574 1484 4641 sed,
1515 4590 1586 4629 ne
1612 4584 1672 4629 tu
1702 4580 1817 4630 ten-

1928 3421 2040 3476 bus
2067 3422 2362 3476 metietur.

2002 3511 2396 3581 Unusquisque,
2430 3515 2539 3565 etc.
2603 3507 2968 3564 Contrarium
3026 3509 3115 3560 est
3146 3504 3253 3559 hoc
3283 3501 3574 3574 superiori

1927 3598 2078 3662 loco,
2113 3599 2210 3652 ubi
2260 3598 2521 3652 dixerat:
2557 3598 2703 3652 Alter
2758 3598 3007 3659 alterius,
3060 3598 3168 3649 etc.
3203 3592 3312 3647 Sed
3348 3608 3460 3645 non
3494 3592 3583 3645 est

1926 3687 2305 3753 contrarium,
2341 3688 2480 3758 quia
2510 3686 2589 3740 ibi
2638 3688 2707 3740 de
2738 3685 3012 3757 operibus
3056 3682 3289 3755 pietatis
3318 3687 3371 3736 et
3402 3680 3575 3735 casti-

1926 3776 2063 3830 tatis
2094 3776 2459 3845 loquebatur,
2491 3775 2585 3829 hic
2614 3791 2744 3829 vero
2776 3775 2846 3827 de
2874 3772 3100 3841 merito,
3125 3777 3189 3826 ut
3218 3771 3295 3825 sit
3324 3784 3533 3825 sensus
3560 3783 3573 3821 :

1930 3865 2307 3933 Unusquisque
2338 3881 2475 3918 onus
2518 3880 2680 3917 suum
2698 3864 2975 3933 portabit;
3016 3862 3074 3916 id
3107 3866 3214 3925 est,
3250 3857 3572 3929 unusquis-

1928 3970 2040 4022 que
2071 3954 2392 4007 secundum
2452 3952 2748 4022 pr0prium
2812 3952 3085 4005 meritum
3133 3949 3377 4019 accipiet
3407 3948 3575 4002 retri-

1928 4041 2248 4095 butionem.
2304 4041 2498 4094 Potest
2528 4040 2726 4093 referri
2789 4040 2885 4093 ubi
2920 4040 3082 4101 dicit,
3136 4037 3289 4093 alter
3315 4038 3569 4103 alterius,

1928 4137 1993 4183 ut
2022 4129 2098 4183 sit
2128 4145 2373 4185 sensus:
2418 4129 2501 4181 Tu
2565 4128 2698 4198 quis
2755 4127 2861 4181 es?
2894 4144 3007 4181 non
3066 4126 3303 4180 dubitas
3332 4125 3575 4179 alterius

1928 4219 2330 4273 inﬁrmitatem
2362 4222 2710 4283 sustentare,
2737 4216 2877 4287 quia
2898 4232 3012 4271 non
3036 4214 3156 4268 vice
3187 4213 3347 4267 illius
3376 4213 3569 4283 inqui-

1927 4306 2181 4371 naberis,
2215 4306 2492 4377 quoniam
2544 4307 2915 4376 unusquisque
2961 4319 3093 4359 onus
3122 4319 3285 4357 suum
3310 4302 3569 4372 portabit.

1928 4401 2123 4452 Potest
2179 4396 2377 4451 referri
2433 4396 2503 4450 ad
2536 4394 2643 4450 hoc
2700 4395 2856 4465 quod
2916 4392 3054 4447 dicit
3080 4394 3139 4446 in
3171 4393 3369 4461 altero,
3404 4396 3468 4445 ut
3498 4390 3575 4445 sit

1927 4502 2171 4541 sensus:
2208 4486 2330 4540 Non
2362 4484 2636 4539 laudibus
2668 4483 2907 4538 alterius
2948 4480 3265 4546 extollaris,
3299 4484 3365 4533 ut
3395 4478 3571 4535 talem

1927 4578 1988 4627 tu
2022 4590 2150 4629 esse
2182 4574 2383 4629 credas
2434 4573 2624 4644 qualis
2667 4572 2898 4637 diceris,
2949 4570 3086 4643 quia
3117 4576 3173 4625 et
3202 4575 3263 4625 tu
3295 4574 3486 4637 tuum,
3518 4574 3575 4623 et

167 4660 313 4713 teris.
346 4659 492 4714 Nam
522 4660 843 4729 cadere,vel
874 4676 988 4716 non
1021 4661 1227 4716 cadere
1258 4666 1471 4717 nostra;
1504 4666 1812 4734 potestatis
1844 4682 1890 4746 Β
1925 4662 2021 4717 ille
2051 4679 2224 4717 suum
2256 4679 2403 4717 onus
2436 4661 2710 4732 portabit.

242 4802 392 4880 (979)
422 4803 592 4880 Υιιιε.
607 4802 932 4880 _videan_tur.
968 4804 1094 4880 Ipse
1121 4807 1312 4880 autem
1346 4803 1515 4880 divus
1543 4806 1818 4880 Hierony-

172 4889 307 4928 mus
339 4874 396 4947 in
428 4874 578 4930 hanc
607 4874 955 4947 Epistolam,
986 4875 1142 4930 hunc
1166 4875 1394 4930 Mathaai
1425 4880 1645 4933 textum
1682 4874 1816 4934 alle-

174 4958 339 5018 gans,
373 4945 512 5017 legit
538 4945 938 5018 glori/iocatur.

245 5016 391 5085 (980)
425 5016 552 5075 Non
596 5020 658 5074 in
712 5016 916 5088 gloria,
975 5018 1075 5073 sed
1122 5019 1325 5089 glorier
1379 5019 1554 5075 habet
1584 5021 1816 5077 Graecus

176 5090 387 5155 textus,
419 5089 585 5165 facile
615 5094 825 5165 autem
844 5091 955 5144 fuit
982 5089 1321 5165 κᾳυϐᾔσομαι
1374 5096 1429 5146 et
1461 5094 1813 5165 καυχήσομαι

176 5173 417 5196 anns-nm
455 5162 697 5198 ..μη-..πη
725 5162 947 5200 nwlnnm
995 5162 1200 5200 nini-ias-
1227 5162 1467 5202 altor-nm
1503 5162 1791 5204 cirr‘nifihnf

1924 4822 2045 4860 cum
2080 4807 2179 4859 Dei
2207 4805 2503 4875 adjutorio.

1997 4878 2145 4947 (985)
2177 4873 2399 4930 Sensus
2432 4874 2523 4929 hic
2573 4874 2938 4945 aliquantum
2973 4875 3295 4932 obscurior.
3329 4873 3573 4927 Videtur

1928 4946 2070 5003 mihi
2088 4948 2221 5002 talis
2241 4964 2369 5004 esse
2391 4947 2531 5001 ordo
2550 4947 2941 5011 verborum,et
2958 4962 3165 5003 sensus
3184 4967 3195 5003 :
3217 4948 3351 5003 Dicit
3366 4946 3572 5013 aliquis

1924 5023 2076 5075 senio
2092 5022 2364 5089 confectus
2375 5038 2397 5085 ,-
2418 5018 2533 5073 ideo
2550 5020 2701 5073 timet
2727 5019 3017 5090 Apostolus
3057 5022 3259 5075 acriter
3280 5017 3571 5090 corrigere,

1927 5094 2055 5163 quia
2087 5088 2289 5147 tentari
2320 5094 2513 5148 timet:
2546 5107 2643 5161 ego
2672 5088 2852 5146 autem
2875 5092 2994 5161 jam
3024 5091 3084 5142 in
3112 5100 3273 5159 portu
3302 5088 3577 5163 consisto;

1926 5161 2140 5206 imxsnm
2176 5166 2349 5206 initur
2405 5165 2614 5206 nrritpr
2657 5167 2944 5206 mrrinere.
3006 5165 3320 5206 resnnnrlnt
3379 5161 3581 5206 auctor
