  <div class='ocr_page' id='page_1' title='image "/cluster/home/n/w/nwhite01/storage/ocr_20150623/134/hvd.32044015471741/270.png"; bbox 0 0 3974 5358; ppageno 0'>
   <div class='ocr_carea' id='block_1_1' title="bbox 137 235 246 297">
    <p class='ocr_par' dir='ltr' id='par_1_1' title="bbox 137 235 246 297">
     <span class='ocr_line' id='line_1_1' title="bbox 137 235 246 297; baseline 0 0"><span class='ocrx_word' id='word_1_1' title='bbox 137 235 246 297; x_wconf 75' lang='grc' dir='ltr'>5ιό</span> 
     </span>
    </p>
   </div>
   <div class='ocr_carea' id='block_1_2' title="bbox 677 227 2963 295">
    <p class='ocr_par' dir='ltr' id='par_1_2' title="bbox 677 227 2963 295">
     <span class='ocr_line' id='line_1_2' title="bbox 677 227 2963 295; baseline 0.002 -6"><span class='ocrx_word' id='word_1_2' title='bbox 677 228 1093 291; x_wconf 85' lang='lat' dir='ltr'>EXPOSITIO</span> <span class='ocrx_word' id='word_1_3' title='bbox 1137 227 1215 287; x_wconf 87' lang='lat' dir='ltr'><strong>IN</strong></span> <span class='ocrx_word' id='word_1_4' title='bbox 1264 229 1691 290; x_wconf 77' lang='lat' dir='ltr'>EPISTULAS</span> <span class='ocrx_word' id='word_1_5' title='bbox 1741 230 1990 293; x_wconf 80' lang='lat' dir='ltr'><strong>PAULI.</strong></span> <span class='ocrx_word' id='word_1_6' title='bbox 2018 262 2092 274; x_wconf 93' lang='lat'><strong><em>—</em></strong></span> <span class='ocrx_word' id='word_1_7' title='bbox 2122 230 2198 291; x_wconf 87' lang='lat' dir='ltr'><strong>IN</strong></span> <span class='ocrx_word' id='word_1_8' title='bbox 2248 232 2494 292; x_wconf 85' lang='lat' dir='ltr'>EPIST.</span> <span class='ocrx_word' id='word_1_9' title='bbox 2541 232 2644 292; x_wconf 86' lang='lat' dir='ltr'>AD</span> <span class='ocrx_word' id='word_1_10' title='bbox 2691 232 2963 295; x_wconf 84' lang='lat' dir='ltr'>EPHES.</span> 
     </span>
    </p>
   </div>
   <div class='ocr_carea' id='block_1_3' title="bbox 3408 234 3525 295">
    <p class='ocr_par' dir='ltr' id='par_1_3' title="bbox 3408 234 3525 295">
     <span class='ocr_line' id='line_1_3' title="bbox 3408 234 3525 295; baseline 0 0"><span class='ocrx_word' id='word_1_11' title='bbox 3408 234 3525 295; x_wconf 66' lang='grc'>546</span> 
     </span>
    </p>
   </div>
   <div class='ocr_carea' id='block_1_4' title="bbox 138 358 3525 437">
    <p class='ocr_par' dir='ltr' id='par_1_4' title="bbox 138 358 3525 437">
     <span class='ocr_line' id='line_1_4' title="bbox 138 358 3525 437; baseline 0.001 -15"><span class='ocrx_word' id='word_1_12' title='bbox 138 368 258 423; x_wconf 84' lang='lat' dir='ltr'>loco</span> <span class='ocrx_word' id='word_1_13' title='bbox 279 379 467 437; x_wconf 83' lang='lat' dir='ltr'>usque</span> <span class='ocrx_word' id='word_1_14' title='bbox 487 363 558 419; x_wconf 86' lang='lat' dir='ltr'>ad</span> <span class='ocrx_word' id='word_1_15' title='bbox 592 362 770 418; x_wconf 77' lang='lat' dir='ltr'>tinem</span> <span class='ocrx_word' id='word_1_16' title='bbox 793 360 918 416; x_wconf 91' lang='lat' dir='ltr'>suis</span> <span class='ocrx_word' id='word_1_17' title='bbox 949 358 1223 415; x_wconf 89' lang='lat' dir='ltr'>manibus</span> <span class='ocrx_word' id='word_1_18' title='bbox 1250 360 1486 432; x_wconf 79' lang='lat' dir='ltr'>scripsit</span> <span class='ocrx_word' id='word_1_19' title='bbox 1505 374 1573 416; x_wconf 89' lang='lat' dir='ltr'>ea</span> <span class='ocrx_word' id='word_1_20' title='bbox 1594 360 1775 416; x_wconf 85' lang='lat' dir='ltr'>inten-</span> <span class='ocrx_word' id='word_1_21' title='bbox 1803 363 1858 428; x_wconf 77' lang='grc' dir='ltr'><strong>Α</strong></span> <span class='ocrx_word' id='word_1_22' title='bbox 1888 362 2127 429; x_wconf 90' lang='lat' dir='ltr'>mundo,</span> <span class='ocrx_word' id='word_1_23' title='bbox 2154 368 2210 418; x_wconf 89' lang='lat' dir='ltr'>et</span> <span class='ocrx_word' id='word_1_24' title='bbox 2233 368 2499 418; x_wconf 89' lang='lat' dir='ltr'>mortuus</span> <span class='ocrx_word' id='word_1_25' title='bbox 2521 367 2611 419; x_wconf 87' lang='lat' dir='ltr'>est</span> <span class='ocrx_word' id='word_1_26' title='bbox 2635 363 2751 419; x_wconf 82' lang='lat' dir='ltr'>illis</span> <span class='ocrx_word' id='word_1_27' title='bbox 2773 365 3051 419; x_wconf 92' lang='lat' dir='ltr'>mundus.</span> <span class='ocrx_word' id='word_1_28' title='bbox 3071 369 3145 419; x_wconf 88' lang='lat' dir='ltr'>De</span> <span class='ocrx_word' id='word_1_29' title='bbox 3168 365 3381 421; x_wconf 80' lang='lat' dir='ltr'>talibus</span> <span class='ocrx_word' id='word_1_30' title='bbox 3403 372 3525 424; x_wconf 91' lang='lat' dir='ltr'>erat</span> 
     </span>
    </p>
   </div>
   <div class='ocr_carea' id='block_1_5' title="bbox 138 449 1774 525">
    <p class='ocr_par' dir='ltr' id='par_1_5' title="bbox 138 449 1774 525">
     <span class='ocr_line' id='line_1_5' title="bbox 138 449 1774 525; baseline -0.003 -14"><span class='ocrx_word' id='word_1_31' title='bbox 138 458 307 519; x_wconf 85' lang='lat' dir='ltr'>tione,</span> <span class='ocrx_word' id='word_1_32' title='bbox 340 453 478 525; x_wconf 83' lang='lat' dir='ltr'>quia</span> <span class='ocrx_word' id='word_1_33' title='bbox 508 449 773 507; x_wconf 84' lang='lat' dir='ltr'>nonnulli</span> <span class='ocrx_word' id='word_1_34' title='bbox 811 454 978 504; x_wconf 89' lang='lat' dir='ltr'>erant</span> <span class='ocrx_word' id='word_1_35' title='bbox 1024 449 1121 520; x_wconf 90' lang='lat' dir='ltr'>qui</span> <span class='ocrx_word' id='word_1_36' title='bbox 1176 450 1445 504; x_wconf 88' lang='lat' dir='ltr'>dicebant</span> <span class='ocrx_word' id='word_1_37' title='bbox 1490 466 1625 505; x_wconf 83' lang='lat' dir='ltr'>eum</span> <span class='ocrx_word' id='word_1_38' title='bbox 1660 467 1774 507; x_wconf 90' lang='lat' dir='ltr'>non</span> 
     </span>
    </p>
   </div>
   <div class='ocr_carea' id='block_1_6' title="bbox 137 537 1779 614">
    <p class='ocr_par' dir='ltr' id='par_1_6' title="bbox 137 537 1779 614">
     <span class='ocr_line' id='line_1_6' title="bbox 137 537 1779 614; baseline -0.004 -15"><span class='ocrx_word' id='word_1_39' title='bbox 137 559 331 600; x_wconf 89' lang='lat' dir='ltr'>verum</span> <span class='ocrx_word' id='word_1_40' title='bbox 381 558 508 598; x_wconf 89' lang='lat' dir='ltr'>esse</span> <span class='ocrx_word' id='word_1_41' title='bbox 556 537 909 614; x_wconf 76' lang='lat' dir='ltr'>apostolum,</span> <span class='ocrx_word' id='word_1_42' title='bbox 955 538 1094 609; x_wconf 85' lang='lat' dir='ltr'>quia</span> <span class='ocrx_word' id='word_1_43' title='bbox 1148 538 1370 605; x_wconf 82' lang='lat' dir='ltr'>Petrus,</span> <span class='ocrx_word' id='word_1_44' title='bbox 1417 538 1672 596; x_wconf 86' lang='lat' dir='ltr'>Jacobus</span> <span class='ocrx_word' id='word_1_45' title='bbox 1720 542 1779 594; x_wconf 88' lang='lat' dir='ltr'>et</span> 
     </span>
    </p>
   </div>
   <div class='ocr_carea' id='block_1_7' title="bbox 135 626 1777 700">
    <p class='ocr_par' dir='ltr' id='par_1_7' title="bbox 135 626 1777 700">
     <span class='ocr_line' id='line_1_7' title="bbox 135 626 1777 700; baseline -0.005 -10"><span class='ocrx_word' id='word_1_46' title='bbox 135 635 381 691; x_wconf 78' lang='lat' dir='ltr'>Joannes</span> <span class='ocrx_word' id='word_1_47' title='bbox 399 628 713 686; x_wconf 81' lang='lat' dir='ltr'>carnaliter</span> <span class='ocrx_word' id='word_1_48' title='bbox 729 626 1235 699; x_wconf 85' lang='lat' dir='ltr'>circumcisionem</span> <span class='ocrx_word' id='word_1_49' title='bbox 1256 628 1570 700; x_wconf 65' lang='lat' dir='ltr'>praedicant</span> <span class='ocrx_word' id='word_1_50' title='bbox 1590 633 1645 682; x_wconf 92' lang='lat' dir='ltr'>et</span> <span class='ocrx_word' id='word_1_51' title='bbox 1663 644 1777 684; x_wconf 90' lang='lat' dir='ltr'>ser-</span> 
     </span>
    </p>
   </div>
   <div class='ocr_carea' id='block_1_8' title="bbox 136 714 1779 788">
    <p class='ocr_par' dir='ltr' id='par_1_8' title="bbox 136 714 1779 788">
     <span class='ocr_line' id='line_1_8' title="bbox 136 714 1779 788; baseline -0.004 -12"><span class='ocrx_word' id='word_1_52' title='bbox 136 726 288 787; x_wconf 87' lang='lat' dir='ltr'>vant,</span> <span class='ocrx_word' id='word_1_53' title='bbox 319 726 377 776; x_wconf 88' lang='lat' dir='ltr'>et</span> <span class='ocrx_word' id='word_1_54' title='bbox 422 718 640 775; x_wconf 85' lang='lat' dir='ltr'>Paulus</span> <span class='ocrx_word' id='word_1_55' title='bbox 688 734 863 773; x_wconf 89' lang='lat' dir='ltr'>suum</span> <span class='ocrx_word' id='word_1_56' title='bbox 905 714 1261 788; x_wconf 89' lang='lat' dir='ltr'>discipulum</span> <span class='ocrx_word' id='word_1_57' title='bbox 1303 716 1689 787; x_wconf 82' lang='lat' dir='ltr'>circumcidit,</span> <span class='ocrx_word' id='word_1_58' title='bbox 1722 720 1779 771; x_wconf 90' lang='lat' dir='ltr'>et</span> 
     </span>
    </p>
   </div>
   <div class='ocr_carea' id='block_1_9' title="bbox 138 804 1776 877">
    <p class='ocr_par' dir='ltr' id='par_1_9' title="bbox 138 804 1776 877">
     <span class='ocr_line' id='line_1_9' title="bbox 138 804 1776 877; baseline -0.005 -9"><span class='ocrx_word' id='word_1_59' title='bbox 138 828 263 868; x_wconf 90' lang='lat' dir='ltr'>cum</span> <span class='ocrx_word' id='word_1_60' title='bbox 314 808 533 864; x_wconf 69' lang='lat' dir='ltr'>Judaais</span> <span class='ocrx_word' id='word_1_61' title='bbox 585 823 646 863; x_wconf 90' lang='lat' dir='ltr'>se</span> <span class='ocrx_word' id='word_1_62' title='bbox 699 807 757 861; x_wconf 90' lang='lat' dir='ltr'>in</span> <span class='ocrx_word' id='word_1_63' title='bbox 808 804 1026 877; x_wconf 91' lang='lat' dir='ltr'>templo</span> <span class='ocrx_word' id='word_1_64' title='bbox 1079 805 1425 877; x_wconf 86' lang='lat' dir='ltr'>puriticavit.</span> <span class='ocrx_word' id='word_1_65' title='bbox 1460 807 1575 861; x_wconf 89' lang='lat' dir='ltr'>Isto</span> <span class='ocrx_word' id='word_1_66' title='bbox 1622 806 1776 861; x_wconf 90' lang='lat' dir='ltr'>enim</span> 
     </span>
    </p>
   </div>
   <div class='ocr_carea' id='block_1_10' title="bbox 140 894 1779 967">
    <p class='ocr_par' dir='ltr' id='par_1_10' title="bbox 140 894 1779 967">
     <span class='ocr_line' id='line_1_10' title="bbox 140 894 1779 967; baseline -0.004 -11"><span class='ocrx_word' id='word_1_67' title='bbox 140 916 245 956; x_wconf 90' lang='lat' dir='ltr'>uno</span> <span class='ocrx_word' id='word_1_68' title='bbox 299 900 536 955; x_wconf 79' lang='lat' dir='ltr'>fuerunt</span> <span class='ocrx_word' id='word_1_69' title='bbox 588 896 671 951; x_wconf 89' lang='lat' dir='ltr'>illi</span> <span class='ocrx_word' id='word_1_70' title='bbox 722 895 984 967; x_wconf 83' lang='lat' dir='ltr'>decepti;</span> <span class='ocrx_word' id='word_1_71' title='bbox 1037 899 1092 949; x_wconf 91' lang='lat' dir='ltr'>et</span> <span class='ocrx_word' id='word_1_72' title='bbox 1144 894 1251 950; x_wconf 91' lang='lat' dir='ltr'>hoc</span> <span class='ocrx_word' id='word_1_73' title='bbox 1301 894 1521 950; x_wconf 84' lang='lat' dir='ltr'>crimen</span> <span class='ocrx_word' id='word_1_74' title='bbox 1578 894 1779 950; x_wconf 89' lang='lat' dir='ltr'>volens</span> 
     </span>
    </p>
   </div>
   <div class='ocr_carea' id='block_1_11' title="bbox 140 982 1779 1060">
    <p class='ocr_par' dir='ltr' id='par_1_11' title="bbox 140 982 1779 1060">
     <span class='ocr_line' id='line_1_11' title="bbox 140 982 1779 1060; baseline -0.005 -15"><span class='ocrx_word' id='word_1_75' title='bbox 140 989 226 1045; x_wconf 90' lang='lat' dir='ltr'>ille</span> <span class='ocrx_word' id='word_1_76' title='bbox 256 992 506 1060; x_wconf 81' lang='lat' dir='ltr'>tergere,</span> <span class='ocrx_word' id='word_1_77' title='bbox 539 985 811 1041; x_wconf 91' lang='lat' dir='ltr'>manibus</span> <span class='ocrx_word' id='word_1_78' title='bbox 845 984 969 1039; x_wconf 86' lang='lat' dir='ltr'>suis</span> <span class='ocrx_word' id='word_1_79' title='bbox 999 983 1237 1050; x_wconf 87' lang='lat' dir='ltr'>scribit;</span> <span class='ocrx_word' id='word_1_80' title='bbox 1271 987 1328 1037; x_wconf 92' lang='lat' dir='ltr'>et</span> <span class='ocrx_word' id='word_1_81' title='bbox 1371 983 1622 1038; x_wconf 79' lang='lat' dir='ltr'>maxime</span> <span class='ocrx_word' id='word_1_82' title='bbox 1661 982 1779 1037; x_wconf 89' lang='lat' dir='ltr'>illis</span> 
     </span>
    </p>
   </div>
   <div class='ocr_carea' id='block_1_12' title="bbox 140 1072 1780 1144">
    <p class='ocr_par' dir='ltr' id='par_1_12' title="bbox 140 1072 1780 1144">
     <span class='ocr_line' id='line_1_12' title="bbox 140 1072 1780 1144; baseline -0.005 -8"><span class='ocrx_word' id='word_1_83' title='bbox 140 1076 430 1137; x_wconf 83' lang='lat' dir='ltr'>scribebat</span> <span class='ocrx_word' id='word_1_84' title='bbox 478 1076 749 1131; x_wconf 88' lang='lat' dir='ltr'>manibus</span> <span class='ocrx_word' id='word_1_85' title='bbox 796 1072 941 1139; x_wconf 87' lang='lat' dir='ltr'>suis,</span> <span class='ocrx_word' id='word_1_86' title='bbox 974 1073 1127 1129; x_wconf 90' lang='lat' dir='ltr'>inter</span> <span class='ocrx_word' id='word_1_87' title='bbox 1174 1088 1321 1144; x_wconf 92' lang='lat' dir='ltr'>quos</span> <span class='ocrx_word' id='word_1_88' title='bbox 1371 1078 1608 1128; x_wconf 84' lang='lat' dir='ltr'>noverat</span> <span class='ocrx_word' id='word_1_89' title='bbox 1652 1089 1780 1129; x_wconf 88' lang='lat' dir='ltr'>esse</span> 
     </span>
    </p>
   </div>
   <div class='ocr_carea' id='block_1_13' title="bbox 140 1160 1777 1238">
    <p class='ocr_par' dir='ltr' id='par_1_13' title="bbox 140 1160 1777 1238">
     <span class='ocr_line' id='line_1_13' title="bbox 140 1160 1777 1238; baseline -0.005 -15"><span class='ocrx_word' id='word_1_90' title='bbox 140 1167 283 1223; x_wconf 85' lang='lat' dir='ltr'>tales</span> <span class='ocrx_word' id='word_1_91' title='bbox 314 1164 414 1238; x_wconf 89' lang='lat' dir='ltr'>qui</span> <span class='ocrx_word' id='word_1_92' title='bbox 445 1168 647 1220; x_wconf 88' lang='lat' dir='ltr'>contra</span> <span class='ocrx_word' id='word_1_93' title='bbox 676 1161 978 1217; x_wconf 79' lang='lat' dir='ltr'>veritatem</span> <span class='ocrx_word' id='word_1_94' title='bbox 1029 1167 1084 1216; x_wconf 92' lang='lat' dir='ltr'>et</span> <span class='ocrx_word' id='word_1_95' title='bbox 1132 1162 1458 1216; x_wconf 86' lang='lat' dir='ltr'>doctrinam</span> <span class='ocrx_word' id='word_1_96' title='bbox 1501 1160 1660 1216; x_wconf 90' lang='lat' dir='ltr'>illius</span> <span class='ocrx_word' id='word_1_97' title='bbox 1692 1160 1777 1215; x_wconf 92' lang='lat' dir='ltr'>di-</span> 
     </span>
    </p>
   </div>
   <div class='ocr_carea' id='block_1_14' title="bbox 142 1250 1781 1321">
    <p class='ocr_par' dir='ltr' id='par_1_14' title="bbox 142 1250 1781 1321">
     <span class='ocr_line' id='line_1_14' title="bbox 142 1250 1781 1321; baseline -0.005 -9"><span class='ocrx_word' id='word_1_98' title='bbox 142 1256 442 1312; x_wconf 83' lang='lat' dir='ltr'>micarent.</span> <span class='ocrx_word' id='word_1_99' title='bbox 477 1253 605 1309; x_wconf 86' lang='lat' dir='ltr'>Sive</span> <span class='ocrx_word' id='word_1_100' title='bbox 656 1252 807 1321; x_wconf 91' lang='lat' dir='ltr'>ideo,</span> <span class='ocrx_word' id='word_1_101' title='bbox 840 1259 903 1306; x_wconf 92' lang='lat' dir='ltr'>ut</span> <span class='ocrx_word' id='word_1_102' title='bbox 946 1267 1113 1305; x_wconf 91' lang='lat' dir='ltr'>suam</span> <span class='ocrx_word' id='word_1_103' title='bbox 1146 1250 1548 1306; x_wconf 88' lang='lat' dir='ltr'>auctoritatem</span> <span class='ocrx_word' id='word_1_104' title='bbox 1582 1254 1781 1306; x_wconf 85' lang='lat' dir='ltr'>osten-</span> 
     </span>
    </p>
   </div>
   <div class='ocr_carea' id='block_1_15' title="bbox 143 1339 1781 1403">
    <p class='ocr_par' dir='ltr' id='par_1_15' title="bbox 143 1339 1781 1403">
     <span class='ocr_line' id='line_1_15' title="bbox 143 1339 1781 1403; baseline -0.005 0"><span class='ocrx_word' id='word_1_105' title='bbox 143 1347 299 1403; x_wconf 89' lang='lat' dir='ltr'>deret</span> <span class='ocrx_word' id='word_1_106' title='bbox 344 1350 400 1400; x_wconf 89' lang='lat' dir='ltr'>et</span> <span class='ocrx_word' id='word_1_107' title='bbox 447 1340 847 1398; x_wconf 84' lang='lat' dir='ltr'>manifestaret</span> <span class='ocrx_word' id='word_1_108' title='bbox 892 1357 953 1396; x_wconf 88' lang='lat' dir='ltr'>se</span> <span class='ocrx_word' id='word_1_109' title='bbox 1001 1356 1141 1395; x_wconf 90' lang='lat' dir='ltr'>suos</span> <span class='ocrx_word' id='word_1_110' title='bbox 1194 1339 1609 1395; x_wconf 87' lang='lat' dir='ltr'>obtrectatores</span> <span class='ocrx_word' id='word_1_111' title='bbox 1666 1355 1781 1395; x_wconf 93' lang='lat' dir='ltr'>non</span> 
     </span>
    </p>
   </div>
   <div class='ocr_carea' id='block_1_16' title="bbox 141 1427 1781 1504">
    <p class='ocr_par' dir='ltr' id='par_1_16' title="bbox 141 1427 1781 1504">
     <span class='ocr_line' id='line_1_16' title="bbox 141 1427 1781 1504; baseline -0.005 -13"><span class='ocrx_word' id='word_1_112' title='bbox 141 1435 365 1501; x_wconf 89' lang='lat' dir='ltr'>timere,</span> <span class='ocrx_word' id='word_1_113' title='bbox 398 1432 565 1504; x_wconf 84' lang='lat' dir='ltr'>quasi</span> <span class='ocrx_word' id='word_1_114' title='bbox 615 1431 833 1486; x_wconf 89' lang='lat' dir='ltr'>diceret</span> <span class='ocrx_word' id='word_1_115' title='bbox 867 1446 878 1484; x_wconf 91' lang='lat'>:</span> <span class='ocrx_word' id='word_1_116' title='bbox 932 1429 976 1485; x_wconf 92' lang='grc' dir='ltr'>Ο</span> <span class='ocrx_word' id='word_1_117' title='bbox 1023 1446 1128 1485; x_wconf 89' lang='lat' dir='ltr'>vos</span> <span class='ocrx_word' id='word_1_118' title='bbox 1178 1427 1413 1497; x_wconf 66' lang='lat' dir='ltr'>Galatas,</span> <span class='ocrx_word' id='word_1_119' title='bbox 1446 1428 1506 1483; x_wconf 93' lang='lat' dir='ltr'>in</span> <span class='ocrx_word' id='word_1_120' title='bbox 1546 1428 1654 1483; x_wconf 90' lang='lat' dir='ltr'>hoc</span> <span class='ocrx_word' id='word_1_121' title='bbox 1686 1444 1781 1483; x_wconf 84' lang='lat' dir='ltr'>co-</span> 
     </span>
    </p>
   </div>
   <div class='ocr_carea' id='block_1_17' title="bbox 139 1516 1783 1596">
    <p class='ocr_par' dir='ltr' id='par_1_17' title="bbox 139 1516 1783 1596">
     <span class='ocr_line' id='line_1_17' title="bbox 139 1516 1783 1596; baseline -0.005 -16"><span class='ocrx_word' id='word_1_122' title='bbox 139 1538 414 1596; x_wconf 80' lang='lat' dir='ltr'>gnoscere</span> <span class='ocrx_word' id='word_1_123' title='bbox 437 1520 685 1594; x_wconf 89' lang='lat' dir='ltr'>potestis</span> <span class='ocrx_word' id='word_1_124' title='bbox 709 1518 847 1591; x_wconf 89' lang='lat' dir='ltr'>quia</span> <span class='ocrx_word' id='word_1_125' title='bbox 876 1534 1013 1591; x_wconf 90' lang='lat' dir='ltr'>ergo</span> <span class='ocrx_word' id='word_1_126' title='bbox 1046 1534 1205 1574; x_wconf 88' lang='lat' dir='ltr'>meos</span> <span class='ocrx_word' id='word_1_127' title='bbox 1227 1516 1641 1573; x_wconf 83' lang='lat' dir='ltr'>obtrectatores</span> <span class='ocrx_word' id='word_1_128' title='bbox 1668 1533 1783 1572; x_wconf 89' lang='lat' dir='ltr'>non</span> 
     </span>
    </p>
   </div>
   <div class='ocr_carea' id='block_1_18' title="bbox 142 1606 1513 1683">
    <p class='ocr_par' dir='ltr' id='par_1_18' title="bbox 142 1606 1513 1683">
     <span class='ocr_line' id='line_1_18' title="bbox 142 1606 1513 1683; baseline -0.007 -13"><span class='ocrx_word' id='word_1_129' title='bbox 142 1614 339 1683; x_wconf 85' lang='lat' dir='ltr'>timeo,</span> <span class='ocrx_word' id='word_1_130' title='bbox 379 1627 513 1668; x_wconf 91' lang='lat' dir='ltr'>cum</span> <span class='ocrx_word' id='word_1_131' title='bbox 546 1609 820 1665; x_wconf 90' lang='lat' dir='ltr'>manibus</span> <span class='ocrx_word' id='word_1_132' title='bbox 853 1608 999 1663; x_wconf 87' lang='lat' dir='ltr'>meis</span> <span class='ocrx_word' id='word_1_133' title='bbox 1032 1607 1252 1663; x_wconf 90' lang='lat' dir='ltr'>litteras</span> <span class='ocrx_word' id='word_1_134' title='bbox 1284 1606 1513 1678; x_wconf 88' lang='lat' dir='ltr'>scripsi.</span> 
     </span>
    </p>
   </div>
   <div class='ocr_carea' id='block_1_19' title="bbox 1886 450 2221 522">
    <p class='ocr_par' dir='ltr' id='par_1_19' title="bbox 1886 450 2221 522">
     <span class='ocr_line' id='line_1_19' title="bbox 1886 450 2221 522; baseline 0.009 -18"><span class='ocrx_word' id='word_1_135' title='bbox 1886 450 2221 522; x_wconf 83' lang='lat' dir='ltr'>Apostolus.</span> 
     </span>
    </p>
   </div>
   <div class='ocr_carea' id='block_1_20' title="bbox 1957 540 3524 615">
    <p class='ocr_par' dir='ltr' id='par_1_20' title="bbox 1957 540 3524 615">
     <span class='ocr_line' id='line_1_20' title="bbox 1957 540 3524 615; baseline 0.004 -20"><span class='ocrx_word' id='word_1_136' title='bbox 1957 543 2015 595; x_wconf 87' lang='lat' dir='ltr'>In</span> <span class='ocrx_word' id='word_1_137' title='bbox 2049 540 2259 595; x_wconf 87' lang='lat' dir='ltr'>Christo</span> <span class='ocrx_word' id='word_1_138' title='bbox 2296 542 2448 595; x_wconf 82' lang='lat' dir='ltr'>enim</span> <span class='ocrx_word' id='word_1_139' title='bbox 2487 543 2634 598; x_wconf 87' lang='lat' dir='ltr'>Jesu.</span> <span class='ocrx_word' id='word_1_140' title='bbox 2671 544 2730 596; x_wconf 85' lang='lat' dir='ltr'><strong>In</strong></span> <span class='ocrx_word' id='word_1_141' title='bbox 2780 542 2888 598; x_wconf 90' lang='lat' dir='ltr'>hoc</span> <span class='ocrx_word' id='word_1_142' title='bbox 2937 542 3062 598; x_wconf 89' lang='lat' dir='ltr'>loco</span> <span class='ocrx_word' id='word_1_143' title='bbox 3112 548 3306 615; x_wconf 88' lang='lat' dir='ltr'>aperte</span> <span class='ocrx_word' id='word_1_144' title='bbox 3354 562 3524 601; x_wconf 88' lang='lat' dir='ltr'>suam</span> 
     </span>
    </p>
   </div>
   <div class='ocr_carea' id='block_1_21' title="bbox 1885 630 3525 704">
    <p class='ocr_par' dir='ltr' id='par_1_21' title="bbox 1885 630 3525 704">
     <span class='ocr_line' id='line_1_21' title="bbox 1885 630 3525 704; baseline 0.002 -20"><span class='ocrx_word' id='word_1_145' title='bbox 1885 630 2142 685; x_wconf 87' lang='lat' dir='ltr'>ostendit</span> <span class='ocrx_word' id='word_1_146' title='bbox 2172 630 2574 695; x_wconf 88' lang='lat' dir='ltr'>intentionem,</span> <span class='ocrx_word' id='word_1_147' title='bbox 2608 632 2776 702; x_wconf 90' lang='lat' dir='ltr'>quasi</span> <span class='ocrx_word' id='word_1_148' title='bbox 2825 632 3042 687; x_wconf 87' lang='lat' dir='ltr'>diceret</span> <span class='ocrx_word' id='word_1_149' title='bbox 3074 649 3085 686; x_wconf 90' lang='lat'>:</span> <span class='ocrx_word' id='word_1_150' title='bbox 3140 633 3256 704; x_wconf 82' lang='lat' dir='ltr'>Ego</span> <span class='ocrx_word' id='word_1_151' title='bbox 3287 633 3525 698; x_wconf 84' lang='lat' dir='ltr'>Paulus,</span> 
     </span>
    </p>
   </div>
   <div class='ocr_carea' id='block_1_22' title="bbox 1887 718 3527 794">
    <p class='ocr_par' dir='ltr' id='par_1_22' title="bbox 1887 718 3527 794">
     <span class='ocr_line' id='line_1_22' title="bbox 1887 718 3527 794; baseline 0.004 -21"><span class='ocrx_word' id='word_1_152' title='bbox 1887 718 1984 789; x_wconf 88' lang='lat' dir='ltr'>qui</span> <span class='ocrx_word' id='word_1_153' title='bbox 2034 720 2307 789; x_wconf 79' lang='lat' dir='ltr'>superius</span> <span class='ocrx_word' id='word_1_154' title='bbox 2355 718 2647 785; x_wconf 86' lang='lat' dir='ltr'>dictando,</span> <span class='ocrx_word' id='word_1_155' title='bbox 2691 722 2869 775; x_wconf 85' lang='lat' dir='ltr'>altero</span> <span class='ocrx_word' id='word_1_156' title='bbox 2918 721 3196 789; x_wconf 88' lang='lat' dir='ltr'>scibente,</span> <span class='ocrx_word' id='word_1_157' title='bbox 3232 723 3370 786; x_wconf 83' lang='lat' dir='ltr'>dixi,</span> <span class='ocrx_word' id='word_1_158' title='bbox 3404 723 3527 794; x_wconf 89' lang='lat' dir='ltr'>ipse</span> 
     </span>
    </p>
   </div>
   <div class='ocr_carea' id='block_1_23' title="bbox 1887 806 3529 879">
    <p class='ocr_par' dir='ltr' id='par_1_23' title="bbox 1887 806 3529 879">
     <span class='ocr_line' id='line_1_23' title="bbox 1887 806 3529 879; baseline 0.003 -18"><span class='ocrx_word' id='word_1_159' title='bbox 1887 807 2161 862; x_wconf 89' lang='lat' dir='ltr'>manibus</span> <span class='ocrx_word' id='word_1_160' title='bbox 2185 807 2329 861; x_wconf 83' lang='lat' dir='ltr'>meis</span> <span class='ocrx_word' id='word_1_161' title='bbox 2352 806 2559 873; x_wconf 89' lang='lat' dir='ltr'>scribo,</span> <span class='ocrx_word' id='word_1_162' title='bbox 2579 812 2642 861; x_wconf 92' lang='lat' dir='ltr'>ut</span> <span class='ocrx_word' id='word_1_163' title='bbox 2661 810 3024 879; x_wconf 84' lang='lat' dir='ltr'>cognoscatis</span> <span class='ocrx_word' id='word_1_164' title='bbox 3048 827 3137 864; x_wconf 90' lang='lat' dir='ltr'>me</span> <span class='ocrx_word' id='word_1_165' title='bbox 3160 827 3320 866; x_wconf 91' lang='lat' dir='ltr'>meos</span> <span class='ocrx_word' id='word_1_166' title='bbox 3340 813 3529 867; x_wconf 86' lang='lat' dir='ltr'>obtre-</span> 
     </span>
    </p>
   </div>
   <div class='ocr_carea' id='block_1_24' title="bbox 1889 896 3527 971">
    <p class='ocr_par' dir='ltr' id='par_1_24' title="bbox 1889 896 3527 971">
     <span class='ocr_line' id='line_1_24' title="bbox 1889 896 3527 971; baseline 0.002 -20"><span class='ocrx_word' id='word_1_167' title='bbox 1889 900 2136 951; x_wconf 86' lang='lat' dir='ltr'>ctatores</span> <span class='ocrx_word' id='word_1_168' title='bbox 2167 912 2282 950; x_wconf 92' lang='lat' dir='ltr'>non</span> <span class='ocrx_word' id='word_1_169' title='bbox 2314 896 2537 949; x_wconf 87' lang='lat' dir='ltr'>timere.</span> <span class='ocrx_word' id='word_1_170' title='bbox 2572 897 2733 961; x_wconf 89' lang='lat' dir='ltr'>Quod</span> <span class='ocrx_word' id='word_1_171' title='bbox 2766 912 2899 951; x_wconf 90' lang='lat' dir='ltr'>vero</span> <span class='ocrx_word' id='word_1_172' title='bbox 2939 898 3079 952; x_wconf 92' lang='lat' dir='ltr'>dicit</span> <span class='ocrx_word' id='word_1_173' title='bbox 3111 914 3124 954; x_wconf 92' lang='lat'>:</span> <span class='ocrx_word' id='word_1_174' title='bbox 3179 900 3363 971; x_wconf 80' lang='lat' dir='ltr'>Neque</span> <span class='ocrx_word' id='word_1_175' title='bbox 3414 904 3527 955; x_wconf 90' lang='lat' dir='ltr'>cir-</span> 
     </span>
    </p>
   </div>
   <div class='ocr_carea' id='block_1_25' title="bbox 1887 985 3528 1055">
    <p class='ocr_par' dir='ltr' id='par_1_25' title="bbox 1887 985 3528 1055">
     <span class='ocr_line' id='line_1_25' title="bbox 1887 985 3528 1055; baseline 0.004 -17"><span class='ocrx_word' id='word_1_176' title='bbox 1887 986 2149 1039; x_wconf 86' lang='lat' dir='ltr'>cumcisio</span> <span class='ocrx_word' id='word_1_177' title='bbox 2180 985 2339 1054; x_wconf 86' lang='lat' dir='ltr'>valet,</span> <span class='ocrx_word' id='word_1_178' title='bbox 2373 990 2503 1052; x_wconf 90' lang='lat' dir='ltr'>etc.,</span> <span class='ocrx_word' id='word_1_179' title='bbox 2536 986 2687 1039; x_wconf 83' lang='lat' dir='ltr'>sicut</span> <span class='ocrx_word' id='word_1_180' title='bbox 2716 986 2988 1055; x_wconf 87' lang='lat' dir='ltr'>superius</span> <span class='ocrx_word' id='word_1_181' title='bbox 3015 1004 3027 1053; x_wconf 92' lang='lat'>;</span> <span class='ocrx_word' id='word_1_182' title='bbox 3063 1004 3266 1042; x_wconf 86' lang='lat' dir='ltr'>novam</span> <span class='ocrx_word' id='word_1_183' title='bbox 3299 996 3528 1044; x_wconf 85' lang='lat' dir='ltr'>creatu-</span> 
     </span>
    </p>
   </div>
   <div class='ocr_carea' id='block_1_26' title="bbox 1889 1072 3531 1146">
    <p class='ocr_par' dir='ltr' id='par_1_26' title="bbox 1889 1072 3531 1146">
     <span class='ocr_line' id='line_1_26' title="bbox 1889 1072 3531 1146; baseline 0.004 -19"><span class='ocrx_word' id='word_1_184' title='bbox 1889 1089 2012 1127; x_wconf 90' lang='lat' dir='ltr'>ram</span> <span class='ocrx_word' id='word_1_185' title='bbox 2032 1072 2286 1143; x_wconf 89' lang='lat' dir='ltr'>appellat</span> <span class='ocrx_word' id='word_1_186' title='bbox 2305 1072 2762 1128; x_wconf 87' lang='lat' dir='ltr'>ecclesiasticum</span> <span class='ocrx_word' id='word_1_187' title='bbox 2787 1075 3065 1145; x_wconf 91' lang='lat' dir='ltr'>populum</span> <span class='ocrx_word' id='word_1_188' title='bbox 3091 1092 3189 1146; x_wconf 90' lang='lat' dir='ltr'>per</span> <span class='ocrx_word' id='word_1_189' title='bbox 3206 1094 3531 1135; x_wconf 85' lang='lat' dir='ltr'>sacramen-</span> 
     </span>
    </p>
   </div>
   <div class='ocr_carea' id='block_1_27' title="bbox 1888 1161 3529 1231">
    <p class='ocr_par' dir='ltr' id='par_1_27' title="bbox 1888 1161 3529 1231">
     <span class='ocr_line' id='line_1_27' title="bbox 1888 1161 3529 1231; baseline 0.005 -16"><span class='ocrx_word' id='word_1_190' title='bbox 1888 1166 2015 1215; x_wconf 87' lang='lat' dir='ltr'>tum</span> <span class='ocrx_word' id='word_1_191' title='bbox 2036 1161 2316 1231; x_wconf 88' lang='lat' dir='ltr'>baptismi</span> <span class='ocrx_word' id='word_1_192' title='bbox 2345 1169 2704 1217; x_wconf 85' lang='lat' dir='ltr'>renovatum.</span> <span class='ocrx_word' id='word_1_193' title='bbox 2732 1163 2840 1217; x_wconf 87' lang='lat' dir='ltr'>Sed</span> <span class='ocrx_word' id='word_1_194' title='bbox 2872 1168 3011 1218; x_wconf 89' lang='lat' dir='ltr'>tunc</span> <span class='ocrx_word' id='word_1_195' title='bbox 3041 1163 3190 1219; x_wconf 88' lang='lat' dir='ltr'>valet</span> <span class='ocrx_word' id='word_1_196' title='bbox 3213 1164 3330 1219; x_wconf 59' lang='lat' dir='ltr'>hac</span> <span class='ocrx_word' id='word_1_197' title='bbox 3364 1183 3529 1223; x_wconf 90' lang='lat' dir='ltr'>reno-</span> 
     </span>
    </p>
   </div>
   <div class='ocr_carea' id='block_1_28' title="bbox 1889 1250 3528 1325">
    <p class='ocr_par' dir='ltr' id='par_1_28' title="bbox 1889 1250 3528 1325">
     <span class='ocr_line' id='line_1_28' title="bbox 1889 1250 3528 1325; baseline 0.004 -21"><span class='ocrx_word' id='word_1_198' title='bbox 1889 1250 2064 1317; x_wconf 89' lang='lat' dir='ltr'>vatio,</span> <span class='ocrx_word' id='word_1_199' title='bbox 2090 1250 2137 1305; x_wconf 89' lang='lat' dir='ltr'>si</span> <span class='ocrx_word' id='word_1_200' title='bbox 2168 1250 2321 1320; x_wconf 89' lang='lat' dir='ltr'>quod</span> <span class='ocrx_word' id='word_1_201' title='bbox 2347 1251 2679 1321; x_wconf 83' lang='lat' dir='ltr'>promiserit</span> <span class='ocrx_word' id='word_1_202' title='bbox 2702 1257 2895 1306; x_wconf 87' lang='lat' dir='ltr'>servat</span> <span class='ocrx_word' id='word_1_203' title='bbox 2920 1277 2933 1318; x_wconf 87' lang='lat'>;</span> <span class='ocrx_word' id='word_1_204' title='bbox 2966 1270 3101 1307; x_wconf 88' lang='lat' dir='ltr'>nam</span> <span class='ocrx_word' id='word_1_205' title='bbox 3129 1254 3177 1309; x_wconf 89' lang='lat' dir='ltr'>si</span> <span class='ocrx_word' id='word_1_206' title='bbox 3203 1258 3528 1325; x_wconf 90' lang='lat' dir='ltr'>recesserit,</span> 
     </span>
    </p>
   </div>
   <div class='ocr_carea' id='block_1_29' title="bbox 1891 1339 3011 1396">
    <p class='ocr_par' dir='ltr' id='par_1_29' title="bbox 1891 1339 3011 1396">
     <span class='ocr_line' id='line_1_29' title="bbox 1891 1339 3011 1396; baseline 0.002 -3"><span class='ocrx_word' id='word_1_207' title='bbox 1891 1340 1949 1393; x_wconf 89' lang='lat' dir='ltr'>in</span> <span class='ocrx_word' id='word_1_208' title='bbox 1981 1339 2088 1393; x_wconf 88' lang='lat' dir='ltr'>hac</span> <span class='ocrx_word' id='word_1_209' title='bbox 2118 1340 2485 1394; x_wconf 87' lang='lat' dir='ltr'>renovatione</span> <span class='ocrx_word' id='word_1_210' title='bbox 2516 1357 2630 1394; x_wconf 89' lang='lat' dir='ltr'>non</span> <span class='ocrx_word' id='word_1_211' title='bbox 2663 1341 3011 1396; x_wconf 89' lang='lat' dir='ltr'>continetur.</span> 
     </span>
    </p>
   </div>
   <div class='ocr_carea' id='block_1_30' title="bbox 1964 1428 3534 1505">
    <p class='ocr_par' dir='ltr' id='par_1_30' title="bbox 1964 1428 3534 1505">
     <span class='ocr_line' id='line_1_30' title="bbox 1964 1428 3534 1505; baseline 0.005 -23"><span class='ocrx_word' id='word_1_212' title='bbox 1964 1429 2027 1482; x_wconf 83' lang='lat' dir='ltr'>Et</span> <span class='ocrx_word' id='word_1_213' title='bbox 2047 1428 2356 1499; x_wconf 79' lang='lat' dir='ltr'>quicunque</span> <span class='ocrx_word' id='word_1_214' title='bbox 2378 1429 2520 1483; x_wconf 86' lang='lat' dir='ltr'>hanc</span> <span class='ocrx_word' id='word_1_215' title='bbox 2541 1430 2809 1498; x_wconf 86' lang='lat' dir='ltr'>regulam,</span> <span class='ocrx_word' id='word_1_216' title='bbox 2835 1434 2942 1484; x_wconf 89' lang='lat' dir='ltr'>etc.</span> <span class='ocrx_word' id='word_1_217' title='bbox 2968 1431 3114 1485; x_wconf 85' lang='lat' dir='ltr'>Nota</span> <span class='ocrx_word' id='word_1_218' title='bbox 3134 1432 3272 1503; x_wconf 89' lang='lat' dir='ltr'>quia</span> <span class='ocrx_word' id='word_1_219' title='bbox 3292 1436 3534 1505; x_wconf 85' lang='lat' dir='ltr'>Aposto-</span> 
     </span>
    </p>
   </div>
   <div class='ocr_carea' id='block_1_31' title="bbox 1892 1517 3532 1591">
    <p class='ocr_par' dir='ltr' id='par_1_31' title="bbox 1892 1517 3532 1591">
     <span class='ocr_line' id='line_1_31' title="bbox 1892 1517 3532 1591; baseline 0.004 -19"><span class='ocrx_word' id='word_1_220' title='bbox 1892 1517 1987 1572; x_wconf 91' lang='lat' dir='ltr'>lus</span> <span class='ocrx_word' id='word_1_221' title='bbox 2004 1522 2190 1571; x_wconf 90' lang='lat' dir='ltr'>totum</span> <span class='ocrx_word' id='word_1_222' title='bbox 2209 1518 2279 1571; x_wconf 90' lang='lat' dir='ltr'>ad</span> <span class='ocrx_word' id='word_1_223' title='bbox 2302 1517 2562 1589; x_wconf 89' lang='lat' dir='ltr'>regulam</span> <span class='ocrx_word' id='word_1_224' title='bbox 2582 1517 2798 1588; x_wconf 86' lang='lat' dir='ltr'>dirigit,</span> <span class='ocrx_word' id='word_1_225' title='bbox 2817 1523 2880 1572; x_wconf 91' lang='lat' dir='ltr'>ut</span> <span class='ocrx_word' id='word_1_226' title='bbox 2900 1519 2949 1573; x_wconf 90' lang='lat' dir='ltr'>si</span> <span class='ocrx_word' id='word_1_227' title='bbox 2965 1519 3186 1591; x_wconf 90' lang='lat' dir='ltr'>aliquid</span> <span class='ocrx_word' id='word_1_228' title='bbox 3204 1526 3532 1578; x_wconf 90' lang='lat' dir='ltr'>tortuosum</span> 
     </span>
    </p>
   </div>
   <div class='ocr_carea' id='block_1_32' title="bbox 1892 1605 3536 1682">
    <p class='ocr_par' dir='ltr' id='par_1_32' title="bbox 1892 1605 3536 1682">
     <span class='ocr_line' id='line_1_32' title="bbox 1892 1605 3536 1682; baseline 0.004 -22"><span class='ocrx_word' id='word_1_229' title='bbox 1892 1605 1981 1660; x_wconf 85' lang='lat' dir='ltr'>vel</span> <span class='ocrx_word' id='word_1_230' title='bbox 2004 1622 2338 1676; x_wconf 89' lang='lat' dir='ltr'>perversum</span> <span class='ocrx_word' id='word_1_231' title='bbox 2364 1607 2556 1672; x_wconf 78' lang='lat' dir='ltr'>fuerit,</span> <span class='ocrx_word' id='word_1_232' title='bbox 2573 1607 2815 1660; x_wconf 83' lang='lat' dir='ltr'>auferat.</span> <span class='ocrx_word' id='word_1_233' title='bbox 2834 1612 2978 1661; x_wconf 84' lang='lat' dir='ltr'>Nam</span> <span class='ocrx_word' id='word_1_234' title='bbox 3003 1609 3263 1678; x_wconf 86' lang='lat' dir='ltr'>regulam</span> <span class='ocrx_word' id='word_1_235' title='bbox 3282 1611 3536 1682; x_wconf 89' lang='lat' dir='ltr'>appellat</span> 
     </span>
    </p>
   </div>
   <div class='ocr_carea' id='block_1_33' title="bbox 207 1691 3533 1796">
    <p class='ocr_par' dir='ltr' id='par_1_33' title="bbox 207 1691 3533 1796">
     <span class='ocr_line' id='line_1_33' title="bbox 207 1691 3533 1796; baseline 0.002 -47"><span class='ocrx_word' id='word_1_236' title='bbox 207 1703 534 1796; x_wconf 52' lang='lat' dir='ltr'>Quicunque</span> <span class='ocrx_word' id='word_1_237' title='bbox 555 1700 911 1796; x_wconf 32' lang='lat' dir='ltr'>volunttetc.</span> <span class='ocrx_word' id='word_1_238' title='bbox 1075 1711 1259 1760; x_wconf 86' lang='lat' dir='ltr'>carne,</span> <span class='ocrx_word' id='word_1_239' title='bbox 1292 1711 1467 1796; x_wconf 74' lang='lat' dir='ltr'>quam</span> <span class='ocrx_word' id='word_1_240' title='bbox 1502 1694 1677 1796; x_wconf 64' lang='lat' dir='ltr'>dicit,</span> <span class='ocrx_word' id='word_1_241' title='bbox 1695 1691 1786 1750; x_wconf 88' lang='lat' dir='ltr'>vel</span> <span class='ocrx_word' id='word_1_242' title='bbox 1815 1732 1862 1796; x_wconf 85' lang='lat' dir='ltr'><strong>B</strong></span> <span class='ocrx_word' id='word_1_243' title='bbox 1894 1695 2221 1750; x_wconf 88' lang='lat' dir='ltr'>doctrinam</span> <span class='ocrx_word' id='word_1_244' title='bbox 2244 1694 2655 1766; x_wconf 86' lang='lat' dir='ltr'>apostolicam;</span> <span class='ocrx_word' id='word_1_245' title='bbox 2682 1700 2738 1749; x_wconf 90' lang='lat' dir='ltr'>et</span> <span class='ocrx_word' id='word_1_246' title='bbox 2759 1696 2816 1750; x_wconf 90' lang='lat' dir='ltr'>in</span> <span class='ocrx_word' id='word_1_247' title='bbox 2849 1696 2957 1750; x_wconf 90' lang='lat' dir='ltr'>hoc</span> <span class='ocrx_word' id='word_1_248' title='bbox 2982 1713 3203 1769; x_wconf 68' lang='lat' dir='ltr'>magnai</span> <span class='ocrx_word' id='word_1_249' title='bbox 3226 1700 3533 1755; x_wconf 85' lang='lat' dir='ltr'>auctorita-</span> 
     </span>
    </p>
   </div>
   <div class='ocr_carea' id='block_1_34' title="bbox 142 1782 1783 1857">
    <p class='ocr_par' dir='ltr' id='par_1_34' title="bbox 142 1782 1783 1857">
     <span class='ocr_line' id='line_1_34' title="bbox 142 1782 1783 1857; baseline -0.007 -9"><span class='ocrx_word' id='word_1_250' title='bbox 142 1790 404 1849; x_wconf 88' lang='lat' dir='ltr'>carnales</span> <span class='ocrx_word' id='word_1_251' title='bbox 424 1789 679 1857; x_wconf 69' lang='lat' dir='ltr'>Judieos,</span> <span class='ocrx_word' id='word_1_252' title='bbox 701 1785 789 1841; x_wconf 89' lang='lat' dir='ltr'>vel</span> <span class='ocrx_word' id='word_1_253' title='bbox 812 1782 1133 1857; x_wconf 89' lang='lat' dir='ltr'>quemlibet</span> <span class='ocrx_word' id='word_1_254' title='bbox 1152 1783 1467 1851; x_wconf 89' lang='lat' dir='ltr'>carnalem,</span> <span class='ocrx_word' id='word_1_255' title='bbox 1491 1782 1579 1839; x_wconf 86' lang='lat' dir='ltr'>vel</span> <span class='ocrx_word' id='word_1_256' title='bbox 1608 1784 1783 1838; x_wconf 88' lang='lat' dir='ltr'>etiam</span> 
     </span>
    </p>
   </div>
   <div class='ocr_carea' id='block_1_35' title="bbox 144 1873 1787 1949">
    <p class='ocr_par' dir='ltr' id='par_1_35' title="bbox 144 1873 1787 1949">
     <span class='ocr_line' id='line_1_35' title="bbox 144 1873 1787 1949; baseline -0.008 -11"><span class='ocrx_word' id='word_1_257' title='bbox 144 1879 398 1938; x_wconf 84' lang='lat' dir='ltr'>carnalia</span> <span class='ocrx_word' id='word_1_258' title='bbox 416 1878 555 1933; x_wconf 91' lang='lat' dir='ltr'>vitia</span> <span class='ocrx_word' id='word_1_259' title='bbox 581 1875 727 1949; x_wconf 87' lang='grc'>(991)</span> <span class='ocrx_word' id='word_1_260' title='bbox 754 1873 1075 1945; x_wconf 89' lang='lat' dir='ltr'>intelligere</span> <span class='ocrx_word' id='word_1_261' title='bbox 1097 1889 1434 1945; x_wconf 88' lang='lat' dir='ltr'>possumus.</span> <span class='ocrx_word' id='word_1_262' title='bbox 1468 1874 1696 1927; x_wconf 87' lang='lat' dir='ltr'>Tantum</span> <span class='ocrx_word' id='word_1_263' title='bbox 1728 1876 1787 1926; x_wconf 90' lang='lat' dir='ltr'>ut</span> 
     </span>
    </p>
   </div>
   <div class='ocr_carea' id='block_1_36' title="bbox 144 1961 1789 2033">
    <p class='ocr_par' dir='ltr' id='par_1_36' title="bbox 144 1961 1789 2033">
     <span class='ocr_line' id='line_1_36' title="bbox 144 1961 1789 2033; baseline -0.008 -6"><span class='ocrx_word' id='word_1_264' title='bbox 144 1972 316 2027; x_wconf 74' lang='lat' dir='ltr'>crucis</span> <span class='ocrx_word' id='word_1_265' title='bbox 338 1967 563 2032; x_wconf 87' lang='lat' dir='ltr'>Christi,</span> <span class='ocrx_word' id='word_1_266' title='bbox 584 1970 691 2020; x_wconf 92' lang='lat' dir='ltr'>etc.</span> <span class='ocrx_word' id='word_1_267' title='bbox 716 1964 1047 2019; x_wconf 89' lang='lat' dir='ltr'>Notandum</span> <span class='ocrx_word' id='word_1_268' title='bbox 1072 1962 1213 2033; x_wconf 88' lang='lat' dir='ltr'>quia</span> <span class='ocrx_word' id='word_1_269' title='bbox 1238 1961 1411 2017; x_wconf 88' lang='lat' dir='ltr'>Caius</span> <span class='ocrx_word' id='word_1_270' title='bbox 1434 1961 1579 2033; x_wconf 78' lang='grc'>(992)</span> <span class='ocrx_word' id='word_1_271' title='bbox 1603 1965 1789 2015; x_wconf 66' lang='lat' dir='ltr'>Caesar</span> 
     </span>
    </p>
   </div>
   <div class='ocr_carea' id='block_1_37' title="bbox 146 2050 1785 2127">
    <p class='ocr_par' dir='ltr' id='par_1_37' title="bbox 146 2050 1785 2127">
     <span class='ocr_line' id='line_1_37' title="bbox 146 2050 1785 2127; baseline -0.007 -10"><span class='ocrx_word' id='word_1_272' title='bbox 146 2068 193 2118; x_wconf 84' lang='lat' dir='ltr'>et</span> <span class='ocrx_word' id='word_1_273' title='bbox 213 2056 567 2115; x_wconf 88' lang='lat' dir='ltr'>Octavianus</span> <span class='ocrx_word' id='word_1_274' title='bbox 588 2056 981 2127; x_wconf 78' lang='lat' dir='ltr'>Augustus,et</span> <span class='ocrx_word' id='word_1_275' title='bbox 1002 2068 1306 2108; x_wconf 89' lang='lat' dir='ltr'>successor</span> <span class='ocrx_word' id='word_1_276' title='bbox 1328 2050 1785 2118; x_wconf 89' lang='lat' dir='ltr'>illiusTiberius,</span> 
     </span>
    </p>
   </div>
   <div class='ocr_carea' id='block_1_38' title="bbox 154 2139 1787 2222">
    <p class='ocr_par' dir='ltr' id='par_1_38' title="bbox 154 2139 1787 2222">
     <span class='ocr_line' id='line_1_38' title="bbox 154 2139 1787 2222; baseline -0.008 -17"><span class='ocrx_word' id='word_1_277' title='bbox 154 2148 396 2222; x_wconf 87' lang='lat' dir='ltr'>publicis</span> <span class='ocrx_word' id='word_1_278' title='bbox 418 2145 648 2219; x_wconf 91' lang='lat' dir='ltr'>legibus</span> <span class='ocrx_word' id='word_1_279' title='bbox 670 2143 1051 2199; x_wconf 90' lang='lat' dir='ltr'>instituerunt</span> <span class='ocrx_word' id='word_1_280' title='bbox 1069 2145 1131 2195; x_wconf 89' lang='lat' dir='ltr'>ut</span> <span class='ocrx_word' id='word_1_281' title='bbox 1157 2142 1215 2195; x_wconf 90' lang='lat' dir='ltr'>in</span> <span class='ocrx_word' id='word_1_282' title='bbox 1237 2146 1357 2196; x_wconf 91' lang='lat' dir='ltr'>toto</span> <span class='ocrx_word' id='word_1_283' title='bbox 1374 2142 1511 2195; x_wconf 91' lang='lat' dir='ltr'>orbe</span> <span class='ocrx_word' id='word_1_284' title='bbox 1526 2139 1787 2194; x_wconf 80' lang='lat' dir='ltr'>Romano</span> 
     </span>
    </p>
   </div>
   <div class='ocr_carea' id='block_1_39' title="bbox 150 2228 1787 2310">
    <p class='ocr_par' dir='ltr' id='par_1_39' title="bbox 150 2228 1787 2310">
     <span class='ocr_line' id='line_1_39' title="bbox 150 2228 1787 2310; baseline -0.008 -16"><span class='ocrx_word' id='word_1_285' title='bbox 150 2237 330 2294; x_wconf 65' lang='lat' dir='ltr'>Judaei</span> <span class='ocrx_word' id='word_1_286' title='bbox 352 2234 605 2310; x_wconf 90' lang='lat' dir='ltr'>propriis</span> <span class='ocrx_word' id='word_1_287' title='bbox 627 2231 857 2305; x_wconf 90' lang='lat' dir='ltr'>legibus</span> <span class='ocrx_word' id='word_1_288' title='bbox 883 2234 1214 2296; x_wconf 90' lang='lat' dir='ltr'>uterentur;</span> <span class='ocrx_word' id='word_1_289' title='bbox 1244 2234 1299 2285; x_wconf 93' lang='lat' dir='ltr'>et</span> <span class='ocrx_word' id='word_1_290' title='bbox 1326 2228 1455 2284; x_wconf 91' lang='lat' dir='ltr'>ideo</span> <span class='ocrx_word' id='word_1_291' title='bbox 1487 2228 1787 2282; x_wconf 89' lang='lat' dir='ltr'>credentes</span> 
     </span>
    </p>
   </div>
   <div class='ocr_carea' id='block_1_40' title="bbox 147 2317 1790 2384">
    <p class='ocr_par' dir='ltr' id='par_1_40' title="bbox 147 2317 1790 2384">
     <span class='ocr_line' id='line_1_40' title="bbox 147 2317 1790 2384; baseline -0.009 0"><span class='ocrx_word' id='word_1_292' title='bbox 147 2326 413 2384; x_wconf 84' lang='lat' dir='ltr'>nonnulli</span> <span class='ocrx_word' id='word_1_293' title='bbox 437 2326 508 2381; x_wconf 90' lang='lat' dir='ltr'>ad</span> <span class='ocrx_word' id='word_1_294' title='bbox 533 2322 1037 2379; x_wconf 91' lang='lat' dir='ltr'>circumcisionem</span> <span class='ocrx_word' id='word_1_295' title='bbox 1062 2318 1409 2384; x_wconf 88' lang='lat' dir='ltr'>transibant,</span> <span class='ocrx_word' id='word_1_296' title='bbox 1436 2333 1505 2373; x_wconf 90' lang='lat' dir='ltr'>ne</span> <span class='ocrx_word' id='word_1_297' title='bbox 1538 2317 1790 2372; x_wconf 88' lang='lat' dir='ltr'>scanda-</span> 
     </span>
    </p>
   </div>
   <div class='ocr_carea' id='block_1_41' title="bbox 142 2406 1787 2486">
    <p class='ocr_par' dir='ltr' id='par_1_41' title="bbox 142 2406 1787 2486">
     <span class='ocr_line' id='line_1_41' title="bbox 142 2406 1787 2486; baseline -0.009 -14"><span class='ocrx_word' id='word_1_298' title='bbox 142 2417 259 2472; x_wconf 92' lang='lat' dir='ltr'>lum</span> <span class='ocrx_word' id='word_1_299' title='bbox 287 2414 477 2471; x_wconf 91' lang='lat' dir='ltr'>crucis</span> <span class='ocrx_word' id='word_1_300' title='bbox 504 2416 860 2486; x_wconf 86' lang='lat' dir='ltr'>paterentur.</span> <span class='ocrx_word' id='word_1_301' title='bbox 886 2410 1064 2483; x_wconf 83' lang='lat' dir='ltr'>Neque</span> <span class='ocrx_word' id='word_1_302' title='bbox 1089 2411 1238 2465; x_wconf 87' lang='lat' dir='ltr'>enim</span> <span class='ocrx_word' id='word_1_303' title='bbox 1266 2410 1363 2479; x_wconf 89' lang='lat' dir='ltr'>qui</span> <span class='ocrx_word' id='word_1_304' title='bbox 1383 2406 1787 2461; x_wconf 82' lang='lat' dir='ltr'>circumcidun-</span> 
     </span>
    </p>
   </div>
   <div class='ocr_carea' id='block_1_42' title="bbox 138 2496 1787 2576">
    <p class='ocr_par' dir='ltr' id='par_1_42' title="bbox 138 2496 1787 2576">
     <span class='ocr_line' id='line_1_42' title="bbox 138 2496 1787 2576; baseline -0.008 -14"><span class='ocrx_word' id='word_1_305' title='bbox 138 2515 250 2574; x_wconf 92' lang='lat' dir='ltr'>tur,</span> <span class='ocrx_word' id='word_1_306' title='bbox 285 2512 417 2576; x_wconf 90' lang='lat' dir='ltr'>etc.,</span> <span class='ocrx_word' id='word_1_307' title='bbox 441 2503 610 2575; x_wconf 89' lang='lat' dir='ltr'>quasi</span> <span class='ocrx_word' id='word_1_308' title='bbox 641 2502 895 2557; x_wconf 89' lang='lat' dir='ltr'>diceret:</span> <span class='ocrx_word' id='word_1_309' title='bbox 932 2499 1056 2555; x_wconf 87' lang='lat' dir='ltr'>Non</span> <span class='ocrx_word' id='word_1_310' title='bbox 1088 2498 1214 2553; x_wconf 92' lang='lat' dir='ltr'>ideo</span> <span class='ocrx_word' id='word_1_311' title='bbox 1244 2496 1675 2552; x_wconf 90' lang='lat' dir='ltr'>circumcidunt</span> <span class='ocrx_word' id='word_1_312' title='bbox 1703 2510 1787 2565; x_wconf 89' lang='lat' dir='ltr'>se,</span> 
     </span>
    </p>
   </div>
   <div class='ocr_carea' id='block_1_43' title="bbox 137 2583 1789 2666">
    <p class='ocr_par' dir='ltr' id='par_1_43' title="bbox 137 2583 1789 2666">
     <span class='ocr_line' id='line_1_43' title="bbox 137 2583 1789 2666; baseline -0.008 -15"><span class='ocrx_word' id='word_1_313' title='bbox 137 2600 202 2651; x_wconf 89' lang='lat' dir='ltr'>ut</span> <span class='ocrx_word' id='word_1_314' title='bbox 224 2595 415 2666; x_wconf 89' lang='lat' dir='ltr'>legem</span> <span class='ocrx_word' id='word_1_315' title='bbox 440 2590 794 2658; x_wconf 89' lang='lat' dir='ltr'>custodiant,</span> <span class='ocrx_word' id='word_1_316' title='bbox 819 2587 959 2659; x_wconf 91' lang='lat' dir='ltr'>quia</span> <span class='ocrx_word' id='word_1_317' title='bbox 977 2586 1067 2641; x_wconf 82' lang='lat' dir='ltr'>lex</span> <span class='ocrx_word' id='word_1_318' title='bbox 1088 2585 1401 2641; x_wconf 88' lang='lat' dir='ltr'>carnaliter</span> <span class='ocrx_word' id='word_1_319' title='bbox 1421 2583 1651 2656; x_wconf 90' lang='lat' dir='ltr'>impleri</span> <span class='ocrx_word' id='word_1_320' title='bbox 1674 2600 1789 2638; x_wconf 92' lang='lat' dir='ltr'>non</span> 
     </span>
    </p>
   </div>
   <div class='ocr_carea' id='block_1_44' title="bbox 135 2672 1791 2756">
    <p class='ocr_par' dir='ltr' id='par_1_44' title="bbox 135 2672 1791 2756">
     <span class='ocr_line' id='line_1_44' title="bbox 135 2672 1791 2756; baseline -0.01 -15"><span class='ocrx_word' id='word_1_321' title='bbox 135 2688 365 2756; x_wconf 88' lang='lat' dir='ltr'>potest;</span> <span class='ocrx_word' id='word_1_322' title='bbox 400 2679 744 2752; x_wconf 86' lang='lat' dir='ltr'>spiritaliter</span> <span class='ocrx_word' id='word_1_323' title='bbox 770 2682 966 2732; x_wconf 91' lang='lat' dir='ltr'>autem</span> <span class='ocrx_word' id='word_1_324' title='bbox 990 2674 1198 2729; x_wconf 88' lang='lat' dir='ltr'>nolunt</span> <span class='ocrx_word' id='word_1_325' title='bbox 1220 2672 1563 2746; x_wconf 86' lang='lat' dir='ltr'>intelligere,</span> <span class='ocrx_word' id='word_1_326' title='bbox 1589 2678 1653 2726; x_wconf 91' lang='lat' dir='ltr'>ut</span> <span class='ocrx_word' id='word_1_327' title='bbox 1679 2672 1791 2726; x_wconf 89' lang='lat' dir='ltr'>im-</span> 
     </span>
    </p>
   </div>
   <div class='ocr_carea' id='block_1_45' title="bbox 135 2761 1789 2845">
    <p class='ocr_par' dir='ltr' id='par_1_45' title="bbox 135 2761 1789 2845">
     <span class='ocr_line' id='line_1_45' title="bbox 135 2761 1789 2845; baseline -0.007 -18"><span class='ocrx_word' id='word_1_328' title='bbox 135 2772 360 2845; x_wconf 86' lang='lat' dir='ltr'>pleant.</span> <span class='ocrx_word' id='word_1_329' title='bbox 387 2770 488 2827; x_wconf 98' lang='lat' dir='ltr'>Sed</span> <span class='ocrx_word' id='word_1_330' title='bbox 508 2770 699 2825; x_wconf 88' lang='lat' dir='ltr'>volunt</span> <span class='ocrx_word' id='word_1_331' title='bbox 722 2782 810 2821; x_wconf 90' lang='lat' dir='ltr'>vos</span> <span class='ocrx_word' id='word_1_332' title='bbox 831 2762 1174 2832; x_wconf 88' lang='lat' dir='ltr'>circumcidi,</span> <span class='ocrx_word' id='word_1_333' title='bbox 1198 2768 1308 2817; x_wconf 91' lang='lat' dir='ltr'>etc.</span> <span class='ocrx_word' id='word_1_334' title='bbox 1339 2762 1515 2827; x_wconf 86' lang='lat' dir='ltr'>Quasi</span> <span class='ocrx_word' id='word_1_335' title='bbox 1539 2761 1789 2815; x_wconf 88' lang='lat' dir='ltr'>diceret:</span> 
     </span>
    </p>
   </div>
   <div class='ocr_carea' id='block_1_46' title="bbox 132 2849 1794 2932">
    <p class='ocr_par' dir='ltr' id='par_1_46' title="bbox 132 2849 1794 2932">
     <span class='ocr_line' id='line_1_46' title="bbox 132 2849 1794 2932; baseline -0.01 -14"><span class='ocrx_word' id='word_1_336' title='bbox 132 2864 278 2917; x_wconf 86' lang='lat' dir='ltr'>Ideo</span> <span class='ocrx_word' id='word_1_337' title='bbox 310 2863 527 2932; x_wconf 91' lang='lat' dir='ltr'>cogunt</span> <span class='ocrx_word' id='word_1_338' title='bbox 554 2873 657 2912; x_wconf 91' lang='lat' dir='ltr'>vos</span> <span class='ocrx_word' id='word_1_339' title='bbox 686 2852 1049 2919; x_wconf 91' lang='lat' dir='ltr'>circumcidi,</span> <span class='ocrx_word' id='word_1_340' title='bbox 1083 2856 1146 2905; x_wconf 92' lang='lat' dir='ltr'>ut</span> <span class='ocrx_word' id='word_1_341' title='bbox 1176 2852 1246 2905; x_wconf 90' lang='lat' dir='ltr'>de</span> <span class='ocrx_word' id='word_1_342' title='bbox 1287 2850 1453 2922; x_wconf 89' lang='lat' dir='ltr'>signo</span> <span class='ocrx_word' id='word_1_343' title='bbox 1486 2849 1794 2904; x_wconf 91' lang='lat' dir='ltr'>circumci-</span> 
     </span>
    </p>
   </div>
   <div class='ocr_carea' id='block_1_47' title="bbox 134 2936 1796 3018">
    <p class='ocr_par' dir='ltr' id='par_1_47' title="bbox 134 2936 1796 3018">
     <span class='ocr_line' id='line_1_47' title="bbox 134 2936 1796 3018; baseline -0.008 -13"><span class='ocrx_word' id='word_1_344' title='bbox 134 2949 332 3007; x_wconf 86' lang='lat' dir='ltr'>sionis</span> <span class='ocrx_word' id='word_1_345' title='bbox 364 2948 423 3002; x_wconf 89' lang='lat' dir='ltr'>in</span> <span class='ocrx_word' id='word_1_346' title='bbox 455 2944 743 3018; x_wconf 89' lang='lat' dir='ltr'>pudendis</span> <span class='ocrx_word' id='word_1_347' title='bbox 776 2940 1055 2997; x_wconf 89' lang='lat' dir='ltr'>membris</span> <span class='ocrx_word' id='word_1_348' title='bbox 1086 2940 1425 3012; x_wconf 90' lang='lat' dir='ltr'>glorientur.</span> <span class='ocrx_word' id='word_1_349' title='bbox 1460 2940 1527 2993; x_wconf 91' lang='lat' dir='ltr'>Et</span> <span class='ocrx_word' id='word_1_350' title='bbox 1566 2936 1680 2993; x_wconf 92' lang='lat' dir='ltr'>tale</span> <span class='ocrx_word' id='word_1_351' title='bbox 1708 2941 1796 2992; x_wconf 92' lang='lat' dir='ltr'>est</span> 
     </span>
    </p>
   </div>
   <div class='ocr_carea' id='block_1_48' title="bbox 138 3026 1798 3109">
    <p class='ocr_par' dir='ltr' id='par_1_48' title="bbox 138 3026 1798 3109">
     <span class='ocr_line' id='line_1_48' title="bbox 138 3026 1798 3109; baseline -0.008 -16"><span class='ocrx_word' id='word_1_352' title='bbox 138 3040 260 3093; x_wconf 88' lang='lat' dir='ltr'>hoc</span> <span class='ocrx_word' id='word_1_353' title='bbox 285 3035 456 3109; x_wconf 90' lang='lat' dir='ltr'>quale</span> <span class='ocrx_word' id='word_1_354' title='bbox 478 3036 537 3091; x_wconf 92' lang='lat' dir='ltr'>in</span> <span class='ocrx_word' id='word_1_355' title='bbox 554 3031 810 3105; x_wconf 82' lang='lat' dir='ltr'>Epistola</span> <span class='ocrx_word' id='word_1_356' title='bbox 830 3031 902 3086; x_wconf 91' lang='lat' dir='ltr'>ad</span> <span class='ocrx_word' id='word_1_357' title='bbox 925 3030 1238 3097; x_wconf 83' lang='lat' dir='ltr'>Romanos,</span> <span class='ocrx_word' id='word_1_358' title='bbox 1265 3029 1364 3083; x_wconf 91' lang='lat' dir='ltr'>ubi</span> <span class='ocrx_word' id='word_1_359' title='bbox 1386 3028 1601 3100; x_wconf 84' lang='lat' dir='ltr'>legitur</span> <span class='ocrx_word' id='word_1_360' title='bbox 1624 3045 1635 3082; x_wconf 89' lang='lat'>:</span> <span class='ocrx_word' id='word_1_361' title='bbox 1662 3026 1798 3093; x_wconf 88' lang='lat' dir='ltr'>Quo-</span> 
     </span>
    </p>
   </div>
   <div class='ocr_carea' id='block_1_49' title="bbox 1896 1784 3538 1853">
    <p class='ocr_par' dir='ltr' id='par_1_49' title="bbox 1896 1784 3538 1853">
     <span class='ocr_line' id='line_1_49' title="bbox 1896 1784 3538 1853; baseline 0.004 -15"><span class='ocrx_word' id='word_1_362' title='bbox 1896 1785 1973 1839; x_wconf 90' lang='lat' dir='ltr'>tis</span> <span class='ocrx_word' id='word_1_363' title='bbox 2002 1800 2130 1839; x_wconf 89' lang='lat' dir='ltr'>esse</span> <span class='ocrx_word' id='word_1_364' title='bbox 2159 1785 2506 1850; x_wconf 89' lang='lat' dir='ltr'>ostenditur,</span> <span class='ocrx_word' id='word_1_365' title='bbox 2541 1801 2673 1839; x_wconf 87' lang='lat' dir='ltr'>cum</span> <span class='ocrx_word' id='word_1_366' title='bbox 2706 1784 2884 1839; x_wconf 89' lang='lat' dir='ltr'>dicit:</span> <span class='ocrx_word' id='word_1_367' title='bbox 2920 1786 3026 1853; x_wconf 88' lang='lat' dir='ltr'>Qui</span> <span class='ocrx_word' id='word_1_368' title='bbox 3056 1787 3195 1841; x_wconf 86' lang='lat' dir='ltr'>hanc</span> <span class='ocrx_word' id='word_1_369' title='bbox 3223 1788 3538 1844; x_wconf 80' lang='lat' dir='ltr'>doctrinam</span> 
     </span>
    </p>
   </div>
   <div class='ocr_carea' id='block_1_50' title="bbox 1893 1874 3539 1948">
    <p class='ocr_par' dir='ltr' id='par_1_50' title="bbox 1893 1874 3539 1948">
     <span class='ocr_line' id='line_1_50' title="bbox 1893 1874 3539 1948; baseline 0.002 -20"><span class='ocrx_word' id='word_1_370' title='bbox 1893 1876 2103 1945; x_wconf 81' lang='lat' dir='ltr'>fuerint</span> <span class='ocrx_word' id='word_1_371' title='bbox 2132 1877 2321 1943; x_wconf 83' lang='lat' dir='ltr'>secuti,</span> <span class='ocrx_word' id='word_1_372' title='bbox 2352 1876 2423 1928; x_wconf 88' lang='lat' dir='ltr'>sit</span> <span class='ocrx_word' id='word_1_373' title='bbox 2470 1889 2633 1943; x_wconf 79' lang='lat' dir='ltr'>super</span> <span class='ocrx_word' id='word_1_374' title='bbox 2670 1874 2793 1928; x_wconf 85' lang='lat' dir='ltr'>illos</span> <span class='ocrx_word' id='word_1_375' title='bbox 2830 1891 2962 1944; x_wconf 68' lang='lat' dir='ltr'>pax,</span> <span class='ocrx_word' id='word_1_376' title='bbox 2993 1880 3101 1929; x_wconf 89' lang='lat' dir='ltr'>etc.</span> <span class='ocrx_word' id='word_1_377' title='bbox 3136 1876 3249 1930; x_wconf 83' lang='lat' dir='ltr'>Pax</span> <span class='ocrx_word' id='word_1_378' title='bbox 3279 1883 3387 1943; x_wconf 88' lang='lat' dir='ltr'>est,</span> <span class='ocrx_word' id='word_1_379' title='bbox 3423 1894 3539 1948; x_wconf 89' lang='lat' dir='ltr'>qua</span> 
     </span>
    </p>
   </div>
   <div class='ocr_carea' id='block_1_51' title="bbox 1897 1962 3540 2035">
    <p class='ocr_par' dir='ltr' id='par_1_51' title="bbox 1897 1962 3540 2035">
     <span class='ocr_line' id='line_1_51' title="bbox 1897 1962 3540 2035; baseline 0.002 -18"><span class='ocrx_word' id='word_1_380' title='bbox 1897 1962 2343 2018; x_wconf 86' lang='lat' dir='ltr'>reconciliamur</span> <span class='ocrx_word' id='word_1_381' title='bbox 2356 1962 2499 2028; x_wconf 87' lang='lat' dir='ltr'>Deo;</span> <span class='ocrx_word' id='word_1_382' title='bbox 2520 1962 2919 2017; x_wconf 89' lang='lat' dir='ltr'>misericordia</span> <span class='ocrx_word' id='word_1_383' title='bbox 2940 1968 3047 2030; x_wconf 88' lang='lat' dir='ltr'>est,</span> <span class='ocrx_word' id='word_1_384' title='bbox 3064 1980 3181 2034; x_wconf 93' lang='lat' dir='ltr'>qua</span> <span class='ocrx_word' id='word_1_385' title='bbox 3202 1973 3437 2035; x_wconf 88' lang='lat' dir='ltr'>peccata</span> <span class='ocrx_word' id='word_1_386' title='bbox 3457 1982 3540 2021; x_wconf 90' lang='lat' dir='ltr'>re-</span> 
     </span>
    </p>
   </div>
   <div class='ocr_carea' id='block_1_52' title="bbox 1898 2051 3543 2123">
    <p class='ocr_par' dir='ltr' id='par_1_52' title="bbox 1898 2051 3543 2123">
     <span class='ocr_line' id='line_1_52' title="bbox 1898 2051 3543 2123; baseline 0.003 -18"><span class='ocrx_word' id='word_1_387' title='bbox 1898 2051 2186 2107; x_wconf 78' lang='lat' dir='ltr'>laxantur.</span> <span class='ocrx_word' id='word_1_388' title='bbox 2202 2054 2375 2123; x_wconf 83' lang='lat' dir='ltr'>Super</span> <span class='ocrx_word' id='word_1_389' title='bbox 2396 2052 2563 2107; x_wconf 84' lang='lat' dir='ltr'>lsrael</span> <span class='ocrx_word' id='word_1_390' title='bbox 2580 2052 2676 2106; x_wconf 87' lang='lat' dir='ltr'>Dei</span> <span class='ocrx_word' id='word_1_391' title='bbox 2697 2052 2858 2116; x_wconf 89' lang='lat' dir='ltr'>dicit,</span> <span class='ocrx_word' id='word_1_392' title='bbox 2874 2053 2943 2106; x_wconf 91' lang='lat' dir='ltr'>ad</span> <span class='ocrx_word' id='word_1_393' title='bbox 2970 2052 3397 2109; x_wconf 84' lang='lat' dir='ltr'>distinctionem</span> <span class='ocrx_word' id='word_1_394' title='bbox 3422 2073 3543 2110; x_wconf 83' lang='lat' dir='ltr'>car-</span> 
     </span>
    </p>
   </div>
   <div class='ocr_carea' id='block_1_53' title="bbox 1900 2140 3540 2215">
    <p class='ocr_par' dir='ltr' id='par_1_53' title="bbox 1900 2140 3540 2215">
     <span class='ocr_line' id='line_1_53' title="bbox 1900 2140 3540 2215; baseline 0.003 -21"><span class='ocrx_word' id='word_1_395' title='bbox 1900 2141 2049 2195; x_wconf 91' lang='lat' dir='ltr'>nalis</span> <span class='ocrx_word' id='word_1_396' title='bbox 2076 2140 2272 2206; x_wconf 89' lang='lat' dir='ltr'>Israel,</span> <span class='ocrx_word' id='word_1_397' title='bbox 2304 2158 2438 2193; x_wconf 89' lang='lat' dir='ltr'>nam</span> <span class='ocrx_word' id='word_1_398' title='bbox 2470 2145 2560 2195; x_wconf 90' lang='lat' dir='ltr'>est</span> <span class='ocrx_word' id='word_1_399' title='bbox 2583 2140 2778 2205; x_wconf 84' lang='lat' dir='ltr'>Israel,</span> <span class='ocrx_word' id='word_1_400' title='bbox 2806 2157 2920 2194; x_wconf 89' lang='lat' dir='ltr'>non</span> <span class='ocrx_word' id='word_1_401' title='bbox 2947 2140 3084 2208; x_wconf 89' lang='lat' dir='ltr'>Dei;</span> <span class='ocrx_word' id='word_1_402' title='bbox 3124 2144 3276 2197; x_wconf 91' lang='lat' dir='ltr'>unde</span> <span class='ocrx_word' id='word_1_403' title='bbox 3307 2143 3364 2197; x_wconf 91' lang='lat' dir='ltr'>in</span> <span class='ocrx_word' id='word_1_404' title='bbox 3389 2146 3540 2215; x_wconf 88' lang='lat' dir='ltr'>Apo-</span> 
     </span>
    </p>
   </div>
   <div class='ocr_carea' id='block_1_54' title="bbox 1899 2230 3540 2303">
    <p class='ocr_par' dir='ltr' id='par_1_54' title="bbox 1899 2230 3540 2303">
     <span class='ocr_line' id='line_1_54' title="bbox 1899 2230 3540 2303; baseline 0.002 -19"><span class='ocrx_word' id='word_1_405' title='bbox 1899 2230 2112 2301; x_wconf 84' lang='lat' dir='ltr'>calypsi</span> <span class='ocrx_word' id='word_1_406' title='bbox 2145 2246 2157 2283; x_wconf 91' lang='lat'>:</span> <span class='ocrx_word' id='word_1_407' title='bbox 2192 2231 2295 2297; x_wconf 85' lang='lat' dir='ltr'>Qui</span> <span class='ocrx_word' id='word_1_408' title='bbox 2322 2230 2508 2284; x_wconf 85' lang='lat' dir='ltr'>dicunt</span> <span class='ocrx_word' id='word_1_409' title='bbox 2536 2245 2593 2283; x_wconf 87' lang='lat' dir='ltr'>se</span> <span class='ocrx_word' id='word_1_410' title='bbox 2619 2230 2831 2284; x_wconf 63' lang='lat' dir='ltr'>Iudaeos</span> <span class='ocrx_word' id='word_1_411' title='bbox 2856 2246 2989 2293; x_wconf 86' lang='lat' dir='ltr'>esse,</span> <span class='ocrx_word' id='word_1_412' title='bbox 3014 2235 3120 2283; x_wconf 90' lang='lat' dir='ltr'>etc.</span> <span class='ocrx_word' id='word_1_413' title='bbox 3147 2233 3329 2301; x_wconf 78' lang='lat' dir='ltr'>(Apoc.</span> <span class='ocrx_word' id='word_1_414' title='bbox 3367 2250 3428 2301; x_wconf 87' lang='grc' dir='ltr'>ιι,</span> <span class='ocrx_word' id='word_1_415' title='bbox 3462 2233 3540 2303; x_wconf 85' lang='grc'>9).</span> 
     </span>
    </p>
   </div>
   <div class='ocr_carea' id='block_1_55' title="bbox 1970 2317 3545 2389">
    <p class='ocr_par' dir='ltr' id='par_1_55' title="bbox 1970 2317 3545 2389">
     <span class='ocr_line' id='line_1_55' title="bbox 1970 2317 3545 2389; baseline 0.003 -18"><span class='ocrx_word' id='word_1_416' title='bbox 1970 2319 2117 2389; x_wconf 88' lang='grc'>(995)</span> <span class='ocrx_word' id='word_1_417' title='bbox 2148 2320 2223 2372; x_wconf 91' lang='lat' dir='ltr'>De</span> <span class='ocrx_word' id='word_1_418' title='bbox 2266 2327 2481 2384; x_wconf 69' lang='lat' dir='ltr'>caetero,</span> <span class='ocrx_word' id='word_1_419' title='bbox 2527 2322 2676 2383; x_wconf 90' lang='lat' dir='ltr'>etc.;</span> <span class='ocrx_word' id='word_1_420' title='bbox 2718 2318 2885 2388; x_wconf 85' lang='lat' dir='ltr'>quasi</span> <span class='ocrx_word' id='word_1_421' title='bbox 2920 2317 3136 2373; x_wconf 90' lang='lat' dir='ltr'>diceret</span> <span class='ocrx_word' id='word_1_422' title='bbox 3173 2337 3185 2373; x_wconf 92' lang='lat'>:</span> <span class='ocrx_word' id='word_1_423' title='bbox 3237 2321 3545 2376; x_wconf 79' lang='lat' dir='ltr'>Manifesta</span> 
     </span>
    </p>
   </div>
   <div class='ocr_carea' id='block_1_56' title="bbox 1900 2407 3543 2478">
    <p class='ocr_par' dir='ltr' id='par_1_56' title="bbox 1900 2407 3543 2478">
     <span class='ocr_line' id='line_1_56' title="bbox 1900 2407 3543 2478; baseline 0.002 -17"><span class='ocrx_word' id='word_1_424' title='bbox 1900 2407 2361 2477; x_wconf 86' lang='lat' dir='ltr'>veritate,nullus</span> <span class='ocrx_word' id='word_1_425' title='bbox 2381 2424 2472 2461; x_wconf 89' lang='lat' dir='ltr'>me</span> <span class='ocrx_word' id='word_1_426' title='bbox 2490 2407 2559 2460; x_wconf 91' lang='lat' dir='ltr'>ad</span> <span class='ocrx_word' id='word_1_427' title='bbox 2580 2407 3031 2476; x_wconf 84' lang='lat' dir='ltr'>disputationem</span> <span class='ocrx_word' id='word_1_428' title='bbox 3051 2411 3410 2478; x_wconf 85' lang='lat' dir='ltr'>provocet.Et</span> <span class='ocrx_word' id='word_1_429' title='bbox 3431 2411 3543 2465; x_wconf 87' lang='lat' dir='ltr'>tale</span> 
     </span>
    </p>
   </div>
   <div class='ocr_carea' id='block_1_57' title="bbox 1901 2494 3547 2570">
    <p class='ocr_par' dir='ltr' id='par_1_57' title="bbox 1901 2494 3547 2570">
     <span class='ocr_line' id='line_1_57' title="bbox 1901 2494 3547 2570; baseline 0 -17"><span class='ocrx_word' id='word_1_430' title='bbox 1901 2503 1989 2553; x_wconf 91' lang='lat' dir='ltr'>est</span> <span class='ocrx_word' id='word_1_431' title='bbox 2014 2497 2122 2552; x_wconf 89' lang='lat' dir='ltr'>hoc</span> <span class='ocrx_word' id='word_1_432' title='bbox 2144 2496 2313 2567; x_wconf 91' lang='lat' dir='ltr'>quale</span> <span class='ocrx_word' id='word_1_433' title='bbox 2344 2497 2400 2550; x_wconf 91' lang='lat' dir='ltr'>in</span> <span class='ocrx_word' id='word_1_434' title='bbox 2426 2494 2683 2568; x_wconf 79' lang='lat' dir='ltr'>Epistola</span> <span class='ocrx_word' id='word_1_435' title='bbox 2708 2497 2777 2550; x_wconf 91' lang='lat' dir='ltr'>ad</span> <span class='ocrx_word' id='word_1_436' title='bbox 2805 2496 3165 2567; x_wconf 85' lang='lat' dir='ltr'>Corinthios:</span> <span class='ocrx_word' id='word_1_437' title='bbox 3200 2497 3261 2552; x_wconf 89' lang='lat' dir='ltr'>Si</span> <span class='ocrx_word' id='word_1_438' title='bbox 3281 2501 3403 2570; x_wconf 87' lang='lat' dir='ltr'>quis</span> <span class='ocrx_word' id='word_1_439' title='bbox 3424 2516 3547 2554; x_wconf 86' lang='lat' dir='ltr'>con-</span> 
     </span>
    </p>
   </div>
   <div class='ocr_carea' id='block_1_58' title="bbox 1898 2584 3548 2655">
    <p class='ocr_par' dir='ltr' id='par_1_58' title="bbox 1898 2584 3548 2655">
     <span class='ocr_line' id='line_1_58' title="bbox 1898 2584 3548 2655; baseline 0.002 -14"><span class='ocrx_word' id='word_1_440' title='bbox 1898 2588 2162 2641; x_wconf 83' lang='lat' dir='ltr'>tentiosus</span> <span class='ocrx_word' id='word_1_441' title='bbox 2183 2594 2260 2641; x_wconf 81' lang='lat' dir='ltr'>est</span> <span class='ocrx_word' id='word_1_442' title='bbox 2280 2588 2422 2640; x_wconf 87' lang='lat' dir='ltr'>inter</span> <span class='ocrx_word' id='word_1_443' title='bbox 2442 2601 2528 2639; x_wconf 89' lang='lat' dir='ltr'>vos</span> <span class='ocrx_word' id='word_1_444' title='bbox 2549 2584 2939 2655; x_wconf 73' lang='lat' dir='ltr'>(lCor.xn,16).</span> <span class='ocrx_word' id='word_1_445' title='bbox 2960 2586 3119 2641; x_wconf 88' lang='lat' dir='ltr'>Unde</span> <span class='ocrx_word' id='word_1_446' title='bbox 3136 2586 3312 2642; x_wconf 89' lang='lat' dir='ltr'>etiam</span> <span class='ocrx_word' id='word_1_447' title='bbox 3338 2588 3548 2644; x_wconf 85' lang='lat' dir='ltr'>melius</span> 
     </span>
    </p>
   </div>
   <div class='ocr_carea' id='block_1_59' title="bbox 1903 2674 3417 2747">
    <p class='ocr_par' dir='ltr' id='par_1_59' title="bbox 1903 2674 3417 2747">
     <span class='ocr_line' id='line_1_59' title="bbox 1903 2674 3417 2747; baseline 0.001 -18"><span class='ocrx_word' id='word_1_448' title='bbox 1903 2676 1959 2729; x_wconf 90' lang='lat' dir='ltr'>in</span> <span class='ocrx_word' id='word_1_449' title='bbox 1992 2676 2185 2731; x_wconf 73' lang='lat' dir='ltr'>Graeco</span> <span class='ocrx_word' id='word_1_450' title='bbox 2215 2674 2464 2730; x_wconf 88' lang='lat' dir='ltr'>habetur</span> <span class='ocrx_word' id='word_1_451' title='bbox 2496 2692 2508 2728; x_wconf 89' lang='lat'>:</span> <span class='ocrx_word' id='word_1_452' title='bbox 2543 2674 2708 2728; x_wconf 86' lang='lat' dir='ltr'>Nemo</span> <span class='ocrx_word' id='word_1_453' title='bbox 2743 2674 2883 2729; x_wconf 84' lang='lat' dir='ltr'>mihi</span> <span class='ocrx_word' id='word_1_454' title='bbox 2912 2674 3155 2730; x_wconf 79' lang='lat' dir='ltr'>laborem</span> <span class='ocrx_word' id='word_1_455' title='bbox 3184 2678 3417 2747; x_wconf 84' lang='lat' dir='ltr'>ingerat.</span> 
     </span>
    </p>
   </div>
   <div class='ocr_carea' id='block_1_60' title="bbox 1974 2762 3547 2837">
    <p class='ocr_par' dir='ltr' id='par_1_60' title="bbox 1974 2762 3547 2837">
     <span class='ocr_line' id='line_1_60' title="bbox 1974 2762 3547 2837; baseline 0.003 -20"><span class='ocrx_word' id='word_1_456' title='bbox 1974 2766 2079 2833; x_wconf 81' lang='lat' dir='ltr'>Ego</span> <span class='ocrx_word' id='word_1_457' title='bbox 2111 2764 2260 2817; x_wconf 76' lang='lat' dir='ltr'>enim</span> <span class='ocrx_word' id='word_1_458' title='bbox 2287 2764 2571 2829; x_wconf 72' lang='lat' dir='ltr'>stigmata,</span> <span class='ocrx_word' id='word_1_459' title='bbox 2604 2766 2709 2816; x_wconf 90' lang='lat' dir='ltr'>ctc.</span> <span class='ocrx_word' id='word_1_460' title='bbox 2748 2762 2895 2817; x_wconf 85' lang='lat' dir='ltr'>Nota</span> <span class='ocrx_word' id='word_1_461' title='bbox 2925 2764 3065 2833; x_wconf 88' lang='lat' dir='ltr'>quia</span> <span class='ocrx_word' id='word_1_462' title='bbox 3091 2767 3355 2833; x_wconf 72' lang='lat' dir='ltr'>stigmata</span> <span class='ocrx_word' id='word_1_463' title='bbox 3384 2766 3547 2837; x_wconf 89' lang='lat' dir='ltr'>dicit,</span> 
     </span>
    </p>
   </div>
   <div class='ocr_carea' id='block_1_61' title="bbox 1906 2849 3545 2925">
    <p class='ocr_par' dir='ltr' id='par_1_61' title="bbox 1906 2849 3545 2925">
     <span class='ocr_line' id='line_1_61' title="bbox 1906 2849 3545 2925; baseline 0.003 -20"><span class='ocrx_word' id='word_1_464' title='bbox 1906 2868 2018 2905; x_wconf 87' lang='lat' dir='ltr'>non</span> <span class='ocrx_word' id='word_1_465' title='bbox 2035 2852 2536 2915; x_wconf 86' lang='lat' dir='ltr'>circumcisionem;</span> <span class='ocrx_word' id='word_1_466' title='bbox 2562 2855 2618 2903; x_wconf 92' lang='lat' dir='ltr'>et</span> <span class='ocrx_word' id='word_1_467' title='bbox 2636 2851 2762 2904; x_wconf 87' lang='lat' dir='ltr'>Jesu</span> <span class='ocrx_word' id='word_1_468' title='bbox 2782 2849 2943 2917; x_wconf 89' lang='lat' dir='ltr'>dicit,</span> <span class='ocrx_word' id='word_1_469' title='bbox 2962 2868 3073 2906; x_wconf 92' lang='lat' dir='ltr'>non</span> <span class='ocrx_word' id='word_1_470' title='bbox 3098 2854 3229 2923; x_wconf 86' lang='lat' dir='ltr'>legis</span> <span class='ocrx_word' id='word_1_471' title='bbox 3250 2854 3545 2925; x_wconf 84' lang='lat' dir='ltr'>stigmata,</span> 
     </span>
    </p>
   </div>
   <div class='ocr_carea' id='block_1_62' title="bbox 1906 2938 3549 3011">
    <p class='ocr_par' dir='ltr' id='par_1_62' title="bbox 1906 2938 3549 3011">
     <span class='ocr_line' id='line_1_62' title="bbox 1906 2938 3549 3011; baseline 0.002 -17"><span class='ocrx_word' id='word_1_472' title='bbox 1906 2955 2159 3009; x_wconf 87' lang='lat' dir='ltr'>namque</span> <span class='ocrx_word' id='word_1_473' title='bbox 2208 2943 2347 2993; x_wconf 90' lang='lat' dir='ltr'>sunt</span> <span class='ocrx_word' id='word_1_474' title='bbox 2396 2944 2540 2992; x_wconf 68' lang='lat' dir='ltr'>notae</span> <span class='ocrx_word' id='word_1_475' title='bbox 2572 2938 2721 3008; x_wconf 67' lang='lat'>(99.3)</span> <span class='ocrx_word' id='word_1_476' title='bbox 2771 2954 3096 3007; x_wconf 78' lang='lat' dir='ltr'>pmnarum,</span> <span class='ocrx_word' id='word_1_477' title='bbox 3131 2942 3345 3011; x_wconf 89' lang='lat' dir='ltr'>quibus</span> <span class='ocrx_word' id='word_1_478' title='bbox 3398 2943 3549 2998; x_wconf 87' lang='lat' dir='ltr'>servi</span> 
     </span>
    </p>
   </div>
   <div class='ocr_carea' id='block_1_63' title="bbox 1907 3025 3548 3101">
    <p class='ocr_par' dir='ltr' id='par_1_63' title="bbox 1907 3025 3548 3101">
     <span class='ocr_line' id='line_1_63' title="bbox 1907 3025 3548 3101; baseline 0.001 -19"><span class='ocrx_word' id='word_1_479' title='bbox 1907 3029 2277 3082; x_wconf 88' lang='lat' dir='ltr'>denotantur.</span> <span class='ocrx_word' id='word_1_480' title='bbox 2301 3028 2585 3096; x_wconf 81' lang='lat' dir='ltr'>Stigmata</span> <span class='ocrx_word' id='word_1_481' title='bbox 2614 3025 2670 3078; x_wconf 89' lang='lat' dir='ltr'>in</span> <span class='ocrx_word' id='word_1_482' title='bbox 2702 3041 2938 3096; x_wconf 85' lang='lat' dir='ltr'>corpore</span> <span class='ocrx_word' id='word_1_483' title='bbox 2972 3044 3077 3081; x_wconf 88' lang='lat' dir='ltr'>suo</span> <span class='ocrx_word' id='word_1_484' title='bbox 3108 3029 3361 3099; x_wconf 88' lang='lat' dir='ltr'>appellat</span> <span class='ocrx_word' id='word_1_485' title='bbox 3391 3030 3548 3101; x_wconf 88' lang='lat' dir='ltr'>peri-</span> 
     </span>
    </p>
   </div>
   <div class='ocr_carea' id='block_1_64' title="bbox 138 3097 3547 3191">
    <p class='ocr_par' dir='ltr' id='par_1_64' title="bbox 138 3097 3547 3191">
     <span class='ocr_line' id='line_1_64' title="bbox 138 3097 3547 3191; baseline -0.003 -6"><span class='ocrx_word' id='word_1_486' title='bbox 138 3144 274 3185; x_wconf 89' lang='lat' dir='ltr'>rum</span> <span class='ocrx_word' id='word_1_487' title='bbox 470 3097 656 3180; x_wconf 73' lang='lat' dir='ltr'>venter</span> <span class='ocrx_word' id='word_1_488' title='bbox 684 3130 781 3189; x_wconf 88' lang='lat' dir='ltr'>est,</span> <span class='ocrx_word' id='word_1_489' title='bbox 806 3125 938 3187; x_wconf 86' lang='lat' dir='ltr'>etc.,</span> <span class='ocrx_word' id='word_1_490' title='bbox 962 3120 1110 3191; x_wconf 88' lang='lat'>(993)</span> <span class='ocrx_word' id='word_1_491' title='bbox 1142 3097 1485 3173; x_wconf 71' lang='lat' dir='ltr'>Gaudebant</span> <span class='ocrx_word' id='word_1_492' title='bbox 1514 3115 1667 3170; x_wconf 91' lang='lat' dir='ltr'>enim</span> <span class='ocrx_word' id='word_1_493' title='bbox 1701 3112 1795 3169; x_wconf 90' lang='lat' dir='ltr'>isti</span> <span class='ocrx_word' id='word_1_494' title='bbox 1828 3097 1870 3162; x_wconf 71' lang='grc' dir='ltr'>Ο</span> <span class='ocrx_word' id='word_1_495' title='bbox 1910 3116 2041 3171; x_wconf 93' lang='lat' dir='ltr'>cula</span> <span class='ocrx_word' id='word_1_496' title='bbox 2062 3131 2380 3179; x_wconf 87' lang='lat' dir='ltr'>carcerum,</span> <span class='ocrx_word' id='word_1_497' title='bbox 2406 3113 2811 3185; x_wconf 85' lang='lat' dir='ltr'>lapidationes,</span> <span class='ocrx_word' id='word_1_498' title='bbox 2836 3119 2892 3169; x_wconf 89' lang='lat' dir='ltr'>et</span> <span class='ocrx_word' id='word_1_499' title='bbox 2913 3097 3236 3187; x_wconf 80' lang='lat' dir='ltr'>naufragia,</span> <span class='ocrx_word' id='word_1_500' title='bbox 3260 3123 3315 3172; x_wconf 87' lang='lat' dir='ltr'>et</span> <span class='ocrx_word' id='word_1_501' title='bbox 3343 3097 3547 3176; x_wconf 67' lang='lat' dir='ltr'>caetera</span> 
     </span>
    </p>
   </div>
   <div class='ocr_carea' id='block_1_65' title="bbox 143 3203 1799 3282">
    <p class='ocr_par' dir='ltr' id='par_1_65' title="bbox 143 3203 1799 3282">
     <span class='ocr_line' id='line_1_65' title="bbox 143 3203 1799 3282; baseline -0.01 -8"><span class='ocrx_word' id='word_1_502' title='bbox 143 3235 209 3275; x_wconf 90' lang='lat' dir='ltr'>se</span> <span class='ocrx_word' id='word_1_503' title='bbox 244 3214 464 3270; x_wconf 89' lang='lat' dir='ltr'>multos</span> <span class='ocrx_word' id='word_1_504' title='bbox 488 3213 698 3268; x_wconf 89' lang='lat' dir='ltr'>habere</span> <span class='ocrx_word' id='word_1_505' title='bbox 726 3210 1065 3282; x_wconf 88' lang='lat' dir='ltr'>discipulos.</span> <span class='ocrx_word' id='word_1_506' title='bbox 1090 3208 1234 3264; x_wconf 87' lang='lat' dir='ltr'>Nam</span> <span class='ocrx_word' id='word_1_507' title='bbox 1261 3224 1377 3279; x_wconf 88' lang='lat' dir='ltr'>qua</span> <span class='ocrx_word' id='word_1_508' title='bbox 1407 3205 1681 3262; x_wconf 87' lang='lat' dir='ltr'>aviditate</span> <span class='ocrx_word' id='word_1_509' title='bbox 1714 3203 1799 3258; x_wconf 90' lang='lat' dir='ltr'>illi</span> 
     </span>
    </p>
   </div>
   <div class='ocr_carea' id='block_1_66' title="bbox 144 3295 1797 3363">
    <p class='ocr_par' dir='ltr' id='par_1_66' title="bbox 144 3295 1797 3363">
     <span class='ocr_line' id='line_1_66' title="bbox 144 3295 1797 3363; baseline -0.01 0"><span class='ocrx_word' id='word_1_510' title='bbox 144 3305 372 3363; x_wconf 90' lang='lat' dir='ltr'>vellent</span> <span class='ocrx_word' id='word_1_511' title='bbox 391 3305 463 3361; x_wconf 90' lang='lat' dir='ltr'>ad</span> <span class='ocrx_word' id='word_1_512' title='bbox 497 3300 997 3358; x_wconf 89' lang='lat' dir='ltr'>circumcisionem</span> <span class='ocrx_word' id='word_1_513' title='bbox 1025 3298 1274 3363; x_wconf 88' lang='lat' dir='ltr'>trahere,</span> <span class='ocrx_word' id='word_1_514' title='bbox 1303 3296 1589 3352; x_wconf 90' lang='lat' dir='ltr'>Dominus</span> <span class='ocrx_word' id='word_1_515' title='bbox 1610 3295 1797 3349; x_wconf 87' lang='lat' dir='ltr'>mani-</span> 
     </span>
    </p>
   </div>
   <div class='ocr_carea' id='block_1_67' title="bbox 145 3383 1799 3461">
    <p class='ocr_par' dir='ltr' id='par_1_67' title="bbox 145 3383 1799 3461">
     <span class='ocr_line' id='line_1_67' title="bbox 145 3383 1799 3461; baseline -0.007 -10"><span class='ocrx_word' id='word_1_516' title='bbox 145 3398 348 3461; x_wconf 80' lang='lat' dir='ltr'>festat,</span> <span class='ocrx_word' id='word_1_517' title='bbox 381 3394 578 3449; x_wconf 87' lang='lat' dir='ltr'>dicens</span> <span class='ocrx_word' id='word_1_518' title='bbox 614 3407 626 3446; x_wconf 90' lang='lat'>:</span> <span class='ocrx_word' id='word_1_519' title='bbox 683 3392 764 3447; x_wconf 67' lang='lat' dir='ltr'>Vw</span> <span class='ocrx_word' id='word_1_520' title='bbox 808 3389 980 3459; x_wconf 87' lang='lat' dir='ltr'>vobis,</span> <span class='ocrx_word' id='word_1_521' title='bbox 1029 3388 1231 3442; x_wconf 80' lang='lat' dir='ltr'>Scribae</span> <span class='ocrx_word' id='word_1_522' title='bbox 1280 3395 1330 3442; x_wconf 89' lang='lat' dir='ltr'>et</span> <span class='ocrx_word' id='word_1_523' title='bbox 1374 3385 1667 3455; x_wconf 72' lang='lat' dir='ltr'>Pharisaei,</span> <span class='ocrx_word' id='word_1_524' title='bbox 1702 3383 1799 3455; x_wconf 82' lang='lat' dir='ltr'>qui</span> 
     </span>
    </p>
   </div>
   <div class='ocr_carea' id='block_1_68' title="bbox 143 3473 1796 3549">
    <p class='ocr_par' dir='ltr' id='par_1_68' title="bbox 143 3473 1796 3549">
     <span class='ocr_line' id='line_1_68' title="bbox 143 3473 1796 3549; baseline -0.009 -8"><span class='ocrx_word' id='word_1_525' title='bbox 143 3485 403 3541; x_wconf 85' lang='lat' dir='ltr'>circuitis</span> <span class='ocrx_word' id='word_1_526' title='bbox 431 3496 583 3536; x_wconf 89' lang='lat' dir='ltr'>mare</span> <span class='ocrx_word' id='word_1_527' title='bbox 633 3485 683 3535; x_wconf 91' lang='lat' dir='ltr'>et</span> <span class='ocrx_word' id='word_1_528' title='bbox 729 3478 965 3546; x_wconf 86' lang='lat' dir='ltr'>aridam,</span> <span class='ocrx_word' id='word_1_529' title='bbox 998 3479 1057 3531; x_wconf 89' lang='lat' dir='ltr'>ut</span> <span class='ocrx_word' id='word_1_530' title='bbox 1086 3475 1311 3549; x_wconf 79' lang='lat' dir='ltr'>faciatis</span> <span class='ocrx_word' id='word_1_531' title='bbox 1355 3492 1529 3529; x_wconf 90' lang='lat' dir='ltr'>unum</span> <span class='ocrx_word' id='word_1_532' title='bbox 1554 3473 1796 3545; x_wconf 85' lang='lat' dir='ltr'>prosely-</span> 
     </span>
    </p>
   </div>
   <div class='ocr_carea' id='block_1_69' title="bbox 143 3563 1795 3643">
    <p class='ocr_par' dir='ltr' id='par_1_69' title="bbox 143 3563 1795 3643">
     <span class='ocr_line' id='line_1_69' title="bbox 143 3563 1795 3643; baseline -0.008 -12"><span class='ocrx_word' id='word_1_533' title='bbox 143 3586 287 3641; x_wconf 89' lang='lat' dir='ltr'>tum,</span> <span class='ocrx_word' id='word_1_534' title='bbox 312 3578 422 3629; x_wconf 92' lang='lat' dir='ltr'>etc.</span> <span class='ocrx_word' id='word_1_535' title='bbox 442 3569 649 3643; x_wconf 81' lang='lat' dir='ltr'>(Matth.</span> <span class='ocrx_word' id='word_1_536' title='bbox 668 3583 827 3636; x_wconf 69' lang='grc' dir='ltr'>χχιιι,</span> <span class='ocrx_word' id='word_1_537' title='bbox 853 3567 960 3635; x_wconf 83' lang='grc'>15).</span> <span class='ocrx_word' id='word_1_538' title='bbox 980 3566 1047 3620; x_wconf 89' lang='lat' dir='ltr'>Et</span> <span class='ocrx_word' id='word_1_539' title='bbox 1068 3565 1116 3620; x_wconf 93' lang='lat' dir='ltr'>si</span> <span class='ocrx_word' id='word_1_540' title='bbox 1138 3565 1436 3619; x_wconf 87' lang='lat' dir='ltr'>habebant</span> <span class='ocrx_word' id='word_1_541' title='bbox 1459 3563 1795 3618; x_wconf 90' lang='lat' dir='ltr'>aviditatem</span> 
     </span>
    </p>
   </div>
   <div class='ocr_carea' id='block_1_70' title="bbox 142 3652 1797 3729">
    <p class='ocr_par' dir='ltr' id='par_1_70' title="bbox 142 3652 1797 3729">
     <span class='ocr_line' id='line_1_70' title="bbox 142 3652 1797 3729; baseline -0.01 -8"><span class='ocrx_word' id='word_1_542' title='bbox 142 3679 335 3721; x_wconf 89' lang='lat' dir='ltr'>unum</span> <span class='ocrx_word' id='word_1_543' title='bbox 354 3659 646 3729; x_wconf 89' lang='lat' dir='ltr'>trahendi,</span> <span class='ocrx_word' id='word_1_544' title='bbox 672 3657 855 3712; x_wconf 90' lang='lat' dir='ltr'>multo</span> <span class='ocrx_word' id='word_1_545' title='bbox 881 3654 1068 3726; x_wconf 89' lang='lat' dir='ltr'>magis</span> <span class='ocrx_word' id='word_1_546' title='bbox 1092 3657 1273 3709; x_wconf 90' lang='lat' dir='ltr'>totam</span> <span class='ocrx_word' id='word_1_547' title='bbox 1301 3652 1657 3723; x_wconf 85' lang='lat' dir='ltr'>provinciam</span> <span class='ocrx_word' id='word_1_548' title='bbox 1686 3653 1797 3705; x_wconf 88' lang='lat' dir='ltr'>Ga-</span> 
     </span>
    </p>
   </div>
   <div class='ocr_carea' id='block_1_71' title="bbox 141 3753 372 3809">
    <p class='ocr_par' dir='ltr' id='par_1_71' title="bbox 141 3753 372 3809">
     <span class='ocr_line' id='line_1_71' title="bbox 141 3753 372 3809; baseline -0.004 -2"><span class='ocrx_word' id='word_1_549' title='bbox 141 3753 372 3809; x_wconf 87' lang='lat' dir='ltr'>latiam.</span> 
     </span>
    </p>
   </div>
   <div class='ocr_carea' id='block_1_72' title="bbox 212 3828 1792 3913">
    <p class='ocr_par' dir='ltr' id='par_1_72' title="bbox 212 3828 1792 3913">
     <span class='ocr_line' id='line_1_72' title="bbox 212 3828 1792 3913; baseline -0.009 -16"><span class='ocrx_word' id='word_1_550' title='bbox 212 3842 366 3913; x_wconf 77' lang='grc'>(994)</span> <span class='ocrx_word' id='word_1_551' title='bbox 396 3839 533 3895; x_wconf 83' lang='lat' dir='ltr'>Mihi</span> <span class='ocrx_word' id='word_1_552' title='bbox 560 3844 746 3893; x_wconf 86' lang='lat' dir='ltr'>autem</span> <span class='ocrx_word' id='word_1_553' title='bbox 773 3834 941 3901; x_wconf 86' lang='lat' dir='ltr'>absit,</span> <span class='ocrx_word' id='word_1_554' title='bbox 975 3835 1081 3887; x_wconf 91' lang='lat' dir='ltr'>etc.</span> <span class='ocrx_word' id='word_1_555' title='bbox 1111 3828 1432 3901; x_wconf 83' lang='lat' dir='ltr'>Distinguit</span> <span class='ocrx_word' id='word_1_556' title='bbox 1461 3828 1617 3883; x_wconf 91' lang='lat' dir='ltr'>enim</span> <span class='ocrx_word' id='word_1_557' title='bbox 1642 3830 1792 3899; x_wconf 89' lang='lat' dir='ltr'>Apo-</span> 
     </span>
    </p>
   </div>
   <div class='ocr_carea' id='block_1_73' title="bbox 142 3916 1791 3999">
    <p class='ocr_par' dir='ltr' id='par_1_73' title="bbox 142 3916 1791 3999">
     <span class='ocr_line' id='line_1_73' title="bbox 142 3916 1791 3999; baseline -0.012 -10"><span class='ocrx_word' id='word_1_558' title='bbox 142 3932 335 3989; x_wconf 88' lang='lat' dir='ltr'>stolus</span> <span class='ocrx_word' id='word_1_559' title='bbox 370 3945 539 3985; x_wconf 88' lang='lat' dir='ltr'>suam</span> <span class='ocrx_word' id='word_1_560' title='bbox 589 3925 997 3999; x_wconf 86' lang='lat' dir='ltr'>gloriationem</span> <span class='ocrx_word' id='word_1_561' title='bbox 1045 3925 1103 3976; x_wconf 90' lang='lat' dir='ltr'>et</span> <span class='ocrx_word' id='word_1_562' title='bbox 1150 3919 1386 3974; x_wconf 91' lang='lat' dir='ltr'>illorum</span> <span class='ocrx_word' id='word_1_563' title='bbox 1437 3918 1531 3972; x_wconf 92' lang='lat' dir='ltr'>his</span> <span class='ocrx_word' id='word_1_564' title='bbox 1580 3916 1791 3982; x_wconf 89' lang='lat' dir='ltr'>verbis,</span> 
     </span>
    </p>
   </div>
   <div class='ocr_carea' id='block_1_74' title="bbox 141 4007 1792 4093">
    <p class='ocr_par' dir='ltr' id='par_1_74' title="bbox 141 4007 1792 4093">
     <span class='ocr_line' id='line_1_74' title="bbox 141 4007 1792 4093; baseline -0.01 -15"><span class='ocrx_word' id='word_1_565' title='bbox 141 4021 311 4093; x_wconf 90' lang='lat' dir='ltr'>quasi</span> <span class='ocrx_word' id='word_1_566' title='bbox 343 4019 594 4074; x_wconf 86' lang='lat' dir='ltr'>diceret:</span> <span class='ocrx_word' id='word_1_567' title='bbox 631 4014 717 4071; x_wconf 89' lang='lat' dir='ltr'>Illi</span> <span class='ocrx_word' id='word_1_568' title='bbox 744 4014 799 4068; x_wconf 92' lang='lat' dir='ltr'>in</span> <span class='ocrx_word' id='word_1_569' title='bbox 837 4010 1283 4067; x_wconf 88' lang='lat' dir='ltr'>circumcisione</span> <span class='ocrx_word' id='word_1_570' title='bbox 1308 4007 1654 4079; x_wconf 90' lang='lat' dir='ltr'>gloriantur,</span> <span class='ocrx_word' id='word_1_571' title='bbox 1687 4022 1792 4077; x_wconf 88' lang='lat' dir='ltr'>ego</span> 
     </span>
    </p>
   </div>
   <div class='ocr_carea' id='block_1_75' title="bbox 141 4096 1789 4176">
    <p class='ocr_par' dir='ltr' id='par_1_75' title="bbox 141 4096 1789 4176">
     <span class='ocr_line' id='line_1_75' title="bbox 141 4096 1789 4176; baseline -0.009 -12"><span class='ocrx_word' id='word_1_572' title='bbox 141 4111 198 4166; x_wconf 92' lang='lat' dir='ltr'>in</span> <span class='ocrx_word' id='word_1_573' title='bbox 230 4125 445 4176; x_wconf 91' lang='lat' dir='ltr'>cruce;</span> <span class='ocrx_word' id='word_1_574' title='bbox 480 4110 543 4161; x_wconf 91' lang='lat' dir='ltr'>ut</span> <span class='ocrx_word' id='word_1_575' title='bbox 573 4104 719 4160; x_wconf 92' lang='lat' dir='ltr'>illud</span> <span class='ocrx_word' id='word_1_576' title='bbox 746 4119 757 4158; x_wconf 94' lang='lat'>:</span> <span class='ocrx_word' id='word_1_577' title='bbox 794 4103 949 4157; x_wconf 85' lang='lat' dir='ltr'>Ibant</span> <span class='ocrx_word' id='word_1_578' title='bbox 975 4100 1269 4169; x_wconf 84' lang='lat' dir='ltr'>gaudentes</span> <span class='ocrx_word' id='word_1_579' title='bbox 1292 4100 1430 4168; x_wconf 78' lang='lat' dir='ltr'>(Act.</span> <span class='ocrx_word' id='word_1_580' title='bbox 1464 4112 1515 4163; x_wconf 69' lang='grc' dir='ltr'>ι’,</span> <span class='ocrx_word' id='word_1_581' title='bbox 1546 4096 1655 4166; x_wconf 85' lang='grc'>41),</span> <span class='ocrx_word' id='word_1_582' title='bbox 1679 4100 1789 4151; x_wconf 92' lang='lat' dir='ltr'>etc.</span> 
     </span>
    </p>
   </div>
   <div class='ocr_carea' id='block_1_76' title="bbox 142 4185 1791 4267">
    <p class='ocr_par' dir='ltr' id='par_1_76' title="bbox 142 4185 1791 4267">
     <span class='ocr_line' id='line_1_76' title="bbox 142 4185 1791 4267; baseline -0.01 -12"><span class='ocrx_word' id='word_1_583' title='bbox 142 4201 209 4255; x_wconf 86' lang='lat' dir='ltr'>Et</span> <span class='ocrx_word' id='word_1_584' title='bbox 234 4199 298 4254; x_wconf 88' lang='lat' dir='ltr'>in</span> <span class='ocrx_word' id='word_1_585' title='bbox 333 4198 507 4267; x_wconf 87' lang='lat' dir='ltr'>cujus</span> <span class='ocrx_word' id='word_1_586' title='bbox 534 4210 705 4251; x_wconf 91' lang='lat' dir='ltr'>cruce</span> <span class='ocrx_word' id='word_1_587' title='bbox 736 4190 1075 4246; x_wconf 80' lang='lat' dir='ltr'>manifestat</span> <span class='ocrx_word' id='word_1_588' title='bbox 1104 4186 1304 4241; x_wconf 89' lang='lat' dir='ltr'>dicens</span> <span class='ocrx_word' id='word_1_589' title='bbox 1336 4203 1349 4239; x_wconf 88' lang='lat'>:</span> <span class='ocrx_word' id='word_1_590' title='bbox 1403 4187 1463 4240; x_wconf 90' lang='lat' dir='ltr'>In</span> <span class='ocrx_word' id='word_1_591' title='bbox 1499 4200 1657 4239; x_wconf 84' lang='lat' dir='ltr'>cruce</span> <span class='ocrx_word' id='word_1_592' title='bbox 1686 4185 1791 4239; x_wconf 88' lang='lat' dir='ltr'>Do-</span> 
     </span>
    </p>
   </div>
   <div class='ocr_carea' id='block_1_77' title="bbox 143 4273 1793 4348">
    <p class='ocr_par' dir='ltr' id='par_1_77' title="bbox 143 4273 1793 4348">
     <span class='ocr_line' id='line_1_77' title="bbox 143 4273 1793 4348; baseline -0.011 -4"><span class='ocrx_word' id='word_1_593' title='bbox 143 4290 307 4344; x_wconf 83' lang='lat' dir='ltr'>mini.</span> <span class='ocrx_word' id='word_1_594' title='bbox 342 4285 677 4342; x_wconf 87' lang='lat' dir='ltr'>Notandum</span> <span class='ocrx_word' id='word_1_595' title='bbox 728 4278 885 4335; x_wconf 92' lang='lat' dir='ltr'>enim</span> <span class='ocrx_word' id='word_1_596' title='bbox 938 4278 1079 4348; x_wconf 91' lang='lat' dir='ltr'>quia</span> <span class='ocrx_word' id='word_1_597' title='bbox 1129 4280 1269 4331; x_wconf 88' lang='lat' dir='ltr'>sunt</span> <span class='ocrx_word' id='word_1_598' title='bbox 1320 4275 1419 4345; x_wconf 92' lang='lat' dir='ltr'>qui</span> <span class='ocrx_word' id='word_1_599' title='bbox 1461 4273 1793 4328; x_wconf 91' lang='lat' dir='ltr'>moriuntur</span> 
     </span>
    </p>
   </div>
   <div class='ocr_carea' id='block_1_78' title="bbox 207 4389 1788 4476">
    <p class='ocr_par' dir='ltr' id='par_1_78' title="bbox 207 4389 1788 4476">
     <span class='ocr_line' id='line_1_78' title="bbox 207 4389 1788 4476; baseline -0.009 -17"><span class='ocrx_word' id='word_1_600' title='bbox 207 4403 363 4476; x_wconf 88' lang='lat'>(991)</span> <span class='ocrx_word' id='word_1_601' title='bbox 399 4401 635 4476; x_wconf 81' lang='lat' dir='ltr'>Legitur</span> <span class='ocrx_word' id='word_1_602' title='bbox 665 4399 723 4476; x_wconf 81' lang='lat' dir='ltr'>in</span> <span class='ocrx_word' id='word_1_603' title='bbox 759 4396 883 4452; x_wconf 94' lang='lat' dir='ltr'>cod.</span> <span class='ocrx_word' id='word_1_604' title='bbox 907 4411 919 4449; x_wconf 90' lang='lat'>:</span> <span class='ocrx_word' id='word_1_605' title='bbox 945 4393 1276 4476; x_wconf 74' lang='lat' dir='ltr'>carnalibus</span> <span class='ocrx_word' id='word_1_606' title='bbox 1305 4391 1474 4473; x_wconf 75' lang='lat' dir='ltr'>vitiis.</span> <span class='ocrx_word' id='word_1_607' title='bbox 1512 4389 1788 4476; x_wconf 74' lang='lat' dir='ltr'>Deditum,</span> 
     </span>
    </p>
   </div>
   <div class='ocr_carea' id='block_1_79' title="bbox 140 4462 1864 4539">
    <p class='ocr_par' dir='ltr' id='par_1_79' title="bbox 140 4462 1864 4539">
     <span class='ocr_line' id='line_1_79' title="bbox 140 4462 1864 4539; baseline -0.009 -7"><span class='ocrx_word' id='word_1_608' title='bbox 140 4462 225 4531; x_wconf 85' lang='lat' dir='ltr'>vel</span> <span class='ocrx_word' id='word_1_609' title='bbox 255 4462 825 4531; x_wconf 53' lang='lat' dir='ltr'>deditosaddendum</span> <span class='ocrx_word' id='word_1_610' title='bbox 860 4470 1183 4539; x_wconf 90' lang='lat' dir='ltr'>putassem,</span> <span class='ocrx_word' id='word_1_611' title='bbox 1207 4462 1318 4539; x_wconf 77' lang='lat' dir='ltr'>nisi</span> <span class='ocrx_word' id='word_1_612' title='bbox 1344 4463 1483 4539; x_wconf 85' lang='lat' dir='ltr'>jam</span> <span class='ocrx_word' id='word_1_613' title='bbox 1503 4462 1785 4526; x_wconf 88' lang='lat' dir='ltr'>carnales,</span> <span class='ocrx_word' id='word_1_614' title='bbox 1821 4466 1864 4530; x_wconf 82' lang='grc' dir='ltr'>ι)</span> 
     </span>
    </p>
   </div>
   <div class='ocr_carea' id='block_1_80' title="bbox 140 4536 1783 4615">
    <p class='ocr_par' dir='ltr' id='par_1_80' title="bbox 140 4536 1783 4615">
     <span class='ocr_line' id='line_1_80' title="bbox 140 4536 1783 4615; baseline -0.009 -12"><span class='ocrx_word' id='word_1_615' title='bbox 140 4548 270 4615; x_wconf 90' lang='lat' dir='ltr'>hoc,</span> <span class='ocrx_word' id='word_1_616' title='bbox 299 4553 364 4602; x_wconf 86' lang='lat' dir='ltr'>ut</span> <span class='ocrx_word' id='word_1_617' title='bbox 393 4562 541 4609; x_wconf 85' lang='lat' dir='ltr'>reor,</span> <span class='ocrx_word' id='word_1_618' title='bbox 576 4559 753 4599; x_wconf 89' lang='lat' dir='ltr'>sensu</span> <span class='ocrx_word' id='word_1_619' title='bbox 784 4536 1165 4594; x_wconf 83' lang='lat' dir='ltr'>nominasset.</span> <span class='ocrx_word' id='word_1_620' title='bbox 1199 4536 1559 4605; x_wconf 88' lang='lat' dir='ltr'>Quapropter</span> <span class='ocrx_word' id='word_1_621' title='bbox 1587 4549 1783 4588; x_wconf 85' lang='lat' dir='ltr'>emen-</span> 
     </span>
    </p>
   </div>
   <div class='ocr_carea' id='block_1_81' title="bbox 141 4616 1141 4675">
    <p class='ocr_par' dir='ltr' id='par_1_81' title="bbox 141 4616 1141 4675">
     <span class='ocr_line' id='line_1_81' title="bbox 141 4616 1141 4675; baseline -0.009 -3"><span class='ocrx_word' id='word_1_622' title='bbox 141 4620 403 4675; x_wconf 88' lang='lat' dir='ltr'>dandum</span> <span class='ocrx_word' id='word_1_623' title='bbox 434 4616 656 4672; x_wconf 91' lang='lat' dir='ltr'>censui.</span> <span class='ocrx_word' id='word_1_624' title='bbox 1136 4646 1141 4653; x_wconf 87' lang='lat'>-</span> 
     </span>
    </p>
   </div>
   <div class='ocr_carea' id='block_1_82' title="bbox 208 4682 1079 4761">
    <p class='ocr_par' dir='ltr' id='par_1_82' title="bbox 208 4682 1079 4761">
     <span class='ocr_line' id='line_1_82' title="bbox 208 4682 1079 4761; baseline -0.014 -16"><span class='ocrx_word' id='word_1_625' title='bbox 208 4691 366 4761; x_wconf 82' lang='lat'>(992)</span> <span class='ocrx_word' id='word_1_626' title='bbox 398 4689 576 4743; x_wconf 92' lang='lat' dir='ltr'>Divus</span> <span class='ocrx_word' id='word_1_627' title='bbox 608 4686 860 4761; x_wconf 51' lang='lat' dir='ltr'>Hieron”</span> <span class='ocrx_word' id='word_1_628' title='bbox 896 4682 1079 4761; x_wconf 81' lang='lat' dir='ltr'>Caius.</span> 
     </span>
    </p>
   </div>
   <div class='ocr_carea' id='block_1_83' title="bbox 207 4746 1783 4832">
    <p class='ocr_par' dir='ltr' id='par_1_83' title="bbox 207 4746 1783 4832">
     <span class='ocr_line' id='line_1_83' title="bbox 207 4746 1783 4832; baseline -0.01 -15"><span class='ocrx_word' id='word_1_629' title='bbox 207 4746 360 4832; x_wconf 75' lang='grc'>(993)</span> <span class='ocrx_word' id='word_1_630' title='bbox 391 4762 608 4815; x_wconf 81' lang='lat' dir='ltr'>Textus</span> <span class='ocrx_word' id='word_1_631' title='bbox 641 4757 734 4832; x_wconf 80' lang='lat' dir='ltr'>hic</span> <span class='ocrx_word' id='word_1_632' title='bbox 759 4746 877 4832; x_wconf 82' lang='lat' dir='ltr'>non</span> <span class='ocrx_word' id='word_1_633' title='bbox 909 4755 969 4807; x_wconf 92' lang='lat' dir='ltr'>in</span> <span class='ocrx_word' id='word_1_634' title='bbox 1014 4750 1199 4832; x_wconf 48' lang='lat' dir='ltr'>Epist.</span> <span class='ocrx_word' id='word_1_635' title='bbox 1227 4749 1330 4832; x_wconf 48' lang='lat' dir='ltr'>ad“</span> <span class='ocrx_word' id='word_1_636' title='bbox 1353 4747 1543 4832; x_wconf 80' lang='lat' dir='ltr'>Rom.,</span> <span class='ocrx_word' id='word_1_637' title='bbox 1577 4748 1677 4832; x_wconf 77' lang='lat' dir='ltr'>sed</span> <span class='ocrx_word' id='word_1_638' title='bbox 1714 4746 1783 4829; x_wconf 76' lang='lat' dir='ltr'>in</span> 
     </span>
    </p>
   </div>
   <div class='ocr_carea' id='block_1_84' title="bbox 144 4819 1783 4902">
    <p class='ocr_par' dir='ltr' id='par_1_84' title="bbox 144 4819 1783 4902">
     <span class='ocr_line' id='line_1_84' title="bbox 144 4819 1783 4902; baseline -0.008 -17"><span class='ocrx_word' id='word_1_639' title='bbox 144 4819 241 4889; x_wconf 72' lang='lat' dir='ltr'>illa</span> <span class='ocrx_word' id='word_1_640' title='bbox 271 4819 354 4889; x_wconf 42' lang='lat' dir='ltr'>ad,</span> <span class='ocrx_word' id='word_1_641' title='bbox 380 4832 629 4902; x_wconf 85' lang='lat' dir='ltr'>Philipp.</span> <span class='ocrx_word' id='word_1_642' title='bbox 660 4828 874 4899; x_wconf 89' lang='lat' dir='ltr'>legitur</span> <span class='ocrx_word' id='word_1_643' title='bbox 903 4842 997 4902; x_wconf 71' lang='lat' dir='ltr'>lII,_</span> <span class='ocrx_word' id='word_1_644' title='bbox 1144 4819 1783 4902; x_wconf 31' lang='lat' dir='ltr'>Similis‘autemﬁhuic,</span> 
     </span>
    </p>
   </div>
   <div class='ocr_carea' id='block_1_85' title="bbox 145 4890 1781 4970">
    <p class='ocr_par' dir='ltr' id='par_1_85' title="bbox 145 4890 1781 4970">
     <span class='ocr_line' id='line_1_85' title="bbox 145 4890 1781 4970; baseline -0.009 -12"><span class='ocrx_word' id='word_1_645' title='bbox 145 4910 199 4958; x_wconf 90' lang='lat' dir='ltr'>et</span> <span class='ocrx_word' id='word_1_646' title='bbox 230 4906 303 4960; x_wconf 86' lang='lat' dir='ltr'>ad</span> <span class='ocrx_word' id='word_1_647' title='bbox 336 4921 458 4961; x_wconf 90' lang='lat' dir='ltr'>rem</span> <span class='ocrx_word' id='word_1_648' title='bbox 491 4890 750 4958; x_wconf 70' lang='lat' dir='ltr'>nostram</span> <span class='ocrx_word' id='word_1_649' title='bbox 779 4914 941 4970; x_wconf 67' lang='lat' dir='ltr'>aeque</span> <span class='ocrx_word' id='word_1_650' title='bbox 973 4894 1199 4970; x_wconf 70' lang='lat' dir='ltr'>faciens</span> <span class='ocrx_word' id='word_1_651' title='bbox 1222 4894 1469 4970; x_wconf 81' lang='lat' dir='ltr'>habetur</span> <span class='ocrx_word' id='word_1_652' title='bbox 1509 4892 1568 4970; x_wconf 86' lang='lat' dir='ltr'>in</span> <span class='ocrx_word' id='word_1_653' title='bbox 1600 4890 1781 4961; x_wconf 88' lang='lat' dir='ltr'>Epist.</span> 
     </span>
    </p>
   </div>
   <div class='ocr_carea' id='block_1_86' title="bbox 146 4966 1786 5045">
    <p class='ocr_par' dir='ltr' id='par_1_86' title="bbox 146 4966 1786 5045">
     <span class='ocr_line' id='line_1_86' title="bbox 146 4966 1786 5045; baseline -0.009 -14"><span class='ocrx_word' id='word_1_654' title='bbox 146 4976 215 5030; x_wconf 91' lang='lat' dir='ltr'>ad</span> <span class='ocrx_word' id='word_1_655' title='bbox 250 4976 416 5031; x_wconf 87' lang='lat' dir='ltr'>Rom.</span> <span class='ocrx_word' id='word_1_656' title='bbox 447 4991 560 5045; x_wconf 80' lang='lat' dir='ltr'>XVI,</span> <span class='ocrx_word' id='word_1_657' title='bbox 596 4973 681 5040; x_wconf 88' lang='grc'>18,</span> <span class='ocrx_word' id='word_1_658' title='bbox 724 4970 803 5024; x_wconf 90' lang='lat' dir='ltr'>ibi</span> <span class='ocrx_word' id='word_1_659' title='bbox 840 4966 864 5025; x_wconf 67' lang='grc' dir='ltr'>ε’</span> <span class='ocrx_word' id='word_1_660' title='bbox 905 4967 1113 5023; x_wconf 83' lang='lat' dir='ltr'>Christo</span> <span class='ocrx_word' id='word_1_661' title='bbox 1161 4966 1395 5022; x_wconf 89' lang='lat' dir='ltr'>Domino</span> <span class='ocrx_word' id='word_1_662' title='bbox 1446 4966 1629 5020; x_wconf 83' lang='lat' dir='ltr'>nostro</span> <span class='ocrx_word' id='word_1_663' title='bbox 1673 4977 1786 5018; x_wconf 89' lang='lat' dir='ltr'>non</span> 
     </span>
    </p>
   </div>
   <div class='ocr_carea' id='block_1_87' title="bbox 1910 3202 3236 3277">
    <p class='ocr_par' dir='ltr' id='par_1_87' title="bbox 1910 3202 3236 3277">
     <span class='ocr_line' id='line_1_87' title="bbox 1910 3202 3236 3277; baseline 0.001 -18"><span class='ocrx_word' id='word_1_664' title='bbox 1910 3222 2036 3277; x_wconf 54' lang='lat' dir='ltr'>quas</span> <span class='ocrx_word' id='word_1_665' title='bbox 2070 3204 2125 3257; x_wconf 90' lang='lat' dir='ltr'>in</span> <span class='ocrx_word' id='word_1_666' title='bbox 2160 3202 2420 3274; x_wconf 90' lang='lat' dir='ltr'>catalogo</span> <span class='ocrx_word' id='word_1_667' title='bbox 2451 3203 2681 3257; x_wconf 91' lang='lat' dir='ltr'>virtutis</span> <span class='ocrx_word' id='word_1_668' title='bbox 2713 3202 2872 3257; x_wconf 89' lang='lat' dir='ltr'>illius</span> <span class='ocrx_word' id='word_1_669' title='bbox 2906 3211 3236 3260; x_wconf 88' lang='lat' dir='ltr'>narrantur.</span> 
     </span>
    </p>
   </div>
   <div class='ocr_carea' id='block_1_88' title="bbox 1980 3292 3546 3363">
    <p class='ocr_par' dir='ltr' id='par_1_88' title="bbox 1980 3292 3546 3363">
     <span class='ocr_line' id='line_1_88' title="bbox 1980 3292 3546 3363; baseline 0.004 -16"><span class='ocrx_word' id='word_1_670' title='bbox 1980 3294 2188 3361; x_wconf 88' lang='lat' dir='ltr'>Gratia,</span> <span class='ocrx_word' id='word_1_671' title='bbox 2234 3298 2343 3348; x_wconf 90' lang='lat' dir='ltr'>etc.</span> <span class='ocrx_word' id='word_1_672' title='bbox 2376 3292 2501 3347; x_wconf 89' lang='lat' dir='ltr'>Non</span> <span class='ocrx_word' id='word_1_673' title='bbox 2546 3292 2681 3363; x_wconf 87' lang='lat' dir='ltr'>legis</span> <span class='ocrx_word' id='word_1_674' title='bbox 2728 3292 2887 3360; x_wconf 90' lang='lat' dir='ltr'>dicit,</span> <span class='ocrx_word' id='word_1_675' title='bbox 2919 3294 3019 3348; x_wconf 90' lang='lat' dir='ltr'>sed</span> <span class='ocrx_word' id='word_1_676' title='bbox 3052 3295 3314 3357; x_wconf 84' lang='lat' dir='ltr'>Domini;</span> <span class='ocrx_word' id='word_1_677' title='bbox 3345 3300 3401 3352; x_wconf 86' lang='lat' dir='ltr'>et</span> <span class='ocrx_word' id='word_1_678' title='bbox 3430 3314 3546 3354; x_wconf 90' lang='lat' dir='ltr'>non</span> 
     </span>
    </p>
   </div>
   <div class='ocr_carea' id='block_1_89' title="bbox 1904 3382 3545 3457">
    <p class='ocr_par' dir='ltr' id='par_1_89' title="bbox 1904 3382 3545 3457">
     <span class='ocr_line' id='line_1_89' title="bbox 1904 3382 3545 3457; baseline 0.002 -19"><span class='ocrx_word' id='word_1_679' title='bbox 1904 3400 2029 3438; x_wconf 87' lang='lat' dir='ltr'>cum</span> <span class='ocrx_word' id='word_1_680' title='bbox 2081 3399 2265 3450; x_wconf 88' lang='lat' dir='ltr'>carne,</span> <span class='ocrx_word' id='word_1_681' title='bbox 2316 3382 2417 3436; x_wconf 91' lang='lat' dir='ltr'>sed</span> <span class='ocrx_word' id='word_1_682' title='bbox 2470 3398 2595 3436; x_wconf 89' lang='lat' dir='ltr'>cum</span> <span class='ocrx_word' id='word_1_683' title='bbox 2642 3383 2847 3453; x_wconf 87' lang='lat' dir='ltr'>spiritu</span> <span class='ocrx_word' id='word_1_684' title='bbox 2903 3382 3084 3451; x_wconf 90' lang='lat' dir='ltr'>dicit;</span> <span class='ocrx_word' id='word_1_685' title='bbox 3141 3390 3198 3439; x_wconf 90' lang='lat' dir='ltr'>et</span> <span class='ocrx_word' id='word_1_686' title='bbox 3252 3402 3367 3440; x_wconf 91' lang='lat' dir='ltr'>non</span> <span class='ocrx_word' id='word_1_687' title='bbox 3416 3386 3545 3457; x_wconf 88' lang='lat' dir='ltr'>qui-</span> 
     </span>
    </p>
   </div>
   <div class='ocr_carea' id='block_1_90' title="bbox 1907 3470 3544 3543">
    <p class='ocr_par' dir='ltr' id='par_1_90' title="bbox 1907 3470 3544 3543">
     <span class='ocr_line' id='line_1_90' title="bbox 1907 3470 3544 3543; baseline 0.003 -16"><span class='ocrx_word' id='word_1_688' title='bbox 1907 3472 2272 3543; x_wconf 89' lang='lat' dir='ltr'>buscunque,</span> <span class='ocrx_word' id='word_1_689' title='bbox 2307 3471 2401 3525; x_wconf 87' lang='lat' dir='ltr'>scd</span> <span class='ocrx_word' id='word_1_690' title='bbox 2439 3470 2753 3537; x_wconf 87' lang='lat' dir='ltr'>fratribus;</span> <span class='ocrx_word' id='word_1_691' title='bbox 2789 3476 2846 3526; x_wconf 90' lang='lat' dir='ltr'>et</span> <span class='ocrx_word' id='word_1_692' title='bbox 2874 3488 2989 3526; x_wconf 91' lang='lat' dir='ltr'>non</span> <span class='ocrx_word' id='word_1_693' title='bbox 3022 3472 3175 3539; x_wconf 91' lang='lat' dir='ltr'>aliis,</span> <span class='ocrx_word' id='word_1_694' title='bbox 3210 3474 3311 3529; x_wconf 91' lang='lat' dir='ltr'>sed</span> <span class='ocrx_word' id='word_1_695' title='bbox 3353 3475 3544 3532; x_wconf 87' lang='lat' dir='ltr'>veris:</span> 
     </span>
    </p>
   </div>
   <div class='ocr_carea' id='block_1_91' title="bbox 1907 3560 3550 3631">
    <p class='ocr_par' dir='ltr' id='par_1_91' title="bbox 1907 3560 3550 3631">
     <span class='ocr_line' id='line_1_91' title="bbox 1907 3560 3550 3631; baseline 0.002 -15"><span class='ocrx_word' id='word_1_696' title='bbox 1907 3562 2062 3624; x_wconf 88' lang='lat' dir='ltr'>quod</span> <span class='ocrx_word' id='word_1_697' title='bbox 2095 3566 2182 3616; x_wconf 87' lang='lat' dir='ltr'>est</span> <span class='ocrx_word' id='word_1_698' title='bbox 2210 3576 2412 3622; x_wconf 83' lang='lat' dir='ltr'>amen,-</span> <span class='ocrx_word' id='word_1_699' title='bbox 2443 3578 2580 3615; x_wconf 90' lang='lat' dir='ltr'>nam</span> <span class='ocrx_word' id='word_1_700' title='bbox 2619 3577 2777 3615; x_wconf 86' lang='lat' dir='ltr'>amen</span> <span class='ocrx_word' id='word_1_701' title='bbox 2817 3560 3229 3631; x_wconf 87' lang='lat' dir='ltr'>interpretatur</span> <span class='ocrx_word' id='word_1_702' title='bbox 3258 3580 3398 3630; x_wconf 89' lang='lat' dir='ltr'>vere,</span> <span class='ocrx_word' id='word_1_703' title='bbox 3428 3564 3550 3620; x_wconf 88' lang='lat' dir='ltr'>sive</span> 
     </span>
    </p>
   </div>
   <div class='ocr_carea' id='block_1_92' title="bbox 1906 3649 3549 3719">
    <p class='ocr_par' dir='ltr' id='par_1_92' title="bbox 1906 3649 3549 3719">
     <span class='ocr_line' id='line_1_92' title="bbox 1906 3649 3549 3719; baseline 0.004 -16"><span class='ocrx_word' id='word_1_704' title='bbox 1906 3650 2171 3705; x_wconf 83' lang='lat' dir='ltr'>ﬁdeliter.</span> <span class='ocrx_word' id='word_1_705' title='bbox 2197 3650 2311 3705; x_wconf 90' lang='lat' dir='ltr'>Isto</span> <span class='ocrx_word' id='word_1_706' title='bbox 2335 3666 2602 3704; x_wconf 87' lang='lat' dir='ltr'>sermone</span> <span class='ocrx_word' id='word_1_707' title='bbox 2623 3649 2935 3719; x_wconf 85' lang='lat' dir='ltr'>Apostolus</span> <span class='ocrx_word' id='word_1_708' title='bbox 2960 3667 3127 3706; x_wconf 88' lang='lat' dir='ltr'>suam</span> <span class='ocrx_word' id='word_1_709' title='bbox 3153 3654 3549 3710; x_wconf 88' lang='lat' dir='ltr'>narrationem</span> 
     </span>
    </p>
   </div>
   <div class='ocr_carea' id='block_1_93' title="bbox 1906 3737 3551 3807">
    <p class='ocr_par' dir='ltr' id='par_1_93' title="bbox 1906 3737 3551 3807">
     <span class='ocr_line' id='line_1_93' title="bbox 1906 3737 3551 3807; baseline 0.002 -13"><span class='ocrx_word' id='word_1_710' title='bbox 1906 3738 2289 3807; x_wconf 85' lang='lat' dir='ltr'>contirmavit,</span> <span class='ocrx_word' id='word_1_711' title='bbox 2316 3737 2493 3791; x_wconf 90' lang='lat' dir='ltr'>veluti</span> <span class='ocrx_word' id='word_1_712' title='bbox 2520 3738 2805 3792; x_wconf 90' lang='lat' dir='ltr'>Dominus</span> <span class='ocrx_word' id='word_1_713' title='bbox 2830 3739 2887 3792; x_wconf 90' lang='lat' dir='ltr'>in</span> <span class='ocrx_word' id='word_1_714' title='bbox 2914 3738 3101 3793; x_wconf 88' lang='lat' dir='ltr'>Veteri</span> <span class='ocrx_word' id='word_1_715' title='bbox 3136 3742 3506 3797; x_wconf 85' lang='lat' dir='ltr'>Testamento</span> <span class='ocrx_word' id='word_1_716' title='bbox 3532 3759 3551 3798; x_wconf 90' lang='lat'>:</span> 
     </span>
    </p>
   </div>
   <div class='ocr_carea' id='block_1_94' title="bbox 1913 3825 3545 3896">
    <p class='ocr_par' dir='ltr' id='par_1_94' title="bbox 1913 3825 3545 3896">
     <span class='ocr_line' id='line_1_94' title="bbox 1913 3825 3545 3896; baseline 0.003 -15"><span class='ocrx_word' id='word_1_717' title='bbox 1913 3828 2034 3881; x_wconf 78' lang='lat' dir='ltr'>Vivo</span> <span class='ocrx_word' id='word_1_718' title='bbox 2055 3844 2171 3896; x_wconf 80' lang='lat' dir='ltr'>ego,</span> <span class='ocrx_word' id='word_1_719' title='bbox 2199 3825 2330 3879; x_wconf 86' lang='lat' dir='ltr'>dicit</span> <span class='ocrx_word' id='word_1_720' title='bbox 2364 3828 2627 3880; x_wconf 86' lang='lat' dir='ltr'>Dominus</span> <span class='ocrx_word' id='word_1_721' title='bbox 2658 3826 2842 3891; x_wconf 90' lang='lat' dir='ltr'>(Num.</span> <span class='ocrx_word' id='word_1_722' title='bbox 2868 3844 2980 3889; x_wconf 76' lang='lat' dir='ltr'>xw,</span> <span class='ocrx_word' id='word_1_723' title='bbox 3003 3828 3130 3893; x_wconf 85' lang='lat'>28);</span> <span class='ocrx_word' id='word_1_724' title='bbox 3164 3834 3219 3882; x_wconf 90' lang='lat' dir='ltr'>et</span> <span class='ocrx_word' id='word_1_725' title='bbox 3250 3830 3306 3882; x_wconf 91' lang='lat' dir='ltr'>in</span> <span class='ocrx_word' id='word_1_726' title='bbox 3339 3830 3497 3885; x_wconf 88' lang='lat' dir='ltr'>Novo</span> <span class='ocrx_word' id='word_1_727' title='bbox 3529 3846 3545 3886; x_wconf 88' lang='lat'>:</span> 
     </span>
    </p>
   </div>
   <div class='ocr_carea' id='block_1_95' title="bbox 1903 3914 3545 3982">
    <p class='ocr_par' dir='ltr' id='par_1_95' title="bbox 1903 3914 3545 3982">
     <span class='ocr_line' id='line_1_95' title="bbox 1903 3914 3545 3982; baseline 0.003 -12"><span class='ocrx_word' id='word_1_728' title='bbox 1903 3918 2089 3970; x_wconf 83' lang='lat' dir='ltr'>Amem</span> <span class='ocrx_word' id='word_1_729' title='bbox 2109 3931 2267 3969; x_wconf 88' lang='lat' dir='ltr'>amen</span> <span class='ocrx_word' id='word_1_730' title='bbox 2289 3914 2407 3969; x_wconf 87' lang='lat' dir='ltr'>dico</span> <span class='ocrx_word' id='word_1_731' title='bbox 2428 3914 2576 3969; x_wconf 88' lang='lat' dir='ltr'>vobis</span> <span class='ocrx_word' id='word_1_732' title='bbox 2598 3916 2775 3981; x_wconf 87' lang='lat' dir='ltr'>(Joan.</span> <span class='ocrx_word' id='word_1_733' title='bbox 2811 3932 2847 3980; x_wconf 84' lang='grc' dir='ltr'>ι,</span> <span class='ocrx_word' id='word_1_734' title='bbox 2878 3916 2989 3982; x_wconf 87' lang='grc'>51).</span> <span class='ocrx_word' id='word_1_735' title='bbox 3016 3915 3299 3969; x_wconf 88' lang='lat' dir='ltr'>Similiter</span> <span class='ocrx_word' id='word_1_736' title='bbox 3330 3923 3385 3971; x_wconf 88' lang='lat' dir='ltr'>et</span> <span class='ocrx_word' id='word_1_737' title='bbox 3414 3919 3545 3975; x_wconf 87' lang='lat' dir='ltr'>iste.</span> 
     </span>
    </p>
   </div>
   <div class='ocr_carea' id='block_1_96' title="bbox 1906 4002 3547 4076">
    <p class='ocr_par' dir='ltr' id='par_1_96' title="bbox 1906 4002 3547 4076">
     <span class='ocr_line' id='line_1_96' title="bbox 1906 4002 3547 4076; baseline 0.002 -17"><span class='ocrx_word' id='word_1_738' title='bbox 1906 4006 1971 4059; x_wconf 80' lang='lat' dir='ltr'>Et</span> <span class='ocrx_word' id='word_1_739' title='bbox 2002 4005 2155 4076; x_wconf 90' lang='lat' dir='ltr'>quod</span> <span class='ocrx_word' id='word_1_740' title='bbox 2188 4021 2289 4075; x_wconf 91' lang='lat' dir='ltr'>pro</span> <span class='ocrx_word' id='word_1_741' title='bbox 2312 4020 2436 4057; x_wconf 87' lang='lat' dir='ltr'>vere</span> <span class='ocrx_word' id='word_1_742' title='bbox 2460 4008 2732 4073; x_wconf 84' lang='lat' dir='ltr'>ponatur,</span> <span class='ocrx_word' id='word_1_743' title='bbox 2756 4003 2815 4056; x_wconf 89' lang='lat' dir='ltr'>in</span> <span class='ocrx_word' id='word_1_744' title='bbox 2840 4002 3098 4073; x_wconf 82' lang='lat' dir='ltr'>Epistola</span> <span class='ocrx_word' id='word_1_745' title='bbox 3121 4004 3191 4057; x_wconf 87' lang='lat' dir='ltr'>ad</span> <span class='ocrx_word' id='word_1_746' title='bbox 3218 4005 3547 4063; x_wconf 84' lang='lat' dir='ltr'>Corinthios</span> 
     </span>
    </p>
   </div>
   <div class='ocr_carea' id='block_1_97' title="bbox 1902 4092 3549 4163">
    <p class='ocr_par' dir='ltr' id='par_1_97' title="bbox 1902 4092 3549 4163">
     <span class='ocr_line' id='line_1_97' title="bbox 1902 4092 3549 4163; baseline 0.002 -16"><span class='ocrx_word' id='word_1_747' title='bbox 1902 4093 1980 4148; x_wconf 89' lang='lat' dir='ltr'>ibi</span> <span class='ocrx_word' id='word_1_748' title='bbox 2015 4094 2163 4163; x_wconf 83' lang='lat'>(997)</span> <span class='ocrx_word' id='word_1_749' title='bbox 2216 4092 2402 4147; x_wconf 88' lang='lat' dir='ltr'>dicit:</span> <span class='ocrx_word' id='word_1_750' title='bbox 2448 4092 2719 4159; x_wconf 85' lang='lat' dir='ltr'>Quomodo</span> <span class='ocrx_word' id='word_1_751' title='bbox 2768 4092 2912 4147; x_wconf 84' lang='lat' dir='ltr'>dicet</span> <span class='ocrx_word' id='word_1_752' title='bbox 2960 4108 3121 4147; x_wconf 89' lang='lat' dir='ltr'>amen</span> <span class='ocrx_word' id='word_1_753' title='bbox 3175 4109 3339 4163; x_wconf 83' lang='lat' dir='ltr'>super</span> <span class='ocrx_word' id='word_1_754' title='bbox 3392 4097 3549 4151; x_wconf 88' lang='lat' dir='ltr'>luam</span> 
     </span>
    </p>
   </div>
   <div class='ocr_carea' id='block_1_98' title="bbox 1901 4182 2372 4259">
    <p class='ocr_par' dir='ltr' id='par_1_98' title="bbox 1901 4182 2372 4259">
     <span class='ocr_line' id='line_1_98' title="bbox 1901 4182 2372 4259; baseline -0.004 -22"><span class='ocrx_word' id='word_1_755' title='bbox 1901 4182 2326 4259; x_wconf 83' lang='lat' dir='ltr'>benedictionem</span> <span class='ocrx_word' id='word_1_756' title='bbox 2348 4186 2372 4235; x_wconf 76' lang='lat'>.9</span> 
     </span>
    </p>
   </div>
   <div class='ocr_carea' id='block_1_99' title="bbox 2283 4271 3159 4341">
    <p class='ocr_par' dir='ltr' id='par_1_99' title="bbox 2283 4271 3159 4341">
     <span class='ocr_line' id='line_1_99' title="bbox 2283 4271 3159 4341; baseline 0.002 -17"><span class='ocrx_word' id='word_1_757' title='bbox 2283 4271 2522 4341; x_wconf 70' lang='lat' dir='ltr'>Explicit</span> <span class='ocrx_word' id='word_1_758' title='bbox 2552 4272 2791 4341; x_wconf 84' lang='lat' dir='ltr'>Epistola</span> <span class='ocrx_word' id='word_1_759' title='bbox 2821 4272 2890 4326; x_wconf 88' lang='lat' dir='ltr'>ad</span> <span class='ocrx_word' id='word_1_760' title='bbox 2922 4272 3159 4327; x_wconf 82' lang='lat' dir='ltr'>Galatas.</span> 
     </span>
    </p>
   </div>
   <div class='ocr_carea' id='block_1_100' title="bbox 1898 4388 2635 4446">
    <p class='ocr_par' dir='ltr' id='par_1_100' title="bbox 1898 4388 2635 4446">
     <span class='ocr_line' id='line_1_100' title="bbox 1898 4388 2635 4446; baseline -0.007 -2"><span class='ocrx_word' id='word_1_761' title='bbox 1898 4390 2161 4446; x_wconf 84' lang='lat' dir='ltr'>serviunt.</span> <span class='ocrx_word' id='word_1_762' title='bbox 2194 4388 2285 4441; x_wconf 85' lang='lat' dir='ltr'>sed</span> <span class='ocrx_word' id='word_1_763' title='bbox 2314 4402 2411 4441; x_wconf 85' lang='lat' dir='ltr'>suo</span> <span class='ocrx_word' id='word_1_764' title='bbox 2439 4388 2635 4441; x_wconf 85' lang='lat' dir='ltr'>ventri.</span> 
     </span>
    </p>
   </div>
   <div class='ocr_carea' id='block_1_101' title="bbox 1987 4458 3457 4535">
    <p class='ocr_par' dir='ltr' id='par_1_101' title="bbox 1987 4458 3457 4535">
     <span class='ocr_line' id='line_1_101' title="bbox 1987 4458 3457 4535; baseline 0.004 -24"><span class='ocrx_word' id='word_1_765' title='bbox 1987 4460 2113 4535; x_wconf 51' lang='lat' dir='ltr'>99f)</span> <span class='ocrx_word' id='word_1_766' title='bbox 2147 4459 2207 4535; x_wconf 78' lang='lat' dir='ltr'><strong>In</strong></span> <span class='ocrx_word' id='word_1_767' title='bbox 2241 4464 2436 4527; x_wconf 84' lang='lat' dir='ltr'>autog.</span> <span class='ocrx_word' id='word_1_768' title='bbox 2472 4474 2654 4529; x_wconf 89' lang='lat' dir='ltr'>marg.</span> <span class='ocrx_word' id='word_1_769' title='bbox 2817 4458 3026 4535; x_wconf 82' lang='lat' dir='ltr'>legitur</span> <span class='ocrx_word' id='word_1_770' title='bbox 3055 4476 3179 4530; x_wconf 92' lang='lat' dir='ltr'>cap.</span> <span class='ocrx_word' id='word_1_771' title='bbox 3215 4460 3457 4535; x_wconf 48' lang='lat' dir='ltr'>XXXX].</span> 
     </span>
    </p>
   </div>
   <div class='ocr_carea' id='block_1_102' title="bbox 1988 4529 3495 4603">
    <p class='ocr_par' dir='ltr' id='par_1_102' title="bbox 1988 4529 3495 4603">
     <span class='ocr_line' id='line_1_102' title="bbox 1988 4529 3495 4603; baseline 0.003 -20"><span class='ocrx_word' id='word_1_772' title='bbox 1988 4532 2115 4595; x_wconf 81' lang='grc'>995)</span> <span class='ocrx_word' id='word_1_773' title='bbox 2149 4530 2209 4584; x_wconf 88' lang='lat' dir='ltr'><strong>In</strong></span> <span class='ocrx_word' id='word_1_774' title='bbox 2242 4534 2437 4603; x_wconf 85' lang='lat' dir='ltr'>autog.</span> <span class='ocrx_word' id='word_1_775' title='bbox 2474 4546 2657 4599; x_wconf 88' lang='lat' dir='ltr'>marg.</span> <span class='ocrx_word' id='word_1_776' title='bbox 2695 4530 2787 4584; x_wconf 90' lang='lat' dir='ltr'>hic</span> <span class='ocrx_word' id='word_1_777' title='bbox 2822 4529 3034 4600; x_wconf 85' lang='lat' dir='ltr'>legitur</span> <span class='ocrx_word' id='word_1_778' title='bbox 3064 4529 3189 4603; x_wconf 83' lang='lat' dir='ltr'>cap.</span> <span class='ocrx_word' id='word_1_779' title='bbox 3224 4533 3495 4588; x_wconf 76' lang='lat' dir='ltr'><strong>XXXVII.</strong></span> 
     </span>
    </p>
   </div>
   <div class='ocr_carea' id='block_1_103' title="bbox 1964 4546 3545 4674">
    <p class='ocr_par' dir='ltr' id='par_1_103' title="bbox 1964 4546 3545 4674">
     <span class='ocr_line' id='line_1_103' title="bbox 1968 4546 3495 4651; baseline 0.003 -68"><span class='ocrx_word' id='word_1_780' title='bbox 1968 4546 2115 4607; x_wconf 66' lang='lat'>(99.))</span> <span class='ocrx_word' id='word_1_781' title='bbox 2149 4546 2209 4584; x_wconf 81' lang='grc' dir='ltr'>ιιι</span> <span class='ocrx_word' id='word_1_782' title='bbox 2242 4546 2437 4651; x_wconf 60' lang='lat' dir='ltr'>autog.</span> <span class='ocrx_word' id='word_1_783' title='bbox 2474 4546 2657 4599; x_wconf 88' lang='lat' dir='ltr'>marg.</span> <span class='ocrx_word' id='word_1_784' title='bbox 2695 4546 2787 4584; x_wconf 79' lang='lat' dir='ltr'>nic</span> <span class='ocrx_word' id='word_1_785' title='bbox 2822 4546 3034 4600; x_wconf 81' lang='lat' dir='ltr'>legitur</span> <span class='ocrx_word' id='word_1_786' title='bbox 3064 4548 3189 4603; x_wconf 92' lang='lat' dir='ltr'>cap.</span> <span class='ocrx_word' id='word_1_787' title='bbox 3224 4546 3495 4588; x_wconf 64' lang='grc' dir='ltr'>λλλνιι.</span> 
     </span>
     <span class='ocr_line' id='line_1_104' title="bbox 1964 4603 3545 4674; baseline 0.001 -19"><span class='ocrx_word' id='word_1_788' title='bbox 1964 4603 2110 4674; x_wconf 73' lang='lat'>(990)</span> <span class='ocrx_word' id='word_1_789' title='bbox 2148 4603 2203 4654; x_wconf 93' lang='lat' dir='ltr'>ln</span> <span class='ocrx_word' id='word_1_790' title='bbox 2238 4604 2364 4674; x_wconf 87' lang='lat' dir='ltr'>co_d.</span> <span class='ocrx_word' id='word_1_791' title='bbox 2420 4607 2642 4670; x_wconf 82' lang='lat' dir='ltr'>egitur:</span> <span class='ocrx_word' id='word_1_792' title='bbox 2680 4603 2808 4674; x_wconf 79' lang='lat' dir='ltr'>nodi</span> <span class='ocrx_word' id='word_1_793' title='bbox 2831 4618 3144 4674; x_wconf 63' lang='lat' dir='ltr'>pinnarum,</span> <span class='ocrx_word' id='word_1_794' title='bbox 3172 4605 3368 4674; x_wconf 85' lang='lat' dir='ltr'>quibus</span> <span class='ocrx_word' id='word_1_795' title='bbox 3397 4605 3545 4658; x_wconf 83' lang='lat' dir='ltr'>servi</span> 
     </span>
    </p>
   </div>
   <div class='ocr_carea' id='block_1_104' title="bbox 1892 4672 3540 4744">
    <p class='ocr_par' dir='ltr' id='par_1_104' title="bbox 1892 4672 3540 4744">
     <span class='ocr_line' id='line_1_105' title="bbox 1892 4672 3540 4744; baseline -0.002 -15"><span class='ocrx_word' id='word_1_796' title='bbox 1892 4672 2255 4729; x_wconf 83' lang='lat' dir='ltr'>denoduntur.</span> <span class='ocrx_word' id='word_1_797' title='bbox 2286 4672 2498 4725; x_wconf 84' lang='lat' dir='ltr'>Beatus</span> <span class='ocrx_word' id='word_1_798' title='bbox 2524 4672 2886 4744; x_wconf 77' lang='lat' dir='ltr'>Augustinus</span> <span class='ocrx_word' id='word_1_799' title='bbox 2916 4689 3050 4726; x_wconf 86' lang='lat' dir='ltr'>vero</span> <span class='ocrx_word' id='word_1_800' title='bbox 3082 4673 3141 4727; x_wconf 91' lang='lat' dir='ltr'>in</span> <span class='ocrx_word' id='word_1_801' title='bbox 3179 4672 3325 4730; x_wconf 83' lang='lat' dir='ltr'>hanc</span> <span class='ocrx_word' id='word_1_802' title='bbox 3356 4674 3540 4744; x_wconf 85' lang='lat' dir='ltr'>Epist.</span> 
     </span>
    </p>
   </div>
   <div class='ocr_carea' id='block_1_105' title="bbox 1894 4743 3548 4817">
    <p class='ocr_par' dir='ltr' id='par_1_105' title="bbox 1894 4743 3548 4817">
     <span class='ocr_line' id='line_1_106' title="bbox 1894 4743 3548 4817; baseline -0.001 -17"><span class='ocrx_word' id='word_1_803' title='bbox 1894 4746 2011 4800; x_wconf 89' lang='lat' dir='ltr'>ait:</span> <span class='ocrx_word' id='word_1_804' title='bbox 2048 4746 2318 4813; x_wconf 84' lang='lat' dir='ltr'>Stigmata</span> <span class='ocrx_word' id='word_1_805' title='bbox 2347 4744 2494 4817; x_wconf 78' lang='lat' dir='ltr'>enim</span> <span class='ocrx_word' id='word_1_806' title='bbox 2523 4743 2783 4796; x_wconf 72' lang='lat' dir='ltr'>dicuntur</span> <span class='ocrx_word' id='word_1_807' title='bbox 2812 4752 2951 4817; x_wconf 79' lang='lat' dir='ltr'>notae</span> <span class='ocrx_word' id='word_1_808' title='bbox 2982 4745 3238 4814; x_wconf 62' lang='lat' dir='ltr'>quamam</span> <span class='ocrx_word' id='word_1_809' title='bbox 3262 4743 3548 4817; x_wconf 76' lang='lat' dir='ltr'>pcenarum</span> 
     </span>
    </p>
   </div>
   <div class='ocr_carea' id='block_1_106' title="bbox 1893 4814 3553 4884">
    <p class='ocr_par' dir='ltr' id='par_1_106' title="bbox 1893 4814 3553 4884">
     <span class='ocr_line' id='line_1_107' title="bbox 1893 4814 3553 4884; baseline -0.003 -12"><span class='ocrx_word' id='word_1_810' title='bbox 1893 4819 2356 4883; x_wconf 88' lang='lat' dir='ltr'>servilium,etc.;</span> <span class='ocrx_word' id='word_1_811' title='bbox 2384 4814 2630 4884; x_wconf 88' lang='lat' dir='ltr'>ideoque</span> <span class='ocrx_word' id='word_1_812' title='bbox 2652 4819 2872 4871; x_wconf 84' lang='lat' dir='ltr'>textum</span> <span class='ocrx_word' id='word_1_813' title='bbox 2901 4814 2961 4868; x_wconf 93' lang='lat' dir='ltr'>in</span> <span class='ocrx_word' id='word_1_814' title='bbox 2984 4817 3112 4870; x_wconf 89' lang='lat' dir='ltr'>cod.</span> <span class='ocrx_word' id='word_1_815' title='bbox 3142 4814 3338 4876; x_wconf 83' lang='lat' dir='ltr'>nostro</span> <span class='ocrx_word' id='word_1_816' title='bbox 3357 4831 3553 4873; x_wconf 71' lang='lat' dir='ltr'>emen~</span> 
     </span>
    </p>
   </div>
   <div class='ocr_carea' id='block_1_107' title="bbox 1895 4889 2549 4943">
    <p class='ocr_par' dir='ltr' id='par_1_107' title="bbox 1895 4889 2549 4943">
     <span class='ocr_line' id='line_1_108' title="bbox 1895 4889 2549 4943; baseline -0.008 0"><span class='ocrx_word' id='word_1_817' title='bbox 1895 4890 2156 4943; x_wconf 89' lang='lat' dir='ltr'>dandum</span> <span class='ocrx_word' id='word_1_818' title='bbox 2192 4889 2549 4943; x_wconf 89' lang='lat' dir='ltr'>censuimus.</span> 
     </span>
    </p>
   </div>
   <div class='ocr_carea' id='block_1_108' title="bbox 1966 4956 3338 5030">
    <p class='ocr_par' dir='ltr' id='par_1_108' title="bbox 1966 4956 3338 5030">
     <span class='ocr_line' id='line_1_109' title="bbox 1966 4956 3338 5030; baseline 0.002 -17"><span class='ocrx_word' id='word_1_819' title='bbox 1966 4960 2116 5030; x_wconf 82' lang='lat'>(997)</span> <span class='ocrx_word' id='word_1_820' title='bbox 2149 4959 2413 5015; x_wconf 85' lang='lat' dir='ltr'>Fortasse</span> <span class='ocrx_word' id='word_1_821' title='bbox 2443 4956 2606 5024; x_wconf 85' lang='lat' dir='ltr'>idem,</span> <span class='ocrx_word' id='word_1_822' title='bbox 2639 4958 2727 5012; x_wconf 92' lang='lat' dir='ltr'>vel</span> <span class='ocrx_word' id='word_1_823' title='bbox 2761 4960 2836 5015; x_wconf 85' lang='lat' dir='ltr'>id.</span> <span class='ocrx_word' id='word_1_824' title='bbox 2872 4962 2895 5010; x_wconf 95' lang='grc' dir='ltr'><strong>Ι</strong></span> <span class='ocrx_word' id='word_1_825' title='bbox 2936 4956 3067 5011; x_wconf 86' lang='lat' dir='ltr'>Cor.</span> <span class='ocrx_word' id='word_1_826' title='bbox 3100 4975 3222 5027; x_wconf 71' lang='lat' dir='ltr'>xxv,</span> <span class='ocrx_word' id='word_1_827' title='bbox 3255 4963 3338 5016; x_wconf 82' lang='lat'>16.</span> 
     </span>
    </p>
   </div>
   <div class='ocr_carea' id='block_1_109' title="bbox 782 5081 3572 5114">
    <p class='ocr_par' dir='ltr' id='par_1_109' title="bbox 782 5081 3572 5114">
     <span class='ocr_line' id='line_1_110' title="bbox 782 5081 3572 5114; baseline -0.004 -5"><span class='ocrx_word' id='word_1_828' title='bbox 782 5081 3572 5114; x_wconf 52' lang='lat' dir='ltr'>MM</span> 
     </span>
    </p>
   </div>
   <div class='ocr_carea' id='block_1_110' title="bbox 662 5118 3029 5299">
    <p class='ocr_par' dir='ltr' id='par_1_110' title="bbox 662 5118 3029 5299">
     <span class='ocr_line' id='line_1_111' title="bbox 662 5118 3029 5299; baseline -0.008 -2"><span class='ocrx_word' id='word_1_829' title='bbox 662 5198 1113 5299; x_wconf 80' lang='lat' dir='ltr'>INCIPIT</span> <span class='ocrx_word' id='word_1_830' title='bbox 1190 5201 1324 5295; x_wconf 92' lang='lat' dir='ltr'>IN</span> <span class='ocrx_word' id='word_1_831' title='bbox 1394 5193 2109 5295; x_wconf 88' lang='lat' dir='ltr'>EPISTOLAM</span> <span class='ocrx_word' id='word_1_832' title='bbox 2178 5193 2343 5285; x_wconf 87' lang='lat' dir='ltr'>AD</span> <span class='ocrx_word' id='word_1_833' title='bbox 2406 5156 3029 5285; x_wconf 86' lang='lat' dir='ltr'>EPHESIOS</span> 
     </span>
    </p>
   </div>
  </div>
