3974 5358
408 452 522 510 54Ἷ

1434 433 1770 497 ATTONIS
1814 422 2405 493 VERCELLENSIS
2448 425 2795 487 EPISCOPI

3696 424 3817 485 548

405 583 477 636 ab
510 579 620 635 alio
668 576 961 649 praedicati
1017 575 1087 629 ab
1140 569 1417 643 Apostolo
1452 572 1591 623 sunt
1620 563 1895 621 roborati.
1928 561 2051 615 Non
2084 561 2139 626 Α
2168 557 2457 649 locusiste
2474 558 2785 630 dupliciter
2803 556 2916 629 legi
2939 560 3148 629 potest,
3170 556 3376 626 utjam
3394 555 3465 611 ad
3480 555 3819 612 Corinthios

406 671 651 725 deerunt
685 667 784 738 qui
818 666 1034 727 dicant,
1059 661 1213 732 quod
1250 661 1321 714 ab
1346 656 1623 730 Apostolo
1654 655 1895 708 verbum
1920 650 2055 738 fidei

404 759 663 831 primum
696 736 1076 827 perceperint.
1112 751 1224 805 Sed
1258 748 1550 820 quomodo
1586 761 1678 799 res
1709 759 1769 797 se
1800 736 2055 795 habeat?

404 847 821 902 Verumtamen
847 842 1173 906 sciendum,
1201 838 1354 909 quod
1380 842 1495 890 tam
1525 852 1593 889 ex
1610 833 1849 895 Judaeis,
1875 844 2051 900 quam

404 953 473 992 ex
493 934 765 1006 gentibus
788 931 1169 986 crediderant.
1198 926 1358 981 Unde
1383 924 1637 995 primum
1660 921 1891 976 Judaeos
1914 917 2052 972 allo-

405 1025 626 1096 quitur,
649 1036 941 1092 exponens
971 1018 1054 1072 eis
1076 1016 1288 1071 Christi
1326 1015 1715 1076 sacramenta,
1744 1009 1799 1063 id
1833 1012 1941 1069 est,
1965 1006 2052 1059 in-

407 1111 782 1180 carnationis,
798 1115 853 1163 ct
870 1108 1110 1177 reliqua.
1135 1105 1347 1159 Deinde
1368 1100 1722 1157 convertitur
1740 1098 1806 1151 ad
1828 1101 2050 1167 gentes,

405 1208 464 1257 et
494 1203 762 1256 hortatur
820 1215 939 1262 eos,
973 1212 1043 1250 ne
1112 1194 1290 1249 tantis
1341 1189 1636 1245 beneficiis
1668 1187 1783 1241 sint
1816 1183 2048 1255 ingrati.

406 1290 785 1347 Postmodum
811 1284 1198 1341 communiter
1219 1283 1301 1336 eis
1330 1280 1508 1334 tradit
1534 1274 1881 1332 moralitatis
1903 1273 2049 1343 (998)

403 1383 709 1452 praecepta,
733 1394 860 1447 quae
895 1391 1009 1428 non
1045 1372 1236 1426 solum
1270 1370 1407 1437 illis,
1437 1368 1533 1423 sed
1569 1366 1742 1421 etiam
1775 1363 2050 1452 omnibus

403 1450 735 1539 congruunt
760 1462 1128 1519 Christianis.
1160 1464 1315 1514 Inter
1336 1475 1459 1529 quae
1483 1458 1667 1521 docet,
1692 1453 1833 1524 quid
1862 1450 2046 1506 domi-

404 1574 511 1613 nos
560 1561 613 1610 et
666 1570 882 1621 servos,
927 1556 1117 1623 patres
1172 1554 1226 1603 et
1276 1548 1449 1615 ﬁlios,
1490 1546 1645 1599 viros
1698 1548 1754 1598 et
1802 1541 2049 1596 feminas

407 1649 667 1717 oporteat
697 1660 884 1715 agere.
918 1647 1160 1695 Summa
1190 1654 1320 1692 vero
1369 1637 1428 1690 in
1480 1632 1762 1706 principio
1796 1632 1909 1686 ista
1939 1634 2045 1697 est,

406 1742 469 1792 ut
519 1734 789 1789 ostendat
836 1732 1131 1787 Christum
1180 1731 1313 1781 ante
1346 1724 1634 1779 mundum
1668 1722 1868 1787 fuisse,
1903 1724 1958 1774 et
1989 1718 2046 1772 in

402 1827 530 1897 ipso
553 1840 715 1894 spem
739 1837 866 1875 esse
890 1818 1215 1873 locandam.
1238 1821 1310 1869 De
1335 1812 1749 1877 admonitione,
1767 1809 2045 1881 quoniam

2167 648 2387 702 dictum
2422 652 2529 702 est.

2236 755 2553 827 Sequitur:
2590 755 2696 822 Qui
2717 753 2998 809 benedixit
3025 769 3140 823 nos,
3164 756 3273 808 etc.
3302 758 3379 811 De.
3400 769 3490 820 eo,
3512 752 3673 825 quod
3703 769 3821 808 non

2167 845 2222 898 in
2260 862 2400 909 una,
2432 844 2531 898 sed
2566 844 2623 897 in
2652 842 2846 909 omni;
2881 844 2935 897 id
2969 846 3078 912 est,
3102 859 3216 897 non
3251 841 3595 914 aliquantis,
3620 842 3725 897 sed
3758 841 3817 897 in

2165 933 2478 997 omnibus;
2528 949 2632 987 nec
2673 932 2731 986 in
2765 932 3033 999 terrenis,
3068 932 3165 986 sed
3202 932 3260 986 in
3293 931 3688 1003 spiritalibus.
3724 931 3824 987 Est

2164 1027 2393 1077 terrena
2426 1022 2773 1076 benedictio.
2808 1020 3139 1076 Benedictio
3184 1026 3416 1075 terrena
3463 1024 3554 1075 est
3604 1020 3821 1075 habere

2165 1110 2339 1175 ﬁlios,
2363 1110 2661 1165 abundare
2683 1110 2918 1173 divitiis,
2946 1110 3220 1178 sanitate,
3239 1114 3296 1164 et
3318 1109 3538 1164 honore
3560 1109 3821 1181 gaudere

2162 1202 2352 1267 (Leuit.
2387 1216 2536 1265 xxvr,
2569 1200 2645 1268 9),
2698 1216 2827 1270 quae
2876 1199 2934 1252 in
2984 1198 3129 1254 libro
3182 1198 3431 1253 Levitico
3486 1197 3820 1253 cultoribus

2163 1287 2308 1360 legis
2344 1288 2803 1360 promittuntur;
2838 1287 2894 1341 id
2928 1291 3035 1349 est,
3059 1287 3312 1343 externis
3344 1286 3626 1359 gentibus
3661 1288 3818 1343 fene-

2162 1393 2310 1443 rare,
2337 1376 2511 1448 plena
2532 1393 2659 1431 esse
2682 1376 2888 1431 horrea
2912 1377 3222 1442 frumento,
3248 1380 3354 1432 etc.
3376 1375 3549 1431 Tales
3584 1376 3817 1431 benedi-

2162 1466 2384 1521 ctiones
2416 1483 2528 1520 non
2562 1470 2700 1520 sunt
2730 1464 3024 1535 spiritales
3047 1511 3061 1534 ,
3095 1465 3251 1520 unde
3284 1482 3398 1521 non
3431 1466 3542 1520 has
3591 1464 3815 1520 habue-

2161 1560 2317 1619 runt,
2342 1555 2443 1626 qui
2471 1555 2527 1608 in
2557 1554 2809 1619 melotis,
2834 1553 2891 1607 in
2916 1552 3168 1625 pellibus
3192 1553 3449 1625 caprinis
3470 1558 3815 1608 erraverunt

2158 1644 2216 1698 in
2240 1648 2513 1715 egestate.
2537 1643 2596 1697 in
2620 1642 2938 1714 speluncis,
2962 1647 3400 1713 persecutorum
3423 1643 3687 1714 impetus
3716 1642 3807 1697 de-

2160 1734 2440 1788 clinantes
2472 1733 2651 1803 (Hebr.
2686 1749 2764 1797 χι,
2789 1732 2899 1801 37).
2924 1730 3272 1803 Spiritaliter
3301 1747 3437 1804 ergo
3469 1731 3806 1802 accipienda

2158 1828 2297 1876 sunt
2339 1823 2555 1885 omnia,
2589 1826 2645 1876 et
2693 1821 2987 1892 spiritalia
3034 1837 3149 1875 non
3198 1821 3257 1875 in
3307 1819 3585 1887 terrenis,
3621 1821 3722 1875 sed
3750 1821 3805 1874 in

407 1914 619 1979 omnis,
650 1911 745 1983 qui
771 1909 997 1982 proiicit
1020 1923 1218 1969 sensu,
1248 1906 1418 1958 debet
1443 1907 1499 1956 et
1528 1917 1724 1993 amore
1748 1900 2042 1993 prolicere,
2076 1931 2121 1993 Β
2157 1911 2487 1967 οωιεειίδυε
2521 1916 2659 1964 sum,
2688 1909 3097 1982 exspectanda,

403 2004 727 2060 secundum
760 2000 903 2053 illud
930 2015 942 2053 :
982 1998 1086 2065 Qui
1116 1996 1339 2067 apponit
1367 1992 1675 2059 scientiam,
1698 1991 1921 2060 apponit
1949 1987 2042 2041 do-

404 2096 575 2150 lorem
607 2090 752 2161 (999)
788 2106 799 2143 :
843 2104 1016 2160 quem
1048 2085 1307 2140 dolorem
1328 2084 1355 2137 ?
1388 2082 1483 2137 Uti
1515 2080 1750 2135 sibimet
1776 2077 2042 2147 indigne-

400 2189 516 2253 tur,
552 2197 728 2252 seque
759 2181 1035 2239 coerceat,
1065 2180 1239 2245 atque
1270 2171 1462 2226 doleat
1494 2169 1646 2241 quod
1681 2168 1735 2220 in
1770 2166 2042 2238 periculis

402 2270 600 2328 saeculi
632 2269 942 2325 detinetur.
975 2264 1119 2317 Cum
1151 2263 1270 2316 hac
1303 2257 1632 2314 necessaria
1679 2256 1799 2310 sint
1851 2254 2043 2309 homi-

398 2362 576 2415 nibus
598 2351 1233 2421 Christianis,maxime
1253 2354 1449 2403 tamen
1474 2350 1803 2416 congruunt
1828 2348 2039 2414 myste-

400 2448 486 2504 ria
512 2447 939 2517 Scripturarum
976 2438 1469 2511 perquirentibus.

922 2528 1181 2583 INCIPIT
1221 2524 1519 2579 TEXTUS.

474 2626 630 2696 (CAP.
684 2621 754 2687 Ι.)
805 2620 1011 2673 Paulus
1058 2616 1333 2687 apostolus
1383 2614 1596 2669 Christi
1641 2614 1785 2667 Jesu.
1842 2612 1921 2665 De
1974 2628 2039 2666 eo

402 2715 554 2788 quod
586 2712 767 2784 (1000)
800 2708 914 2763 tale
938 2706 1073 2761 facit
1102 2703 1426 2767 exordium,
1451 2707 1514 2756 ut
1543 2705 1599 2756 et
1626 2702 1922 2756 Christum
1950 2699 2037 2754 in-

404 2806 687 2867 sinuet,et
708 2817 840 2855 eum
861 2814 919 2853 se
944 2794 1336 2866 evangelizare
1358 2791 1709 2856 manifestet,
1726 2796 1863 2845 nota
1884 2791 2037 2861 quod

399 2897 471 2952 ad
502 2896 796 2949 Romanos
839 2887 1085 2942 scribit:
1136 2884 1346 2937 Paulus
1400 2896 1587 2936 servus
1639 2880 1847 2934 Christi
1890 2883 2035 2935 Jesu.

399 2984 608 3039 Confer
638 2981 768 3044 ista,
793 2975 1051 3030 invenies
1083 2971 1239 3026 illius
1271 2987 1397 3025 esse
1420 2986 1552 3024 eum
1586 2968 1913 3040 apostolum
1938 2985 2038 3023 cu-

393 3075 495 3143 jus
527 3075 616 3126 est
646 3083 867 3124 servus.
890 3066 995 3119 Per
1022 3063 1355 3117 voluntatem
1385 3060 1480 3113 Dei
1509 3058 1669 3125 dicit,
1700 3057 1849 3112 sicut
1877 3062 1935 3112 et
1967 3058 2036 3112 ad

400 3160 653 3229 Galatas,
680 3160 743 3211 ut
772 3153 1059 3217 ostendat,
1085 3166 1145 3205 se
1178 3166 1291 3203 non
1324 3165 1450 3213 sua,
1477 3148 1576 3201 sed
1610 3147 1708 3200 Dei
1742 3146 2037 3201 voluntate

398 3254 689 3306 mutatum
717 3262 728 3301 :
766 3259 951 3313 neque
981 3241 1134 3296 enim
1168 3244 1364 3294 nostro
1397 3242 1631 3305 conatu,
1665 3237 1762 3291 sed
1802 3236 1896 3290 Dei
1928 3236 2036 3289 mi-

395 3339 680 3395 seratione
703 3334 1023 3391 salvantur.
1049 3330 1158 3385 Sed
1188 3344 1367 3399 quare
1389 3327 1529 3379 dicit
1551 3328 1754 3380 sanctis
1782 3330 1835 3379 et
1858 3326 2035 3397 ﬁdeli-

400 3429 514 3498 bus,
540 3424 652 3481 nisi
675 3423 814 3495 quia
835 3426 975 3476 sunt
998 3417 1218 3482 fideles,
1241 3415 1341 3487 qui
1376 3431 1489 3469 non
1518 3420 1654 3469 sunt
1686 3416 1894 3481 sancti,
1922 3416 2035 3471 vel-

400 3518 485 3573 uti
518 3510 942 3576 catechumeni,
976 3507 1075 3578 qui
1110 3505 1282 3559 {idem
1316 3504 1553 3566 habent,
1587 3503 1685 3557 sed
1738 3520 1852 3558 non
1901 3510 2039 3560 sunt

400 3604 636 3661 renati?
680 3600 862 3654 Aliter
893 3615 905 3653 :
962 3597 1084 3651 Non
1127 3594 1402 3649 omnibus
1433 3592 1654 3657 scribit,
1688 3594 1788 3647 sed
1822 3596 2034 3649 sancti-

395 3697 576 3750 tatem
619 3693 675 3746 in
724 3689 835 3743 fide
878 3685 1268 3742 servantibus.
1302 3683 1496 3737 Potest
1542 3686 1599 3736 et
1647 3682 1880 3752 gentilis
1912 3699 2038 3739 esse

397 3782 606 3847 ﬁdelis,
631 3780 678 3835 si
714 3779 918 3834 reddat
944 3774 1418 3830 commendatum
1443 3772 1645 3839 (1001),
1671 3771 1717 3825 si
1751 3777 2034 3827 secretum

394 3890 509 3928 non
543 3870 783 3941 prodat;
816 3871 871 3921 et
902 3871 1097 3919 tamen
1130 3878 1242 3917 non
1274 3865 1530 3922 sanctus,
1560 3859 1695 3930 quia
1716 3876 1828 3914 non
1858 3861 2040 3916 credit

394 3962 453 4017 in
486 3960 804 4015 Christum.
839 3954 1019 4009 Aliter
1052 3970 1065 4007 :
1119 3951 1343 4022 Ligavit
1374 3948 1507 4005 illos
1553 3949 1621 4003 ad
1657 3954 1872 4004 certam
1906 3948 2037 4004 reli-

399 4053 652 4123 gionem,
685 4064 818 4100 cum
852 4061 949 4100 eos
981 4046 1212 4097 sanctos
1263 4044 1319 4095 et
1373 4038 1571 4093 ﬁdeles
1619 4038 1759 4092 dicit
1805 4055 1932 4093 esse
1980 4038 2036 4093 in

399 4140 644 4206 Christo,
674 4154 744 4192 ne
776 4151 988 4190 novum
1019 4132 1196 4195 aliud,
1222 4131 1373 4201 quod
1409 4146 1521 4183 non
1553 4128 1856 4183 conveniat
1875 4130 2037 4183 Chri-

401 4236 510 4297 sto,
532 4227 876 4299 suscipiant.
905 4223 1186 4287 Quoniam
1216 4219 1314 4290 qui
1340 4220 1395 4271 in
1417 4218 1640 4272 Christo
1669 4222 1907 4272 sanctus
1928 4225 2035 4281 est.

401 4319 569 4386 nihil,
604 4317 714 4371 nisi
746 4315 1066 4375 Christum,
1100 4310 1271 4363 debet
1318 4323 1513 4361 amare
1565 4311 1739 4375 atque
1774 4304 2031 4377 diligere.

397 4410 477 4463 De
508 4425 572 4462 eo
601 4407 754 4477 quod
783 4402 1035 4475 gratiam
1068 4398 1182 4451 illis
1214 4395 1373 4463 dicit,
1405 4400 1460 4448 et
1490 4410 1689 4465 pacem
1717 4412 1729 4461 ;
1760 4395 2033 4465 quoniam

396 4495 583 4568 gratia
602 4494 789 4547 Patris
811 4497 915 4555 est,
934 4505 1066 4543 cum
1093 4485 1271 4541 mittit
1293 4484 1503 4539 Filium
1527 4500 1699 4538 suum
1723 4484 1792 4538 ad
1820 4489 2029 4551 terras;

395 4601 508 4657 pax
531 4600 659 4636 vero
684 4581 830 4646 Filii,
848 4595 978 4634 cum
1006 4594 1106 4648 per
1130 4577 1320 4646 ipsum
1346 4573 1631 4644 redempti
1656 4572 2036 4629 conciliamur

396 4679 509 4729 Deo
542 4670 713 4737 Patri,
748 4670 817 4723 de
862 4685 927 4722 eo
977 4666 1127 4736 quod
1174 4663 1429 4717 Trinitas
1463 4663 1517 4715 in
1550 4660 1837 4716 solutione
1869 4680 2035 4717 mon-
2068 4674 2112 4738 1)

394 4766 634 4828 strator,
669 4758 945 4829 quoniam
979 4754 1230 4825 Spiritus
1261 4757 1498 4807 sanctus
1529 4750 1728 4821 gratiae
1761 4752 2036 4823 pacisque

394 4850 630 4906 nomine
648 4843 1290 4918 designatur,quoniam
1313 4842 1433 4912 ipse
1450 4841 1665 4894 donum
1681 4839 1779 4894 Dei
1800 4840 2032 4896 dicitur.

468 4937 791 5009 Sequitur:
846 4934 1164 4989 Benedictus
1208 4933 1366 4997 Deus,
1419 4935 1527 4984 etc.
1571 4931 1750 4983 Aucte
1800 4928 2032 4999 ingenio

395 5029 463 5084 ad
500 5027 733 5082 laudem
755 5023 855 5080 Dei
886 5026 1156 5095 provocat
1177 5037 1314 5075 suos
1337 5018 1653 5073 auditores.
1680 5017 1759 5070 De
1790 5032 1854 5070 eo
1878 5017 2032 5086 quod

2224 2017 2529 2090 Sequitur:
2554 2017 2705 2073 Sicut
2727 2018 2887 2086 elegit
2904 2033 2999 2072 nos
3038 2018 3097 2071 in
3120 2019 3254 2088 ipso,
3275 2020 3384 2072 etc.
3412 2016 3806 2088 Augustinus.

2152 2108 2310 2173 Quis,
2338 2108 2598 2178 inquam,
2622 2106 2742 2160 haec
2799 2106 3000 2161 audiat
3035 2104 3348 2177 diligenter
3376 2110 3436 2161 et
3468 2104 3805 2177 intelligen-

2152 2203 2261 2262 ter,
2285 2202 2340 2250 et
2370 2196 2580 2251 audeat
2610 2196 2679 2249 de
2710 2194 2838 2259 hac,
2865 2211 3040 2265 quam
3075 2194 3468 2259 defendimus,
3494 2200 3623 2250 tam
3654 2195 3808 2250 clara

2150 2286 2393 2339 maritate
2444 2282 2759 2339 dubitare?
2808 2282 2991 2355 Elegit
3042 2284 3195 2338 enim
3247 2287 3399 2339 Deus
3432 2288 3574 2338 ante
3610 2284 3804 2337 mundi

2152 2373 2625 2429 constitutionem
2660 2374 2718 2427 in
2741 2372 2968 2427 Christo
2994 2374 3257 2428 membra
3284 2371 3471 2444 ipsius
3502 2372 3803 2445 praedesti-

2152 2464 2343 2519 nando
2382 2464 2586 2533 (1002).
2638 2461 2783 2531 Νοη,
2816 2466 2881 2516 ut
2910 2461 3177 2534 Pelagius
3209 2463 3308 2532 ait,
3341 2462 3483 2533 quia
3515 2462 3801 2534 praescivit

2151 2557 2381 2609 sanctos
2415 2553 2660 2617 futuros,
2698 2551 2824 2605 ideo
2856 2550 3031 2619 elegit
3062 2551 3265 2621 (1003),
3317 2551 3441 2620 sed,
3479 2556 3547 2605 ut
3583 2555 3795 2618 essent,

2150 2642 2339 2713 elegit.
2366 2641 2459 2696 Sic
2481 2640 2634 2695 enim
2660 2639 2970 2711 Apostolus
2996 2638 3248 2694 clamat:
3279 2641 3342 2696 Ut
3361 2656 3610 2695 essemus
3632 2658 3653 2694 :
3670 2656 3795 2695 cum

2149 2734 2305 2789 enim
2339 2748 2445 2785 nos
2468 2728 2909 2801 pra’ttestinavit,
2944 2746 3090 2800 opus
3122 2745 3297 2783 suum
3332 2727 3649 2799 praescivit,
3686 2744 3795 2800 quo

2150 2840 2253 2877 nos
2281 2826 2513 2876 sanctos
2546 2823 2601 2874 et
2628 2816 3038 2873 immaculatos
3064 2817 3216 2873 facit.
3242 2822 3316 2872 Ut
3346 2817 3489 2887 quid
3516 2834 3630 2873 nos
3657 2834 3795 2889 prae-

2148 2912 2316 2968 scivit
2334 2912 2360 2965 ‘1
2388 2912 2452 2965 In
2482 2908 2827 2979 adeptionem
2850 2908 3111 2977 ﬁliorum.
3139 2907 3292 2971 Quos
3314 2906 3342 2961 ?
3372 2906 3511 2977 Nos,
3538 2907 3643 2978 qui
3674 2922 3794 2961 era-

2148 3019 2280 3057 mus
2327 2999 2499 3071 longe
2574 2995 2807 3062 Quare?
2851 2999 2913 3052 In
2964 2996 3181 3051 laudem
3226 2996 3442 3065 gloriae.
3489 2995 3799 3051 Secundum

2143 3091 2480 3163 propositum
2520 3087 2817 3142 voluntatis
2865 3085 3027 3153 dicit,
3080 3102 3149 3140 ne
3200 3086 3256 3139 in
3304 3089 3465 3140 tanto
3515 3085 3797 3140 beneﬁcio

2147 3179 2367 3251 gratiae,
2403 3177 2472 3231 de
2505 3175 2728 3230 meritis
2758 3174 3078 3247 gloriemur
3104 3173 3424 3229 voluntatis
3458 3178 3700 3229 nostras.
3738 3174 3795 3228 In

2069 3301 2111 3367 Ο
2149 3286 2255 3341 qua
2303 3267 2499 3337 utique
2551 3266 2831 3319 voluntate
2877 3264 3207 3333 grati/ienuit
3254 3279 3370 3318 nos.
3402 3261 3499 3317 Sic
3550 3261 3793 3328 dictum,

2148 3356 2494 3428 gratiﬁcavit,
2532 3372 2565 3408 a
2595 3353 2782 3426 gratia
2812 3353 2962 3408 sicut
2982 3352 3345 3423 justiticavit,
3372 3369 3405 3407 a
3427 3351 3661 3422 justitia
3683 3393 3695 3415 ,
3728 3350 3786 3405 id

2149 3452 2255 3514 est,
2290 3449 2486 3519 gratos
2519 3442 2672 3498 fecit.
2707 3444 2766 3498 In
2800 3446 2947 3513 quo?
2978 3443 3038 3497 Id
3070 3446 3177 3507 est,
3212 3441 3268 3495 in
3301 3440 3534 3496 Christo
3571 3458 3584 3497 :
3625 3440 3787 3495 habe-

2146 3554 2269 3591 mus
2290 3534 2712 3605 rctlemptionem
2734 3550 2751 3583 :
2783 3531 2903 3585 haec
2934 3535 3018 3585 est
3042 3531 3195 3585 enim
3220 3529 3424 3601 gratia,
3446 3536 3511 3585 ut
3540 3529 3599 3584 in
3626 3528 3791 3584 Chri-

2148 3632 2235 3681 sto
2280 3642 2378 3696 per
2424 3624 2542 3687 eius
2592 3622 2915 3692 sanguinem
2962 3619 3254 3675 habeamus
3284 3618 3715 3690 redemptionem
3744 3622 3793 3673 et

2147 3716 2524 3770 remissionem
2548 3719 2917 3782 peccatorum.
2952 3710 3301 3780 Redemptos
3331 3709 3487 3764 enim
3523 3725 3559 3763 a
3589 3725 3791 3764 carna-

2147 3806 2303 3860 libus
2334 3801 2608 3873 operibus
2656 3804 2713 3853 et
2757 3797 3175 3869 cupiditatibus
3226 3797 3357 3853 fecit
3387 3813 3495 3851 nos
3528 3796 3643 3851 sibi
3674 3811 3791 3851 ser-

2147 3895 2307 3960 vire;
2342 3891 2498 3962 quod
2534 3893 2639 3953 est,
2674 3886 3013 3959 spiritaliter
3043 3886 3251 3941 vivere.

2217 3999 2492 4071 Sequitur
2524 4014 2536 4051 :
2569 3995 2876 4050 Secundum
2906 3994 3135 4049 divitias
3165 3996 3361 4063 gratia:
3390 3995 3530 4065 ejus.
3571 3995 3635 4049 In
3669 3998 3785 4049 tan-

2148 4095 2272 4146 tum
2293 4085 2631 4151 abundavit,
2648 4088 2712 4138 ut
2735 4100 2847 4138 non
2866 4082 3057 4138 solum
3081 4100 3115 4137 a
3137 4088 3320 4138 morte
3339 4082 3679 4146 redimeret,
3695 4081 3791 4136 sed

2147 4179 2321 4236 etiam
2347 4178 2567 4230 tantam
2588 4172 2935 4243 sapientiam
2963 4170 3128 4227 nobis
3150 4171 3411 4238 donaret,
3427 4177 3495 4226 ut
3515 4171 3793 4244 mysteria

2146 4270 2273 4338 ejus
2307 4278 2702 4319 nosceremus.

2214 4371 2486 4444 Sequitur
2520 4386 2533 4423 :
2584 4370 2642 4422 In
2694 4370 2845 4423 omni
2886 4370 3161 4437 sapientia
3187 4376 3239 4423 et
3264 4367 3581 4438 prudentia.
3617 4366 3791 4422 Stoici

2146 4461 2493 4535 sapientiam
2516 4473 2643 4513 esse
2665 4457 3018 4523 divinarum,
3034 4457 3549 4528 humanarumque
3575 4472 3788 4523 rerum,

2145 4550 2515 4626 prudentiam
2545 4564 2675 4602 vero
2706 4547 2911 4601 dicunt
2940 4563 3134 4601 rerum
3168 4546 3543 4601 solummodo
3577 4546 3788 4602 huma-

2144 4658 2377 4698 narum.

2217 4744 2538 4817 Sequitur:
2596 4743 2659 4797 Ut
2704 4744 2891 4796 notum
2938 4742 3143 4810 faceret
3184 4742 3339 4795 nobis
3375 4748 3788 4797 sacramentum

2145 4834 2441 4891 voluntatis
2465 4846 2600 4888 suae.
2632 4828 3027 4885 Intelleximus
3047 4829 3404 4885 voluntatem
3434 4832 3786 4887 sacramenti

2147 4924 2269 4987 Dei,
2299 4922 2353 4976 id
2387 4925 2493 4986 est,
2526 4918 2942 4989 redemptionis
2973 4924 3203 4985 nostrae,
3233 4917 3331 4973 illo
3364 4919 3683 4976 revelante.
3708 4922 3787 4975 Se-

2142 5012 2384 5069 cundum
2413 5010 2677 5081 placitum
2707 5023 2867 5062 suum
2897 5025 2915 5061 .·
2949 5025 3063 5063 non
3096 5008 3419 5063 secundum
3451 5008 3674 5064 bonam
3703 5024 3791 5064 vo-
