3974 5358
198 376 310 437 549

739 370 1158 433 EXPOSITIO
1202 369 1278 431 IN
1323 369 1755 431 EPISTOLAS
1796 366 2055 429 PAULI.
2087 401 2161 411 —
2206 367 2283 428 IN
2331 369 2580 430 EPIST.
2626 371 2730 430 AD
2776 368 3050 430 EPHES.

3483 370 3604 431 550

198 508 482 563 lnntatem
516 506 802 571 nostram,
836 519 963 575 quae
993 503 1147 558 bona
1176 518 1304 558 esse
1335 519 1451 557 non
1483 505 1701 574 posset,
1726 499 1838 555 nisi
1869 502 1922 568 Α
1954 499 2206 570 alicujus
2238 505 2424 572 egeat,
2457 502 2556 556 sed
2590 518 2703 573 quo
2732 500 2921 572 ipsius
2950 501 3356 557 laudatoribus
3387 502 3605 575 prosit'

202 600 265 651 ut
293 596 446 651 bona
475 598 651 659 esset,
685 592 813 664 ipse
840 592 1179 647 subveniret
1205 593 1410 663 (1004).

268 686 330 739 In
348 682 810 753 dispensationem
837 696 974 736 vero
1002 684 1309 751 temporum
1338 680 1502 750 dicit,
1549 680 1690 752 quia
1718 684 1844 734 sta-

201 777 397 829 tutum
420 769 795 842 fuit,quando
816 773 986 825 Pater
1005 768 1119 824 huc
1139 769 1349 824 Filium
1368 786 1540 825 suum
1558 769 1844 833 mitteret;

204 862 356 918 unde
386 860 513 932 ipse
541 859 679 915 alibi
707 858 877 913 :Cum
904 863 1088 913 autem
1116 861 1263 913 venit
1288 857 1572 930 plenitudo
1592 858 1848 927 temporis

204 950 344 1020 (Gal.
386 966 461 1013 ιν,
520 950 592 1015 4),
658 947 974 1019 Sequitur:
1035 950 1360 1003 lnstaurare
1405 949 1591 1003 omnia
1644 946 1845 1017 (1805).

204 1036 480 1095 Nonnulli
512 1054 614 1108 per
642 1036 855 1091 ccelum
885 1038 1171 1104 animam,
1205 1042 1263 1092 et
1284 1053 1386 1108 per
1406 1043 1617 1092 terram
1645 1033 1852 1089 intelli-

206 1133 351 1202 gunt
378 1142 610 1199 corpus.
645 1124 757 1180 Alii
790 1142 893 1197 per
920 1124 1133 1180 ccelum
1162 1126 1417 1189 Judaeos,
1480 1141 1583 1197 per
1632 1130 1848 1180 terram

205 1216 454 1291 gentiles
483 1232 495 1271 :
525 1214 624 1271 alii
654 1229 757 1286 per
785 1212 992 1270 caelum
1028 1229 1142 1269 non
1175 1212 1434 1286 angelos,
1496 1215 1595 1269 sed
1651 1229 1850 1269 eorum

205 1304 512 1361 scientiam
542 1320 612 1359 ex
640 1302 857 1359 Christi
893 1310 1149 1374 tempore
1187 1302 1521 1375 profecisse,
1574 1302 1674 1374 qui
1721 1306 1852 1356 tan-

205 1410 385 1466 quam
415 1392 606 1466 ignari
636 1392 1113 1464 interrogabant:
1145 1395 1288 1464 Quis
1319 1394 1396 1446 est
1428 1394 1528 1447 iste
1580 1392 1694 1446 Rex
1738 1391 1853 1461 glo-

206 1486 360 1540 riae?
388 1482 561 1554 (Psal.
594 1498 756 1552 χχιιι,
788 1480 867 1551 8.)
890 1481 1001 1536 Sed
1028 1480 1236 1537 melius
1258 1480 1521 1552 ipsorum
1542 1496 1854 1536 numerum

209 1589 318 1646 per
348 1571 595 1627 salutem
629 1568 937 1625 hominum
959 1570 1569 1642 dicamusimpletum.

279 1660 598 1732 Sequitur:
631 1661 695 1714 In
718 1674 822 1729 quo
852 1663 1022 1713 etiam
1049 1664 1195 1713 sorte
1222 1658 1406 1714 vocati
1433 1674 1623 1713 sumus
1641 1676 1661 1720 ;
1686 1657 1741 1711 id
1768 1662 1859 1713 est

210 1755 350 1807 ante
380 1747 717 1821 prtecogniti
746 1766 759 1814 ;
794 1748 894 1803 sed
928 1747 1183 1819 primum
1216 1764 1349 1803 oxes
1380 1747 1617 1819 perditae
1651 1747 1855 1816 (1006),

2023 590 2204 660 (1007)
2239 594 2531 661 Propterea
2551 597 2602 645 et
2630 608 2724 662 ego
2755 591 3004 661 audiens,
3032 595 3140 646 etc.
3166 591 3243 646 De
3287 609 3351 647 eo
3376 595 3599 665 specia-

1954 677 2088 732 liter
2119 678 2421 733 descendit
2452 681 2523 734 ad
2556 680 3017 734 exhortationem
3049 680 3454 751 Ephesiorum.
3488 685 3601 738 Au-

1956 766 2098 832 dita,
2125 767 2335 838 inquit,
2362 768 2475 823 ﬁde
2489 768 2888 841 vestra,diligo
2905 786 3006 825 vos
3028 769 3254 835 ;audita
3275 768 3603 839 dilectione,

1958 860 2014 909 et
2043 872 2148 927 ego
2179 873 2415 927 operam
2448 857 2621 922 dabo,
2656 862 2720 910 ut
2752 862 2863 912 Deo
2896 861 3115 929 gratias
3149 875 3318 931 agam
3356 876 3462 930 pro
3517 877 3609 915 vo-

1960 944 2069 999 bis.
2094 944 2297 1000 Omnis
2323 947 2507 1001 oratio
2538 950 2638 1000 aut
2670 963 2770 1017 pro
2829 947 3105 1017 acceptis,
3156 952 3257 1002 aut
3307 965 3410 1018 pro
3456 948 3605 1003 acci-

1960 1034 2189 1104 piendis
2218 1039 2343 1100 est;
2371 1041 2427 1088 et
2458 1041 2558 1089 aut
2580 1052 2681 1104 pro
2716 1034 2904 1101 nobis,
2942 1039 3041 1088 aut
3073 1052 3173 1106 pro
3198 1036 3330 1089 aliis
3355 1042 3462 1091 est.
3488 1042 3606 1093 Hoc

1962 1123 2031 1177 de
2062 1124 2387 1193 printeritis.
2420 1123 2696 1195 Sequitur
2726 1124 2795 1177 de
2828 1122 3040 1178 futuris
3074 1140 3084 1177 ί
3120 1125 3181 1179 Ut
3214 1130 3355 1179 Deus
3388 1127 3609 1181 Domini

1960 1213 2135 1265 nostri
2152 1212 2278 1267 Iesu
2309 1211 2532 1267 Christi.
2572 1217 2701 1279 Deo,
2737 1228 2802 1266 eo
2834 1213 2987 1283 quod
3022 1212 3099 1266 ita
3138 1212 3385 1268 dicitur:
3445 1216 3608 1270 Pater

1961 1300 2190 1370 gloriae:
2228 1298 2402 1355 veluti
2432 1300 2610 1368 verbi,
2641 1300 2959 1371 sapientiae,
2989 1300 3075 1355 vel
3110 1301 3289 1373 pacis,
3341 1302 3608 1359 Christus

1964 1394 2053 1443 est
2076 1387 2279 1460 gloria,
2304 1393 2369 1443 ut
2398 1388 2541 1443 illud
2568 1406 2579 1443 :
2616 1391 2875 1460 Exsurge,
2905 1390 3082 1459 gloria
3114 1406 3231 1445 mea
3259 1393 3436 1461 (Psal.
3470 1410 3604 1462 cvu,

1965 1478 2019 1549 3)
2046 1496 2057 1544 ;
2092 1481 2148 1533 et
2180 1495 2191 1533 :
2224 1479 2499 1549 Apparuit
2527 1478 2705 1548 gloria
2736 1480 2973 1546 Domini,
2996 1496 3163 1549 super
3189 1481 3610 1537 tabernaculum

1965 1568 2156 1635 (Leuit.
2189 1585 2266 1635 ιχ,
2297 1568 2388 1637 25)
2418 1585 2429 1621 :
2465 1583 2591 1637 quae
2622 1565 2809 1637 gloria
2868 1568 3146 1622 fabricata
3194 1575 3282 1624 est
3312 1570 3425 1625 sibi
3466 1577 3608 1626 tem-

1968 1656 2131 1727 plum
2164 1673 2231 1710 ex
2260 1660 2424 1710 utero
2454 1655 2739 1725 virginali.
2776 1657 2955 1725 Cujus
2990 1656 3186 1728 templi
3222 1659 3388 1713 Pater
3416 1660 3611 1731 gloria:

1968 1745 2223 1799 efﬁcitur
2274 1749 2439 1799 Deus.
2478 1744 2591 1798 Iste
2624 1744 2801 1816 igitur
2831 1749 2981 1799 Deus
3012 1747 3301 1817 assumpti
3338 1747 3613 1817 hominis,

210 1838 428 1894 deinde
458 1843 682 1910 gentes.
718 1839 836 1909 Qui
859 1838 1049 1892 omnia
1076 1840 1357 1908 operatur,
1393 1841 1499 1891 etc.
1535 1836 1659 1892 Non
1700 1835 1852 1932 quod
1889 1868 1939 1932 Β
1968 1832 2140 1932 Pater
2166 1833 2540 1932 verotglorisa,
2566 1833 2947 1932 sapieptiaanet
2974 1835 3254 1905 veritatis,
3279 1835 3376 1891 det
3399 1838 3618 1892 sanctis

211 1927 417 1983 omnia
443 1926 768 1982 secundum
800 1924 1161 1981 voluntatem
1184 1924 1279 1979 Dei
1303 1924 1468 1991 fiant,
1487 1941 1615 1995 quae
1638 1924 1787 1979 fiunt
1806 1923 1862 1977 in

212 2016 461 2083 mundo,
494 2015 593 2070 sed
626 2015 780 2086 quod
798 2014 1067 2070 universa
1091 2030 1219 2085 quas
1249 2014 1405 2079 facit,
1431 2012 1676 2069 consilio
1699 2017 1755 2068 et
1769 2029 1865 2068 vo-

210 2105 447 2160 luntate
473 2103 630 2160 facit.
662 2103 933 2174 Alioquin
985 2106 1043 2158 et
1090 2103 1245 2157 mala
1294 2106 1561 2175 poterant
1607 2102 1720 2157 Deo
1768 2118 1865 2156 as-

214 2193 388 2250 cribi.

283 2286 354 2341 Ut
384 2298 572 2337 sumus
591 2284 653 2337 in
682 2282 904 2337 laudem
949 2282 1141 2349 gloria:
1172 2282 1291 2352 ejus
1310 2296 1331 2342 ;
1362 2280 1420 2334 id
1452 2284 1541 2335 est
1570 2281 1619 2335 si
1645 2280 1705 2334 in
1738 2279 1866 2352 ipso

216 2371 535 2439 credimus,
554 2375 729 2441 atque
750 2368 1042 2441 spiritales
1065 2368 1680 2440 efﬁcimur,sequendo
1703 2368 1869 2423 Chri-

210 2466 403 2529 stum,
434 2460 658 2516 erimus
686 2459 745 2514 in
781 2457 1017 2515 laudem
1049 2458 1246 2530 gloriae
1277 2457 1467 2530 ipsius
1500 2458 1598 2513 Dei
1628 2476 1639 2526 ;
1676 2463 1741 2512 ut
1772 2474 1875 2530 per

220 2552 424 2623 signa,
448 2566 575 2621 qua:
606 2548 877 2614 facimus,
909 2547 1183 2603 laudetur
1208 2545 1395 2619 gloria
1428 2547 1546 2602 Dei.
1570 2546 1871 2618 Sequitur:

204 2640 348 2706 Nos,
382 2641 479 2711 qui
508 2646 636 2694 ante
665 2638 1007 2709 speravimus
1035 2653 1049 2692 :
1081 2652 1195 2706 nos,
1231 2635 1502 2707 apostoli,
1548 2634 1636 2691 vel
1667 2635 1874 2703 Judaei,

214 2727 331 2802 qui
362 2728 588 2799 priores
618 2727 999 2782 credidimus.

291 2817 606 2888 Sequitur:
640 2819 709 2871 In
736 2831 838 2885 quo
866 2823 916 2870 et
944 2830 1058 2879 vos,
1090 2817 1203 2869 etc.
1254 2814 1559 2868 Descendit
1579 2814 1651 2868 ad
1684 2814 1870 2886 Ephe-

207 2906 366 2977 sios,
400 2921 472 2960 ne
504 2904 761 2959 aliorum
789 2903 1083 2957 videretur
1112 2901 1461 2956 beneﬁcium
1492 2902 1671 2969 istud,
1692 2908 1749 2957 et
1766 2919 1881 2957 non

221 3010 462 3062 eorum,
497 2992 715 3064 quibus
769 2991 1062 3047 scribebat
1101 2989 1443 3062 Epistolam,
1494 2990 1625 3061 hoc,
1673 2990 1882 3061 inquit,

216 3083 413 3138 etiam
443 3083 703 3135 vestrum
734 3084 845 3145 est,
878 3095 1016 3134 nam
1052 3082 1109 3134 et
1135 3095 1240 3134 vos
1268 3077 1326 3132 in
1358 3079 1468 3135 hoc
1501 3079 1663 3134 estis.
1692 3081 1752 3133 In
1782 3095 1887 3151 quo

213 3174 281 3227 et
313 3167 606 3235 credentes,
638 3172 748 3223 etc.
773 3185 785 3235 ;
812 3167 868 3222 id
887 3172 977 3222 est
1014 3166 1350 3239 Evangelio,
1392 3167 1511 3223 sive
1551 3167 1777 3223 Christo
1812 3168 1885 3223 si-

1976 1923 2130 1993 quod
2157 1922 2471 1993 sequitur:
2506 1924 2597 1976 Det
2652 1922 2801 1977 vobis
2850 1923 3117 1993 Spiritum
3162 1927 3471 1995 sapienliw,
3506 1933 3614 1983 etc.

1976 2011 2276 2076 Quomodo
2309 2010 2573 2081 Ephesiis
2602 2015 2764 2081 Optat
2786 2010 3160 2082 sapientiam,
3186 2014 3286 2083 qui
3308 2014 3619 2071 Corinthiis

1978 2100 2137 2169 dicit,
2164 2100 2318 2170 quod
2348 2099 2515 2153 inﬂat
2544 2099 2591 2171 (I
2620 2099 2738 2154 Cor.
2771 2116 2890 2169 νιιι,
2927 2102 3020 2171 1)?
3051 2101 3159 2156 Sed
3202 2102 3281 2157 ibi
3322 2105 3615 2160 carnalem

1979 2194 2142 2245 notat
2175 2214 2189 2255 ;
2224 2188 2319 2244 hic
2350 2205 2480 2243 vero
2505 2188 2827 2259 spiritalem
2860 2191 3254 2258 commendat,
3288 2209 3463 2263 quam
3517 2194 3619 2265 qui

1979 2277 2579 2347 habuerit,humiliari
2600 2281 2794 2349 potius
2816 2282 3047 2349 poterit,
3070 2298 3247 2351 quam
3271 2282 3483 2338 inﬂari.
3509 2285 3621 2339 Sed

1983 2368 2275 2439 quomodo
2307 2367 2667 2438 agnitionem
2692 2366 2809 2423 illis
2838 2369 2935 2422 Dei
2958 2385 3085 2424 esse
3108 2376 3254 2435 orat,
3279 2389 3429 2442 quos
3449 2390 3628 2445 supra

1982 2456 2365 2511 laudaverat?
2396 2455 2556 2523 Orat,
2593 2462 2655 2510 ut
2687 2457 2999 2528 perfectius
3047 2465 3419 2531 cognoscant,
3471 2465 3625 2534 quod

1986 2546 2086 2601 Dei
2118 2545 2324 2617 gratia,
2357 2561 2470 2599 non
2499 2561 2605 2599 suo
2637 2546 2843 2600 merito
2874 2551 3014 2601 sunt
3069 2548 3271 2603 salvati
3300 2568 3312 2617 ;
3364 2555 3420 2604 et
3469 2554 3623 2623 quod

1986 2636 2168 2690 Deum
2202 2633 2348 2688 nihil
2380 2639 2571 2706 potest
2598 2634 2779 2690 latere
2812 2653 2825 2702 ;
2876 2636 3156 2707 quoniam
3189 2638 3289 2709 qui
3344 2639 3453 2695 hoc
3500 2658 3627 2712 per-

1989 2727 2134 2779 fecte
2166 2724 2483 2795 cognoscit,
2518 2740 2755 2794 peccare
2787 2741 2900 2779 non
2935 2731 3145 2795 potest.
3185 2730 3461 2801 De(1008)
3494 2730 3630 2786 {iliis

1990 2812 2097 2868 Eli.
2129 2813 2440 2883 Sequitur:
2468 2812 2834 2881 Illuminatos,
2867 2820 2974 2868 etc.
3011 2815 3148 2887 Deo,
3172 2834 3238 2871 eo
3289 2820 3441 2889 quod
3487 2820 3633 2875 inte-

1993 2903 2110 2957 rior
2142 2902 2316 2956 homo
2346 2901 2523 2956 habet
2552 2903 2814 2957 membra
2844 2920 2972 2969 sua,
3003 2910 3059 2959 et
3088 2905 3285 2961 oculos
3342 2925 3501 2976 suos,
3563 2910 3635 2965 de

1994 2990 2211 3061 quibus
2241 2994 2299 3044 et
2326 2989 2636 3045 Psalmista
2669 3009 2681 3045 :
2714 2992 2986 3046 Illumma
3014 2996 3199 3049 oculos
3229 3012 3391 3062 meos,
3431 3014 3499 3053 ne
3529 3015 3637 3053 un-

1993 3096 2161 3152 quam
2190 3078 2526 3133 obdormiam
2555 3081 2615 3133 in.
2644 3088 2814 3134 morte
2863 3080 3035 3150 (Psal.
3087 3100 3187 3147 χιι,
3222 3084 3311 3155 4);
3362 3091 3417 3139 et
3466 3086 3635 3143 item:

1997 3169 2273 3239 Sapientis
2297 3168 2440 3223 oculi
2478 3171 2537 3222 in
2566 3170 2743 3239 capite
2781 3171 2901 3240 ejus
2932 3170 3126 3237 (Eccle.
3180 3187 3243 3238 ιι,
3292 3174 3402 3244 14).
3434 3174 3513 3229 De
3552 3192 3640 3243 eo,

216 3261 471 3330 gnatur,
496 3256 597 3328 qui
619 3255 870 3311 audierit
889 3256 1131 3310 verbum
1154 3234 1438 3323 veritatis,
1463 3260 1519 3311 et
1541 3255 1884 3312 crediderit:
1917 3234 1959 3301 (ἶ
1999 3234 2152 3330 quod
2186 3259 2336 3312 notio
2365 3256 2528 3312 estin
2560 3234 2672 3324 his,
2706 3234 2832 3328 quas
2864 3234 2999 3313 ante
3018 3234 3404 3317 nescivimus:
3430 3234 3643 3332 agnitio

222 3346 382 3417 quia
412 3344 582 3400 multi
612 3347 753 3400 sunt
781 3344 879 3415 qui
899 3344 1149 3399 audiunt
1169 3349 1225 3399 et
1246 3360 1361 3399 non
1386 3344 1662 3413 credunt;
1686 3350 1742 3399 et
1762 3346 1889 3402 ideo

220 3432 615 3506 signaculum
641 3432 828 3488 sancti
848 3432 1103 3504 Spiritus
1130 3449 1246 3488 non
1278 3432 1593 3504 accipiunt.
1614 3434 1893 3505 Signacu-

224 3525 369 3579 lum
403 3521 499 3577 Dei
526 3539 539 3577 :
572 3526 639 3577 ut
668 3522 960 3593 quomodo
993 3522 1223 3592 primus
1252 3521 1425 3577 homo
1453 3524 1524 3577 ad
1576 3522 1891 3593 imaginem

225 3610 347 3669 Dei
367 3611 659 3677 conditur,
693 3609 776 3666 sic
804 3610 865 3665 in
894 3611 1154 3666 secunda
1183 3612 1619 3681 regeneratione
1652 3612 1895 3683 quicun-

225 3716 360 3772 que
390 3699 673 3771 Spiritum
704 3703 972 3754 sanctum
1006 3700 1312 3771 acceperit,
1348 3699 1613 3772 signetur
1642 3700 1713 3755 ab
1734 3717 1821 3756 eo.

315 3788 598 3861 Sequitur
626 3806 639 3844 :
666 3790 773 3857 Qui
799 3797 875 3844 est
891 3790 1091 3859 pignus
1109 3788 1455 3844 haereditatis
1476 3809 1493 3843 :
1517 3790 1571 3844 id
1588 3794 1675 3843 est
1700 3789 1894 3861 ipsum

235 3879 472 3953 pignus
502 3876 683 3945 dedit,
714 3882 780 3933 ut
810 3877 879 3937 de
912 3876 1247 3932 haereditate
1274 3877 1460 3932 securi
1484 3879 1692 3932 simus.
1722 3879 1780 3932 In
1804 3893 1897 3932 re-

228 3968 613 4039 demptionem
638 3984 651 4034 ;
674 3966 731 4021 id
755 3972 845 4023 est
867 3971 932 4021 ut
953 3967 1315 4022 redimamur
1331 3966 1404 4021 ab
1426 3964 1553 4021 istis
1576 3966 1824 4021 terrenis
1845 3970 1903 4021 et

231 4055 655 4128 corporalibus
682 4056 876 4123 malis,
907 4060 963 4111 et
976 4055 1248 4127 acquisiti
1268 4055 1460 4110 simus
1480 4054 1583 4110 ﬁlii
1610 4056 1899 4127 adoptivi;

231 4150 299 4202 et
334 4145 459 4200 haec
488 4146 550 4199 in
564 4144 789 4215 laudem
806 4144 997 4216 gloria
1020 4144 1209 4217 ipsius
1231 4161 1243 4211 ;
1268 4160 1383 4199 non
1413 4160 1528 4215 quo
1559 4143 1904 4201 Deuslaude

324 4250 513 4449 (10042
542 4251 623 4306 En
656 4251 907 4322 gratiam
939 4251 1406 4322 praevenientem.

324 4323 488 4391 (1005
545 4323 719 4378 Divus
750 4323 1138 4391 Hieronymus
1198 4322 1258 4377 in
1306 4322 1406 4376 har

324 4411 438 4449 iam
518 4394 683 4449 atini.
735 4393 862 4449 loco
920 4396 1235 4449 instaurare
1289 4392 1403 4449 legi

319 4321 509 4393 (1005)
545 4321 719 4378 Divus
750 4321 1138 4391 Hieronymus
1198 4322 1258 4377 in
1292 4322 1457 4393 hanc
1506 4321 1687 4393 Epist.
1740 4322 1910 4378 aliter

216 4411 438 4466 (quam
472 4392 683 4466 Latini,
735 4393 870 4466 loco
920 4396 1247 4466 instaurare
1289 4392 1430 4463 legit
1476 4395 1847 4464 recapitulare
1876 4412 1910 4449 a

241 4462 445 4540 g'raico
474 4462 943 4549 Ἀγαχεεραλᾳὲόωῖ
976 4467 1131 4537 quod
1160 4462 1731 4549 cottigoiapitqﬂseu
1761 4482 1910 4520 sum-

239 4531 368 4616 ἷηνοδ
396 4531 965 4616 repeto,"significat,
990 4531 1057 4592 -a
1107 4554 1246 4616 quo.
1270 4531 1764 4616 ’ᾗναχξφαλξςωσις
1823 4554 1911 4592 re-

1999 3347 2059 3402 in
2091 3346 2184 3401 his
2216 3363 2342 3418 quae
2373 3345 2536 3401 obliti
2571 3346 2965 3401 recordamur.

2072 3436 2256 3507 (1009)
2286 3435 2599 3507 Sequitur:
2636 3436 2698 3492 Ut
2726 3437 2935 3503 sciatis,
2985 3441 3093 3492 etc.
3125 3442 3204 3494 Ac
3257 3440 3304 3495 si
3347 3440 3502 3496 dicat
3538 3458 3548 3497 :
3585 3441 3646 3497 Si

2002 3526 2253 3581 scientes
2302 3525 2370 3579 ad
2404 3542 2578 3596 quam
2611 3541 2775 3597 spem
2808 3526 2992 3581 vocati
3023 3528 3184 3596 estis,
3218 3546 3448 3585 omnem
3482 3547 3647 3602 spem

2004 3614 2201 3670 saeculi
2224 3613 2390 3669 facile
2416 3618 2803 3669 contemnetis
2831 3633 2843 3682 ;
2876 3620 2934 3670 et
2961 3615 3008 3670 si
3033 3616 3267 3673 divitias
3297 3618 3656 3675 haereditatis

2005 3704 2106 3759 Dei
2135 3703 2419 3768 videritis,
2454 3704 2645 3758 omnis
2676 3708 2904 3760 terrena
2934 3705 3244 3762 hereditas
3266 3708 3429 3764 vobis
3462 3710 3660 3765 sorde-

2004 3793 2091 3847 bit
2119 3811 2131 3858 ;
2166 3791 2305 3863 quia
2337 3808 2506 3846 nemo
2538 3809 2671 3847 cum
2704 3795 2913 3864 opibus
2944 3796 3072 3865 ejus
3125 3814 3394 3867 operans,
3442 3803 3655 3852 curatas

2009 3886 2168 3945 sunt,
2200 3884 2265 3934 ut
2324 3879 2633 3950 plumbum
2692 3882 3017 3951 possideret
3072 3886 3276 3955 (1040).
3334 3888 3398 3941 Et
3431 3887 3563 3941 bene
3594 3889 3689 3942 in'

2007 3970 2211 4025 sanctis
2240 3967 2400 4035 dicit,
2438 3984 2552 4021 non
2582 3968 2640 4022 in
2666 3969 2938 4024 omnibus
2965 3970 3322 4029 hominibus.
3346 3974 3651 4037 Quisenim

2011 4055 2703 4131 potestcomprehendere
2731 4058 3198 4129 magnitudinem
3230 4063 3505 4118 bonitatis
3528 4063 3652 4131 Dei,

2014 4164 2191 4219 quam
2222 4144 2591 4201 credentibus
2618 4160 2687 4199 ex
2714 4145 2953 4214 Judaeis,
2988 4152 3044 4201 et
3073 4150 3342 4218 gentibus
3386 4151 3657 4219 contulit,

2015 4270 2162 4329 opus
2194 4257 2336 4329 erat,
2370 4256 2441 4329 ut
2464 4268 2675 4329 sensus
2724 4253 3082 4329 redderetur,
3132 4272 3267 4327 spes
3316 4260 3508 4311 autem
3558 4274 3658 4329 ge-

2018 4322 2211 4379 nuina:
2246 4322 2477 4395 phrasis
2509 4322 2837 4379 divinandae
2870 4325 3033 4381 valde
3066 4322 3281 4382 incerta
3300 4334 3442 4383 erat.
3464 4322 3662 4385 Tutvio-

2018 4414 2141 4471 rem
2172 4401 2366 4471 autem
2398 4396 2864 4471 emendationem
2902 4399 3142 4471 evadere
3174 4399 3317 4453 mihi
3365 4400 3660 4471 polliceor,

2024 4469 2071 4523 si
2105 4468 2323 4521 fontem
2352 4465 2531 4543 hujus
2562 4466 3060 4543 interpretationis
3089 4470 3147 4523 in
3184 4465 3439 4526 medium
3473 4465 3666 4543 prole-'-

2023 4555 2147 4614 ram
2181 4556 2215 4593 a
2244 4554 2358 4609 quo
2390 4538 2461 4614 de
2490 4538 2676 4614 verbo,
2691 4540 2805 4593 fere
2834 4541 2905 4594 ad
2936 4541 3175 4614 verbum
3210 4538 3523 4614 desumpta
3552 4549 3661 4598 est.

254 4606 529 4685 dactiof'in
547 4606 838 4685 sgmmam,
857 4624 960 4664 seu
984 4606 1381 4685 recapitulatio.
1403 4606 1911 4685 Divollieronymo
1941 4607 1987 4671 D
2019 4606 2514 4685 Commentarium
2535 4609 2680 4685 illud
2699 4613 2971 4685 _est,_quod
2996 4612 3137 4685 falso
3160 4614 3288 4669 divo
3320 4606 3663 4685 Hieronymo

248 4680 517 4736 assentit
559 4680 974 4751 Tertullianus,
1033 4679 1134 4734 lib.
1187 4696 1238 4747 v,
1287 4681 1488 4751 contra
1538 4679 1909 4749 Marcionem,

253 4768 394 4822 cap.
431 4752 516 4819 17,
549 4756 605 4807 et
635 4752 822 4807 sancti
859 4748 1056 4808 Irenazi
1087 4752 1393 4821 interpres,
1426 4748 1527 4803 lib.
1561 4767 1599 4817 1,
1626 4766 1751 4822 cap.
1788 4752 1836 4805 1.

364 4823 522 4893 1006)
557 4823 786 4879 Scilicet
811 4824 1020 4880 Judéei.

344 4891 529 4967 (1007)
562 4895 623 4950 In
654 4902 851 4967 autog.
886 4910 1067 4967 marg.
1096 4892 1189 4947 hic
1213 4891 1425 4967 legitur
1455 4907 1580 4967 cap,
1606 4892 1672 4946 ll.

343 4965 528 5091 (1008)
558 4963 958 5039 Imperfectum
988 4963 1065 5020 ibi
1100 4963 1368 5034 exempli,
1426 4964 1578 5035 quod
1628 4964 1914 5020 adducere

343 5064 345 5082 ι
373 5037 475 5091 uit.
509 5055 748 5091 sensum
783 5037 1088 5091 reliquisse
1118 5035 1345 5089 videtur
1364 5040 1568 5091 auctor
1588 5040 1803 5091 noster.
1825 5036 1914 5091 vel

262 5035 475 5107 voluit,
509 5035 748 5094 Sensum
783 5037 1088 5109 reliquisse
1118 5035 1345 5109 videtur
1364 5040 1568 5109 auctor
1588 5040 1803 5109 noster,
1825 5036 1915 5093 vel

268 5108 403 5178 ejus
426 5106 820 5166 amanuensis.
842 5106 984 5164 Illud
1008 5114 1202 5179 tamen
1228 5106 1285 5161 in
1310 5106 1801 5179 mentehabuisse
1816 5125 1917 5179 pu-

263 5176 453 5214 ιὲηιοτη
505 5182 656 5214 πεπυ-1
685 5181 850 5214 [Dan
892 5197 929 5214 η
979 5181 1042 5214 40
1097 5176 1309 5214 Inailnn
1331 5178 1479 5214 {Hinc
1502 5178 1583 5214 ῐᾶιί
1635 5178 1784 5214 ﬁlim:
1813 5176 1915 5214 Ῑὶο-

2023 4680 2364 4756 ascriptum,
2398 4680 2591 4756 verius
2618 4679 2850 4756 Pelagio
2881 4699 2949 4737 ex
2981 4683 3094 4756 divi
3124 4685 3436 4756 Augustini
3492 4679 3665 4739 testi-

2024 4750 2243 4816 monio,
2277 4768 2407 4806 cum
2442 4750 2605 4817 alibi,
2639 4750 2896 4807 tum'lib.
2926 4771 2987 4808 ιιι
3020 4755 3090 4808 de
3125 4750 3495 4811 Pcc'catorum
3548 4772 3667 4809 me-

2024 4824 2174 4888 ritis,
2207 4828 2264 4895 et
2295 4821 2659 4889 remissione,
2694 4839 2818 4893 cap.
2855 4825 2905 4890 1,
2939 4830 2997 4879 et
3028 4842 3095 4880 ex
3128 4826 3310 4883 Mario
3330 4828 3665 4895 Mercatore,

2025 4901 2081 4951 et
2108 4894 2468 4960 Cassiodoro,
2504 4898 2559 4948 et
2589 4899 2821 4967 auctore
2848 4895 3265 4964 Przedestinati,
3299 4896 3511 4954 eruditi
3542 4894 3671 4967 qui-

2027 4984 2139 5039 que
2171 4968 2519 5039 attribuunt,
2555 4966 2654 5021 ubi
2686 4965 2897 5037 legitur
2930 4985 2941 5021 :
2978 4969 3040 5023 Si
3070 4972 3296 5024 sciretis
3317 4969 3389 5024 ad
3417 4965 3678 5038 quantam

2026 5056 2174 5109 spem
2206 5041 2375 5094 vocati
2403 5038 2553 5103 estis,
2580 5053 2795 5109 omnem
2824 5056 2973 5109 spem
3001 5040 3197 5094 saeculi
3223 5042 3393 5109 facile
3440 5042 3679 5109 contem-

2028 5108 2228 5166 neretis
2257 5116 2309 5166 et
2339 5112 2387 5164 si
2415 5110 2638 5163 divitias
2672 5108 3006 5164 haereditatis
3035 5112 3134 5164 Dei
3178 5108 3459 5177 videretis,
3509 5108 3685 5162 omnis

2032 5186 2249 5214 δοφκηηηη
2288 5183 2429 5214 ..ΑΙ-ἐρ
2462 5180 2697 5214 Ιιηνν-οΙηἸ
2732 5180 3022 5214 ιιιυκηΑοἻηιο
3086 5182 3237 5214 Nomm
3269 5184 3412 5214 ουν-’Μ
3464 5194 3683 5214 nonnum

2032 5186 2249 5214 δοφκηληη
2288 5183 2429 5214 11Λ114⁸ρ
2462 5180 2697 5214 ,ιηννιοινίθ

2749 5183 3022 5214 Instead-Vna.
3086 5182 3237 5214 λνογνιη
3269 5184 3412 5214 nni.”
3464 5194 3683 5214 nonnum
