3974 5358
380 403 488 462 551

1406 400 1743 465 ATTONIS
1789 403 2371 465 VERCELLENSIS
2418 394 2769 464 EPISCOPI

3670 398 3778 461 552

338 586 347 597 ,
384 538 452 589 ut
485 534 689 588 ﬁerent
712 528 813 586 ﬁlii
845 529 1104 603 adoptati
1134 533 1191 586 et
1221 532 1485 588 membra
1514 532 1754 590 Christi.
1788 535 1855 591 Et
1883 534 2031 590 bene
2058 542 2106 608 Α
2144 535 2316 592 debet
2345 533 2618 607 tatelligi.
2651 537 2776 591 Hoc
2799 548 2935 589 vero
2965 531 3119 604 quod
3152 529 3235 591 ait
3263 547 3276 586 :
3337 530 3448 598 Qui
3501 530 3693 589 omnia
3733 532 3787 587 in

385 621 563 677 dicit:
598 622 910 677 Secundum
972 620 1340 688 operationem
1385 620 1570 693 (1011)
1616 624 1836 679 uirtutis
1882 624 2025 694 ejus,

385 726 509 783 quae
540 711 720 780 (1012)
751 717 1001 782 operatus
1032 714 1109 764 est
1138 711 1199 763 in
1229 710 1475 771 Christo;
1508 712 1647 783 quia
1677 712 1748 767 ad
1778 712 1898 766 haec
1928 728 2027 766 co—

384 799 718 874 gnoscenda
744 816 812 854 ea
840 798 1175 870 indigemus
1205 798 1437 868 virtute,
1470 816 1587 871 qua
1607 799 1784 855 etiam
1805 801 1862 854 in
1884 798 2027 855 Filio

386 906 494 945 suo
521 905 664 944 usus
694 893 782 943 est
812 886 964 942 Deus
995 903 1128 942 eum
1162 888 1524 951 suscitando,
1559 905 1733 961 quem
1758 906 1873 944 non
1896 905 2027 944 sus-

386 978 585 1034 citavit
615 976 817 1045 semel,
851 975 951 1030 sed
985 992 1217 1046 semper
1246 994 1280 1030 a
1310 976 1580 1045 mortuis,
1628 983 1686 1032 et
1715 977 1847 1033 fecit
1891 993 2026 1032 eum

388 1068 445 1121 in
481 1066 687 1120 mortis
742 1065 1014 1134 liberum,
1062 1063 1226 1125 nulla
1270 1065 1473 1120 mortis
1522 1067 1865 1139 contagione
1912 1083 2033 1122 ma-

388 1155 670 1211 culatum.
705 1152 973 1220 Quotidie
1006 1152 1257 1224 resurgit
1284 1153 1549 1210 Christus
1581 1172 1650 1211 ex
1681 1156 1928 1211 mortuis
1968 1154 2027 1209 in

384 1244 826 1317 paenitentibus.
862 1246 939 1296 De
994 1259 1060 1296 eo
1113 1242 1270 1312 quod
1326 1241 1637 1300 hereditas
1689 1249 2027 1300 sanctorum

390 1334 515 1406 ipse
545 1333 698 1389 Deus
730 1337 839 1400 est,
875 1335 937 1385 ut
966 1329 1109 1385 illud
1136 1330 1206 1385 de
1236 1329 1373 1387 filiis
1406 1332 1531 1388 Levi
1559 1349 1571 1388 :
1607 1334 1727 1404 Ego
1767 1333 2029 1389 Dominus

386 1439 518 1495 pars
547 1438 735 1477 eorum
756 1420 938 1489 (Num.
986 1436 1143 1488 mu,
1175 1420 1245 1472 20
1272 1463 1284 1487 ,
1316 1422 1473 1477 Iosue
1502 1438 1623 1487 xm,
1660 1421 1784 1490 1/1);
1840 1420 1978 1474 item
2012 1437 2025 1476 :

390 1512 659 1568 Dominus
687 1508 985 1566 har-editas
1017 1523 1206 1563 eorum
1233 1512 1315 1564 est
1360 1510 1538 1581 (Deut.
1585 1526 1747 1577 xvux,
1776 1510 1833 1575 2)
1860 1526 1873 1576 ;
1922 1513 1980 1564 et
2010 1526 2024 1563 :

386 1602 527 1655 Pars
556 1615 675 1654 mea
710 1598 974 1653 Dominus
1003 1598 1176 1665 (Psal.
1233 1615 1402 1665 Lxxn,
1436 1600 1527 1669 20)
1556 1601 1613 1653 et
1643 1615 1656 1654 :
1692 1599 1766 1653 Tu
1794 1614 1852 1653 es
1896 1613 2028 1666 pars

388 1688 726 1746 haereditatis
757 1702 910 1753 meai,
944 1692 1052 1741 etc.
1087 1686 1256 1756 (Psal.
1282 1703 1372 1752 xv,
1394 1688 1470 1754 5).

458 1778 735 1849 Sequitur
767 1793 780 1831 :
814 1775 1094 1830 Suscitans
1122 1791 1288 1843 eum;
1318 1775 1377 1829 id
1408 1779 1497 1831 est
1526 1776 1844 1831 secundum
1871 1775 2027 1847 quod

389 1866 538 1921 mori
569 1864 774 1938 potuit.
802 1863 879 1919 De
911 1880 976 1918 eo
1008 1864 1160 1934 quod
1192 1863 1416 1918 dextera
1472 1863 1728 1936 ponitur,
1779 1880 1882 1936 pro
1928 1862 2028 1919 ho-

388 1971 548 2023 nore,
582 1955 639 2008 in
671 1953 786 2011 Deo
817 1950 964 2007 nihil
993 1951 1298 2006 sinistrum
1341 1959 1450 2016 est,
1482 1953 1624 2024 quia
1652 1970 1767 2009 non
1791 1957 1880 2009 est
1900 1969 2026 2007 cor-

389 2060 620 2117 poreus.
653 2042 797 2097 Nam
831 2044 886 2096 et
915 2042 1086 2096 Pater
1108 2057 1140 2095 a
1170 2041 1387 2097 dextris
1418 2040 1540 2096 Filii
1574 2046 1682 2102 est,
1735 2045 1799 2096 ut
1834 2040 1980 2095 illud
2011 2056 2023 2094 :

390 2136 653 2188 Dominus
683 2149 716 2187 a
744 2130 955 2187 dextris
985 2132 1117 2200 tuis,
1149 2130 1438 2199 confregit,
1462 2135 1569 2185 etc.
1605 2130 1796 2201 ((Psal.
1820 2128 2026 2199 c1x,5).

388 2223 467 2277 De
497 2239 582 2289 eo,
617 2220 770 2293 quod
819 2218 1134 2290 Apostolus
1184 2234 1252 2272 ex
1296 2218 1609 2273 traditione
1654 2218 2029 2273 Hebraeorum

387 2312 670 2365 didicerat
700 2310 819 2363 hinc
845 2307 1119 2373 nomina;
1153 2312 1256 2361 aut
1286 2313 1439 2362 certe
1470 2306 1656 2378 legem
1689 2304 2031 2378 spiritaliter

386 2398 741 2470 intelligens,
774 2395 993 2467 aliquid
1027 2393 1339 2450 sublimius
1361 2395 1563 2461 sensit,
1598 2399 1652 2449 et
1676 2395 1829 2467 quod
1848 2395 1917 2448 de
1941 2411 2027 2449 re-

385 2488 579 2559 gibus,
613 2486 883 2548 ducibus,
916 2483 1169 2538 tribunis
1198 2488 1254 2537 et
1270 2483 1709 2539 oenturimibus
1731 2483 1789 2538 in
1813 2484 2027 2538 Nume-

392 2576 473 2631 ris
504 2580 679 2645 atque
714 2574 931 2643 Regum
964 2571 1131 2625 libris
1154 2570 1401 2642 legebat,
1423 2572 1710 2644 cognovit,
1737 2572 1889 2643 quod
1916 2570 2026 2626 sic-

391 2671 455 2720 ut
483 2665 543 2719 in
573 2662 908 2717 omlestibus
938 2660 1057 2715 sint
1114 2660 1354 2715 diversae
1403 2660 1739 2732 dignitates,
1794 2673 2031 2717 necesse

392 2766 481 2812 est
512 2753 804 2822 subjectos
835 2756 891 2805 et
912 2749 1181 2805 timentes
1211 2766 1273 2804 se
1304 2750 1576 2804 habeant.
1612 2749 1753 2804 Nam
1781 2749 1828 2805 si
1854 2749 2028 2803 homo

393 2845 505 2900 cito
526 2844 583 2896 in
612 2840 906 2914 pulverem
930 2837 1303 2895 resolvendus
1324 2855 1421 2894 rex
1437 2837 1889 2909 eligatur,habet
1909 2836 2029 2891 hinc

395 2932 604 2997 ofﬁcia,
640 2934 857 3001 quanto
891 2927 1077 2999 magis
1101 2928 1218 2982 Rex
1239 2943 1441 2999 regum
1475 2927 1701 2983 diversa
1721 2926 1913 2982 ofﬁcia
1941 2924 2029 2979 di-

394 3021 685 3096 gnitatum
715 3018 893 3073 habet
916 3017 943 3069 ί(

467 3110 578 3165 Sed
612 3107 904 3179 quomodo
936 3105 1078 3161 dicit
1102 3105 1153 3161 ei
1184 3105 1381 3160 omnia
1409 3105 1691 3175 subjecta,
1726 3119 1858 3159 cum
1892 3099 2031 3156 alibi

385 3201 539 3256 dicat
586 3198 756 3270 ipse:
815 3196 1055 3250 Necdum
1111 3194 1357 3249 videmus
1404 3195 1455 3249 ei
1507 3211 1693 3248 omnia
1744 3192 2031 3264 subjecta?

2057 1907 2106 1974 B

2135 627 2395 681 omnibus
2425 624 2770 693 adimpletur
2792 640 2805 678 :
2830 639 2947 679 non
2974 622 3074 689 ita,
3096 625 3163 676 ut
3176 617 3788 689 senat,wcipiendum

2137 717 2244 770 est.
2278 713 2402 769 Non
2435 715 2591 769 enim
2623 713 2727 778 ait,
2747 710 3030 782 adimplet,
3052 710 3180 775 sed,
3198 708 3561 781 alimur.
3582 707 3788 779 Sequi-

2137 802 2270 857 dem
2297 801 2458 857 aliud
2482 802 2733 873 agentis,
2752 799 2913 857 aliud
2939 798 3322 871 patientisest
3333 797 3605 855 verbum.
3628 796 3786 853 Sicut

2139 905 2276 961 ergo
2291 890 2383 946 adi
2394 885 3410 961 mpleturimperator,oum-eipopuli
3425 886 3787 952 subdantur.

2136 977 2219 1032 ita
2249 978 2538 1044 Christus,
2568 994 2699 1033 cum
2734 977 2793 1033 in
2838 994 2971 1034 eum
3021 976 3291 1033 homines
3340 975 3619 1042 credunt,
3668 974 3789 1046 ipse

2139 1066 2497 1138 adimpletur
2521 1066 2579 1121 in
2600 1065 2877 1123 omnibus
2899 1082 2913 1120 :
2941 1066 3027 1122 sic
3051 1069 3270 1129 tamen.
3293 1069 3357 1120 ut
3378 1063 3791 1121 omniaadim-

2141 1154 2372 1227 pleatur
2401 1154 2679 1211 omnibus
2702 1172 2718 1223 ;
2742 1153 2801 1209 id
2830 1159 2942 1220 est,
2976 1158 3041 1211 ut
3068 1151 3375 1213 credentes
3400 1153 3465 1213 in
3484 1168 3628 1209 eum
3644 1168 3790 1211 ωι-

2140 1243 2253 1300 ctis
2278 1244 2397 1300 sint
2423 1240 2581 1316 pleni
2610 1243 2950 1308 virtutibus,
2982 1246 3041 1299 et
3070 1241 3287 1303 faciant
3325 1256 3467 1302 eum
3506 1241 3791 1314 pmﬂcere

2139 1337 2328 1403 etate,
2361 1337 2419 1389 et
2450 1332 2760 1404 sapientia,
2792 1336 2849 1388 et
2874 1330 3065 1405 gratia
3083 1346 3283 1391 eorm
3301 1330 3521 1396 Deo,.et
3532 1330 3793 1387 homini-

2138 1421 2249 1477 bus
2278 1421 2430 1493 (Luc.
2464 1438 2527 1485 ιι,
2558 1421 2670 1479 52).
2704 1421 2923 1479 Aliter:
2957 1420 3067 1484 Qui
3097 1435 3255 1479 nunc
3301 1434 3404 1491 per
3459 1424 3665 1490 partes
3706 1426 3790 1479 est

2136 1510 2198 1566 in
2230 1510 2504 1583 singulis,
2535 1511 2593 1567 id
2625 1515 2736 1577 est,
2768 1509 2828 1565 in
2858 1509 2973 1569 alio
2993 1509 3250 1581 iustitia,
3282 1507 3344 1563 in
3374 1506 3785 1576 alio-castitas,

2138 1599 2198 1653 in
2229 1598 2342 1653 alio
2375 1598 2669 1671 sapientia
2694 1599 2904 1670 (1015),
2928 1598 3074 1670 quia
3092 1596 3336 1657 difﬁcile
3382 1600 3505 1665 est,
3556 1600 3625 1654 ut
3670 1595 3785 1655 hac

2138 1686 2352 1759 aliquis
2373 1687 2573 1747 omnia
2604 1686 2856 1754 habeat;
2888 1686 2949 1742 in
2978 1686 3095 1743 tiae
3121 1702 3279 1751 vero,
3316 1701 3453 1749 cum
3486 1686 3549 1742 ei
3578 1685 3781 1741 Eua-int

2136 1775 2334 1831 omnia
2347 1773 3057 1847 subjecta,adimplebitu,r
3074 1796 3106 1825 «
3126 1774 3328 1843 omnia
3340 1774 3409 1830 in
3420 1772 3711 1835 omnibus
3722 1790 3779 1839 ι»

2138 1869 2223 1935 ιιι,
2247 1867 2416 1935 juxta
2450 1864 2604 1936 quod
2636 1869 2792 1920 Deus
2819 1868 2909 1919 est
2937 1863 3169 1925 cunctis
3195 1863 3516 1926 viridam
3546 1860 3783 1934 plenus,

2139 1953 2337 2010 omnia
2366 1952 2427 2011 in
2458 1953 2738 2009 omnibus
2767 1953 2951 2024 (1016)
2985 1952 3399 2024 “impleatur,
3423 1956 3487 2008 et
3513 1950 3643 2009 sint
3668 1966 3785 2009 on-

2142 2042 2236 2097 nia
2264 2042 2322 2097 in
2350 2041 2645 2098 omnibus.

2210 2132 2395 2202 (1017)
2442 2130 2597 2203 (ΟΑΡ.
2658 2130 2753 2201 ΙΙ.)
2811 2129 3123 2201 Sequitur:
3179 2130 3245 2186 Et
3299 2144 3415 2198 vos,
3461 2144 3604 2186 οικι
3658 2142 3784 2189 alu-

2141 2223 2231 2290 tis,
2259 2226 2369 2275 etc.
2407 2222 2472 2275 Et
2501 2226 2593 2275 est
2622 2220 2761 2274 ordo
2793 2238 2811 2274 :
2837 2219 2955 2274 Vos
2985 2234 3119 2274 cum
3151 2217 3359 2274 essetis
3391 2218 3622 2277 mortui
3656 2216 3787 2275 doli-

2141 2310 2248 2363 ctis
2289 2313 2346 2364 et
2402 2308 2656 2378 peccatis
2701 2307 2933 2375 vestris,
2984 2306 3407 2371 conviviﬁeavit
3436 2307 3505 2365 in
3565 2305 3783 2363 Christo

2141 2404 2293 2452 Deus
2323 2398 2381 2452 in
2414 2397 2821 2454 misericordia
2850 2401 3085 2468 propter
3133 2394 3383 2457 multam
3440 2394 3780 2455 Charinum

2138 2503 2330 2551 suam,
2366 2503 2482 2558 qua
2513 2484 2717 2542 dilexit
2746 2501 2875 2541 nos.
2901 2487 2965 2540 Et
2992 2501 3123 2542 cum
3144 2500 3377 2545 manus
3398 2485 3626 2547 mortui
3650 2483 3783 2541 deli-

2135 2578 2257 2638 etis,
2289 2577 2350 2631 in
2375 2576 2579 2647 quibus
2606 2574 2931 2645 aliquando,
2962 2580 3095 2640 etc.,
3137 2589 3324 2646 usque
3381 2573 3781 2643 meum

2137 2667 2197 2721 in
2223 2664 2454 2720 Christo.
2488 2664 2832 2735 Conjunctio
2860 2678 2993 2721 vero
3016 2662 3299 2732 causalis,
3330 2672 3542 2732 eadem,
3575 2667 3683 2721 aut
3712 2660 3778 2721 ab

2136 2753 2388 2809 indoctis
2419 2751 2618 2808 addita
2646 2756 2757 2820 est,
2785 2756 2887 2807 aut
2916 2752 2988 2807 ab
3018 2750 3318 2823 Apostolo,
3341 2751 3777 2823 quieratimpo-

2138 2843 2286 2898 ritus
2315 2857 2583 2898 sermone
2603 2841 2807 2912 (1018).
2831 2840 2910 2896 De
2930 2856 2995 2896 eo
3013 2840 3169 2911 quod
3193 2855 3351 2901 more
3372 2838 3597 2911 duplica
3617 2836 3776 2895 intel-

2138 2930 2344 3004 ligitur
2372 2930 2431 2986 in
2462 2928 2799 3002 Scripturis.
2822 2928 2935 2985 Sed
2958 2928 3167 2987 animus
3189 2933 3437 2987 mortem
3462 2927 3639 2999 dicit,
3654 2942 3775 2998 qua

2140 3021 2205 3075 ﬁt
2235 3018 2481 3084 delictis,
2506 3018 2565 3073 id
2587 3022 2700 3085 est,
2721 3016 3207 3075 delectationibus
3236 3034 3249 3072 :
3276 3033 3415 3075 nam
3436 3015 3775 3089 peccandi-

2139 3114 2352 3165 cuntur
2380 3124 2644 3180 Operum.
2676 3104 2925 3163 Pulchre
2953 3106 3099 3163 dicit
3120 3106 3471 3173 ambulauit,
3515 3122 3636 3165 non
3667 3122 3774 3162 ali-

2142 3199 2359 3253 bulatis.
2394 3196 2704 3253 Secundum
2728 3196 2993 3252 saeculum
3017 3195 3250 3263 "mundi;
3300 3196 3360 3255 id
3402 3200 3523 3266 est,
3574 3212 3776 3253 secum-

292 3353 298 3359 ,
387 3289 598 3362 Oportet
621 3303 747 3342 eum
774 3300 1030 3357 regnare,
1065 3289 1173 3339 etc.
1205 3284 1409 3355 (1013).
1438 3281 1547 3337 Sed
1573 3286 1675 3336 aut
1701 3280 2025 3337 secundum
2057 3277 2101 3343 C
2139 3288 2280 3342 dum
2312 3286 2618 3342 saeculares
2651 3284 2917 3341 homines
2949 3302 2965 3350 ;
3021 3284 3107 3341 vel
3152 3289 3314 3347 certe
3364 3282 3652 3347 naculum
3692 3287 3776 3341 est

386 3374 808 3450 prazscientiam
840 3374 947 3427 hoc
979 3371 1137 3438 dicit,
1170 3376 1289 3437 aut,
1323 3371 1372 3425 si
1404 3371 1474 3425 de
1518 3368 1825 3441 praeterito,
1885 3373 2025 3421 tunc

385 3465 686 3523 sciendum
721 3468 811 3518 est
839 3461 1108 3533 quaedam
1139 3459 1453 3525 voluntate,
1478 3464 1539 3513 ut
1561 3458 1731 3525 bona,
1756 3457 2024 3528 quaadam

385 3553 752 3621 necessitate,
785 3556 848 3605 ut
875 3550 1049 3615 mala,
1076 3550 1125 3603 ei
1145 3549 1438 3618 subjecta;
1463 3547 1635 3602 veluti
1659 3551 1798 3601 sunt
1816 3543 2023 3601 Judaai.

386 3642 597 3716 pagani
630 3646 688 3696 et
710 3640 820 3712 ipsi
870 3640 1185 3703 daamones,
1212 3636 1311 3709 qui
1337 3637 1501 3691 aDeo
1529 3636 1664 3691 boni
1690 3634 1864 3690 creati
1888 3637 2027 3689 sunt

385 3732 521 3788 facti
553 3729 713 3794 mali,
748 3728 912 3783 inviti
946 3733 1086 3782 sunt
1116 3726 1384 3798 subjecti.
1416 3724 1630 3781 Aliter:
1669 3724 1883 3790 Omnia,
1910 3739 2024 3778 non

384 3823 456 3877 ad
490 3818 930 3875 universitatem
969 3820 1111 3871 torte
1136 3814 1390 3887 respicit,
1424 3812 1651 3869 utillud
1689 3813 1915 3869 :Omnis
1939 3813 2021 3867 ci-

382 3913 518 3967 vitas
549 3909 807 3968 clamavit
846 3906 1071 3975 (1014);
1105 3910 1161 3960 et
1211 3903 1335 3976 ipse
1387 3902 1704 3977 Apostolus
1738 3919 1751 3958 :
1805 3900 2019 3968 Omnes,

380 4013 505 4073 quae
532 4014 632 4054 sua
661 4005 804 4067 sunt,
838 3998 1091 4067 qumrunt
1121 3993 1383 4066 (Philipp.
1418 4010 1479 4064 II,
1510 3994 1600 4065 21)
1627 4019 1637 4055 ;
1676 3992 1813 4047 item
1847 4010 1859 4047 :
1897 3990 2022 4047 Om-

377 4105 471 4144 nes
500 4104 585 4143 me
613 4088 1025 4158 deretiquerunt
1055 4084 1125 4155 (II
1166 4084 1299 4138 Tim.
1351 4100 1425 4149 1v,
1485 4083 1610 4154 10);
1658 4087 1716 4137 et
1762 4082 1819 4135 in
1869 4077 2023 4152 psal-

380 4194 510 4233 mo:
548 4177 739 4233 Omnes
767 4176 1180 4229 declinaverunt
1211 4171 1389 4243 (Psal.
1420 4188 1543 4239 xm,
1576 4172 1629 4241 3)
1653 4189 1665 4227 :
1692 4171 1829 4225 item
1856 4188 1868 4224 :
1896 4168 2021 4223 Om-

375 4269 465 4321 nis
500 4265 656 4321 homo
686 4265 924 4319 mendax
952 4262 1179 4331 (Coloss.
1215 4278 1300 4327 Ill,
1344 4262 1430 4331 16)
1460 4278 1472 4327 ;
1534 4260 1671 4313 item
1703 4275 1715 4313 :
1768 4259 2020 4313 Docentes

376 4371 590 4411 omnem
640 4354 915 4408 hominem
944 4350 1113 4422 (Psal.
1147 4366 1273 4416 cxv,
1304 4350 1379 4420 2).
1415 4349 1476 4402 In
1530 4347 1623 4403 his
1666 4345 2021 4402 testimoniis

378 4460 513 4514 pars
540 4441 909 4511 intelligitur,
944 4440 1000 4494 id
1022 4443 1129 4504 est,
1155 4454 1376 4501 omnes,
1406 4437 1477 4492 de
1496 4436 1713 4507 quibus
1737 4435 2014 4507 loquitur.

448 4530 528 4585 De
559 4546 623 4585 eo
654 4530 808 4600 quod
836 4528 988 4584 sicut
1018 4531 1193 4598 caput
1223 4525 1395 4581 habet
1427 4524 2015 4596 sibisubjectamem-

378 4620 504 4682 bra,
527 4618 641 4673 alia
669 4634 835 4682 sana,
866 4616 982 4671 alia
1010 4616 1264 4684 inﬁrma,
1296 4614 1376 4668 ita
1403 4613 1688 4682 Christus,
1712 4614 1811 4685 qui
1840 4617 2015 4685 caput

380 4714 488 4773 est,
521 4707 697 4762 habet
724 4706 783 4761 in
817 4705 1072 4761 Ecclesia
1104 4704 1309 4771 malos,
1336 4708 1392 4759 et
1420 4703 1604 4759 bonos
1630 4720 1642 4771 ;
1671 4704 1772 4759 sed
1830 4703 2017 4759 sancti

381 4796 700 4865 voluntate,
734 4795 870 4851 mali
905 4811 1037 4850 vero
1069 4798 1206 4849 sunt
1236 4792 1484 4863 subjecti
1539 4793 1905 4849 necessitate.
1954 4792 2017 4846 In

378 4886 489 4943 hoc
523 4885 647 4940 loco
669 4882 925 4940 Ecclesia
945 4900 1059 4938 non
1084 4882 1271 4939 solum
1295 4882 1626 4945 hominum,
1650 4882 1749 4936 sed
1770 4886 1823 4936 et
1842 4896 2017 4951 ange-

378 4976 591 5045 lorum,
624 4980 1089 5045 cunctarumque
1138 4969 1569 5026 rationabilium
1617 4975 2018 5025 creaturarum

449 5082 632 5152 (1011)
661 5080 833 5152 Vulg.
870 5080 1041 5152 addit
1059 5080 1330 5152 potentiae,

451 5149 634 5227 (1012)
660 5149 813 5227 _Loco
847 5149 1201 5227 quee,l_yulg.
1235 5149 1412 5203 habet
1441 5164 1625 5227 quam.
1680 5216 1714 5227 η
1958 5217 1991 5227 Α.

453 5220 679 5314 (1013)}
710 5220 960 5287 σου·
992 5223 1063 5303 2.5
1090 5227 1146 5277 ει
1175 5220 1791 5314 gentesgentis
1845 5220 2021 5314 ιεξξεί·

2133 3375 2376 3447 spiritus
2408 3374 2622 3441 malus,
2652 3374 2752 3446 qui
2785 3373 3139 3445 operaturin
3162 3373 3507 3437 inﬁdelibus
3527 3390 3541 3429 :
3563 3371 3765 3431 namin

2134 3463 2246 3534 his,
2280 3464 2379 3535 qui
2406 3462 2606 3519 ﬁdeles
2636 3467 2795 3530 sunt,
2828 3461 3054 3533 operari
3084 3478 3201 3521 non
3222 3467 3437 3534 potest.
3461 3461 3595 3519 Filii
3622 3459 3770 3517 ditii-

2134 3553 2338 3609 dentiee
2370 3551 2668 3618 dicuntur,
2697 3549 2873 3607 veluti
2904 3549 3006 3607 ﬁlii
3030 3550 3317 3622 εθιιόῐωω
3336 3554 3394 3607 et
3423 3550 3529 3613 filii
3549 3550 3673 3609 ira.

2202 3640 2476 3713 Sequitur
2503 3657 2516 3695 :
2551 3642 2609 3695 ln
2641 3641 2840 3712 quibus
2859 3654 2887 3700 ,‘
2901 3639 2958 3697 id
2983 3644 3093 3708 est,
3126 3654 3243 3705 non
3274 3637 3470 3703 solum
3500 3654 3607 3699 νοῦ
3640 3652 3775 3709 gan-

2129 3734 2240 3795 tes,
2271 3730 2371 3785 sed
2399 3738 2452 3785 et
2479 3744 2577 3785 nos
2598 3728 2805 3793 Judaai,
2831 3731 2891 3784 in
2907 3728 3197 3785 desideriis
3214 3729 3423 3797 carnis,
3447 3743 3567 3785 non
3584 3726 3773 3784 solum

2130 3819 2550 3888 desiderantes,
2581 3818 2681 3875 sed
2709 3821 2771 3873 et
2798 3815 3077 3877 facientes
3104 3832 3473 3888 quacunque
3495 3814 3655 3875 male
3680 3832 3772 3872 co-

2129 3907 2332 3981 gitatio
2363 3906 2772 3981 suggessisset.

2199 3997 2517 4070 Sequitur:
2554 3997 2618 4052 Et
2654 4012 2873 4053 eramus
2928 3998 3137 4053 natura
3182 3995 3293 4065 ﬁlii
3338 3997 3488 4057 irae;
3550 3995 3611 4052 id
3667 3998 3767 4064 est,

2131 4092 2342 4142 natura
2371 4087 2683 4157 depravata
2711 4085 2869 4155 vitio,
2901 4100 3016 4140 non
3050 4090 3114 4139 ut
3144 4089 3300 4143 recta
3328 4089 3547 4141 creata.
3586 4086 3651 4140 In
3671 4083 3774 4141 hac

2132 4177 2216 4231 ira
2248 4191 2381 4231 cum
2412 4174 2682 4231 homines
2710 4178 2907 4230 essent
2962 4189 3066 4244 per
3110 4172 3392 4246 originale
3443 4178 3772 4245 peccatum,

2128 4268 2291 4319 tanto
2322 4264 2558 4334 gravius
2595 4268 2653 4319 et
2690 4262 3097 4335 perniciosius,
3147 4266 3365 4335 quanto
3388 4264 3645 4337 majora,
3690 4260 3777 4318 vel

2129 4352 2298 4425 plura
2321 4353 2562 4425 insuper
2592 4351 2966 4419 addiderunt,
2999 4351 3366 4415 necessarius
3380 4355 3515 4408 erat
3551 4351 3779 4413 media-

2126 4448 2239 4513 tor,
2272 4441 2381 4498 hoc
2408 4446 2521 4508 est,
2552 4439 2976 4508 reconciliator,
3008 4439 3108 4511 qui
3139 4440 3288 4496 hanc
3316 4440 3463 4496 iram
3485 4439 3776 4513 singulari

2126 4530 2432 4598 sacriﬁcio,
2460 4530 2633 4600 cujus
2662 4534 2927 4602 tympum
2955 4528 3240 4585 sacriﬁcia
3291 4526 3393 4585 illa
3438 4530 3773 4602 gestabant,

2050 4637 2096 4704 D
2130 4617 2407 4691 placaret.
2444 4620 2519 4674 De
2546 4619 2631 4674 ira
2663 4617 2757 4672 Dei
2779 4617 2983 4690 (1019).

2200 4708 2383 4780 (1020)
2414 4706 2690 4779 Sequitur
2722 4723 2735 4760 :
2768 4707 2908 4762 Deus
2936 4711 3143 4775 autem,
3175 4708 3271 4778 qui
3297 4706 3448 4764 diues
3474 4715 3561 4767 est
3590 4708 3775 4766 inlli—

2126 4798 2454 4863 sericordia,
2505 4800 2723 4869 propter
2782 4797 3018 4852 nimiam
3067 4796 3391 4852 charitatam
3444 4811 3611 4850 suam
3666 4811 3775 4867 σω

2128 4885 2327 4940 dilexit
2356 4901 2476 4951 nos,
2510 4890 2616 4940 etc.
2650 4885 2860 4953 (1021.)
2889 4884 3012 4940 Non
3036 4885 3223 4940 solum
3250 4884 3308 4939 in
3328 4884 3565 4951 virtute,
3591 4884 3693 4941 sed
3711 4883 3770 4938 in

2128 4973 2533 5030 misericordia
2560 4974 2721 5030 dives
2751 4978 2858 5040 est,
2890 4978 2955 5028 ut
2983 4971 3127 5029 illud
3154 4989 3166 5028 :
3199 4972 3477 5029 Misereri:
3524 4972 3773 5029 omnium

2130 5081 2425 5138 leguntur.

2226 5153 2386 5221 1017)
2420 5156 2480 5223 ιιι
2504 5156 2688 5223 autog
2717 5166 2903 5223 marg.
2937 5150 3033 5206 hic
3061 5149 3275 5223 legitur
3299 5150 3592 5223 capilli.

2202 5221 2516 5312 (1018)‘S‘ed
2546 5221 2959 5312 ‘nqnucientjia‘,’
2980 5227 3046 5277 ut
3084 5221 3165 5278 ait
3189 5221 3387 5277 divus’
3408 5221 3766 5294 Hieronym,

2142 5299 2220 5311 ,,!
2376 5299 2409 5312 .ι
