3974 5358
397 291 514 349 555

1420 290 1758 351 ATTONIS
1802 289 2383 351 VERCELLENSIS
2430 288 2784 350 EPlSCOPI

3679 285 3797 355 556

390 419 739 493 principium
795 422 979 487 (Joan.
1036 438 1158 487 vni,
1190 421 1279 489 25)
1339 420 1551 475 Verum
1629 422 1750 476 haec
1816 420 2040 494 syllaba
2070 423 2121 488 Α
2153 426 2453 477 venerunt.
2488 423 2557 476 Et
2589 420 2828 494 pulchre
2859 419 3058 474 subdit
3099 437 3111 475 :
3146 421 3250 474 Per
3303 434 3525 474 crucem
3583 416 3797 485 interfl-

397 507 573 579 longa
598 514 686 563 est
718 514 774 562 et
803 509 1009 579 prima.
1045 510 1206 573 Quod
1242 509 1414 581 longa
1475 511 1579 577 esi,
1634 512 2037 578 aiternitatem,

398 614 520 653 non
551 596 1041 668 temporalitatem
1071 598 1283 652 Christi
1315 598 1787 671 signiﬁcatzquod
1820 599 2043 671 syllaba

399 687 540 758 quia
568 686 626 741 in
654 686 819 741 Patre
848 693 935 742 est
965 687 1166 755 Filius,
1215 693 1273 742 et
1324 688 1492 742 Pater
1522 688 1579 741 in
1633 688 1794 758 Filio,
1849 694 1906 743 et
1936 690 2044 743 hoc

404 791 591 831 unum
622 779 727 830 est:
762 776 915 846 quod
946 793 1077 831 vero
1111 777 1301 848 prima
1329 782 1438 844 est;
1476 777 1615 847 quia
1637 777 1819 832 Filius
1842 795 2046 833 secun-

404 864 515 919 dus
545 880 659 919 non
691 869 780 919 est
813 882 826 931 ;
854 872 917 919 ut
947 864 1090 920 illud
1127 883 1139 920 :
1169 871 1279 934 Ego
1309 882 1436 920 sum
1468 885 1499 917 α
1530 871 1583 920 et
1642 886 1685 917 ω
1740 869 1956 938 primus
1997 874 2049 921 et

401 954 730 1009 novissimus
758 953 939 1025 (Apoc.
976 972 1015 1019 ι,
1045 955 1100 1025 8)
1135 972 1146 1009 :
1182 955 1537 1011 novissimus
1589 955 1725 1026 quia
1782 957 1942 1011 nasci
1991 960 2047 1010 et

403 1042 554 1097 mori
581 1041 766 1097 voluit
798 1059 811 1097 :
844 1060 884 1116 χ
916 1048 1109 1098 autem
1146 1044 1319 1099 tertia
1365 1049 1453 1099 est
1499 1044 1569 1097 ad
1602 1044 1778 1098 tinem
1828 1042 2046 1110 littera,

402 1131 695 1203 significat
722 1131 1012 1203 Spiritum
1038 1138 1306 1189 sanctum
1341 1149 1455 1187 non
1501 1132 1572 1187 ad
1630 1133 1804 1187 ﬁdem
1863 1132 2046 1204 (1029)

401 1220 766 1286 tendere,sed
783 1220 842 1275 in
853 1236 1110 1293 superna
1123 1222 1425 1292 majestate
1448 1237 1677 1292 semper
1697 1219 2042 1292 praecellere.

400 1308 539 1364 Ideo
568 1308 887 1380 Apostolus
908 1310 1050 1364 dicit
1080 1328 1093 1365 :
1129 1311 1263 1378 Quae
1291 1326 1509 1365 sursum
1535 1313 1665 1364 sunt
1703 1312 1884 1381 sapite
1912 1310 2042 1381 (Co-

402 1398 527 1453 loss.
555 1415 640 1466 III,
674 1398 749 1469 2).
785 1398 851 1453 Et
880 1399 1096 1455 idcirco
1128 1415 1457 1464 monemur,
1493 1405 1559 1453 ut
1603 1399 1864 1470 quotidie
1917 1415 2044 1453 sur-

402 1503 536 1542 sum
570 1502 669 1541 cor
698 1485 1040 1543 habeamus.
1077 1487 1199 1544 Non
1232 1488 1388 1543 enim
1420 1488 1626 1543 dubito
1668 1494 1734 1543 ut
1776 1487 1834 1542 in
1867 1487 2047 1557 hujus

403 1574 894 1631 excellentissima
924 1575 1108 1648 gloria
1132 1576 1448 1647 Apostolus
1491 1577 1828 1631 inhabitans
1861 1576 1940 1630 ita
1970 1576 2048 1630 lo-

402 1668 681 1734 queretur
713 1682 725 1719 :
758 1666 937 1720 Unum
966 1673 1165 1731 autem,
1198 1680 1325 1735 quae
1354 1674 1495 1720 retro
1523 1668 1652 1719 sunt
1699 1666 2044 1730 Oblivisceris,

2151 514 2293 565 ciens
2324 513 2652 567 inimicitias
2684 511 2739 563 in
2774 511 3079 580 semetipso.
3106 508 3212 563 Per
3240 524 3475 563 crucem
3509 507 3802 561 interfecit

2150 599 2415 655 Christus
2448 599 2807 668 inimicitias,
2835 598 2892 652 id
2926 602 3032 661 est,
3059 596 3253 652 omnia
3285 598 3532 652 adversa
3566 594 3796 650 animai.

2151 689 2220 743 Et
2250 688 2349 742 ubi
2379 689 2406 741 ?
2438 691 2497 744 In
2521 690 2825 760 semetipso,
2858 687 2915 742 id
2949 692 3057 755 est,
3098 688 3154 741 in
3213 702 3379 742 carne
3434 702 3564 751 sua,
3600 683 3662 738 id
3694 689 3797 749 est,

2154 793 2256 847 per
2285 794 2520 831 carnem
2568 776 2706 831 vicit
2734 792 2991 843 carnem,
3026 780 3083 829 et
3136 774 3387 830 carnalis
3418 774 3571 846 legis
3600 772 3797 828 obser-

2156 867 2402 920 vantias.
2436 867 2501 920 Et
2527 868 2692 930 venit,
2726 865 3086 920 annuntiavit
3114 864 3320 936 (1031),
3350 868 3459 918 etc.
3494 862 3621 917 Hoc
3652 862 3801 928 ideo;

2155 955 2293 1026 quia
2322 955 2491 1026 longe
2510 961 2713 1026 gentes
2742 959 2908 1009 erant
2930 954 3086 1008 idola
3115 951 3577 1020 colendo,Judai
3598 966 3802 1023 prope,

2156 1048 2392 1115 propter
2426 1044 2569 1116 legis
2601 1039 2889 1098 notitiam.

2228 1132 2507 1204 Sequitur
2538 1149 2551 1187 :
2587 1131 2857 1201 Quoniam
2880 1148 2980 1203 per
3008 1130 3567 1202 ipsum,etc.Utrique
3596 1128 3803 1200 (1032),

2157 1221 2214 1276 id
2244 1226 2351 1289 est,
2384 1220 2569 1277 Judaei
2634 1224 2690 1277 et
2750 1226 2951 1292 gentes
2985 1237 2998 1288 ;
3031 1237 3131 1291 per
3184 1221 3387 1292 ipsum,
3439 1218 3501 1274 id
3558 1222 3655 1274 est
3709 1234 3806 1289 per

2155 1309 2454 1366 Christum
2488 1329 2500 1379 ;
2534 1326 2819 1367 accensum
2869 1311 2931 1365 in
2985 1325 3092 1367 uno
3148 1311 3373 1382 spiritu,
3431 1308 3494 1364 id
3553 1312 3652 1365 est
3705 1324 3804 1380 per

2155 1415 2412 1455 amorem
2437 1398 2626 1465 sancti
2655 1398 2933 1471 Spiritus,
2962 1397 3023 1453 in
3056 1415 3172 1470 quo
3219 1398 3556 1457 clamamus
3591 1413 3605 1452 :
3643 1398 3803 1454 Pater

2153 1497 2357 1556 noster,
2388 1490 2487 1560 qui
2511 1504 2565 1544 es
2596 1490 2656 1545 in
2683 1488 2834 1544 oculis
2863 1489 3038 1559 (Rom.
3071 1504 3191 1555 vni,
3218 1488 3325 1559 15).

2226 1595 2408 1667 (1033)
2440 1596 2715 1666 Sequitur
2745 1613 2759 1659 ;
2790 1601 2921 1654 Jam
2950 1610 3057 1650 non
3088 1597 3215 1650 estis
3271 1596 3532 1666 hospites,
3577 1598 3711 1663 etc.,
3740 1595 3797 1650 id

2156 1690 2243 1739 est
2270 1685 2549 1747 extranei,
2583 1691 2639 1739 et
2670 1685 2979 1757 peregrini,
3041 1700 3108 1739 ac
3154 1684 3453 1756 proselyti.
3487 1683 3611 1739 Nec
3648 1686 3794 1740 enim

402 1754 467 1806 in
494 1769 559 1808 ea
587 1768 714 1824 quae
759 1758 888 1808 ante
937 1763 1085 1821 sunt,
1143 1758 1420 1810 extensus.
1481 1770 1694 1825 sequor,
1753 1754 2044 1809 secundum

2163 1776 2445 1843 separavit
2471 1790 2575 1830 vos
2606 1774 2890 1829 Dominus
2921 1791 2957 1829 a
2986 1773 3201 1846 populo
3233 1790 3340 1829 suo
3367 1773 3604 1829 dicente
3634 1774 3795 1829 Isaia:

405 1843 789 1913 intentionem,
848 1841 917 1897 ad
970 1845 1215 1914 palmam
1284 1858 1544 1915 superna?
1597 1845 1896 1899 vocationis
1949 1846 2045 1899 Dei

406 1930 609 2003 (1038).
653 1930 725 1986 Ut
746 1930 925 2004 igitur
953 1932 1055 1987 ﬁat
1085 1949 1216 2004 pax,
1251 1933 1320 1987 ad
1352 1949 1386 2004 p
1436 1934 1812 2004 conjungitur
1878 1950 1919 1988 a
1949 1949 2044 1988 vo-

405 2020 570 2075 calis.
604 2036 738 2092 nep
799 2024 957 2076 mota
1013 2032 1334 2089 remaneat,
1392 2022 1533 2093 quia
1588 2027 1758 2077 Pater
1814 2022 1958 2089 voci,
1992 2025 2049 2076 et

403 2113 464 2164 et
490 2109 664 2164 verbo
695 2125 801 2165 suo
831 2111 1408 2181 semperadnectitur
1442 2128 1453 2167 :
1487 2111 1588 2166 sed
1623 2115 1686 2165 ut
1711 2127 1821 2182 pax
1851 2110 2049 2181 sit,ad-

402 2196 562 2253 ditur
587 2213 782 2269 eaquae
815 2198 1030 2270 duplex
1057 2199 1297 2270 ponitur
1326 2217 1430 2271 pro
1463 2199 1691 2254 duabus
1723 2216 2047 2254 consonan-

403 2285 565 2342 tibus
594 2287 811 2356 littera,
843 2287 983 2359 quia
1011 2287 1397 2359 participatur
1432 2288 1601 2357 Patri,
1668 2294 1725 2343 et
1774 2289 1938 2357 Filio,
1992 2292 2049 2343 et

404 2376 645 2448 Spiritui
677 2381 899 2433 sancto.
934 2377 1163 2431 Distant
1218 2394 1252 2432 a
1299 2393 1360 2431 se
1420 2375 1911 2449 appellationibus
1959 2376 2047 2432 hae
2098 2391 2106 2399 '

405 2468 612 2523 litters:
652 2470 708 2522 et
736 2466 1022 2538 personis.
1065 2467 1256 2531 Quare
1287 2469 1310 2521 Ρ
1340 2466 1488 2530 Quia
1545 2465 1689 2521 illud
1743 2484 1803 2538 p,
1853 2467 1961 2522 hoc
1992 2484 2047 2534 a,

407 2557 568 2614 istud
591 2573 632 2611 ,τ
661 2555 893 2610 dicitur.
916 2556 961 2609 P
992 2560 1187 2610 autem
1218 2554 1415 2609 littera
1446 2556 1659 2622 est,sed
1686 2556 2046 2610 substantia-

408 2646 539 2702 liter
570 2662 584 2701 :
621 2644 894 2702 similiter
924 2661 958 2699 a
990 2643 1182 2699 littera
1213 2644 1763 2714 substantialiter,et
1786 2661 1828 2698 ac
1856 2643 2050 2700 littera

411 2734 897 2791 substantialiter.
948 2733 1033 2788 Ita
1079 2738 1271 2799 Pater,
1321 2734 1471 2787 Drus
1522 2733 1884 2800 naturaliter,
1937 2738 2093 2790 etc.‘

408 2825 571 2881 Sicut
599 2840 711 2895 pax
734 2823 923 2877 tribus
955 2822 1164 2878 litteris
1197 2822 1581 2892 scribitur,ita
1609 2823 1761 2878 Deus
1793 2823 2048 2879 Trinitas

410 2918 500 2970 est
534 2931 547 2980 ;
581 2920 638 2968 et
667 2912 819 2967 sicut
848 2929 976 2983 pax,
1012 2912 1092 2966 ita
1122 2911 1275 2967 Deus
1302 2912 1660 2984 singularem
1693 2913 1914 2967 obtinet
1947 2931 2050 2969 nu-

410 3019 639 3060 merum
658 3000 991 3057 Deitatis.ln
1013 3002 1120 3056 hac
1138 3002 1318 3072 igitur
1338 3001 1704 3073 copulatione
1725 3001 2049 3058 litterarum

406 3092 585 3149 trium
617 3090 825 3145 divisio
856 3107 970 3145 non
1012 3090 1361 3157 admittitur,
1398 3097 1462 3145 ut
1493 3108 1603 3162 pax
1626 3091 1972 3161 impleatur:
1999 3092 2046 3148 si

407 3182 563 3239 enim
592 3179 682 3237 vel
713 3196 899 3236 unum
929 3179 1310 3243 subtraxeris,
1345 3197 1448 3234 nec
1480 3180 1756 3250 Trinitas,
1802 3196 1910 3235 nex
1939 3197 2051 3252 pax

407 3271 536 3328 erit.
580 3269 900 3340 Sequitur:
934 3269 1040 3337 Qui
1092 3270 1222 3339 fecit
1276 3270 1509 3339 utraque
1573 3284 1766 3335 unum,
1828 3269 1883 3323 id
1942 3274 2049 3339 est,

409 3358 642 3416 Judasos
668 3363 726 3414 et
760 3363 963 3429 gentes
996 3374 1011 3425 ;
1045 3362 1111 3412 ut
1157 3357 1302 3411 illud
1337 3376 1355 3411 :
1385 3359 1450 3411 Et
1504 3357 1647 3412 alias
1702 3373 1827 3413 oves
1884 3359 2054 3415 habeo

409 3449 588 3521 (Joan.
619 3464 676 3517 x,
704 3448 817 3518 16),
849 3452 958 3503 etc.

483 3555 758 3627 Sequitur
788 3556 890 3609 :Et
916 3554 1162 3609 medium
1188 3556 1476 3623 parietem,
1509 3559 1617 3609 etc.
1680 3555 1907 3611 Medius
1951 3573 2051 3628 pa-

412 3645 548 3711 ries,
575 3649 631 3700 et
662 3644 914 3698 maceria
943 3649 1257 3714 utrumque
1280 3643 1561 3715 populum
1582 3643 2054 3709 dividens,onera

410 3734 557 3807 legis
589 3734 827 3789 fuerunt
856 3749 986 3804 quae
1013 3738 1216 3805 gentes
1245 3733 1594 3800 deterrebat,
1653 3750 1724 3788 ne
1774 3735 2053 3791 Israelitis

406 3825 823 3896 jungerentur.
866 3821 996 3894 Ipse
1025 3822 1237 3894 paries,
1272 3822 1378 3877 hoc
1409 3827 1520 3889 est,
1541 3821 1686 3896 legis
1744 3822 1956 3892 littera,
1990 3823 2051 3879 in

407 3913 518 3969 hoe
547 3911 674 3968 loco
699 3910 1004 3966 inimicitia
1032 3911 1389 3978 nominatur,
1436 3912 1607 3983 legem
1660 3911 2051 3969 mandatorum

412 4001 642 4058 decretis
669 4015 957 4070 evacuans,
989 3998 1047 4053 id
1079 4005 1188 4066 est,
1231 4000 1713 4068 circumcisionis,
1754 4004 1811 4055 et
1839 4001 2049 4055 simili-
2080 4042 2087 4049 .

409 4089 578 4156 lium,
610 4105 760 4161 quae,
792 4106 906 4145 non
938 4088 1039 4144 Dei
1069 4093 1184 4144 tam
1217 4089 1693 4160 voluntas,quam
1726 4087 1924 4161 populi
1947 4090 2050 4144 du-

413 4179 546 4235 ritia
573 4178 857 4251 exigebat.
891 4178 1005 4233 Has
1036 4176 1343 4233 inimicitia
1389 4178 1526 4232 tulit
1580 4178 1883 4246 Dominus,
1916 4194 2047 4234 eva-

409 4284 592 4323 cuans
616 4267 762 4339 legis
794 4265 1365 4321 litteram.Dominus
1397 4267 1551 4320 enim
1583 4267 2044 4323 Sabbaii.obser-

405 4355 699 4411 vationem
728 4354 863 4409 tulit
891 4354 1123 4410 Sabbati
1148 4354 1483 4426 corporalis.

481 4462 546 4518 Ut
574 4460 706 4516 duos
735 4460 931 4517 condat
960 4461 1017 4515 id
1049 4466 1158 4528 est,
1192 4462 1339 4517 duos
1396 4460 1635 4533 recipiat
1690 4461 1935 4534 populos
1982 4462 2040 4517 in

406 4568 515 4608 sua
542 4551 655 4606 lide
677 4552 734 4605 in
780 4567 956 4605 unum
986 4567 1187 4606 novum
1216 4550 1508 4607 hominem.
1570 4550 1671 4606 Isti
1729 4556 1869 4607 sunt
1926 4554 2041 4607 duo

403 4640 673 4714 parietes,
716 4656 784 4695 ex
813 4640 1038 4695 diverso
1066 4641 1360 4697 venientes
1389 4642 1467 4696 ad
1523 4640 1761 4708 lapidem
1817 4642 2042 4711 angula-

399 4747 537 4800 rem,
571 4733 636 4784 ut
664 4735 861 4785 essent
889 4747 1073 4785 unum
1107 4732 1220 4785 fide
1250 4735 1305 4785 et
1334 4731 1590 4797 nomine,
1618 4728 1675 4784 in
1723 4736 1829 4799 est,
1861 4730 2035 4785 chris-

402 4819 569 4891 tiani,
628 4818 819 4874 Unum
873 4820 1153 4890 parietem
1186 4819 1452 4892 angelus,
1516 4819 1571 4872 id
1622 4823 1710 4874 est
1775 4825 2039 4888 pastores

400 4909 554 4979 (Luc.
591 4925 654 4975 ιι,
678 4909 756 4979 9),
793 4907 1041 4963 alterum
1076 4908 1325 4978 stella,id
1358 4915 1676 4978 est,magos
1707 4907 2039 4977 (Matt/z.11,1)

400 4998 472 5052 ad
502 4997 803 5054 Christum
836 4999 1096 5053 adduxit.
1131 4998 1229 5052 Isti
1260 5017 1290 5051 e
1322 4997 1512 5069 longe,
1547 4996 1631 5050 illi
1688 5011 1719 5050 e
1774 4996 2037 5066 proximo

429 5260 440 5271 ο
471 5192 650 5271 (1039)
686 5195 748 5248 In
780 5201 977 5271 autog.
1011 5196 1190 5266 ﬁdem,
1225 5196 1379 5267 quod
1413 5194 1566 5249 sicut
1603 5192 1875 5248 mendam
1909 5212 2033 5249 cor-

397 5264 703 5358 “sraﬂsnz
730 5264 951 5358 32?“?-
1011 5264 1018 5266 “

470 5334 647 5358 unum
684 5336 887 5358 [\L:I:__
992 5356 1025 5358 __
1118 5342 1149 5358 ιι
1230 5338 1293 5358 ιγ.
1326 5338 1381 5358 1-.
1450 5337 1521 5358 ιι-
1584 5335 1755 5358 ι.-ι.,ι
1791 5352 1803 5358 -
1842 5352 2005 5358 -..--..--

2153 1864 2217 1916 Et
2242 1878 2348 1918 non
2380 1863 2525 1918 dicat
2548 1864 2698 1932 ﬁlius
2729 1863 2972 1933 advenae,
3026 1863 3225 1919 dicens
3259 1880 3271 1917 :
3306 1864 3674 1932 Separatione
3722 1864 3797 1919 di-

2154 1953 2307 2007 videt
2332 1967 2420 2007 me
2446 1953 2707 2007 Dominus
2734 1969 2769 2009 a
2809 1953 3009 2024 populo
3035 1969 3133 2008 suo
3178 1953 3306 2024 (lsa.
3368 1969 3460 2008 va
3488 1954 3572 2025 5).
3610 1957 3689 2008 De
3716 1970 3796 2019 eo,

2163 2041 2317 2113 quod
2349 2040 2421 2095 ad
2452 2040 2694 2112 id,quod
2728 2057 2908 2112 supra
2939 2040 3487 2111 dixeratchregrini
3514 2045 3798 2095 testamen-

2154 2132 2357 2200 torum,
2391 2146 2548 2184 nunc
2577 2128 2874 2201 respondit
2906 2147 2920 2185 :
2950 2131 3074 2186 Jam
3101 2145 3213 2185 non
3242 2131 3372 2185 estis
3399 2131 3672 2201 hospites,
3701 2133 3797 2185 etc.

2157 2218 2224 2273 Et
2253 2218 2325 2273 ad
2356 2217 2525 2285 illud,
2559 2220 2713 2289 quod
2747 2219 3107 2290 praemiserat
3137 2235 3151 2274 :
3184 2219 3798 2275 Alienatiaconuerse-

2154 2307 2301 2361 tione
2329 2307 2517 2377 Israel,
2552 2308 2725 2362 modo
2754 2307 2903 2363 redit
2931 2323 2945 2362 :
2979 2306 3081 2362 Sed
3110 2310 3236 2363 estis
3263 2310 3409 2363 cives
3455 2316 3796 2375 sanctarum,

2157 2400 2264 2450 etc.
2300 2401 2378 2451 De
2407 2412 2474 2451 eo
2504 2396 2660 2467 quod
2689 2396 2749 2452 in
2780 2412 2959 2452 uuam
3000 2395 3291 2453 civitatem
3339 2396 3650 2463 caelestem
3681 2414 3799 2454 coa-

2156 2483 2418 2551 veniuut,
2451 2485 2580 2540 ideo
2614 2485 2890 2540 dicuntur
2918 2484 3089 2541 cives.
3144 2486 3430 2549 Quoniam
3489 2485 3554 2540 in
3608 2488 3797 2543 eadem

2156 2573 2388 2629 civitate
2418 2578 2624 2640 rector,
2656 2579 2714 2630 et
2743 2574 3014 2646 princeps
3067 2579 3157 2630 est
3189 2574 3472 2633 Dominus
3509 2592 3524 2629 :
3558 2575 3695 2631 ideo
3713 2576 3798 2631 do-

2158 2663 2385 2718 mestici
2415 2661 2535 2718 Dei.
2568 2663 2639 2717 de
2663 2678 2730 2718 eo
2788 2663 2943 2735 quod
3002 2661 3189 2720 sancti
3245 2668 3403 2732 sunt,
3466 2658 3795 2735 qui‘Deuin

2158 2751 2351 2823 aliquo
2381 2753 2574 2819 modo,
2608 2752 2666 2806 id
2697 2756 2807 2823 est,
2839 2758 2941 2808 aut
2970 2758 3184 2819 mente,
3200 2752 3351 2809 sicut
3371 2754 3797 2818 Abraham,aut

2159 2846 2354 2896 mente
2384 2846 2440 2896 et
2469 2858 2726 2912 corpore,
2785 2841 2939 2897 sicut
3004 2840 3275 2913 apostoli,
3332 2841 3635 2898 viderunt.
3698 2843 3793 2907 Qui

2160 2936 2352 2986 autem
2386 2930 2513 2985 sine
2543 2930 2739 3002 aliquo
2769 2930 2980 2986 horum
3040 2932 3306 2998 credunt,
3366 2931 3525 2988 cives
3582 2938 3795 2989 sancto-

2159 3036 2310 3087 rum,
2344 3024 2401 3075 et
2433 3020 2737 3086 domestici
2769 3019 2870 3075 Dei
2900 3037 3016 3075 non
3041 3024 3202 3075 sunt.

2233 3126 2552 3197 Sequitur:
2588 3126 3047 3198 Superwdiﬁcati,
3079 3132 3192 3193 etc,
3232 3126 3314 3182 De
3368 3142 3439 3182 eo
3499 3128 3656 3200 quod
3712 3127 3795 3184 his

2162 3215 2351 3271 verbis
2382 3220 2579 3287 aperte
2606 3217 2860 3271 ostendit
2879 3216 3026 3272 alios
3045 3232 3174 3272 esse
3194 3215 3601 3282 sanctos,alios
3624 3217 3794 3272 cives.

2163 3304 2463 3377 Siquidem
2496 3305 2988 3377 superaadificatos
3017 3304 3160 3361 dicit
3212 3305 3360 3361 istos
3413 3322 3578 3377 super
3602 3306 3789 3376 funda.

2159 3397 2403 3450 mentum
2430 3395 2827 3467 apostolorum,
2897 3395 2955 3449 id
3022 3399 3131 3462 est,
3201 3398 3266 3449 ut
3330 3400 3643 3467 precepts,
3705 3396 3793 3451 ob-

2162 3488 2389 3538 servent
2418 3483 2649 3551 Christi,
2713 3500 2840 3555 quae
2895 3488 3182 3556 praecepta
3237 3483 3626 3539 fundamenta
3667 3488 3796 3539 sunt

2162 3572 2577 3642 apostolorum,
2637 3590 2764 3644 quae
2826 3573 3208 3628 fundamenta
3287 3573 3793 3644 superaediﬁcatio-

2162 3676 2295 3715 nem
2330 3660 2546 3716 habent
2591 3678 2660 3716 ex
2690 3662 2830 3730 vita,
2908 3678 2976 3717 ex
3032 3661 3319 3728 moribus,
3380 3677 3451 3716 ex
3503 3660 3793 3734 diciplina.

2160 3749 2239 3804 De
2265 3764 2331 3805 eo
2363 3749 2516 3821 quod
2550 3749 2805 3821 primum
2835 3750 3284 3806 fundamentum
3305 3752 3395 3806 est
3424 3750 3484 3806 in
3507 3749 3795 3808 Christum

2161 3838 2413 3910 credere,
2446 3844 2504 3895 et
2533 3839 2593 3893 in
2624 3838 2723 3894 illo
2779 3855 2945 3911 spem
3000 3838 3234 3895 habere.
3295 3838 3460 3894 Unde
3490 3840 3795 3911 sequitur:

2158 3929 2274 3998 Ipso
2302 3943 2515 3984 summa
2544 3929 2823 3998 angulari,
2856 3932 2965 3983 etc.
3012 3928 3484 3985 Fundamentum
3535 3927 3799 3983 Christus

2158 4020 2247 4072 est
2279 4033 2292 4070 :
2320 4017 2421 4087 qui
2447 4016 2576 4072 ideo
2607 4018 2749 4088 lapis
2773 4017 3067 4086 angularis
3115 4015 3348 4083 dicitur,
3379 4014 3525 4086 quia
3565 4016 3718 4074 duos
3745 4015 3801 4071 in

2157 4121 2266 4159 sua
2293 4103 2408 4160 ﬁde
2437 4104 2684 4176 populos
2706 4104 2951 4177 suscipit
2974 4124 2988 4175 ;
3010 4106 3139 4162 ideo
3161 4109 3355 4161 autem
3374 4105 3803 4176 fundamentum

2156 4197 2212 4247 et
2239 4209 2536 4263 summum,
2569 4194 2708 4265 quia
2740 4194 2799 4249 in
2826 4194 2953 4266 ipso
2979 4199 3037 4250 et
3087 4194 3367 4251 fundatur
3413 4198 3473 4248 et
3521 4210 3803 4251 consum-

2155 4286 2351 4335 matur
2366 4281 2621 4337 Ecclesia
2652 4300 2666 4350 ;
2700 4282 2757 4337 in
2781 4299 2896 4354 quo
2922 4282 3064 4337 dicit
3083 4298 3318 4338 omnem
3349 4281 3803 4339 aedificationem

2154 4386 2432 4426 crescere.
2465 4371 2545 4427 De
2576 4387 2642 4426 eo
2674 4372 2828 4443 quod
2860 4374 2919 4427 in
2949 4363 3144 4443 templo
3173 4379 3356 4426 sancto
3389 4387 3506 4427 non
3552 4372 3805 4442 possunt

2152 4457 2375 4530 lapides
2410 4477 2523 4515 non
2554 4460 2740 4516 sancti
2771 4461 2929 4532 poni,
2962 4461 3047 4527 ad,
3062 4459 3568 4532 comparationem
3600 4458 3803 4531 templi

2150 4547 2553 4604 Salomoniszsi
2587 4550 2890 4605 aediﬁcatio
2921 4549 3331 4621 compaginata
3359 4551 3561 4604 crescit
3590 4551 3657 4603 in
3678 4558 3802 4605 tem-

2146 4638 2303 4708 plum
2330 4640 2946 4709 sanctum,studcamus
2979 4638 3343 4709 esse,la).ides
3371 4640 3489 4693 vivi
3510 4639 3803 4695 volvuntur

2148 4742 2315 4797 super
2345 4730 2546 4783 terram
2575 4728 2943 4800 (183/1).Nam
2974 4744 3107 4783 cum
3136 4727 3247 4782 vivi
3305 4731 3364 4783 et
3394 4726 3568 4799 politi
3627 4726 3799 4782 fueri-

2152 4830 2284 4875 mus
2313 4818 2734 4873 aediﬁcabimur
2764 4817 2823 4872 in
2844 4816 3133 4887 templum
3159 4821 3455 4883 sanctum,
3488 4817 3719 4889 eritque
3740 4816 3799 4870 in

2150 4911 2319 4967 nobis
2350 4926 2505 4974 arca,
2537 4905 2858 4977 cherubim,
2892 4910 2949 4961 et
2987 4905 3486 4977 propitiatorium,
3517 4910 3577 4962 et
3600 4904 3797 4961 omnia

2148 5002 2514 5057 sacramenta
2546 4995 2821 5052 ccelestia.

2184 5196 2398 5322 t(1032)
2427 5192 2597 5265 Vulg,
2629 5191 2806 5247 ambo.
2841 5191 3018 5248 Divus
3048 5191 3281 5247 Hieron.
3318 5190 3380 5246 in
3414 5193 3571 5247 hanc
3612 5190 3790 5262 Epist.

2208 5282 2388 5322 eruue.

2145 5282 2397 5358 πίίῗξῗζῖεέζο.
2434 5336 2451 5358 τ

2635 5351 2704 5358 Α..
2758 5352 2925 5358 ..-μμ
2977 5334 3067 5358 ιε-
3104 5334 3315 5358 1....ει..-
3372 5350 3479 5358 -..η
