3974 5358
417 408 534 466 559

1441 402 1782 464 ATTONIS
1827 399 2408 461 VERCELLENSIS
2454 400 2801 461 EPISCOPI

3706 400 3832 461 560

422 535 753 592 coheeredes
782 539 923 591 sunt
953 534 1172 601 Israeli,
1205 540 1262 591 et
1279 534 1490 590 melius
1515 534 1765 603 Christo,
1791 538 1856 587 ut
1886 533 2062 588 hzere-
2092 536 2146 601 Α
2175 536 2607 586 sacramentum
2640 537 2730 586 est
2754 530 2805 585 ei
2837 530 3175 597 revelatum,
3202 535 3267 585 ut
3289 546 3405 585 non
3426 528 3627 586 solum
3651 530 3835 603 genti-

422 624 576 680 ditas
609 631 810 680 nostra
834 624 1072 690 dicitur,
1101 627 1213 679 sint
1240 630 1293 680 et
1322 623 1624 679 coha’rcdes
1647 623 1849 677 Christi
1882 623 2060 689 (Deut.

415 730 577 782 xvui,
609 715 682 781 2;
716 714 867 770 Psal.
898 730 991 780 xv,
1023 715 1101 785 5),
1127 718 1192 768 ut
1221 712 1367 767 illud
1393 730 1406 767 :
1440 712 1687 767 [Izredes
1717 710 1934 782 quidem
1964 711 2066 765 Dei

418 803 595 876 (Rom.
628 819 751 867 νιιι,
786 803 894 871 17).
927 808 1034 857 etc.
1070 802 1149 857 De
1179 802 1459 873 exemplis
1482 789 1835 855 haereditatis
1858 800 2059 869 (1040).

421 895 563 948 item
596 893 667 947 de
688 890 953 962 exemplo
984 895 1404 957 membrorum,
1451 891 1519 945 ad
1556 890 1686 955 hoc,
1740 890 1893 960 quod
1944 889 2059 942 ait:

416 981 843 1050 Concorporales
872 981 1075 1052 (1041).
1108 981 1188 1035 De
1218 997 1283 1035 eo
1308 980 1461 1051 quod
1488 980 1545 1033 in
1571 979 1802 1033 duobus
1837 981 2063 1049 poterat

418 1068 640 1142 aliquid
666 1070 725 1125 in
761 1086 874 1125 uno
906 1058 1145 1141 corpore
1183 1069 1475 1124 diversum
1524 1066 1847 1139 suspicari:
1906 1066 1964 1120 in
1996 1082 2061 1120 eo

418 1160 570 1231 quod
631 1159 854 1224 subdit,
912 1162 969 1213 et
1023 1159 1462 1229 comparticipes,
1514 1156 1706 1211 omnis
1754 1154 2062 1209 diversitas

417 1247 612 1304 ablata
641 1252 749 1304 est.
772 1247 880 1302 Ubi
913 1246 1409 1319 comparticipatio
1441 1250 1547 1312 est,
1569 1243 1765 1299 omnia
1797 1260 2059 1297 commu-

416 1336 515 1393 nia
544 1341 701 1392 sunt.
737 1337 817 1392 De
846 1352 912 1391 eo
943 1336 1096 1407 quod
1123 1335 1512 1390 dicendo.Per
1527 1334 1902 1402 Evangelium,
1924 1337 2058 1401 etc.,

414 1426 753 1498 superbiam
783 1425 1070 1481 excludit:
1118 1425 1270 1495 quod
1303 1424 1459 1478 enim
1492 1422 1595 1491 sic,
1644 1439 1758 1476 non
1790 1421 1923 1488 sibi,
1958 1420 2058 1475 sed

415 1514 518 1571 Dei
544 1514 744 1587 gratiis
762 1514 1024 1570 ascribit.
1046 1513 1171 1568 Non
1189 1512 1343 1568 enim
1365 1510 1715 1566 humilitatis
1732 1508 2059 1581 discipulus

412 1607 640 1676 poterat
669 1603 969 1676 superbire
990 1602 1059 1657 de
1089 1602 1355 1667 scientia,
1398 1600 1497 1673 qui
1529 1617 1589 1655 se
1620 1600 1833 1655 Christi
1865 1615 2057 1671 perse-

411 1697 671 1749 cutorem
702 1696 760 1748 et
788 1691 1053 1747 Ecclesiae
1082 1695 1434 1746 vastatorem
1468 1687 2057 1745 commemorat.Nam

411 1787 553 1839 sunt
578 1781 679 1854 qui
728 1798 861 1837 eum
906 1779 1357 1852 reprehendunt,
1392 1778 1491 1850 qui
1523 1778 1669 1833 dixit
1698 1778 1808 1833 sibi
1842 1776 2056 1834 revela-

412 1876 564 1935 tum,
595 1871 751 1942 quod
783 1870 1098 1941 prophetas
1127 1868 1319 1923 latuit.
1390 1910 1403 1927 ρ

483 1958 792 2032 Sequitur:
853 1960 996 2016 Mihi
1047 1958 1277 2013 minimo
1334 1959 1601 2024 omnium,
1653 1966 1759 2012 elc.
1809 1957 1873 2011 Et
1903 1960 2057 2011 recte

411 2048 722 2104 humiliato
753 2048 889 2104 data
908 2052 998 2103 est
1027 2046 1148 2102 haec
1176 2047 1385 2119 gratia,
1419 2047 1698 2118 quoniam
1728 2048 1931 2116 omnis,
1960 2048 2057 2116 qui

409 2155 468 2195 se
495 2138 773 2211 humiliat,
808 2137 1148 2193 excitabitur
1193 2136 1413 2207 (Matth.
1446 2153 1607 2206 χχιιι,
1641 2136 1747 2202 12;
1779 2137 1907 2190 Luc.
1940 2151 2052 2201 xiv,

410 2228 522 2300 11).
558 2232 634 2283 De
665 2243 731 2283 eo
761 2227 940 2298 quod,
971 2226 1019 2280 si
1055 2225 1465 2293 investigabiles
1509 2225 1714 2294 (1042),
1763 2224 2055 2294 quomodo

407 2317 883 2387 cvangelizantur,
906 2319 963 2369 et
996 2314 1405 2370 absconditum
1431 2313 1720 2384 quomodo
1745 2312 2052 2382 profertur,

408 2405 573 2470 Quod
597 2404 826 2460 duobus
850 2403 1039 2458 modis
1059 2401 1343 2457 solvitur:
1368 2401 1485 2456 sive
1517 2401 1656 2472 quia
1672 2405 1806 2455 ante
1837 2399 2054 2455 Christi

410 2494 728 2562 adventum
759 2494 925 2547 erant
969 2489 1410 2561 investigabiles
1454 2494 1510 2544 et
1539 2490 1916 2553 absconditae,
1952 2491 2051 2544 sed

409 2586 545 2653 post
571 2580 801 2636 Domini
824 2580 1136 2635 adventum
1162 2582 1301 2633 sunt
1325 2576 1585 2632 revelata
1609 2594 1621 2632 :
1654 2577 1771 2632 sive
1793 2594 1919 2648 qute
1953 2594 2054 2632 na-

408 2673 546 2726 tura
573 2686 681 2726 sua
710 2669 933 2724 homini
986 2666 1420 2739 investigabiles
1452 2671 1636 2735 erant,
1680 2666 1788 2732 hee,
1824 2672 1934 2721 Deo
1966 2683 2054 2721 re-

409 2758 658 2827 velante,
691 2762 832 2815 sunt
862 2756 1167 2829 congnitae.
1201 2756 1348 2820 Quia
1368 2755 1524 2810 aliud
1552 2760 1641 2811 est
1661 2757 1732 2810 ad
1762 2761 2052 2811 secretum

408 2848 643 2920 proprio
664 2847 896 2919 ingenio
913 2845 1734 2919 pervenire,quod,postquam
1753 2845 2054 2900 inventum

413 2937 514 3005 sit,
548 2936 766 2992 desinit
813 2952 941 2992 esse
972 2933 1376 3006 investigabile
1416 2950 1428 2987 :
1465 2934 1645 2999 aliud,
1678 2934 1830 3005 quod
1864 2951 1966 3005 per
1994 2951 2056 2990 se

408 3026 657 3081 inveniri
688 3042 802 3080 non
849 3028 1061 3097 potest,
1116 3023 1233 3079 Deo
1294 3022 1606 3089 revelante,
1666 3039 2052 3095 cognoscere;

410 3115 588 3188 quod,
620 3130 754 3170 cum
788 3114 1009 3181 scieris,
1038 3116 1095 3168 et
1123 3113 1252 3168 aliis
1284 3112 1517 3179 dixeris,
1549 3112 1935 3168 nihilominus
1966 3113 2053 3167 in-

2087 1915 2134 1978 B

2174 621 2284 675 bus
2318 622 2418 675 sed
2450 626 2507 675 et
2530 621 2929 691 principatibus
2942 624 2995 675 et
3019 620 3375 691 potestatibus
3390 636 3490 691 per
3517 620 3831 675 Ecclesium

2174 709 2484 765 manifesta
2512 710 2677 764 ﬁeret
2726 709 3032 780 multiplex
3061 708 3346 779 sapientia
3378 710 3498 780 Dei,
3532 726 3670 781 quae
3702 710 3829 779 jux-

2171 804 2232 855 ta
2264 802 2622 873 propositum
2655 805 2912 855 veterum
2947 800 3292 855 saculorum
3333 798 3473 854 alim
3504 799 3826 864 destinata,

2174 907 2329 944 nunc
2372 882 2781 945 consummata
2830 890 3061 945 videtur
3089 889 3150 943 in
3210 889 3455 945 Christo.
3518 887 3827 959 Multiplex

2173 995 2403 1049 quoque
2434 979 2531 1033 Dei
2579 979 2866 1051 sapientia
2915 996 3015 1048 per
3066 977 3383 1035 Ecclesium
3432 979 3535 1034 Dei
3581 994 3745 1033 nunc
3772 983 3826 1033 et

2173 1066 2595 1138 principatibus
2633 1073 2688 1122 et
2739 1066 3122 1138 potestatibus
3177 1067 3427 1122 revelata
3474 1071 3592 1136 est,
3646 1084 3822 1138 quam

2171 1155 2309 1210 olim
2344 1156 2496 1210 Deus
2515 1156 2772 1211 futuram
2796 1156 2855 1211 in
2878 1174 2985 1211 sua
3006 1160 3198 1212 mente
3220 1158 3649 1225 decreverat,et
3672 1172 3821 1211 nunc

2170 1262 2297 1300 esse
2326 1247 2634 1316 perfectam
2650 1291 2662 1312 ,
2694 1263 2761 1301 ex
2783 1262 2870 1311 eo,
2894 1247 3045 1318 quod
3069 1246 3357 1317 videmus,
3381 1246 3819 1319 cognoscimus.

2171 1339 2248 1389 De
2277 1350 2343 1389 eo
2375 1335 2529 1406 quod
2562 1351 2704 1390 crux
2734 1351 2847 1390 non
2892 1335 3083 1391 solum
3115 1336 3302 1403 nobis,
3354 1336 3456 1391 sed
3490 1341 3549 1392 et
3598 1335 3820 1408 angelis

2172 1424 2535 1495 mysterium,
2570 1425 2721 1495 quod
2754 1424 3122 1496 ignorabant,
3144 1425 3408 1496 aperuit;
3440 1425 3604 1480 unde
3636 1442 3820 1480 rever-

2168 1515 2327 1567 tente
2358 1529 2491 1567 cum
2519 1530 2756 1584 corpore
2786 1514 2857 1569 ad
2898 1513 3104 1569 caelum
3139 1514 3381 1571 dicunt:
3415 1516 3564 1586 Quis
3594 1519 3677 1569 est
3702 1516 3816 1581 iste,

2168 1602 2265 1671 qui
2292 1602 2441 1655 venit
2467 1600 2533 1656 de
2559 1602 2767 1656 Edam?
2822 1603 2949 1673 (lea.
3000 1619 3158 1670 LXIII,
3195 1603 3267 1674 1),
3300 1607 3411 1659 etc.
3447 1609 3527 1659 De
3566 1620 3639 1660 eo
3669 1604 3814 1676 quod

2169 1688 2473 1760 multiplex
2503 1696 2612 1759 est,
2644 1696 2701 1745 et
2731 1689 2918 1747 multa
2953 1691 3227 1747 varietate
3259 1693 3541 1749 distincta
3574 1692 3699 1748 haec
3726 1710 3810 1749 sa-

2168 1778 2387 1848 pientia
2409 1779 2615 1849 (1045).
2649 1779 2791 1835 Vide
2811 1796 2992 1835 cunas
3014 1780 3231 1837 Christi
3255 1799 3269 1848 ;
3290 1781 3422 1837 vide
3453 1782 3686 1855 pariter
3711 1800 3813 1838 cce-

2167 1865 2311 1921 lum.
2341 1867 2678 1939 Vagientem
2700 1867 2757 1921 in
2790 1884 3045 1940 praisepe
3075 1870 3239 1937 vide;
3266 1870 3402 1925 audi
3428 1871 3680 1943 angelos
3706 1872 3816 1927 lau-

2165 1956 2370 2012 dantes
2410 1958 2557 2027 (Luc.
2583 1975 2647 2024 ιι,
2677 1958 2765 2024 13,
2795 1957 3161 2029 14).Herodes
3205 1960 3585 2031 persequitur
3605 1961 3810 2029 (Matth.

2164 2062 2225 2115 ιι,
2256 2046 2313 2113 3)
2345 2062 2359 2112 ;
2395 2063 2602 2117 magus
2624 2047 2847 2112 adorat,
2864 2045 3139 2102 Pharisaei
3163 2047 3435 2119 ignorant
3464 2067 3650 2122 quem
3686 2053 3814 2107 stel-

2163 2132 2221 2188 la
2248 2134 2584 2190 manifestat
2614 2135 2821 2205 (Matth.
2864 2153 2923 2201 ιι,
2955 2136 3031 2206 3).
3064 2136 3400 2208 Baptizatur
3428 2156 3463 2193 a
3493 2156 3690 2205 servo,
3724 2142 3813 2196 sed

2165 2240 2199 2278 a
2231 2224 2395 2279 Patre
2451 2222 2745 2279 laudatur.
2798 2224 2983 2296 Aquis
3032 2225 3336 2298 mergitur,
3387 2228 3489 2283 sed
3542 2229 3813 2286 columba

2164 2312 2498 2379 descendit;
2531 2313 2648 2369 imo
2674 2312 2928 2385 Spiritus
2951 2313 3011 2368 in
3033 2313 3322 2371 columba.
3354 2318 3442 2373 Ad
3476 2321 3812 2391 passionem

2164 2402 2338 2472 venit,
2372 2406 2430 2457 et
2462 2402 2629 2457 timet
2681 2402 2821 2473 pati,
2872 2402 2995 2458 vult
3023 2402 3266 2460 calicem
3314 2407 3575 2464 transire
3606 2410 3809 2481 (Matth.

2164 2507 2315 2557 xxw,
2346 2492 2456 2562 39),
2491 2495 2547 2545 et
2595 2492 2827 2547 Petrum
2867 2491 3152 2564 increpat,
3184 2494 3323 2565 quia
3349 2495 3600 2553 calicem
3631 2499 3808 2556 timet.

2164 2580 2311 2645 Quid
2345 2579 2454 2634 hac
2488 2579 2717 2635 stulitia
2737 2581 3106 2652 prudentius,
3139 2583 3417 2640 varietate
3448 2587 3809 2656 distinctius,

2164 2667 2452 2740 sapientia
2472 2669 2803 2737 obscurius,
2826 2686 3002 2741 quam
3038 2671 3172 2726 fecit
3201 2671 3260 2727 in
3282 2673 3514 2730 Christo
3536 2677 3685 2732 Jesu
3710 2678 3810 2734 Do-

2165 2757 2324 2810 mino
2357 2761 2589 2812 nostro?
2619 2758 2768 2813 Sunt
2807 2759 2907 2830 qui
2940 2760 3114 2814 istam
3139 2760 3489 2831 juncturam
3521 2768 3807 2823 sermonis

2163 2845 2427 2902 Ecclesia:
2459 2846 2668 2902 factam
2701 2846 3039 2921 intelligunt
3067 2850 3274 2923 (1046).

2233 3022 2537 3095 Sequitur:
2564 3025 2625 3079 In
2655 3040 2759 3098 quo
2791 3024 3050 3081 habemus
3076 3026 3362 3100 ﬁduciam,
3393 3035 3507 3088 etc.
3541 3033 3704 3091 Nihil
3734 3043 3811 3093 est

2166 3112 2319 3167 unde
2350 3114 2559 3183 magis,
2609 3130 2786 3184 quam
2817 3116 2889 3170 de
2920 3133 3065 3187 pura
3112 3119 3473 3177 conscientia
3524 3126 3806 3182 conﬁdere

405 3204 747 3277 vestigabile
788 3208 1125 3276 permanet:
1159 3203 1313 3257 sicut
1348 3201 1456 3256 fuit
1487 3201 1615 3269 tibi,
1659 3218 1925 3273 quosque
1954 3218 2053 3257 co-
2096 3281 2124 3284 ᾧ
2164 3201 2480 3272 possimus,
2514 3207 2579 3256 ut
2606 3200 2788 3258 illud:
2822 3203 2883 3258 Si
2912 3220 3004 3260 cor
3029 3211 3277 3263 nostrum
3323 3225 3437 3265 non
3466 3215 3809 3284 reprehendit

403 3309 736 3368 gnosceres.
763 3292 922 3349 Unde
943 3289 1290 3347 Psalmista:
1318 3291 1513 3358 Quium
1531 3307 1731 3360 magna
1750 3290 2054 3346 multitudo
2084 3281 2126 3347 C
2162 3306 2258 3346 nos
2287 3291 2332 3360 (1
2358 3295 2521 3346 Joan.
2556 3308 2638 3362 ιιι,
2670 3292 2784 3363 21),
2816 3298 2924 3348 etc.
2956 3296 3226 3364 Magnum
3278 3303 3368 3353 est
3414 3281 3638 3358 habere
3663 3305 3809 3359 {idu-

407 3383 720 3438 dulcedinis
751 3381 922 3452 (Psal.
980 3396 1111 3445 xxx,
1142 3379 1256 3449 20),
1291 3384 1400 3433 etc.
1433 3379 1628 3433 Potest
1670 3384 1729 3434 et
1771 3379 1852 3433 ita
1880 3378 2057 3434 intel-

409 3471 549 3541 ligi:
602 3470 757 3543 quod
810 3469 941 3541 ipsa
969 3466 1187 3523 saecula
1216 3466 1360 3521 illud
1392 3467 1806 3538 ignoraverint,
1840 3467 1898 3522 id
1947 3476 2055 3536 est,

410 3559 679 3615 homines
736 3558 797 3612 in
854 3555 1067 3612 saeculo
1119 3554 1431 3610 rationales
1478 3571 1545 3611 ac
1604 3555 1917 3627 spiritales.
1978 3558 2058 3612 De

410 3646 693 3719 exemplis
723 3644 922 3701 saeculi
950 3643 1155 3715 (1043).

480 3734 791 3806 Sequitur:
829 3735 893 3789 Ut
938 3736 1303 3788 innotesceret
1328 3749 1476 3787 nunc
1505 3733 1707 3804 (1044),
1739 3739 1848 3789 etc.
1881 3735 2059 3791 Juxta

413 3827 634 3882 donum
656 3823 855 3895 gratiae
887 3822 1008 3889 Dei,
1033 3838 1160 3893 quae
1191 3822 1326 3877 data
1352 3826 1442 3877 est
1470 3821 1764 3894 Apostolo,
1790 3828 1855 3878 ut
1884 3840 2056 3879 evan-

409 3915 643 3971 elizaret
671 3911 903 3968 divitias
934 3910 1369 3982 investigabiles
1396 3909 2053 3983 Christi.ldcircoipsam

411 4093 643 4150 Hieron.
676 4091 800 4148 loco
832 4105 981 4162 reges
1013 4088 1072 4143 in
1103 4089 1253 4144 hanc
1282 4088 1453 4160 epist.
1488 4088 1647 4162 legit,
1670 4091 1832 4160 justi)
1862 4091 2052 4145 volue-

408 4175 541 4222 runt
569 4164 751 4220 videre
775 4161 907 4234 quae
947 4177 1037 4217 vos
1066 4161 1278 4226 videtis,
1302 4164 1381 4234 (et
1411 4175 1518 4214 non
1548 4161 1839 4221 viderunt;
1872 4167 1923 4216 et
1953 4178 2053 4216 au-

369 4229 376 4237 ’
409 4239 542 4294 dire
570 4252 690 4306 quae
719 4229 949 4306 auditis,
979 4238 1165 4306 etnon
1205 4232 1517 4306 audierunt.

477 4301 660 4380 (1040)
689 4305 823 4380 S_ci1.
855 4301 986 4380 vide
1016 4301 1647 4380 divum-liieronymﬁn
1672 4301 1842 4380 hanc.
1865 4301 2047 4380 Epist.

404 4379 466 4433 in
483 4372 887 4449 'supr'acitatos
912 4377 1123 4439 textus,
1158 4372 1400 4443 scilicet,
1424 4374 1576 4427 Deut.
1600 4388 1757 4436 xvm,
1780 4372 1930 4429 Psat.
1954 4391 2049 4440 xv,

407 4450 935 4595 ῗῆῗὸἄιῗίᾳηᾱίιζυε
956 4515 1311 4595 ῌίθιοιιγιιιεε
1329 4536 1355 4564 ‹‹
1382 4513 1828 4595 Qoncqrporales
1850 4519 2046 4571 autem

401 4586 544 4646 illud
578 4589 888 4661 significat,
922 4591 988 4661 ut
1034 4586 1529 4661 quemadmodum
1561 4586 1618 4639 in
1660 4603 1777 4661 uno
1807 4603 2048 4658 corpore

399 4662 569 4735 plura
598 4649 736 4735 sunt
784 4649 1085 4713 membra:
1120 4656 1277 4735 verbi
1327 4673 1526 4724 causa,
1577 4659 1754 4735 oculi,
1807 4649 2042 4735 manus,
2077 4649 2122 4712 D

396 4731 591 4798 aures,
625 4732 799 4803 pedes
848 4735 1056 4803 venter
1092 4733 1147 4782 et
1176 4744 1368 4803 genua
1396 4744 1409 4784 :
1435 4735 1491 4783 et
1522 4745 1653 4784 cum
1687 4731 1744 4784 in
1777 4747 1899 4803 uno
1926 4731 2047 4785 sint

395 4799 653 4875 corpore,
678 4802 930 4875 habeant
952 4799 1307 4875 differentias
1330 4817 1489 4875 suas,
1507 4806 1562 4855 et
1585 4819 1685 4875 pro
1709 4818 1769 4875 se
1790 4802 2039 4857 invicem

392 4871 664 4931 lteténtur
693 4878 748 4929 et
771 4873 1003 4928 doleant
1029 4888 1039 4925 :
1077 4871 1158 4926 sic
1192 4871 1326 4925 licet
1352 4872 1608 4927 diversas
1630 4873 1883 4927 habeant
1910 4890 2039 4943 gra-

391 4948 524 5015 tias,
559 4946 620 5001 hi
650 4945 750 5015 qui
778 4945 835 4999 in
867 4942 1079 4999 Christi
1111 4943 1425 5009 credidere,
1458 4946 1515 4998 in
1549 4948 1891 5015 unortamcn
1917 4942 2035 4997 sint

391 4993 1300 5087 egregiam}.stagnata}?
1368 4993 1400 5067 ι’
1414 4993 1427 5067 i
1441 4993 1771 5087 agitante
1779 4993 1890 5087 DDS
1911 4993 2035 5084 (liii?

392 5090 522 5144 dem
554 5085 794 5143 duobus
816 5087 1025 5149 verbis,
1060 5089 1117 5139 id
1146 5093 1253 5151 est,
1290 5087 1345 5138 in
1379 5103 1443 5139 eo
1472 5087 1624 5155 quod
1658 5085 1759 5149 ait,
1790 5085 2031 5140 cohaere-

388 5160 478 5213 (λεδ
506 5168 559 5213 ει
589 5159 1027 5236 -ςοηςρνροναιςξε,
1076 5162 1298 5236 poterat
1346 5156 1403 5209 in
1436 5173 1551 5236 uno
1582 5156 2031 5236 corp‘ore‘iliver.

387 5244 520 5283 sum
552 5228 768 5299 aliquid
796 5227 1109 5300 suspicari.
1148 5227 1226 5280 Ex
1256 5244 1320 5280 eo
1352 5232 1545 5300 autem
1580 5227 1732 5300 quod
1766 5227 2025 5300 addidit:

383 5302 440 5352 et
468 5297 882 5356 commirticincs
913 5297 1308 5356 promissionis
1340 5299 1398 5350 in
1432 5298 1641 5351 Christo
1671 5299 1812 5358 Iesu,
1837 5297 2029 5351 omnis

2168 3378 2349 3447 ciam;
2382 3380 2474 3435 sed
2510 3380 2694 3451 (1047)
2743 3383 2803 3436 in
2838 3383 3182 3454 conﬁdentia,
3217 3390 3281 3441 ut
3338 3388 3572 3447 firmior
3611 3392 3686 3448 sit
3709 3409 3802 3447 ac-

2165 3484 2360 3537 cessus,
2391 3474 2455 3523 ut
2484 3471 2824 3526 accedentes
2854 3471 3076 3543 aliquid
3108 3475 3179 3530 de
3208 3476 3338 3546 ejus
3370 3480 3682 3551 majestate
3712 3499 3805 3538 as-

2167 3574 2495 3629 sumamus,
2550 3559 2720 3629 quasi
2778 3560 2849 3615 de
2919 3562 3080 3617 radio
3141 3563 3280 3620 solis
3319 3566 3578 3625 calorem
3636 3576 3806 3643 atque

2166 3645 2557 3719 Splendorem.
2619 3647 2698 3702 De
2729 3664 2816 3718 eo,
2876 3650 3029 3721 quod
3072 3652 3171 3722 qui
3226 3655 3582 3726 sapientiam
3616 3660 3804 3728 habet,

2166 3734 2454 3807 intelligat
2485 3735 2542 3789 in
2570 3735 2798 3791 Christo
2826 3737 3197 3808 sapientiam,
3228 3741 3508 3801 similiter
3537 3749 3611 3804 de
3636 3752 3806 3820 justi-

2162 3824 2264 3888 tia,
2324 3824 2583 3893 veritate,
2643 3840 2784 3897 pace
2831 3831 2887 3881 et
2969 3829 3238 3887 castitate
3290 3839 3486 3903 potest
3560 3837 3804 3914 intelligi

2164 3914 2372 3985 (1048).

2234 4002 2416 4074 (1049)
2447 4001 2755 4074 Sequitur:
2815 4004 3046 4075 Propter
3095 4007 3241 4077 quod
3294 4017 3443 4081 peto,
3479 4018 3598 4071 etc.
3644 4022 3723 4076 De
3749 4037 3812 4076 eo

2231 4161 2612 4241 (lO43)Divus
2637 4161 3018 4241 Hieronymus
3041 4163 3100 4218 in
3123 4164 3274 4241 hanc
3299 4168 3397 4241 Ep.
3416 4187 3430 4225 :
3452 4194 3481 4222 ‹‹
3518 4173 3812 4233 Saeculum

2162 4232 2377 4320 quippe
2397 4234 2734 4320 frequenter
2755 4232 2865 4320 pro
2881 4233 3137 4320 his,‘qrute_
3156 4237 3214 4320 in
3237 4232 3460 4320 saeculo
3478 4232 3810 4320 versantur,

2160 4303 2462 4384 accipitur.
2488 4303 2659 4384 Sicut
2688 4303 2903 4384 Paulus
2933 4303 3272 4384 adCalatas
3302 4310 3573 4384 loquitur
3614 4303 3813 4375 dicens

2159 4374 2306 4444 (Gal.
2339 4392 2379 4438 ι,
2411 4376 2493 4448 4))
2533 4376 2595 4448 Ut
2640 4377 2881 4448 eriperet
2925 4394 3023 4433 nos
3052 4379 3119 4434 de
3162 4374 3421 4448 praesenti
3467 4391 3687 4447 saecula
3712 4374 3814 4448 ne?-

2157 4462 2366 4526 quam._
2388 4468 2407 4494 ιι
2446 4446 2514 4526 Et
2545 4446 2600 4500 in
2634 4446 2747 4526 alio
2777 4446 2901 4503 loco
2931 4446 3241 4526 (Ephessii,
3273 4456 3327 4526 7)
3353 4473 3369 4526 ξ
3404 4457 3469 4514 Ut
3496 4446 3817 4519 ostenderet

2157 4519 2217 4570 in
2246 4519 2487 4599 venturis
2514 4519 2754 4600 saeculis,
2790 4536 2891 4601 pro
2935 4536 2998 4576 eo
3032 4523 3186 4601 quod
3218 4519 3329 4601 est,
3359 4525 3454 4583 his
3504 4535 3808 4601 omnibus,

2157 4606 2282 4659 quae
2311 4589 2369 4643 in
2399 4589 2948 4659 supervenientibus
2978 4589 3208 4648 sas-culis
3239 4589 3440 4654 futura
3470 4610 3670 4659 erant.

2225 4660 2408 4742 (104.4)
2436 4660 2657 4742 ‘Vulg,
2670 4671 2729 4715 ut
2758 4663 3089 4742 innotescat.
3125 4666 3300 4723 Divus
3358 4678 3567 4729 autem
3601 4677 3810 4732 Hiero-

2156 4748 2312 4802 nym,
2346 4732 2405 4785 in
2436 4732 2589 4804 hanc
2620 4735 2721 4804 Ep.
2755 4743 2816 4788 ut
2844 4735 3222 4791 innotesceret.

2221 4804 2404 4888 (1045)
2438 4803 2580 4888 yide
2623 4803 2747 4859 scil.
2780 4804 2978 4888 divum
3016 4806 3449 4888 Hieronymum,
3486 4830 3522 4869 a
3552 4833 3675 4888 quo
3706 4835 3802 4874 ex-

2150 4875 2543 4958 ecr-patebetin
2579 4876 2989 4958 compendium
3014 4875 3246 4958 redacta
3288 4882 3415 4958 haec
3436 4875 3804 4958 explanatio,

2217 4945 2397 5016 (1046)
2433 4947 2602 5000 Divus
2660 4945 2889 5002 Hieron.
2949 4948 3007 5002 in
3038 4950 3246 5006 hanc.:
3283 4974 3310 5002 ‹‹
3360 4945 3535 5013 Licet‘
3578 4961 3743 5016 enim
3774 4978 3808 5016 ι
3860 4965 3865 4969 ’

2144 5013 2438 5101 plerisque
2471 5020 2806 5101 secundum
2837 5019 3133 5101 ordinem,
3159 5013 3805 5101 _juncturamque_sEr:

2144 5088 2355 5173 monis,
2390 5094 2446 5142 et
2471 5088 2721 5173 Ecclesia
2741 5090 2894 5144 facta
2926 5088 3410 5165 intelligi'possit,
3438 5105 3499 5155 et
3519 5088 3803 5173 τέρόθεσιε,

2142 5157 2198 5238 id
2230 5164 2340 5238 est,
2378 5161 2707 5229 propositio,
2769 5178 2948 5238 quam
3009 5157 3146 5238 nos"
3171 5157 3408 5235 genere,
3445 5157 3711 5230 naturali
3744 5157 3799 5229 in

2142 5226 2343 5313 ‘Latino
2375 5226 2643 5313 sarincae
2696 5226 3052 5313 propositum
3092 5226 3378 5313 habemus
3408 5226 3798 5313 exprééésci?

2141 5304 2335 5353 tamen
2368 5303 2654 5356 sapientia
2685 5306 2872 5356 magis
2898 5304 2951 5356 in
2985 5307 3210 5356 Christo
3234 5309 3383 5356 facta
3412 5303 3608 5356 nn'ipai
3645 5333 3800 5356 μου.-

3971 1174 3974 1303 l

3972 1456 3974 1577 ι

3971 2350 3974 2486 l
