3974 5358
393 394 511 455 563

1409 400 1749 461 ATTONIS
1792 393 2384 461 VERCELLENSIS
2430 392 2783 458 EPISCOPI

3684 400 3823 462 564-

397 529 537 602 quia
571 529 687 584 lata
715 537 767 585 et
791 532 1030 601 spatiosa
1058 533 1149 587 via
1185 535 1281 599 est,
1333 549 1451 604 quae
1498 533 1644 587 ducit
1693 531 1761 586 ad
1815 534 2045 584 mortem
2075 528 2127 593 Α
2159 526 2437 598 Sequitur
2467 544 2479 581 :
2518 505 2784 596 Utdigne
2810 526 3326 596 ambuletis,etc.De
3355 548 3421 588 eo
3452 531 3614 604 quod
3635 532 3817 605 digne

397 620 601 691 (Matth.
633 636 731 689 v11,
767 620 874 691 13).
908 625 1050 676 Item
1103 622 1307 676 habuit
1354 623 1620 677 Christus
1663 619 2040 693 profundum,

398 709 470 765 ad
504 708 732 763 inferna
760 709 1183 778 descendendo,
1219 711 1609 775 altitudinem,
1659 709 1831 763 oculos
1873 722 2045 778 pene-

397 797 607 853 trando
639 797 806 866 (Psal.
842 814 1011 865 vau,
1051 800 1157 864 19),
1201 799 1575 855 latitudinem
1625 803 1681 853 et
1727 795 2047 869 longitudi-

399 885 858 958 nem,apostolos
889 889 959 942 ad
995 905 1198 944 omnes
1229 895 1430 959 gentes
1462 890 1743 943 mittendo
1778 893 1840 940 ut
1869 884 2045 939 illud:

402 978 467 1032 In
496 992 710 1031 omnem
737 980 944 1031 terram
974 978 1146 1048 (Rom.
1203 996 1256 1045 x,
1307 978 1398 1045 18;
1436 978 1580 1032 Psal.
1632 993 1794 1042 xvm,
1825 977 1903 1046 5),
1937 978 2047 1028 etc.

405 1066 489 1125 Do
510 1081 576 1119 eo
600 1064 750 1136 quod
777 1065 868 1121 his
890 1066 1079 1120 verbis
1102 1067 1379 1132 crucis,et
1400 1072 1591 1121 status
1618 1070 1675 1119 et
1708 1064 2051 1135 mysterium

406 1154 732 1210 ostenditur
756 1155 827 1209 de
857 1171 971 1226 quo
995 1156 1119 1225 jam
1152 1173 1305 1227 saepe
1336 1157 1556 1211 dictum
1606 1161 1716 1210 est.
1749 1155 1886 1209 Post
1935 1153 2053 1206 haec

408 1259 681 1299 curemus
711 1243 901 1298 dicere
933 1261 1047 1298 non
1075 1245 1428 1300 eminentem
1460 1243 1830 1299 solummodo
1865 1240 2054 1295 chari-

408 1337 589 1388 tatem
599 1334 718 1397 ,sed
730 1335 1224 1403 supereminentem
1245 1336 1495 1391 scientiae
1510 1335 1839 1388 charitatem
1852 1330 2058 1386 Christi

410 1426 475 1476 In
506 1437 621 1493 quo
649 1422 1071 1477 attendendum
1103 1423 1257 1495 quod
1290 1423 1572 1495 grandem
1605 1426 1661 1477 et
1705 1421 2053 1475 immensam

408 1510 681 1565 Christus
712 1509 964 1565 scientiae
996 1510 1207 1566 habeat
1237 1511 1607 1577 charitatem,
1634 1510 1691 1564 id
1723 1514 1832 1573 est,
1857 1496 2058 1564 eorum

415 1598 515 1670 qui
548 1614 609 1654 se
642 1598 790 1654 scire
820 1598 1285 1670 desiderant,qui
1314 1598 1372 1654 in
1403 1599 1529 1670 lege
1549 1598 1678 1668 ejus
1702 1597 2063 1653 meditantur

416 1687 511 1743 die
540 1703 606 1742 ac
637 1691 803 1742 nocte
833 1688 1048 1759 (Psal.1,
1071 1691 1148 1754 2),
1173 1687 1273 1758 qui
1305 1688 1479 1743 verba
1506 1691 1740 1741 vertunt
1770 1686 1830 1740 in
1860 1702 2057 1757 opera.

415 1776 486 1831 Et
515 1775 614 1847 qui
645 1775 778 1830 talis
810 1780 918 1842 est,
952 1781 1016 1829 ut
1045 1775 1257 1845 dignus
1309 1774 1384 1831 sit
1430 1792 1530 1847 per
1560 1774 1862 1830 scientiam
1896 1791 2062 1830 suam

2155 615 2435 687 ambulat,
2470 615 2565 684 qui
2598 616 2923 687 ingreditur
2971 635 3073 690 per
3117 637 3272 691 eum,
3321 621 3420 694 qui
3473 622 3621 676 dicit
3654 640 3668 676 :
3705 625 3816 690 Ego

2153 720 2272 758 sam
2300 706 2386 759 via
2420 708 2608 773 (Joan.
2640 723 2753 768 xxv,
2784 708 2855 775 6;
2904 709 3010 763 Isa.
3060 725 3191 775 xxx,
3241 711 3338 777 21;
3390 712 3556 766 Prov.
3598 728 3678 777 ιν,
3714 712 3817 780 27;

2155 794 2303 848 Psal.
2328 796 2648 865 xxxv1,23),
2681 800 2826 865 etc.,
2858 800 2914 851 et
2946 797 3047 869 qui
3076 815 3189 855 non
3222 799 3477 855 declinat
3508 800 3585 855 ad
3614 801 3819 854 dexte-

2158 896 2283 937 ram
2317 900 2505 955 neque
2536 885 2605 938 ad
2640 885 3029 954 sinistram,et
3062 888 3268 943 avertit
3298 890 3506 960 pedem
3541 906 3725 943 suum
3749 889 3820 944 ab

2160 971 2318 1027 omni
2351 973 2442 1027 via
2471 975 2624 1028 mala
2650 974 2827 1044 (Psal.
2861 992 3053 1047 cxvm,
3089 977 3234 1047 101),
3267 983 3323 1033 et
3349 978 3408 1032 in
3442 996 3561 1050 quo
3599 979 3824 1050 pertici-

2162 1065 2277 1127 tur,
2299 1078 2331 1115 a
2353 1062 2593 1116 Domino
2616 1079 2856 1135 gressus
2879 1064 3135 1121 hominis
3158 1066 3488 1140 dirigentur
3517 1068 3825 1139 (Psa1.xvx,

2162 1149 2237 1220 5).
2273 1150 2339 1204 Et
2370 1152 2514 1206 bene
2545 1153 2748 1206 subdit
2807 1170 2819 1206 :
2875 1153 3007 1208 Cum
3038 1158 3211 1223 omni,
3244 1174 3356 1211 non
3405 1173 3543 1211 cum
3598 1156 3825 1227 aliqua,

2163 1239 2783 1312 humilitate,quoniam
2818 1243 2918 1314 qui
2952 1259 3014 1298 se
3041 1248 3254 1299 terram
3288 1244 3679 1316 cineremque
3700 1261 3827 1299 con-

2166 1327 2404 1396 siderat,
2439 1346 2744 1401 nunquam
2779 1332 3055 1402 superbia
3084 1331 3426 1398 elevabitur,
3459 1340 3518 1388 et
3573 1333 3680 1405 qui
3733 1332 3828 1388 Dei

2167 1417 2487 1473 aeternitate
2507 1425 2811 1501 perspecta
2832 1420 3175 1477 brevitatem
3199 1421 3377 1494 hujus
3398 1422 3530 1477 vitae
3554 1422 3823 1478 conside-

2169 1510 2517 1577 rat,semper
2546 1511 2679 1562 ante
2709 1508 2906 1564 oculos
2935 1509 3172 1565 habebit
3200 1510 3503 1567 interitum
3525 1512 3829 1584 sempiter-

2170 1610 2334 1661 num,
2370 1595 2597 1666 eritque
2631 1596 2873 1652 humilis
2902 1602 3078 1670 atque
3121 1599 3403 1672 dejectus.
3454 1601 3826 1657 Mansuetudo

2171 1687 2281 1754 est,
2314 1699 2439 1754 quae
2471 1684 2634 1739 nulla
2666 1685 2937 1757 passione
2979 1686 3272 1754 turbatur,
3322 1688 3415 1743 cui
3462 1688 3829 1763 promittitur

2173 1772 2466 1843 possessio
2501 1778 2663 1828 terrae
2692 1776 2859 1843 (Psal.
2891 1792 3082 1833 xxxv1.
3112 1777 3326 1849 11).lsti
3360 1778 3541 1833 etiam
3585 1794 3830 1849 suppor-

420 1863 957 1936 supereminentem
1008 1863 1223 1919 Christi
1272 1864 1617 1919 charitatem
1668 1864 1903 1934 habere,
1954 1865 2063 1918 iste
2096 1899 2144 1963 B
2173 1864 2299 1963 tant
2329 1863 2560 1961 invicem
2581 1864 2645 1963 in
2674 1865 2961 1962 charitate.
2985 1865 3347 1963 Supportant
3376 1883 3441 1922 se
3471 1866 3832 1939 philosophi,

420 1952 590 2017 nihil,
623 1956 824 2023 praeter
855 1953 1181 2019 scientiam,
1235 1954 1407 2008 debet
1455 1955 1730 2025 cogitare.
1763 1955 1949 2024 Atque
1987 1954 2069 2006 ita
2097 1951 2142 1963 ⁵’
2180 1951 2279 2005 sed
2314 1967 2427 2005 non
2459 1951 2517 2005 in
2546 1951 2845 2008 charitate.
2873 1959 2944 2008 De
2976 1971 3041 2009 eo
3073 1956 3227 2026 quod
3262 1956 3367 2011 hoc
3401 1960 3702 2028 praecepto
3726 1972 3832 2010 non

419 2041 762 2113 implebitur
790 2044 850 2095 in
875 2044 1025 2096 omni
1051 2043 1395 2113 plenitudine
1446 2045 1563 2105 Dei,
1598 2060 1712 2097 non
1767 2042 1957 2097 solum
2009 2041 2068 2095 in

421 2130 693 2202 praesenti
718 2130 928 2186 saeculo
959 2132 1057 2186 sed
1093 2132 1270 2186 etiam
1302 2131 1360 2185 in
1392 2132 1713 2196 futuro,hic
1745 2130 2072 2202 intelligen-

421 2220 516 2291 do,
547 2220 628 2273 ibi
660 2219 890 2291 plenius
924 2221 1184 2276 fruendo.

487 2309 677 2379 (1058)
707 2308 987 2379 Sequitur
1036 2327 1049 2364 :
1096 2311 1163 2363 Ei
1208 2317 1410 2376 autem,
1441 2312 1558 2365 etc.
1600 2308 1753 2364 Ordo
1797 2307 1932 2363 talis
1963 2312 2069 2363 est.

466 2396 702 2467 igloria
734 2397 790 2450 in
838 2397 1087 2465 Christo,
1138 2402 1195 2453 et
1245 2398 1429 2469 gloria
1477 2400 1537 2452 in
1585 2396 1863 2465 Ecclesia,
1910 2403 1967 2453 et
2013 2398 2073 2452 in

429 2501 632 2541 omnes
656 2487 1059 2557 generationes
1088 2486 1292 2559 gloria,
1328 2487 1426 2558 qui
1461 2503 1637 2559 super
1666 2487 1905 2558 id,quod
1930 2486 2076 2559 peti-

429 2590 585 2640 mus,
615 2573 702 2630 vel
735 2575 1325 2646 monemus,potuerit
1354 2576 1578 2647 operari
1614 2578 1969 2647 :operabitur
1988 2593 2076 2632 se—

428 2662 669 2718 cundum
711 2664 990 2729 virtutem,
1037 2679 1161 2734 qua
1206 2670 1472 2737 operatur
1516 2666 1574 2719 in
1622 2666 1806 2734 nobis,
1858 2664 2079 2721 scilicet

428 2751 666 2820 Christi,
699 2753 1024 2807 secundum
1058 2769 1234 2824 quam
1259 2770 1485 2824 operor.
1512 2753 1691 2809 Aliter
1716 2770 1728 2808 :
1755 2752 1949 2810 Potest
1969 2754 2078 2810 hoc

429 2842 500 2896 ad
523 2841 704 2896 Deum
720 2843 907 2896 totum
932 2842 1129 2897 referri
1140 2842 1361 2898 .Sciens
1383 2842 1697 2913 Apostolus
1716 2844 1856 2914 quia
1878 2859 2079 2898 secun-

428 2931 569 2985 dum
601 2930 682 2997 id,
716 2931 871 3001 quod
904 2934 1321 3001 oportet,orare
1352 2930 1872 2999 nescimus,sciens
1897 2936 2075 2985 Deum

428 3017 563 3091 plus
609 3018 866 3073 tribuere
916 3035 1091 3090 quam
1140 3023 1398 3090 rogatur,
1431 3024 1488 3074 et
1528 3037 1708 3090 quam
1754 3019 2078 3092 intelligere

430 3124 767 3179 possumus,
800 3107 975 3163 dicit:
1005 3108 1068 3162 Ei
1098 3117 1282 3163 autem
1308 3109 1511 3179 (1059),
1545 3113 1654 3163 etc.
1688 3109 1860 3164 Dabit
1881 3115 2076 3164 autem

428 3197 729 3253 secundum
768 3198 1050 3267 virtutem,
1078 3213 1202 3268 quae
1229 3202 1487 3269 operatur
1516 3200 1572 3252 in
1606 3198 1840 3263 nobis,id
1872 3202 1980 3267 est,
2015 3202 2081 3252 ut

2179 2037 2445 2111 indigent
2477 2041 2708 2112 perfecti
2743 2042 3092 2114 (1063),quia
3124 2061 3237 2099 non
3272 2045 3495 2100 habent
3523 2047 3692 2118 quod
3715 2045 3833 2100 suf-

2183 2128 2519 2184 ferant.Sed
2553 2130 2609 2185 in
2638 2135 2803 2186 tanta
2827 2131 2991 2202 plebe
3012 2138 3179 2187 erant
3207 2134 3385 2207 aliqui
3419 2134 3832 2206 supportandi.

2182 2217 2401 2271 Sensus
2433 2217 2609 2289 hujus
2640 2218 2748 2273 loci
2782 2236 2961 2292 supra
2990 2220 3183 2278 dictus
3212 2227 3320 2287 est,
3374 2223 3471 2279 ubi
3527 2223 3614 2279 ait
3646 2241 3660 2278 :
3694 2224 3836 2279 Alter

2180 2305 2414 2361 alterius
2437 2311 2650 2377 portate
2679 2307 2818 2379 (Gal.
2848 2325 2928 2377 vr,
2968 2312 3024 2381 2)
3061 2328 3073 2365 :
3109 2311 3262 2381 quod
3311 2315 3369 2367 et
3417 2311 3492 2367 de
3526 2311 3837 2383 corporali-

2184 2395 2294 2449 bus
2341 2399 2397 2449 et
2449 2397 2518 2450 de
2562 2396 2927 2468 spiritalibus
2978 2398 3421 2456 infirmitatibus
3454 2402 3834 2457 sentiendum

2185 2485 2644 2540 monstravimus
2677 2486 2853 2557 (Rom.
2886 2504 2977 2554 xv,
3011 2489 3083 2559 1).
3138 2494 3143 2507 '

2253 2572 2501 2629 Solliciti
2529 2590 2766 2637 servare,
2798 2581 2905 2631 etc.
2941 2576 3020 2631 De
3051 2592 3115 2632 eo
3147 2578 3300 2651 quod
3334 2577 3440 2645 illi,
3476 2579 3578 2651 qui
3623 2579 3841 2652 aliquid

2187 2662 2381 2729 habet,
2416 2661 2746 2718 sollicitudo
2776 2665 3039 2719 servandi
3076 2666 3433 2740 iniungitur;
3466 2668 3519 2724 ei
3551 2686 3715 2735 vero,
3745 2670 3839 2741 qui

2188 2768 2301 2807 non
2334 2750 2531 2816 habet,
2565 2752 2907 2822 acquirendi
2962 2754 3133 2809 datur
3181 2760 3560 2828 praeceptum.
3596 2758 3668 2813 Et
3718 2758 3838 2814 ideo

2185 2840 2452 2912 Ephesiis
2478 2841 2591 2895 ista
2622 2840 2928 2912 dieit,quia
2948 2843 3075 2912 jam
3107 2843 3363 2915 Spiritus
3393 2845 3586 2901 sancti
3621 2847 3838 2902 donum

2187 2929 2718 3001 acceperant.Facit
2736 2930 2849 2986 iste
2872 2931 3033 2987 locus
3064 2933 3346 2988 adversus
3377 2933 3837 3008 haereticos,qui,

2188 3019 2347 3091 pacis
2378 3018 2610 3073 vinculo
2642 3018 3165 3090 dissipato,dicunt
3192 3038 3253 3077 se
3276 3022 3565 3079 unitatem
3587 3023 3836 3096 Spiritus

2189 3112 2405 3163 tenere.
2437 3107 2546 3162 Sed
2580 3108 2874 3179 quomodo
2907 3109 3105 3165 multis
3136 3111 3335 3183 gratias
3389 3116 3574 3182 (Rom.
3625 3130 3729 3183 xu,
3776 3115 3835 3177 3;

2188 3199 2215 3253 Ι
2242 3199 2366 3253 Cor.
2401 3214 2502 3259 xu.
2537 3197 2597 3265 4;
2632 3198 2819 3269 Ephes.
2854 3215 2928 3265 ιν,
2959 3200 3039 3269 7),
3089 3199 3138 3255 si
3189 3200 3387 3256 unitas
3436 3207 3529 3258 est
3558 3202 3839 3275 Spiritus?

432 3279 723 3358 quomodo
756 3303 910 3341 nunc
936 3264 1299 3341 vota-nostra
1329 3287 1571 3351 excedit,
1611 3292 1668 3342 et
1716 3288 1943 3355 merita,
1968 3264 2075 3341 tri-
2110 3264 2151 3331 C
2189 3286 2294 3341 Sed
2328 3286 2496 3341 variae
2519 3264 2864 3342 donationes
2885 3264 3136 3358 Spiritus
3158 3294 3325 3357 sunt;
3354 3291 3454 3344 sed
3476 3264 3631 3347 idem
3661 3292 3842 3346 Domi-

433 3376 664 3429 buendo
696 3377 941 3443 majora,
970 3392 1146 3445 quam
1179 3375 1455 3445 petimus,
1485 3376 1567 3429 ita
1599 3381 1805 3430 caetera
1840 3376 2078 3441 tribuat,

434 3478 561 3533 quae
591 3478 697 3517 nec
726 3463 910 3531 (1060)
945 3478 1112 3517 mens
1145 3467 1334 3532 potest
1363 3463 1635 3534 cogitare.
1685 3464 1799 3534 Ipsi
1850 3465 1966 3519 Deo
2008 3464 2085 3520 sit

431 3548 627 3619 gloria
657 3554 717 3604 in
748 3551 1142 3621 Ecclesia,quaa
1175 3567 1289 3604 non
1322 3551 1495 3605 habet
1522 3551 1813 3607 maculam
1840 3552 2083 3608 :deinde

433 3637 493 3691 in
524 3637 775 3704 Chi-isto,
805 3638 865 3692 in
898 3654 1011 3708 quo
1045 3638 1271 3692 habitat
1302 3640 1494 3695 omnis
1526 3639 1829 3710 plenitudo
1870 3640 2081 3695 divini-

432 3725 571 3780 tatis
605 3742 774 3795 :quw
805 3724 989 3796 gloria
1038 3743 1150 3780 non
1202 3726 1259 3780 in
1301 3727 1572 3797 praesenti
1623 3729 1986 3797 extendatur,
2028 3735 2085 3786 et

434 3814 495 3868 in
531 3812 742 3868 tuturis
772 3812 1001 3868 saeculis
1031 3815 1396 3877 terminatur,
1433 3817 1533 3871 sed
1566 3822 1627 3871 in
1655 3833 1842 3872 omnes
1861 3834 2085 3889 genera-

436 3904 608 3957 tiones
636 3904 707 3956 sit
734 3901 1073 3957 saeculorum.
1111 3902 1188 3958 De
1217 3921 1283 3958 eo
1311 3906 1464 3975 quod
1498 3905 1780 3961 hactenus
1821 3908 1891 3962 de
1924 3925 2083 3980 mys-

437 3991 581 4045 terio
612 3990 1031 4045 incarnationis
1061 3991 1295 4060 Christi,
1326 3998 1383 4047 et
1411 3995 1479 4048 de
1511 3996 1918 4066 conjunctione
1940 3998 2082 4051 duo-

438 4095 568 4133 rum
600 4078 830 4134 locutus
858 4080 1224 4151 pepulerum,
1259 4082 1470 4138 abhinc
1505 4085 1851 4140 moralitatis
1882 4084 2088 4157 incipit

436 4169 661 4223 tradere
694 4173 995 4239 praecepta.

508 4256 689 4326 (1061)
712 4257 869 4327 (ΟΑΡ.
896 4257 1310 4329 lV.)Sequitur
1342 4277 1354 4314 ε
1390 4260 1613 4315 Obsecro
1637 4278 1742 4328 vos,
1776 4266 1885 4316 etc.
1920 4262 1998 4316 De
2019 4278 2085 4318 eo

439 4344 591 4416 quod
621 4349 826 4400 catena
849 4350 907 4399 et
936 4362 1181 4411 carcere,
1216 4347 1334 4402 sive
1356 4348 1566 4403 Christi
1599 4350 1877 4405 charitate
1900 4357 2087 4420 potest

439 4431 688 4503 intelligi
720 4434 1043 4500 vinotus,ut
1074 4422 1217 4489 illud
1249 4438 1568 4509 :Colligata
1597 4444 1673 4493 est
1702 4441 1889 4494 animo
1909 4441 2087 4496 David

437 4536 562 4573 cum
587 4522 784 4575 anima
812 4522 1062 4577 Jonathae
1095 4524 1297 4591 (1062).
1349 4525 1542 4581 Potest
1589 4533 1646 4581 et
1693 4528 1921 4583 vinctus
1969 4529 2081 4584 dici

2193 3392 2322 3430 nus.
2362 3376 2539 3431 Unum
2558 3392 2757 3446 corpus
2786 3392 3014 3444 sumus,
3066 3377 3122 3432 id
3164 3384 3274 3446 est,
3308 3377 3393 3434 vel
3426 3379 3713 3447 Ecclesia,
3744 3379 3837 3435 vel

2191 3480 2260 3519 ex
2290 3463 2514 3535 virgine
2544 3469 2870 3536 sumptum,
2902 3481 2975 3520 ne
3000 3465 3172 3521 toties
3216 3467 3591 3523 incarnatum
3645 3470 3837 3524 crede-

2191 3553 2545 3625 res,quoties
2558 3553 2901 3625 apparuisse
2924 3553 3135 3627 legitur
3151 3555 3209 3610 in
3232 3555 3425 3611 Veteri
3442 3557 3836 3614 Testamento.

2190 3642 2337 3711 Sive,
2369 3658 2544 3696 unum
2562 3658 2760 3713 corpus
2788 3642 2859 3697 ad
2893 3659 3067 3716 opera
3099 3660 3113 3699 :
3148 3660 3291 3702 unus
3320 3644 3568 3716 Spiritus
3600 3648 3844 3703 refertur

2192 3731 2263 3786 ad
2296 3730 2547 3786 scientiae
2595 3729 3171 3803 contemplationem.
3216 3734 3506 3798 Quaeritur
3552 3736 3839 3807 quomodo

2194 3836 2311 3873 una
2343 3835 2476 3890 spes
2504 3819 2842 3889 vocationis,
2874 3821 2927 3875 si
2955 3822 3015 3875 in
3042 3821 3197 3879 domo
3234 3826 3419 3879 Patris
3445 3826 3639 3881 multae
3685 3844 3840 3881 man-

2192 3910 2374 3962 siones
2401 3911 2526 3963 sunt
2558 3909 2735 3981 (Joan.
2769 3925 2884 3975 xxv,
2917 3910 2993 3981 2).
3013 3911 3138 3966 'Sed
3188 3928 3305 3966 una
3354 3930 3490 3985 spes
3530 3918 3625 3970 est
3674 3914 3840 3970 unius

2194 3996 2425 4065 domus,
2460 3997 2644 4068 regni,
2687 3997 2785 4052 ubi
2820 4002 3009 4065 potest
3036 4015 3165 4055 esse
3195 4000 3442 4056 varietas
3475 4002 3837 4059 meritorum.

2193 4086 2322 4140 Sive
2352 4102 2464 4139 una
2490 4102 2612 4156 spes
2642 4088 2962 4151 vocationis,
2993 4087 3049 4141 id
3075 4094 3179 4153 est,
3211 4092 3840 4163 resurrectionis,futu-

2195 4191 2270 4228 ra:
2302 4173 2750 4229 immutationis.
2791 4175 2866 4228 De
2894 4191 2960 4230 eo
2992 4177 3143 4248 quod
3178 4176 3237 4231 in
3270 4177 3378 4233 hoc
3409 4177 3537 4235 loco
3561 4188 3726 4245 sunt,
3750 4180 3842 4252 qui

2195 4278 2309 4316 non
2366 4262 2644 4333 Spiritum
2699 4267 2973 4319 sanctum
3031 4264 3390 4337 intelligunt,
3438 4268 3539 4323 sed
3575 4270 3842 4325 effectum

2194 4350 2409 4406 mentis
2442 4351 2678 4407 nomine
2708 4351 2971 4423 spiritus,
3004 4357 3070 4408 ut
3099 4352 3245 4409 illud
3278 4371 3291 4409 :
3323 4355 3707 4413 Multitudinis
3731 4373 3847 4413 cre-

2193 4440 2438 4495 dentium
2465 4445 2582 4495 εναί
2604 4456 2697 4495 cor
2724 4457 2900 4495 unum
2936 4445 2989 4496 et
3036 4443 3236 4497 anima
3282 4459 3391 4499 una
3439 4446 3582 4515 (Act.
3619 4463 3698 4512 Iv,
3730 4445 3843 4515 32);

2194 4533 2251 4584 et
2282 4530 2350 4583 de
2380 4529 2554 4584 vidua
2586 4545 2598 4584 :
2635 4531 2699 4585 Ut
2726 4531 2798 4584 sit
2829 4540 3029 4585 sancta
3073 4546 3300 4603 corpore
3326 4541 3380 4588 et
3408 4535 3620 4605 spiritu
3648 4535 3701 4606 (ι
3729 4536 3840 4591 Cor.

439 4608 633 4663 carnis
667 4608 996 4698 fragilitate,
1026 4613 1302 4682 quoniam
1331 4613 1430 4685 qui
1461 4615 1730 4687 cupiebat
1762 4617 2001 4673 dissolvi
2030 4622 2085 4673 et
2122 4635 2165 4698 D
2199 4635 2252 4672 v1
2284 4660 2298 4684 ,
2330 4620 2442 4688 34).
2477 4618 2767 4674 Unitatem
2803 4618 3045 4690 spiritus
3076 4625 3290 4690 servat,
3322 4622 3423 4693 qui
3472 4639 3593 4679 non
3628 4623 3845 4696 rapitur

440 4712 569 4752 esse
602 4714 736 4753 cum
768 4697 1019 4761 Christo,
1054 4702 1330 4757 manebat
1357 4703 1417 4757 in
1449 4721 1688 4776 corpore
1719 4706 2085 4779 corruptibili

442 4790 678 4857 propter
706 4787 1036 4844 auditorum
1070 4789 1339 4845 salutem.
1374 4792 1689 4849 Videamus
1710 4811 1844 4849 cum
1868 4800 2090 4866 quanta

442 4872 773 4929 humilitate
799 4875 1014 4931 debent
1058 4876 1217 4948 loqui
1264 4879 1581 4947 auditores,
1626 4897 1758 4935 cum
1811 4882 2092 4954 magister

441 4962 705 5033 gentium
752 4962 907 5019 dicat
948 4982 960 5020 :
996 4965 1221 5023 Obsecro
1269 4984 1380 5024 vos.
1432 4968 1542 5025 Sed
1591 4969 1730 5039 quid
1781 4969 2091 5025 obsecrat?

2197 4707 2356 4761 omni
2382 4711 2551 4763 vento
2581 4707 2855 4763 doctrinis
2885 4708 3182 4779 (Ephes.1v,
3217 4711 3325 4778 14),
3359 4726 3465 4766 nec
3488 4716 3845 4782 mutatur,ut

2198 4794 2339 4849 luna
2368 4796 2556 4862 (Eccli.
2590 4813 2761 4861 xxvn,
2798 4797 2905 4867 12),
2931 4813 3085 4851 nunc
3106 4796 3241 4864 Deo,
3277 4813 3432 4853 nunc
3453 4798 3696 4856 diabolo
3724 4817 3840 4856 ser-

2198 4882 2423 4937 viendo.
2458 4884 2565 4938 Sed
2595 4883 2770 4959 habet
2801 4899 2973 4939 unum
2999 4900 3191 4955 corpus
3221 4883 3509 4940 bonorum
3549 4890 3762 4959 (1064),
3789 4892 3841 4944 et

2198 4986 2435 5026 carnem
2466 4988 2633 5027 suam
2666 4956 2778 5028 Deo
2809 4971 3096 5043 templum
3127 4971 3464 5030 exhibetzet
3477 4992 3655 5033 unum
3680 4956 3841 5049 spiri-
