3974 5358
344 301 463 364 567

1348 302 1684 365 ATTONIS
1728 300 2317 364 VERCELLENSIS
2362 301 2719 365 EPISCOPI

3648 294 3768 360 568

353 432 578 489 mordio
592 429 856 488 Ecclesiae
872 433 1107 488 fuerunt
1144 433 1265 489 baac
1286 435 1506 499 omnia,
1540 436 1595 489 id
1617 439 1725 502 est,
1751 432 1999 505 apostoli
2030 436 2080 500 Α
2183 434 2497 505 Sequitur:
2532 436 2615 489 Ea:
2642 449 2745 506 quo
2776 436 2952 489 totum
2978 448 3199 504 corpus,
3232 433 3338 488 etc.
3376 434 3456 485 De
3487 444 3560 484 eo
3586 427 3774 500 quod,

353 527 410 578 et
437 521 767 593 prophetae;
802 539 916 577 non
967 521 1073 593 illi,
1106 524 1203 593 qui
1239 528 1371 578 ante
1428 523 1640 580 Christi
1686 524 1999 578 adventum

351 611 608 676 fuerunt,
630 611 728 665 sed
753 611 945 681 qualis
969 613 1420 685 Agabus(1076),
1445 619 1500 666 et
1519 629 1672 667 nunc
1691 617 2007 667 suntevan-

355 700 594 773 gelistze,
627 716 878 770 quorum
910 702 1085 771 pedes
1115 703 1261 756 beati
1299 708 1436 757 sunt
1486 704 1611 769 (lsa.
1641 720 1735 766 ιιι,
1756 704 1830 772 7).
1858 702 2008 755 Sunt

356 795 415 845 et
454 778 926 844 modo'doctores
966 795 1023 843 et
1055 798 1339 861 pastores.
1374 791 1477 854 Qui
1512 792 1776 845 doctores
1800 788 2005 860 (1077),

357 879 469 952 ipsi
504 884 642 934 sunt
667 884 964 948 pastores;
999 880 1243 950 quiaille
1275 881 1556 935 veraciter
1571 880 1773 950 pascit,
1799 879 2009 950 quide-

359 974 469 1025 cet.
505 968 566 1022 In
591 966 907 1039 primordio
940 984 1144 1023 omnes
1167 970 1451 1023 docebant
1486 969 1574 1023 vel
1606 968 2005 1039 baptizabant;

361 1057 515 1130 quod
540 1073 696 1111 nunc
712 1073 822 1111 non
848 1056 1001 1119 licet,
1029 1074 1099 1111 ne
1115 1058 1396 1112 vilescant
1420 1057 1684 1112 Ecclesiae
1710 1057 2005 1129 mysteria.

358 1148 441 1202 Ad
478 1146 615 1217 quid
650 1150 791 1200 sunt
815 1145 1042 1199 diversa
1071 1147 1262 1201 ofﬁcia
1282 1147 1310 1200 ?
1330 1147 1411 1201 Ad
1434 1146 1859 1215 aediﬁcationem
1887 1162 2008 1200 cor-

359 1236 513 1307 poris
561 1233 784 1289 Christi.
836 1234 946 1289 Sed
980 1250 1286 1306 quousque
1310 1234 1337 1288 ?
1382 1235 1685 1306 Sequitur:
1720 1236 1894 1289 Donec
1923 1250 2009 1289 oc-

363 1339 674 1388 curramus,
707 1327 817 1377 etc.
846 1339 858 1375 :
903 1338 1049 1394 quos
1073 1340 1276 1390 omnes,
1309 1324 1422 1378 nisi
1447 1324 1752 1379 credentes
1772 1324 1877 1378 ‘lEt
1924 1328 2014 1377 est

366 1429 576 1470 sensus
603 1430 614 1467 :
639 1416 769 1466 Haec
792 1411 983 1466 ofﬁcia
1012 1417 1151 1467 sunt
1190 1412 1539 1477 necessaria,
1571 1414 1751 1467 donec
1786 1413 2016 1466 totaEc—

366 1501 544 1558 clesia
564 1503 625 1556 in
653 1516 974 1556 mensuram
992 1503 1175 1557 aetatis
1191 1501 1564 1571 plenitudinis
1595 1500 1797 1555 Chriin
1821 1515 2015 1572 perve-

370 1591 493 1645 niat
516 1608 528 1645 :
553 1590 706 1661 quod
738 1594 795 1644 et
823 1589 883 1643 in
913 1589 1023 1644 hac
1074 1590 1192 1644 vita
1225 1588 1435 1660 partim
1489 1589 1920 1661 impletur;sed
1955 1588 2015 1643 in

368 1680 483 1735 fine
516 1678 829 1750 perficitur.
863 1678 965 1732 Hic
996 1677 1290 1748 impletur,
1314 1693 1473 1744 cum,
1503 1677 1584 1732 ita
1610 1676 2016 1732 solidamurin

2112 537 2245 575 cum
2280 524 2337 577 in
2372 526 2484 578 line
2505 523 2812 578 Dominum
2844 523 3029 593 (1081)
3052 520 3397 584 viderimus,
3431 524 3488 573 et
3515 517 3576 571 in
3605 533 3771 571 men-

2114 628 2312 689 suram
2331 612 2512 665 aalatis
2526 610 2906 683 plenitudinis
2918 609 3135 667 Christi
3149 607 3616 680 pervenerimus,
3634 610 3772 659 tunc

2115 704 2298 753 totum
2331 716 2543 772 corpus
2572 701 2718 771 ejus,
2752 700 2904 772 quod
2941 715 3094 753 nunc
3130 696 3427 752 divulsum
3470 701 3533 750 et
3551 694 3771 748 dilace-

2118 794 2309 843 ratum
2340 789 2587 853 videtur,
2620 790 2678 843 in
2712 805 2879 843 suam
2913 788 3771 858 compagem,juncturamque

2118 877 2428 945 redigetur.
2466 877 2806 948 Exemplum
2841 876 3097 931 hominis
3128 874 3295 928 divisi
3322 890 3425 945 per
3455 877 3692 943 partes:
3718 876 3776 925 et

2118 981 2222 1020 nec
2254 983 2319 1020 os
2349 965 2466 1021 ossi
2490 967 2796 1037 jungatur,
2830 971 2932 1019 eta
2956 964 3202 1031 medico,
3228 962 3582 1034 priusquam
3598 975 3776 1014 sane-

2117 1058 2232 1123 tur,
2267 1055 2530 1109 membra
2559 1056 2683 1109 suis
2716 1054 2774 1108 in
2824 1053 2969 1109 locis
3017 1059 3309 1124 ponantur
3358 1051 3571 1122 (1082).
3631 1053 3778 1102 Item

2118 1142 2526 1198 similitudode
2545 1142 2803 1214 parvulo,
2823 1143 3013 1213 cujus,
3045 1146 3101 1195 te
3118 1156 3231 1195 non
3254 1139 3511 1202 vidente,
3534 1135 3787 1207 implen-

2119 1235 2215 1285 tur
2246 1233 2527 1297 membra,
2560 1238 2617 1286 et
2643 1230 2942 1303 perﬁcitur
2984 1234 3121 1285 satas
3150 1228 3356 1300 (1083).
3392 1227 3481 1281 Ita
3511 1224 3784 1280 Christus

2121 1321 2384 1376 medicus
2414 1320 2783 1392 omnipotens
2814 1324 2879 1375 ut
2918 1318 3251 1391 perficiatur
3308 1330 3551 1388 corpus,
3610 1314 3783 1385 pedes

2122 1408 2390 1481 pedibus,
2407 1408 2607 1465 oculos
2620 1407 3008 1481 oculisjungit
3027 1411 3115 1477 ;et
3137 1405 3404 1462 membra
3420 1402 3636 1459 omnia
3650 1402 3781 1457 inse

2125 1496 2409 1552 charitate
2427 1498 2781 1568 junguntur.

2195 1676 2378 1746 (1084)
2405 1675 2713 1746 Sequitur:
2747 1677 2853 1730 Hoc
2899 1690 3033 1747 ergo
3074 1674 3214 1743 dico,
3246 1677 3356 1729 etc.
3409 1672 3494 1727 De
3522 1687 3595 1727 eo
3630 1670 3787 1742 quod

370 1768 483 1822 ﬁde
513 1772 570 1822 et
600 1767 901 1835 charitate,
936 1771 1000 1821 ut
1029 1783 1145 1821 non
1194 1782 1531 1821 moveamur
1571 1768 1722 1822 omni
1747 1775 1901 1822 vento
1931 1766 2020 1820 do-
2048 1803 2096 1866 B
2128 1765 2186 1819 in
2217 1769 2405 1835 ccepta
2456 1762 2794 1831 intentione,
2826 1764 2883 1819 id
2915 1768 3024 1835 est,
3056 1779 3196 1834 erga
3245 1760 3609 1817 moralitatis
3642 1776 3793 1831 pre-

369 1859 590 1912 ctrinae.
616 1854 937 1926 Perficitur,
964 1872 1094 1910 cum
1125 1859 1310 1910 totum
1344 1872 1553 1927 corpus
1576 1855 1872 1927 impletur.
1908 1856 2018 1910 Sed

372 1961 554 2016 quare
584 1943 887 2015 parvulum
924 1960 984 1999 se
1012 1943 1153 1997 dicit
1182 1944 1537 2016 Apostolus?
1568 1944 2019 2013 Humilitate,an

372 2034 512 2105 quia
543 2050 610 2088 ex
643 2037 805 2105 parte
832 2032 1004 2098 videt,
1040 2038 1097 2087 et
1146 2050 1214 2087 ex
1244 2039 1404 2104 parte
1431 2034 1784 2104 prophetat?
1822 2034 1867 2105 (1
1897 2034 2018 2089 Cor.

371 2139 495 2187 xm,
530 2123 607 2192 9.)
667 2122 811 2176 Nam
845 2121 904 2175 in
938 2122 1372 2193 comparatione
1416 2123 1699 2177 Judaismi
1732 2124 2021 2194 perfectus

372 2216 517 2277 erat,
550 2217 613 2265 ut
643 2209 787 2265 illud
815 2228 827 2266 :
862 2209 991 2265 Cum
1023 2226 1194 2265 essem
1223 2212 1692 2281 parvulus(lbid.,
1719 2212 1825 2281 1t),
1860 2216 1969 2265 etc.
2003 2229 2015 2277 ;

368 2300 429 2356 in
462 2300 895 2369 comparatione
916 2298 1536 2369 futuraaintelligentize
1556 2299 1849 2370 parvulus,
1883 2300 2023 2370 quia

370 2405 441 2443 ex
471 2392 633 2459 parte
660 2388 788 2441 scit.
827 2386 923 2441 Ille
952 2403 1105 2452 vero,
1156 2386 1255 2457 qui
1287 2387 1428 2441 dicit
1457 2403 1588 2441 eum
1623 2404 1737 2441 non
1784 2388 2020 2445 humili-

367 2481 506 2544 tate,
541 2477 640 2531 sed
674 2476 744 2530 de
775 2474 1131 2529 conscientia
1154 2475 1321 2529 illum
1354 2475 1462 2530 hoc
1481 2475 1816 2546 protulisse,
1838 2476 2016 2532 dicit:

371 2563 678 2636 Apostolus
708 2562 860 2617 acris
890 2562 1073 2634 (1078)
1115 2548 1368 2633 ingenii:
1404 2564 1705 2634 pugnabat
1739 2565 2020 2619 adversus

371 2669 616 2723 errores,
652 2656 709 2707 et
739 2651 905 2723 quasi
931 2651 989 2705 in
1024 2652 1202 2723 puppi
1236 2657 1420 2716 stans,
1445 2652 1909 2723 gubernaculum
1943 2658 2023 2707 te-

371 2758 539 2813 nens,
564 2746 909 2813 spumantes
941 2739 1234 2794 haereseon
1269 2741 1481 2795 fluctus
1531 2741 1664 2795 fidei
1707 2740 2021 2798 securitate

372 2831 708 2902 frangebat;
734 2846 851 2884 non
873 2833 1066 2883 tamen
1090 2845 1354 2896 securus,
1376 2828 2020 2901 etintrepidusprospi-

374 2919 564 2974 ciebat
589 2916 774 2988 (1079)
804 2920 1007 2971 ventos
1031 2916 1168 2971 hinc
1218 2917 1351 2971 inde
1402 2917 1747 2988 proflantes;
1772 2920 1867 2973 sed
1903 2935 2017 2972 non

375 3010 499 3063 erat
543 3006 628 3060 illi
678 3021 884 3060 secura
926 3005 1187 3059 victoria.
1239 3006 1519 3077 Sperabat
1573 3011 1769 3063 tamen
1803 3011 1885 3071 ut,
1918 3007 2017 3062 Dei

377 3094 611 3165 auxilio,
648 3094 719 3149 de
748 3098 941 3149 mente
971 3095 1099 3164 ejus
1133 3093 1366 3164 repulsa
1392 3094 1754 3151 dubitatione
1778 3096 2022 3151 ﬁrmiter

2129 1859 2298 1924 cepta
2328 1858 2675 1925 perseverat,
2728 1856 2785 1907 et
2844 1868 2992 1924 quos
3046 1850 3315 1922 superius
3350 1850 3790 1911 obsecraverat,

2130 1959 2283 1997 nunc
2310 1942 2675 1998 invocatione
2690 1940 2940 1997 nominis
2956 1940 3175 1995 domini
3192 1939 3581 2010 constringit.
3610 1939 3687 1993 Et
3709 1941 3794 1992 est

2130 2048 2378 2086 sensus:
2414 2032 2547 2085 Dico
2601 2032 2786 2095 vobis,
2818 2047 2850 2086 ο
2883 2029 3137 2102 Ephesii,
3173 2034 3229 2084 et
3267 2030 3500 2099 adjuro,
3535 2032 3625 2096 ut,
3657 2026 3792 2098 quia

2130 2136 2373 2175 occursu
2385 2120 2428 2174 ri
2442 2119 2651 2175 estisin
2671 2136 3006 2174 mensuram
3021 2118 3209 2173 aetatis
3223 2117 3620 2190 plenitudinis
3632 2116 3792 2170 Chri-

2130 2207 2226 2270 sti,
2258 2224 2367 2262 non
2396 2209 2710 2275 ambuletis,
2743 2213 2884 2263 sicut
2913 2207 3202 2263 ambulant
3232 2214 3437 2275 gentes,
3490 2206 3549 2259 id
3588 2209 3702 2273 est,
3734 2206 3791 2259 in

2127 2298 2371 2350 vanitate
2398 2312 2584 2350 sensus
2610 2299 2701 2351 sui
2727 2313 2748 2358 ,ο
2779 2296 2916 2366 quia
2946 2312 3060 2351 non
3094 2299 3231 2349 sunt
3252 2294 3325 2349 de
3348 2292 3570 2365 populo
3604 2293 3790 2364 gravi,

2130 2386 2188 2439 in
2221 2401 2336 2455 quo
2368 2385 2523 2439 Deus
2555 2385 2830 2438 landatur
2857 2401 2870 2439 :
2904 2390 2960 2439 et
2988 2385 3062 2438 ob
3093 2384 3201 2438 hoc
3232 2382 3534 2438 obscurati
3571 2388 3789 2445 mente,

2129 2472 2188 2528 id
2220 2478 2309 2527 est
2338 2474 2495 2538 caeci,
2530 2474 2661 2527 facti
2687 2477 2827 2527 sunt
2858 2471 3026 2544 ;quia
3047 2489 3147 2544 per
3164 2477 3495 2527 creaturam
3519 2476 3790 2542 poterant

2130 2578 2443 2634 agnoscere
2473 2567 2824 2629 Creatorem,
2859 2561 3068 2632 etquia
3100 2560 3593 2628 nolunt,alienali
3614 2578 3655 2615 a
3682 2560 3791 2614 rita

2127 2652 2257 2712 Dei;
2278 2667 2389 2705 non
2420 2650 2677 2706 estenim
2703 2650 2969 2717 vita,nisi
2989 2650 3048 2705 in
3080 2649 3218 2717 Deo,
3251 2666 3286 2704 a
3307 2666 3422 2721 quo
3445 2649 3791 2704 recedentes

2129 2740 2200 2794 ad
2237 2757 2346 2795 non
2380 2756 2508 2795 esse
2532 2740 2798 2811 tendunt,
2823 2748 3043 2811 propter
3060 2739 3715 2812 ignorantiam,qua!est
3736 2740 3794 2792 in

2128 2830 2263 2884 illis.
2317 2828 2462 2883 Nota
2521 2828 2675 2901 quod
2726 2829 2958 2883 caecitas
2996 2828 3215 2884 mentis
3246 2832 3663 2899 contemptum
3698 2829 3791 2882 Dei

2128 2922 2385 2989 generat.
2415 2918 2563 2972 Nota
2592 2917 2744 2989 quod
2782 2918 3060 2973 indoctus
3093 2922 3149 2971 et
3178 2933 3368 2972 caseus
3398 2933 3516 2971 non
3550 2916 3789 2986 dicitur,

2130 3007 2243 3061 nisi
2274 3007 2374 3077 qui
2407 3008 2556 3062 scire
2587 3013 2643 3061 et
2666 3006 2860 3062 videre
2894 3010 3109 3076 potest.
3144 3005 3307 3061 Unde
3340 3021 3450 3059 nec
3485 3005 3789 3060 indoctum

2129 3094 2344 3150 animal
2378 3095 2638 3157 brutum,
2672 3111 2775 3149 nec
2807 3111 3023 3149 caecum
3059 3092 3312 3164 lapidem
3347 3093 3792 3149 dicimus.Gen-

377 3185 635 3240 crederet
664 3182 912 3251 veritati,
946 3187 1001 3237 et
1030 3187 1268 3253 augeret
1288 3199 1417 3237 eam
1448 3184 1504 3236 in
1535 3183 1843 3238 dilectione
1863 3184 2022 3240 Chri-
2053 3166 2095 3231 (ἶ
2138 3184 2287 3238 tium
2320 3200 2457 3238 vero
2479 3188 2689 3238 natura
2720 3183 2828 3237 fuit
2864 3190 3045 3237 Deum
3078 3198 3429 3254 cognoscere
3462 3198 3658 3253 posse.
3681 3182 3789 3237 Sed

378 3272 473 3339 sti,
508 3288 681 3344 quem
715 3272 932 3326 sciebat
987 3274 1045 3324 et
1075 3270 1164 3325 sui
1197 3275 1253 3324 et
1283 3271 1464 3324 totius
1512 3272 1779 3326 Ecclesia:
1828 3278 2023 3344 caput.

376 3361 691 3416 Sciendum
724 3363 813 3413 est
844 3358 998 3429 quod
1034 3357 1127 3411 hic
1156 3357 1318 3412 locus
1350 3358 1406 3412 in
1441 3359 1636 3414 Graeco
1662 3361 2028 3417 manifestior

378 3449 485 3515 ﬁt;
518 3449 658 3519 quia
688 3448 828 3506 dum
861 3446 1101 3500 verbum
1134 3462 1164 3499 e
1193 3446 1366 3500 verbo
1415 3449 1781 3519 transfertur,
1815 3467 2026 3506 sensus

380 3538 726 3593 obscuratur
754 3535 962 3607 (1080).

385 3642 619 3716 Filium,
653 3643 795 3696 dum
817 3641 1082 3695 eamdem
1117 3640 1512 3710 operationem
1547 3658 1675 3697 esse
1718 3660 1832 3698 non
1865 3650 2030 3716 putat

383 3714 767 3769 diversorum.
805 3735 831 3760 »ι

457 3785 639 3854 (1070)
673 3783 894 3854 Unuse
924 3782 1313 3853 septuaginta,
1364 3783 1535 3853 juxta
1594 3785 1843 3851 Graecos,
1888 3786 2028 3842 Jesu

385 3854 598 3910 Christi
632 3853 927 3924 dicipulis,
960 3855 1057 3923 qui
1096 3856 1310 3908 famem
1342 3854 1398 3907 iu
1436 3861 1551 3909 tota
1585 3862 1740 3911 terra
1772 3858 2029 3913 futuram

387 3926 653 3997 prazdixit
699 3926 833 3999 (Act.
893 3926 1112 3999 x1,_23),
1156 3942 1353 3999 quam
1392 3925 1631 3999 Claudio
1688 3928 2031 3999 imperante,

388 3996 595 4067 quarto
624 3997 813 4068 ipsius
845 3996 1025 4068 regni,
1058 4001 1115 4051 et
1144 3997 1356 4051 Christi
1388 3998 1453 4051 44
1485 4015 1636 4053 anno
1658 3996 1920 4055 evenisse
1947 3996 2031 4055 te;

388 4066 576 4141 statur
606 4066 844 4141 sanctus
872 4066 1211 4141 LucasAloco
1240 4068 1365 4136 cit.,
1399 4074 1455 4123 et
1476 4070 1546 4141 de
1569 4086 1683 4140 qua
1717 4071 1868 4126 inter
1899 4089 2030 4141 pro-

386 4140 554 4195 fauos
602 4139 917 4195 Suetonius
950 4139 1007 4193 in
1041 4137 1280 4194 Claudio
1313 4156 1439 4210 cap.
1482 4140 1561 4207 18,
1587 4137 1810 4212 Ἰοεθρὴ
1836 4137 2027 4213 Antiq.

384 4211 487 4265 lib.
519 4228 612 4265 xx.
666 4227 791 4265 can.
823 4212 859 4261 2

410 4227 487 4265 ιο.
519 4228 612 4277 xx,
666 4227 791 4277 cap.

386 4228 487 4265 un.
519 4228 612 4277 xx,
666 4228 791 4281 cap.
824 4228 859 4261 τ,

386 4283 640 4407 “(23:81)
674 4282 737 4336 In
765 4281 883 4335 imo
914 4295 1100 4350 marg.
1136 4280 1411 4352 leguntur
1442 4281 1616 4335 verba
1645 4280 1765 4335 haec
1791 4298 1804 4338 :
1832 4292 1885 4336 et
1916 4321 1927 4333 .
1965 4327 1976 4337 .
2015 4324 2028 4336 .

423 4356 644 4407 actores.

459 4421 894 4494 (1078)Aln_gcod.
928 4419 1140 4494 legitur
1169 4423 1328 4475 sacri.
1380 4422 1489 4476 Sed
1523 4426 1647 4476 tum
1682 4423 2029 4494 frequentia,

389 4497 517 4565 tum
550 4492 665 4565 divi
692 4491 987 4565 Hieroymi
1008 4492 1067 4545 in
1092 4492 1244 4546 hunc
1268 4497 1488 4547 textum
1508 4494 1701 4565 verba,
1726 4491 2030 4552 rectiorem

391 4564 541 4620 hanc
574 4563 881 4618 lectionem
914 4579 1171 4618 suasere.

465 4635 652 4706 (1079)
682 4634 921 4709 lis_d_em_
948 4631 1300 4709 supradictis
1349 4633 1438 4709 de_
1462 4634 1653 4690 causis
1669 4639 2035 4709 prospiciebat

395 4705 522 4761 loco
551 4706 878 4777 proﬁciebat
907 4705 1215 4777 legendum
1245 4705 1600 4776 putavimus.

466 4778 651 4859 (1080)
679 4777 825 4861 Quia
884 4776 1603 4861 μεέαφορικῶςλόὶοξξῐηυς.
1634 4777 1691 4831 in
1723 4783 1936 4861 Greco.
1970 4779 2038 4833 Et

396 4849 589 4904 omnis
612 4847 970 4920 metaphora,
994 4847 1041 4903 si
1065 4847 1135 4903 de
1154 4865 1269 4902 una
1290 4847 1347 4903 in
1371 4848 1545 4903 aliam
1569 4848 1831 4920 linguam
1854 4854 2040 4903 trans-

396 4919 634 5001 feratur,
686 4919 1035 4990 quandoque
1084 4922 1346 5001 sensium,
1396 4920 1514 4975 fere
1565 4919 1797 4992 semper
1842 4926 2037 4975 tamen

393 4992 536 5054 vim,
569 4998 626 5045 et
648 4997 1009 5046 venustatem
1042 4992 1277 5046 amittit.

490 5062 647 5127 1081)
678 5063 737 5117 In
770 5063 894 5117 cod.
928 5064 1163 5117 Domini.

492 5128 647 5201 1082)
674 5135 756 5187 Ad
800 5132 1271 5205 intelligentiam_
1303 5131 1484 5205 hujus
1531 5132 1623 5183 vix
1669 5129 1933 5205 indicatis
1984 5137 2040 5205 e_t

400 5200 751 5270 imperfecta:
785 5200 1187 5258 similitudinis
1218 5202 1330 5256 divi
1359 5201 1690 5271 Hieronymi
1716 5206 1936 5255 textum
1961 5202 2041 5254 af-

398 5272 545 5325 ferre
569 5272 755 5329 juvat.
788 5276 884 5329 aui
920 5276 1001 5328 ita
1029 5275 1085 5328 in
1119 5275 1274 5329 hunc
1324 5273 1514 5326 locum
1562 5270 1769 5326 habet:
1804 5294 1831 5319 ‹‹
1865 5272 2039 5326 Totas

421 5286 545 5350 erre
568 5286 755 5358 juvat,
788 5292 884 5343 QUI
920 5286 1001 5328 ita
1029 5292 1085 5328 1n
1120 5286 1274 5329 nunc
1319 5286 1538 5352 locum_
1562 5286 1769 5358 habet":
1804 5294 1831 5319 ‹‹
1865 5286 2039 5351 tetas

2138 3271 2362 3327 utinam
2396 3273 2689 3327 sufﬁceret
2719 3287 2988 3343 peccasse
3023 3296 3036 3337 ;
3066 3270 3154 3326 vel
3184 3288 3312 3326 sero
3330 3276 3573 3342 agerent
3604 3271 3781 3342 paeni-

2135 3362 2400 3417 tentiam.
2436 3361 2545 3415 Sed
2579 3360 2716 3431 quid
2749 3360 2937 3423 dicit?
2960 3361 3063 3429 Qui
3095 3360 3445 3431 desperantes
3475 3361 3785 3430 semetipsos

2136 3451 2339 3522 (1085),
2374 3450 2427 3503 id
2456 3454 2566 3513 est,
2598 3448 2698 3519 qui
2731 3450 3129 3520 desperantde
3161 3450 3278 3503 vita
3308 3449 3530 3514 futura,
3559 3448 3652 3506 vel
3680 3449 3781 3521 qui

2138 3538 2428 3593 malorum
2461 3537 2749 3608 supplicia
2779 3554 2895 3592 non
2914 3553 3043 3592 esse
3074 3537 3543 3609 credunt(1086).
3573 3538 3710 3592 Ideo
3734 3552 3794 3592 se

2132 3647 2424 3715 jungatur
2453 3644 2524 3697 ad
2557 3658 2839 3715 nervum:
2861 3643 3177 3715 separatim
3197 3642 3794 3715 oculijaceant,seor-

2139 3712 2273 3770 sum
2306 3730 2497 3783 nares,
2517 3730 2724 3785 manus
2741 3712 3129 3768 aliumlocum
3149 3712 3403 3780 teneant,
3420 3714 3539 3769 alio
3556 3715 3793 3785 proiecti

2140 3787 2260 3840 sint
2286 3788 2481 3855 pedes,
2508 3791 2564 3839 et
2587 3784 2809 3856 reliqua
2831 3786 3095 3840 membra
3115 3785 3173 3839 in
3196 3786 3352 3840 hunc
3376 3784 3622 3840 modum
3650 3786 3796 3840 inter

2140 3874 2201 3912 se
2233 3857 2500 3927 dispersa
2538 3856 2674 3928 (sint
2730 3863 2787 3928 et
2816 3856 3020 3911 divisa.
3057 3857 3255 3928 Finge
3304 3856 3567 3928 aliquem
3600 3857 3792 3911 venire

2142 3933 2312 3983 tanta:
2338 3926 2599 3982 scientia:
2632 3927 2948 3993 medicum,
2970 3926 3251 3998 quijuxta
3284 3926 3513 3982 fabulas
3536 3927 3792 3982 ethnico-

2143 4016 2295 4063 rum,
2321 3998 2718 4068 zEsculapium
2752 3997 3203 4071 possit_i_mitari,
3241 4005 3299 4053 et
3326 3999 3384 4071 in
3410 4014 3626 4071 novam
3652 3999 3794 4071 ﬁgu-

2144 4086 2291 4132 ram,
2328 4085 2659 4139 novumque
2682 4068 2914 4135 nomen,
2939 4068 3204 4123 Virbium
3227 4070 3516 4124 suscitare
3548 4088 3562 4125 :
3590 4070 3685 4124 hic
3700 4068 3795 4124 ne-

2142 4156 2305 4196 cesse
2327 4139 2564 4194 habebit
2587 4140 3048 4212 unumquodque
3070 4141 3398 4195 membrum
3423 4157 3533 4196 suo
3555 4140 3688 4196 loco
3717 4156 3796 4195 re-

2142 4212 2403 4293 stituere,
2419 4216 2473 4265 et
2488 4211 3121 4293 compagemcopulare
3144 4212 3431 4283 compagi,
3456 4212 3795 4293 etAquodam

2141 4281 2999 4356 glutine_par_tibus_restitutis,
3026 4299 3208 4337 unum
3233 4281 3444 4356 corpus
3474 4281 3728 4338 efﬁcere.
3764 4303 3790 4331 ιι

2210 4352 2452 4426 (1083)ε‹
2487 4352 2767 4426 Parvulas
2798 4358 3036 4421 crescat,
3070 4359 3124 4408 et
3154 4352 3378 4409 occulto
3407 4370 3529 4408 aevo
3561 4355 3621 4409 in
3659 4371 3784 4426 per-

2144 4426 2350 4496 fectam
2372 4424 2661 4479 adolescat
2676 4429 2904 4479 aetatem
2933 4441 2946 4491 ;
2966 4440 3141 4478 suum
3166 4441 3380 4479 manus
3403 4424 3792 4496 augmentum

2142 4494 2400 4562 habebit,
2432 4512 2539 4567 sua
2559 4496 2733 4565 pedes
2753 4496 3007 4567 sentient
3023 4495 3401 4567 incrementa;
3415 4494 3642 4567 venter,
3658 4497 3797 4567 dum

2145 4568 2467 4632 nescimus,
2493 4566 2806 4637 impletur;
2842 4565 3091 4633 humeri,
3119 4567 3259 4621 dum
3310 4566 3603 4621 falluntur
3623 4565 3793 4633 eculi,

2145 4638 2484 4706 dilatantur,
2517 4642 2573 4691 et
2604 4637 2799 4709 omnia
2813 4638 3077 4692 membra
3090 4653 3194 4709 per
3222 4642 3416 4708 partes
3436 4638 3616 4709 juxta
3636 4654 3796 4693 men-

2146 4724 2342 4762 suram
2379 4724 2546 4762 suam
2580 4708 2665 4762 sic
2706 4714 2992 4769 crescunt.
3027 4708 3107 4763 uti
3147 4713 3340 4763 tamen
3374 4708 3493 4764 non
3526 4708 3664 4773 sibi,
3700 4708 3795 4765 sed

2147 4779 2369 4849 corpori
2401 4780 2709 4833 videantur
2739 4780 2969 4849 augeri:
3009 4800 3036 4827 υ
3066 4779 3146 4849 ita
3176 4779 3344 4833 divus
3384 4779 3627 4834 Hieron.
3660 4781 3759 4835 ibi.

2218 4848 2400 4921 (1081)
2434 4851 2493 4904 In
2526 4855 2719 4921 autog.
2757 4848 3091 4921 margqhic'
3125 4848 3338 4921 legitur
3367 4865 3495 4920 cap.
3530 4850 3658 4905 XVI

2217 4921 2402 4987 (1083)
2458 4922 2629 4975 Juxta
2674 4920 2905 4974 divium’
2947 4920 3562 4987 Hieron.’desperanles
3598 4921 3792 4977 minus

2148 4997 2300 5045 recte
2314 5010 2346 5043 a
2360 4991 2553 5046 Graeco
2568 4988 2969 5063 ἀπηλεγοῦντες
2989 4989 3207 5051 ἑαύτους
3223 4992 3277 5045 in
3290 4988 3578 5063 Latinum
3610 4992 3796 5048 reddi-

2148 5066 2271 5137 tum
2306 5067 2429 5115 est:
2464 5058 2806 5137 desperantes
2823 5063 3035 5133 quippe
3057 5064 3248 5137 Graece
3278 5058 3795 5137 ἀπηλεςγοῦντεςειρ-

2150 5132 2476 5205 pellantur;
2512 5130 3090 5205 ἀᾶτηλγοζιντέςιιὶιὶρω
3110 5133 3165 5187 hi
3185 5139 3343 5201 sunt,
3363 5130 3791 5205 quipostquain

2152 5202 2532 5275 peccaverint,
2568 5202 2687 5275 non
2715 5204 2914 5257 dolent
2938 5204 3066 5273 ;qui
3085 5220 3453 5275 nequaquam
3479 5202 3791 5260 sentiente-

2152 5274 2376 5358 [uiuam
2396 5289 2586 5358 suam,
2604 5273 2939 5353 ferunturin
2958 5273 3586 5358 pronum,ettan‘quam
3605 5277 3792 5358 bestia
