  <div class='ocr_page' id='page_1' title='image "/cluster/home/n/w/nwhite01/storage/ocr_20150623/134/hvd.32044015471741/282.png"; bbox 0 0 3974 5358; ppageno 0'>
   <div class='ocr_carea' id='block_1_1' title="bbox 127 198 237 260">
    <p class='ocr_par' dir='ltr' id='par_1_1' title="bbox 127 198 237 260">
     <span class='ocr_line' id='line_1_1' title="bbox 127 198 237 260; baseline 0 0"><span class='ocrx_word' id='word_1_1' title='bbox 127 198 237 260; x_wconf 79' lang='lat'><strong>569</strong></span> 
     </span>
    </p>
   </div>
   <div class='ocr_carea' id='block_1_2' title="bbox 668 201 2978 267">
    <p class='ocr_par' dir='ltr' id='par_1_2' title="bbox 668 201 2978 267">
     <span class='ocr_line' id='line_1_2' title="bbox 668 201 2978 267; baseline -0.001 -3"><span class='ocrx_word' id='word_1_2' title='bbox 668 203 1082 267; x_wconf 84' lang='lat' dir='ltr'><strong>EXPOSITIO</strong></span> <span class='ocrx_word' id='word_1_3' title='bbox 1128 204 1205 265; x_wconf 90' lang='lat' dir='ltr'><strong>IN</strong></span> <span class='ocrx_word' id='word_1_4' title='bbox 1253 206 1680 267; x_wconf 80' lang='lat' dir='ltr'><strong>EPISTULAS</strong></span> <span class='ocrx_word' id='word_1_5' title='bbox 1726 203 1990 267; x_wconf 83' lang='lat' dir='ltr'><strong>PAULI.</strong></span> <span class='ocrx_word' id='word_1_6' title='bbox 2024 204 2208 263; x_wconf 87' lang='grc' dir='ltr'><strong>-ΙΝ</strong></span> <span class='ocrx_word' id='word_1_7' title='bbox 2255 203 2503 267; x_wconf 86' lang='lat' dir='ltr'><strong>EPIST.</strong></span> <span class='ocrx_word' id='word_1_8' title='bbox 2552 205 2654 266; x_wconf 83' lang='lat' dir='ltr'><strong>AD</strong></span> <span class='ocrx_word' id='word_1_9' title='bbox 2699 201 2978 264; x_wconf 81' lang='lat' dir='ltr'><strong>EPHES.</strong></span> 
     </span>
    </p>
   </div>
   <div class='ocr_carea' id='block_1_3' title="bbox 3412 198 3534 260">
    <p class='ocr_par' dir='ltr' id='par_1_3' title="bbox 3412 198 3534 260">
     <span class='ocr_line' id='line_1_3' title="bbox 3412 198 3534 260; baseline 0.016 -3"><span class='ocrx_word' id='word_1_10' title='bbox 3412 198 3534 260; x_wconf 79' lang='grc'><strong>570</strong></span> 
     </span>
    </p>
   </div>
   <div class='ocr_carea' id='block_1_4' title="bbox 125 331 3528 409">
    <p class='ocr_par' dir='ltr' id='par_1_4' title="bbox 125 331 3528 409">
     <span class='ocr_line' id='line_1_4' title="bbox 125 331 3528 409; baseline -0.001 -20"><span class='ocrx_word' id='word_1_11' title='bbox 125 333 361 389; x_wconf 88' lang='lat' dir='ltr'><strong>tradunt</strong></span> <span class='ocrx_word' id='word_1_12' title='bbox 392 334 1095 397; x_wconf 54' lang='lat' dir='ltr'><strong>immunditieefacientes</strong></span> <span class='ocrx_word' id='word_1_13' title='bbox 1128 340 1412 409; x_wconf 81' lang='lat' dir='ltr'><strong>quidquid</strong></span> <span class='ocrx_word' id='word_1_14' title='bbox 1447 356 1657 409; x_wconf 89' lang='lat' dir='ltr'><strong>corpus</strong></span> <span class='ocrx_word' id='word_1_15' title='bbox 1681 355 1775 392; x_wconf 86' lang='lat' dir='ltr'><strong>vo—</strong></span> <span class='ocrx_word' id='word_1_16' title='bbox 1809 341 1860 404; x_wconf 80' lang='grc' dir='ltr'><strong>Α</strong></span> <span class='ocrx_word' id='word_1_17' title='bbox 1894 337 2104 392; x_wconf 81' lang='lat' dir='ltr'><strong>in’solo</strong></span> <span class='ocrx_word' id='word_1_18' title='bbox 2160 338 2300 392; x_wconf 87' lang='lat' dir='ltr'><strong>Jesu</strong></span> <span class='ocrx_word' id='word_1_19' title='bbox 2336 355 2348 391; x_wconf 92' lang='lat'><strong>:</strong></span> <span class='ocrx_word' id='word_1_20' title='bbox 2384 338 2479 392; x_wconf 83' lang='lat' dir='ltr'><strong>alii</strong></span> <span class='ocrx_word' id='word_1_21' title='bbox 2531 337 2685 392; x_wconf 89' lang='lat' dir='ltr'><strong>enim</strong></span> <span class='ocrx_word' id='word_1_22' title='bbox 2745 352 2811 390; x_wconf 87' lang='lat' dir='ltr'><strong>ex</strong></span> <span class='ocrx_word' id='word_1_23' title='bbox 2858 338 3021 405; x_wconf 86' lang='lat' dir='ltr'><strong>parte</strong></span> <span class='ocrx_word' id='word_1_24' title='bbox 3077 331 3528 401; x_wconf 81' lang='lat' dir='ltr'><strong>cognoscebant.</strong></span> 
     </span>
    </p>
   </div>
   <div class='ocr_carea' id='block_1_5' title="bbox 132 422 1776 497">
    <p class='ocr_par' dir='ltr' id='par_1_5' title="bbox 132 422 1776 497">
     <span class='ocr_line' id='line_1_5' title="bbox 132 422 1776 497; baseline 0.004 -22"><span class='ocrx_word' id='word_1_25' title='bbox 132 422 319 487; x_wconf 88' lang='lat' dir='ltr'><strong>luerit,</strong></span> <span class='ocrx_word' id='word_1_26' title='bbox 354 440 487 478; x_wconf 88' lang='lat' dir='ltr'><strong>caro</strong></span> <span class='ocrx_word' id='word_1_27' title='bbox 512 424 927 481; x_wconf 79' lang='lat' dir='ltr'><strong>desideraverit</strong></span> <span class='ocrx_word' id='word_1_28' title='bbox 952 434 1005 481; x_wconf 90' lang='lat' dir='ltr'><strong>et</strong></span> <span class='ocrx_word' id='word_1_29' title='bbox 1038 428 1215 482; x_wconf 77' lang='lat' dir='ltr'><strong>libido</strong></span> <span class='ocrx_word' id='word_1_30' title='bbox 1244 429 1618 497; x_wconf 63' lang='lat' dir='ltr'><strong>suggesserit.</strong></span> <span class='ocrx_word' id='word_1_31' title='bbox 1674 430 1776 483; x_wconf 83' lang='lat' dir='ltr'><strong>Fa-</strong></span> 
     </span>
    </p>
   </div>
   <div class='ocr_carea' id='block_1_6' title="bbox 131 512 1780 588">
    <p class='ocr_par' dir='ltr' id='par_1_6' title="bbox 131 512 1780 588">
     <span class='ocr_line' id='line_1_6' title="bbox 131 512 1780 588; baseline 0.002 -21"><span class='ocrx_word' id='word_1_32' title='bbox 131 512 291 567; x_wconf 90' lang='lat' dir='ltr'><strong>ciunt</strong></span> <span class='ocrx_word' id='word_1_33' title='bbox 322 512 428 567; x_wconf 90' lang='lat' dir='ltr'><strong>hoc</strong></span> <span class='ocrx_word' id='word_1_34' title='bbox 463 516 519 567; x_wconf 86' lang='lat' dir='ltr'><strong>in</strong></span> <span class='ocrx_word' id='word_1_35' title='bbox 549 518 871 577; x_wconf 81' lang='lat' dir='ltr'><strong>avaritiam,</strong></span> <span class='ocrx_word' id='word_1_36' title='bbox 900 518 1038 571; x_wconf 89' lang='lat' dir='ltr'><strong>dum</strong></span> <span class='ocrx_word' id='word_1_37' title='bbox 1100 535 1397 588; x_wconf 79' lang='lat' dir='ltr'><strong>nunquam</strong></span> <span class='ocrx_word' id='word_1_38' title='bbox 1433 518 1780 571; x_wconf 83' lang='lat' dir='ltr'><strong>luxuriando</strong></span> 
     </span>
    </p>
   </div>
   <div class='ocr_carea' id='block_1_7' title="bbox 133 606 1779 675">
    <p class='ocr_par' dir='ltr' id='par_1_7' title="bbox 133 606 1779 675">
     <span class='ocr_line' id='line_1_7' title="bbox 133 606 1779 675; baseline 0.001 -19"><span class='ocrx_word' id='word_1_39' title='bbox 133 606 491 666; x_wconf 77' lang='lat' dir='ltr'><strong>saturantur,</strong></span> <span class='ocrx_word' id='word_1_40' title='bbox 528 620 631 657; x_wconf 89' lang='lat' dir='ltr'><strong>nec</strong></span> <span class='ocrx_word' id='word_1_41' title='bbox 664 621 861 658; x_wconf 90' lang='lat' dir='ltr'><strong>eorum</strong></span> <span class='ocrx_word' id='word_1_42' title='bbox 895 607 1162 675; x_wconf 79' lang='lat' dir='ltr'><strong>voluptas</strong></span> <span class='ocrx_word' id='word_1_43' title='bbox 1181 607 1497 660; x_wconf 78' lang='lat' dir='ltr'><strong>terminum</strong></span> <span class='ocrx_word' id='word_1_44' title='bbox 1560 606 1734 659; x_wconf 83' lang='lat' dir='ltr'><strong>habet</strong></span> <span class='ocrx_word' id='word_1_45' title='bbox 1767 623 1779 669; x_wconf 85' lang='lat'><strong>;</strong></span> 
     </span>
    </p>
   </div>
   <div class='ocr_carea' id='block_1_8' title="bbox 136 690 1785 764">
    <p class='ocr_par' dir='ltr' id='par_1_8' title="bbox 136 690 1785 764">
     <span class='ocr_line' id='line_1_8' title="bbox 136 690 1785 764; baseline 0.003 -22"><span class='ocrx_word' id='word_1_46' title='bbox 136 690 268 761; x_wconf 84' lang='lat' dir='ltr'><strong>quia</strong></span> <span class='ocrx_word' id='word_1_47' title='bbox 300 690 455 745; x_wconf 74' lang='lat' dir='ltr'><strong>ultra</strong></span> <span class='ocrx_word' id='word_1_48' title='bbox 480 708 823 747; x_wconf 74' lang='lat' dir='ltr'><strong>Concessum</strong></span> <span class='ocrx_word' id='word_1_49' title='bbox 859 695 959 747; x_wconf 84' lang='lat' dir='ltr'><strong>viri</strong></span> <span class='ocrx_word' id='word_1_50' title='bbox 994 696 1062 747; x_wconf 90' lang='lat' dir='ltr'><strong>ad</strong></span> <span class='ocrx_word' id='word_1_51' title='bbox 1102 697 1372 748; x_wconf 76' lang='lat' dir='ltr'><strong>feminam</strong></span> <span class='ocrx_word' id='word_1_52' title='bbox 1420 695 1785 764; x_wconf 88' lang='lat' dir='ltr'><strong>conjunctio-</strong></span> 
     </span>
    </p>
   </div>
   <div class='ocr_carea' id='block_1_9' title="bbox 140 780 1786 851">
    <p class='ocr_par' dir='ltr' id='par_1_9' title="bbox 140 780 1786 851">
     <span class='ocr_line' id='line_1_9' title="bbox 140 780 1786 851; baseline 0.003 -19"><span class='ocrx_word' id='word_1_53' title='bbox 140 796 294 842; x_wconf 90' lang='lat' dir='ltr'><strong>nem,</strong></span> <span class='ocrx_word' id='word_1_54' title='bbox 330 780 396 832; x_wconf 90' lang='lat' dir='ltr'><strong>ad</strong></span> <span class='ocrx_word' id='word_1_55' title='bbox 431 782 653 851; x_wconf 82' lang='lat' dir='ltr'><strong>majora</strong></span> <span class='ocrx_word' id='word_1_56' title='bbox 682 784 1349 841; x_wconf 75' lang='lat' dir='ltr'><strong>conscenduntmasculi</strong></span> <span class='ocrx_word' id='word_1_57' title='bbox 1376 785 1433 839; x_wconf 90' lang='lat' dir='ltr'><strong>in</strong></span> <span class='ocrx_word' id='word_1_58' title='bbox 1496 784 1786 837; x_wconf 81' lang='lat' dir='ltr'><strong>masculos</strong></span> 
     </span>
    </p>
   </div>
   <div class='ocr_carea' id='block_1_10' title="bbox 142 868 1786 941">
    <p class='ocr_par' dir='ltr' id='par_1_10' title="bbox 142 868 1786 941">
     <span class='ocr_line' id='line_1_10' title="bbox 142 868 1786 941; baseline 0.004 -21"><span class='ocrx_word' id='word_1_59' title='bbox 142 868 567 938; x_wconf 84' lang='lat' dir='ltr'><strong>turpitudinem</strong></span> <span class='ocrx_word' id='word_1_60' title='bbox 602 879 928 941; x_wconf 89' lang='lat' dir='ltr'><strong>operantes,</strong></span> <span class='ocrx_word' id='word_1_61' title='bbox 958 880 1011 926; x_wconf 89' lang='lat' dir='ltr'><strong>et</strong></span> <span class='ocrx_word' id='word_1_62' title='bbox 1053 876 1378 928; x_wconf 80' lang='lat' dir='ltr'><strong>mercedem</strong></span> <span class='ocrx_word' id='word_1_63' title='bbox 1429 876 1642 929; x_wconf 91' lang='lat' dir='ltr'><strong>erroris</strong></span> <span class='ocrx_word' id='word_1_64' title='bbox 1695 874 1786 927; x_wconf 86' lang='lat' dir='ltr'><strong>sui</strong></span> 
     </span>
    </p>
   </div>
   <div class='ocr_carea' id='block_1_11' title="bbox 139 956 1790 1034">
    <p class='ocr_par' dir='ltr' id='par_1_11' title="bbox 139 956 1790 1034">
     <span class='ocr_line' id='line_1_11' title="bbox 139 956 1790 1034; baseline 0.002 -23"><span class='ocrx_word' id='word_1_65' title='bbox 139 956 485 1026; x_wconf 82' lang='lat' dir='ltr'><strong>recipientes</strong></span> <span class='ocrx_word' id='word_1_66' title='bbox 518 960 572 1012; x_wconf 92' lang='lat' dir='ltr'><strong>in</strong></span> <span class='ocrx_word' id='word_1_67' title='bbox 608 961 960 1032; x_wconf 84' lang='lat' dir='ltr'><strong>semetipsis.</strong></span> <span class='ocrx_word' id='word_1_68' title='bbox 1001 970 1073 1017; x_wconf 87' lang='lat' dir='ltr'><strong>De</strong></span> <span class='ocrx_word' id='word_1_69' title='bbox 1104 981 1168 1017; x_wconf 91' lang='lat' dir='ltr'><strong>eo</strong></span> <span class='ocrx_word' id='word_1_70' title='bbox 1202 965 1353 1034; x_wconf 91' lang='lat' dir='ltr'><strong>quod</strong></span> <span class='ocrx_word' id='word_1_71' title='bbox 1416 965 1790 1033; x_wconf 76' lang='lat' dir='ltr'><strong>operationem</strong></span> 
     </span>
    </p>
   </div>
   <div class='ocr_carea' id='block_1_12' title="bbox 137 1048 1793 1122">
    <p class='ocr_par' dir='ltr' id='par_1_12' title="bbox 137 1048 1793 1122">
     <span class='ocr_line' id='line_1_12' title="bbox 137 1048 1793 1122; baseline 0.003 -23"><span class='ocrx_word' id='word_1_72' title='bbox 137 1048 504 1101; x_wconf 70' lang='lat' dir='ltr'><strong>immunditiis</strong></span> <span class='ocrx_word' id='word_1_73' title='bbox 536 1052 731 1114; x_wconf 86' lang='lat' dir='ltr'><strong>omnis,</strong></span> <span class='ocrx_word' id='word_1_74' title='bbox 766 1054 824 1106; x_wconf 89' lang='lat' dir='ltr'><strong>in</strong></span> <span class='ocrx_word' id='word_1_75' title='bbox 850 1055 1109 1122; x_wconf 85' lang='lat' dir='ltr'><strong>avaritia,</strong></span> <span class='ocrx_word' id='word_1_76' title='bbox 1145 1070 1259 1106; x_wconf 91' lang='lat' dir='ltr'><strong>non</strong></span> <span class='ocrx_word' id='word_1_77' title='bbox 1292 1054 1358 1107; x_wconf 85' lang='lat' dir='ltr'><strong>ad</strong></span> <span class='ocrx_word' id='word_1_78' title='bbox 1395 1053 1793 1115; x_wconf 89' lang='lat' dir='ltr'><strong>avaritiam,ut</strong></span> 
     </span>
    </p>
   </div>
   <div class='ocr_carea' id='block_1_13' title="bbox 133 1136 1790 1211">
    <p class='ocr_par' dir='ltr' id='par_1_13' title="bbox 133 1136 1790 1211">
     <span class='ocr_line' id='line_1_13' title="bbox 133 1136 1790 1211; baseline 0.004 -25"><span class='ocrx_word' id='word_1_79' title='bbox 133 1143 324 1204; x_wconf 89' lang='lat' dir='ltr'><strong>sonat,</strong></span> <span class='ocrx_word' id='word_1_80' title='bbox 360 1136 710 1207; x_wconf 89' lang='lat' dir='ltr'><strong>simpliciter</strong></span> <span class='ocrx_word' id='word_1_81' title='bbox 740 1146 1049 1211; x_wconf 79' lang='lat' dir='ltr'><strong>pertinere,</strong></span> <span class='ocrx_word' id='word_1_82' title='bbox 1085 1144 1184 1195; x_wconf 90' lang='lat' dir='ltr'><strong>sed</strong></span> <span class='ocrx_word' id='word_1_83' title='bbox 1219 1144 1287 1195; x_wconf 89' lang='lat' dir='ltr'><strong>ad</strong></span> <span class='ocrx_word' id='word_1_84' title='bbox 1347 1141 1674 1202; x_wconf 83' lang='lat' dir='ltr'><strong>libidinem,</strong></span> <span class='ocrx_word' id='word_1_85' title='bbox 1719 1139 1790 1192; x_wconf 91' lang='lat' dir='ltr'><strong>ad</strong></span> 
     </span>
    </p>
   </div>
   <div class='ocr_carea' id='block_1_14' title="bbox 134 1222 1789 1301">
    <p class='ocr_par' dir='ltr' id='par_1_14' title="bbox 134 1222 1789 1301">
     <span class='ocr_line' id='line_1_14' title="bbox 134 1222 1789 1301; baseline 0.003 -25"><span class='ocrx_word' id='word_1_86' title='bbox 134 1222 688 1281; x_wconf 88' lang='lat' dir='ltr'><strong>Thessalonicenses</strong></span> <span class='ocrx_word' id='word_1_87' title='bbox 721 1229 1007 1295; x_wconf 88' lang='lat' dir='ltr'><strong>scribens,</strong></span> <span class='ocrx_word' id='word_1_88' title='bbox 1041 1231 1410 1286; x_wconf 85' lang='lat' dir='ltr'><strong>demonstrat</strong></span> <span class='ocrx_word' id='word_1_89' title='bbox 1459 1228 1789 1301; x_wconf 83' lang='lat' dir='ltr'><strong>Apostolus-</strong></span> 
     </span>
    </p>
   </div>
   <div class='ocr_carea' id='block_1_15' title="bbox 135 1311 1789 1387">
    <p class='ocr_par' dir='ltr' id='par_1_15' title="bbox 135 1311 1789 1387">
     <span class='ocr_line' id='line_1_15' title="bbox 135 1311 1789 1387; baseline 0.004 -23"><span class='ocrx_word' id='word_1_90' title='bbox 135 1311 227 1365; x_wconf 77' lang='lat' dir='ltr'><strong>Ait</strong></span> <span class='ocrx_word' id='word_1_91' title='bbox 256 1313 412 1367; x_wconf 89' lang='lat' dir='ltr'><strong>enim</strong></span> <span class='ocrx_word' id='word_1_92' title='bbox 454 1331 464 1367; x_wconf 92' lang='lat'><strong>:</strong></span> <span class='ocrx_word' id='word_1_93' title='bbox 500 1318 619 1370; x_wconf 71' lang='lat' dir='ltr'><strong>Haec</strong></span> <span class='ocrx_word' id='word_1_94' title='bbox 638 1320 715 1370; x_wconf 87' lang='lat' dir='ltr'><strong>est</strong></span> <span class='ocrx_word' id='word_1_95' title='bbox 745 1320 897 1372; x_wconf 79' lang='lat' dir='ltr'><strong>enim</strong></span> <span class='ocrx_word' id='word_1_96' title='bbox 932 1320 1180 1373; x_wconf 83' lang='lat' dir='ltr'><strong>voluntas</strong></span> <span class='ocrx_word' id='word_1_97' title='bbox 1212 1321 1307 1374; x_wconf 88' lang='lat' dir='ltr'><strong>Dei</strong></span> <span class='ocrx_word' id='word_1_98' title='bbox 1336 1322 1381 1387; x_wconf 92' lang='lat' dir='ltr'>(I</span> <span class='ocrx_word' id='word_1_99' title='bbox 1416 1320 1593 1373; x_wconf 81' lang='lat' dir='ltr'><strong>Thess.</strong></span> <span class='ocrx_word' id='word_1_100' title='bbox 1616 1318 1789 1386; x_wconf 79' lang='lat' dir='ltr'><strong>v1,3),</strong></span> 
     </span>
    </p>
   </div>
   <div class='ocr_carea' id='block_1_16' title="bbox 135 1406 1791 1478">
    <p class='ocr_par' dir='ltr' id='par_1_16' title="bbox 135 1406 1791 1478">
     <span class='ocr_line' id='line_1_16' title="bbox 135 1406 1791 1478; baseline 0.003 -24"><span class='ocrx_word' id='word_1_101' title='bbox 135 1406 276 1467; x_wconf 89' lang='lat' dir='ltr'><strong>etc.,</strong></span> <span class='ocrx_word' id='word_1_102' title='bbox 308 1419 495 1473; x_wconf 89' lang='lat' dir='ltr'><strong>usque</strong></span> <span class='ocrx_word' id='word_1_103' title='bbox 530 1421 542 1457; x_wconf 90' lang='lat'><strong>:</strong></span> <span class='ocrx_word' id='word_1_104' title='bbox 580 1410 642 1461; x_wconf 82' lang='lat' dir='ltr'><strong>Et</strong></span> <span class='ocrx_word' id='word_1_105' title='bbox 674 1423 743 1460; x_wconf 85' lang='lat' dir='ltr'><strong>ne</strong></span> <span class='ocrx_word' id='word_1_106' title='bbox 773 1410 895 1478; x_wconf 90' lang='lat' dir='ltr'><strong>quis</strong></span> <span class='ocrx_word' id='word_1_107' title='bbox 942 1409 1415 1478; x_wconf 82' lang='lat' dir='ltr'><strong>supergrediutur,</strong></span> <span class='ocrx_word' id='word_1_108' title='bbox 1466 1423 1638 1478; x_wconf 82' lang='lat' dir='ltr'><strong>neque</strong></span> <span class='ocrx_word' id='word_1_109' title='bbox 1681 1408 1791 1460; x_wconf 89' lang='lat' dir='ltr'><strong>cir-</strong></span> 
     </span>
    </p>
   </div>
   <div class='ocr_carea' id='block_1_17' title="bbox 137 1494 1791 1567">
    <p class='ocr_par' dir='ltr' id='par_1_17' title="bbox 137 1494 1791 1567">
     <span class='ocr_line' id='line_1_17' title="bbox 137 1494 1791 1567; baseline 0.003 -23"><span class='ocrx_word' id='word_1_110' title='bbox 137 1494 455 1547; x_wconf 80' lang='lat' dir='ltr'><strong>cumveniat</strong></span> <span class='ocrx_word' id='word_1_111' title='bbox 488 1496 549 1548; x_wconf 87' lang='lat' dir='ltr'><strong>in</strong></span> <span class='ocrx_word' id='word_1_112' title='bbox 576 1498 791 1565; x_wconf 86' lang='lat' dir='ltr'><strong>negotio</strong></span> <span class='ocrx_word' id='word_1_113' title='bbox 820 1500 1062 1566; x_wconf 80' lang='lat' dir='ltr'><strong>fratrum</strong></span> <span class='ocrx_word' id='word_1_114' title='bbox 1095 1514 1253 1551; x_wconf 88' lang='lat' dir='ltr'><strong>suum</strong></span> <span class='ocrx_word' id='word_1_115' title='bbox 1276 1499 1609 1567; x_wconf 81' lang='lat' dir='ltr'>(1807).Qua</span> <span class='ocrx_word' id='word_1_116' title='bbox 1635 1495 1791 1550; x_wconf 89' lang='lat' dir='ltr'><strong>enim</strong></span> 
     </span>
    </p>
   </div>
   <div class='ocr_carea' id='block_1_18' title="bbox 138 1583 1794 1655">
    <p class='ocr_par' dir='ltr' id='par_1_18' title="bbox 138 1583 1794 1655">
     <span class='ocr_line' id='line_1_18' title="bbox 138 1583 1794 1655; baseline 0.004 -22"><span class='ocrx_word' id='word_1_117' title='bbox 138 1583 669 1651; x_wconf 81' lang='lat' dir='ltr'><strong>consequentia,vel</strong></span> <span class='ocrx_word' id='word_1_118' title='bbox 702 1584 909 1652; x_wconf 86' lang='lat' dir='ltr'><strong>hic,vel</strong></span> <span class='ocrx_word' id='word_1_119' title='bbox 934 1586 1113 1651; x_wconf 90' lang='lat' dir='ltr'><strong>ibi,de</strong></span> <span class='ocrx_word' id='word_1_120' title='bbox 1144 1586 1521 1641; x_wconf 86' lang='lat' dir='ltr'><strong>immunditia</strong></span> <span class='ocrx_word' id='word_1_121' title='bbox 1551 1587 1794 1655; x_wconf 85' lang='lat' dir='ltr'><strong>loquens</strong></span> 
     </span>
    </p>
   </div>
   <div class='ocr_carea' id='block_1_19' title="bbox 138 1670 1118 1745">
    <p class='ocr_par' dir='ltr' id='par_1_19' title="bbox 138 1670 1118 1745">
     <span class='ocr_line' id='line_1_19' title="bbox 138 1670 1118 1745; baseline 0.005 -23"><span class='ocrx_word' id='word_1_122' title='bbox 138 1670 335 1724; x_wconf 90' lang='lat' dir='ltr'><strong>subito</strong></span> <span class='ocrx_word' id='word_1_123' title='bbox 364 1672 433 1726; x_wconf 91' lang='lat' dir='ltr'><strong>de</strong></span> <span class='ocrx_word' id='word_1_124' title='bbox 466 1674 711 1729; x_wconf 85' lang='lat' dir='ltr'><strong>avaritia</strong></span> <span class='ocrx_word' id='word_1_125' title='bbox 739 1675 1118 1745; x_wconf 85' lang='lat' dir='ltr'><strong>disputaret?</strong></span> 
     </span>
    </p>
   </div>
   <div class='ocr_carea' id='block_1_20' title="bbox 208 1761 1800 1832">
    <p class='ocr_par' dir='ltr' id='par_1_20' title="bbox 208 1761 1800 1832">
     <span class='ocr_line' id='line_1_20' title="bbox 208 1761 1800 1832; baseline 0.004 -19"><span class='ocrx_word' id='word_1_126' title='bbox 208 1761 394 1830; x_wconf 74' lang='lat'>(1088)</span> <span class='ocrx_word' id='word_1_127' title='bbox 424 1764 699 1832; x_wconf 86' lang='lat' dir='ltr'><strong>Sequitur</strong></span> <span class='ocrx_word' id='word_1_128' title='bbox 732 1780 743 1817; x_wconf 93' lang='lat'><strong>:</strong></span> <span class='ocrx_word' id='word_1_129' title='bbox 788 1766 880 1819; x_wconf 73' lang='lat' dir='ltr'><strong>Vos</strong></span> <span class='ocrx_word' id='word_1_130' title='bbox 910 1768 1112 1831; x_wconf 88' lang='lat' dir='ltr'><strong>autem,</strong></span> <span class='ocrx_word' id='word_1_131' title='bbox 1146 1771 1257 1819; x_wconf 86' lang='lat' dir='ltr'><strong>etc.</strong></span> <span class='ocrx_word' id='word_1_132' title='bbox 1294 1765 1439 1819; x_wconf 86' lang='lat' dir='ltr'><strong>Nam</strong></span> <span class='ocrx_word' id='word_1_133' title='bbox 1490 1766 1536 1819; x_wconf 90' lang='lat' dir='ltr'><strong>si</strong></span> <span class='ocrx_word' id='word_1_134' title='bbox 1597 1781 1800 1819; x_wconf 90' lang='lat' dir='ltr'><strong>omnes</strong></span> 
     </span>
    </p>
   </div>
   <div class='ocr_carea' id='block_1_21' title="bbox 140 1849 1804 1923">
    <p class='ocr_par' dir='ltr' id='par_1_21' title="bbox 140 1849 1804 1923">
     <span class='ocr_line' id='line_1_21' title="bbox 140 1849 1804 1923; baseline 0.003 -21"><span class='ocrx_word' id='word_1_135' title='bbox 140 1849 544 1917; x_wconf 89' lang='lat' dir='ltr'><strong>audirent,aut</strong></span> <span class='ocrx_word' id='word_1_136' title='bbox 564 1852 1194 1919; x_wconf 85' lang='lat' dir='ltr'><strong>discerentChristum,</strong></span> <span class='ocrx_word' id='word_1_137' title='bbox 1218 1854 1315 1923; x_wconf 90' lang='lat' dir='ltr'><strong>qui</strong></span> <span class='ocrx_word' id='word_1_138' title='bbox 1349 1854 1553 1907; x_wconf 90' lang='lat' dir='ltr'><strong>audire</strong></span> <span class='ocrx_word' id='word_1_139' title='bbox 1609 1854 1804 1907; x_wconf 88' lang='lat' dir='ltr'><strong>viden-</strong></span> 
     </span>
    </p>
   </div>
   <div class='ocr_carea' id='block_1_22' title="bbox 143 1939 1799 2006">
    <p class='ocr_par' dir='ltr' id='par_1_22' title="bbox 143 1939 1799 2006">
     <span class='ocr_line' id='line_1_22' title="bbox 143 1939 1799 2006; baseline 0.004 -16"><span class='ocrx_word' id='word_1_140' title='bbox 143 1944 255 2002; x_wconf 90' lang='lat' dir='ltr'><strong>tur,</strong></span> <span class='ocrx_word' id='word_1_141' title='bbox 291 1956 404 1993; x_wconf 91' lang='lat' dir='ltr'><strong>non</strong></span> <span class='ocrx_word' id='word_1_142' title='bbox 438 1939 731 2006; x_wconf 89' lang='lat' dir='ltr'><strong>diceret,si</strong></span> <span class='ocrx_word' id='word_1_143' title='bbox 757 1947 1075 2002; x_wconf 89' lang='lat' dir='ltr'><strong>tamen,etc.</strong></span> <span class='ocrx_word' id='word_1_144' title='bbox 1105 1943 1271 1997; x_wconf 83' lang='lat' dir='ltr'><strong>Novit</strong></span> <span class='ocrx_word' id='word_1_145' title='bbox 1301 1942 1453 1995; x_wconf 90' lang='lat' dir='ltr'><strong>enim</strong></span> <span class='ocrx_word' id='word_1_146' title='bbox 1483 1942 1799 2001; x_wconf 79' lang='lat' dir='ltr'><strong>Christum.</strong></span> 
     </span>
    </p>
   </div>
   <div class='ocr_carea' id='block_1_23' title="bbox 144 2028 1803 2101">
    <p class='ocr_par' dir='ltr' id='par_1_23' title="bbox 144 2028 1803 2101">
     <span class='ocr_line' id='line_1_23' title="bbox 144 2028 1803 2101; baseline 0.002 -20"><span class='ocrx_word' id='word_1_147' title='bbox 144 2028 239 2098; x_wconf 89' lang='lat' dir='ltr'><strong>qui</strong></span> <span class='ocrx_word' id='word_1_148' title='bbox 280 2030 1196 2099; x_wconf 77' lang='lat' dir='ltr'><strong>novitsapientiam,prudentiam</strong></span> <span class='ocrx_word' id='word_1_149' title='bbox 1224 2032 1724 2101; x_wconf 81' lang='lat' dir='ltr'><strong>atquejustitiam,</strong></span> <span class='ocrx_word' id='word_1_150' title='bbox 1746 2035 1803 2085; x_wconf 89' lang='lat' dir='ltr'><strong>et</strong></span> 
     </span>
    </p>
   </div>
   <div class='ocr_carea' id='block_1_24' title="bbox 148 2118 1802 2190">
    <p class='ocr_par' dir='ltr' id='par_1_24' title="bbox 148 2118 1802 2190">
     <span class='ocr_line' id='line_1_24' title="bbox 148 2118 1802 2190; baseline 0.002 -20"><span class='ocrx_word' id='word_1_151' title='bbox 148 2118 589 2173; x_wconf 89' lang='lat' dir='ltr'><strong>veritatem.lste</strong></span> <span class='ocrx_word' id='word_1_152' title='bbox 612 2119 747 2173; x_wconf 90' lang='lat' dir='ltr'><strong>talis</strong></span> <span class='ocrx_word' id='word_1_153' title='bbox 779 2136 891 2173; x_wconf 91' lang='lat' dir='ltr'><strong>non</strong></span> <span class='ocrx_word' id='word_1_154' title='bbox 927 2126 1117 2190; x_wconf 88' lang='lat' dir='ltr'><strong>potest</strong></span> <span class='ocrx_word' id='word_1_155' title='bbox 1146 2120 1445 2173; x_wconf 89' lang='lat' dir='ltr'><strong>ambulare</strong></span> <span class='ocrx_word' id='word_1_156' title='bbox 1468 2120 1523 2173; x_wconf 89' lang='lat' dir='ltr'><strong>in</strong></span> <span class='ocrx_word' id='word_1_157' title='bbox 1548 2120 1802 2174; x_wconf 87' lang='lat' dir='ltr'><strong>vanitate</strong></span> 
     </span>
    </p>
   </div>
   <div class='ocr_carea' id='block_1_25' title="bbox 154 2207 1799 2279">
    <p class='ocr_par' dir='ltr' id='par_1_25' title="bbox 154 2207 1799 2279">
     <span class='ocr_line' id='line_1_25' title="bbox 154 2207 1799 2279; baseline 0.001 -19"><span class='ocrx_word' id='word_1_158' title='bbox 154 2207 362 2274; x_wconf 85' lang='lat' dir='ltr'><strong>cordis,</strong></span> <span class='ocrx_word' id='word_1_159' title='bbox 400 2224 502 2261; x_wconf 91' lang='lat' dir='ltr'><strong>nec</strong></span> <span class='ocrx_word' id='word_1_160' title='bbox 535 2210 847 2263; x_wconf 69' lang='lat' dir='ltr'><strong>caecitatem</strong></span> <span class='ocrx_word' id='word_1_161' title='bbox 886 2209 1117 2269; x_wconf 89' lang='lat' dir='ltr'><strong>habere,</strong></span> <span class='ocrx_word' id='word_1_162' title='bbox 1177 2210 1315 2279; x_wconf 89' lang='lat' dir='ltr'><strong>quia</strong></span> <span class='ocrx_word' id='word_1_163' title='bbox 1371 2209 1565 2264; x_wconf 88' lang='lat' dir='ltr'><strong>lumen</strong></span> <span class='ocrx_word' id='word_1_164' title='bbox 1599 2209 1753 2263; x_wconf 89' lang='lat' dir='ltr'><strong>videt</strong></span> <span class='ocrx_word' id='word_1_165' title='bbox 1786 2226 1799 2273; x_wconf 92' lang='lat'><strong>;</strong></span> 
     </span>
    </p>
   </div>
   <div class='ocr_carea' id='block_1_26' title="bbox 151 2296 1803 2368">
    <p class='ocr_par' dir='ltr' id='par_1_26' title="bbox 151 2296 1803 2368">
     <span class='ocr_line' id='line_1_26' title="bbox 151 2296 1803 2368; baseline 0.003 -20"><span class='ocrx_word' id='word_1_166' title='bbox 151 2312 266 2349; x_wconf 91' lang='lat' dir='ltr'><strong>non</strong></span> <span class='ocrx_word' id='word_1_167' title='bbox 303 2312 363 2351; x_wconf 90' lang='lat' dir='ltr'><strong>se</strong></span> <span class='ocrx_word' id='word_1_168' title='bbox 396 2296 575 2350; x_wconf 89' lang='lat' dir='ltr'><strong>tradit</strong></span> <span class='ocrx_word' id='word_1_169' title='bbox 623 2297 1021 2368; x_wconf 78' lang='lat' dir='ltr'><strong>impudicitiae,</strong></span> <span class='ocrx_word' id='word_1_170' title='bbox 1084 2298 1223 2368; x_wconf 88' lang='lat' dir='ltr'><strong>quia</strong></span> <span class='ocrx_word' id='word_1_171' title='bbox 1270 2303 1587 2352; x_wconf 90' lang='lat' dir='ltr'><strong>amatorem</strong></span> <span class='ocrx_word' id='word_1_172' title='bbox 1648 2299 1803 2353; x_wconf 86' lang='lat' dir='ltr'><strong>videt</strong></span> 
     </span>
    </p>
   </div>
   <div class='ocr_carea' id='block_1_27' title="bbox 150 2384 1799 2451">
    <p class='ocr_par' dir='ltr' id='par_1_27' title="bbox 150 2384 1799 2451">
     <span class='ocr_line' id='line_1_27' title="bbox 150 2384 1799 2451; baseline 0.001 -12"><span class='ocrx_word' id='word_1_173' title='bbox 150 2384 478 2439; x_wconf 67' lang='lat' dir='ltr'><strong>munditiae.</strong></span> <span class='ocrx_word' id='word_1_174' title='bbox 515 2386 814 2440; x_wconf 90' lang='lat' dir='ltr'><strong>Discamus</strong></span> <span class='ocrx_word' id='word_1_175' title='bbox 837 2386 1133 2440; x_wconf 85' lang='lat' dir='ltr'><strong>Christum</strong></span> <span class='ocrx_word' id='word_1_176' title='bbox 1162 2405 1173 2451; x_wconf 90' lang='lat'>;</span> <span class='ocrx_word' id='word_1_177' title='bbox 1200 2387 1251 2440; x_wconf 91' lang='lat' dir='ltr'><strong>id</strong></span> <span class='ocrx_word' id='word_1_178' title='bbox 1271 2393 1379 2449; x_wconf 89' lang='lat' dir='ltr'><strong>est,</strong></span> <span class='ocrx_word' id='word_1_179' title='bbox 1402 2388 1706 2441; x_wconf 88' lang='lat' dir='ltr'><strong>veniamus</strong></span> <span class='ocrx_word' id='word_1_180' title='bbox 1728 2387 1799 2441; x_wconf 89' lang='lat' dir='ltr'><strong>ad</strong></span> 
     </span>
    </p>
   </div>
   <div class='ocr_carea' id='block_1_28' title="bbox 142 2470 1803 2545">
    <p class='ocr_par' dir='ltr' id='par_1_28' title="bbox 142 2470 1803 2545">
     <span class='ocr_line' id='line_1_28' title="bbox 142 2470 1803 2545; baseline 0.001 -17"><span class='ocrx_word' id='word_1_181' title='bbox 142 2470 309 2537; x_wconf 85' lang='lat' dir='ltr'><strong>eum,</strong></span> <span class='ocrx_word' id='word_1_182' title='bbox 342 2475 440 2545; x_wconf 89' lang='lat' dir='ltr'><strong>qui</strong></span> <span class='ocrx_word' id='word_1_183' title='bbox 475 2475 758 2529; x_wconf 87' lang='lat' dir='ltr'><strong>veraciter</strong></span> <span class='ocrx_word' id='word_1_184' title='bbox 780 2476 969 2529; x_wconf 86' lang='lat' dir='ltr'><strong>dicere</strong></span> <span class='ocrx_word' id='word_1_185' title='bbox 994 2480 1221 2545; x_wconf 88' lang='lat' dir='ltr'><strong>potest:</strong></span> <span class='ocrx_word' id='word_1_186' title='bbox 1257 2479 1333 2529; x_wconf 81' lang='lat' dir='ltr'><strong>An</strong></span> <span class='ocrx_word' id='word_1_187' title='bbox 1365 2478 1803 2545; x_wconf 71' lang='lat' dir='ltr'><strong>experimentum</strong></span> 
     </span>
    </p>
   </div>
   <div class='ocr_carea' id='block_1_29' title="bbox 140 2562 1799 2633">
    <p class='ocr_par' dir='ltr' id='par_1_29' title="bbox 140 2562 1799 2633">
     <span class='ocr_line' id='line_1_29' title="bbox 140 2562 1799 2633; baseline 0.002 -18"><span class='ocrx_word' id='word_1_188' title='bbox 140 2562 356 2632; x_wconf 87' lang='lat'>(1089),</span> <span class='ocrx_word' id='word_1_189' title='bbox 384 2568 493 2617; x_wconf 89' lang='lat' dir='ltr'><strong>etc.</strong></span> <span class='ocrx_word' id='word_1_190' title='bbox 531 2580 544 2617; x_wconf 93' lang='lat'><strong>:</strong></span> <span class='ocrx_word' id='word_1_191' title='bbox 576 2564 711 2633; x_wconf 91' lang='lat' dir='ltr'><strong>quia</strong></span> <span class='ocrx_word' id='word_1_192' title='bbox 736 2564 793 2616; x_wconf 94' lang='lat' dir='ltr'><strong>in</strong></span> <span class='ocrx_word' id='word_1_193' title='bbox 828 2564 954 2633; x_wconf 91' lang='lat' dir='ltr'><strong>ipso</strong></span> <span class='ocrx_word' id='word_1_194' title='bbox 996 2565 1271 2617; x_wconf 89' lang='lat' dir='ltr'><strong>audimus</strong></span> <span class='ocrx_word' id='word_1_195' title='bbox 1302 2565 1618 2619; x_wconf 84' lang='lat' dir='ltr'><strong>Christum.</strong></span> <span class='ocrx_word' id='word_1_196' title='bbox 1654 2566 1799 2619; x_wconf 87' lang='lat' dir='ltr'><strong>Nam</strong></span> 
     </span>
    </p>
   </div>
   <div class='ocr_carea' id='block_1_30' title="bbox 140 2642 1798 2714">
    <p class='ocr_par' dir='ltr' id='par_1_30' title="bbox 140 2642 1798 2714">
     <span class='ocr_line' id='line_1_30' title="bbox 140 2642 1798 2714; baseline 0.001 -18"><span class='ocrx_word' id='word_1_197' title='bbox 140 2648 201 2696; x_wconf 88' lang='lat' dir='ltr'><strong>et</strong></span> <span class='ocrx_word' id='word_1_198' title='bbox 237 2658 340 2714; x_wconf 89' lang='lat' dir='ltr'><strong>per</strong></span> <span class='ocrx_word' id='word_1_199' title='bbox 371 2642 624 2696; x_wconf 90' lang='lat' dir='ltr'><strong>ocultam</strong></span> <span class='ocrx_word' id='word_1_200' title='bbox 660 2642 1124 2712; x_wconf 87' lang='lat' dir='ltr'><strong>inspirationem,</strong></span> <span class='ocrx_word' id='word_1_201' title='bbox 1162 2644 1395 2712; x_wconf 80' lang='lat' dir='ltr'><strong>quando</strong></span> <span class='ocrx_word' id='word_1_202' title='bbox 1434 2645 1579 2711; x_wconf 85' lang='lat' dir='ltr'><strong>vult,</strong></span> <span class='ocrx_word' id='word_1_203' title='bbox 1613 2646 1798 2698; x_wconf 84' lang='lat' dir='ltr'><strong>docet.</strong></span> 
     </span>
    </p>
   </div>
   <div class='ocr_carea' id='block_1_31' title="bbox 224 2730 1802 2803">
    <p class='ocr_par' dir='ltr' id='par_1_31' title="bbox 224 2730 1802 2803">
     <span class='ocr_line' id='line_1_31' title="bbox 224 2730 1802 2803; baseline 0.002 -18"><span class='ocrx_word' id='word_1_204' title='bbox 224 2730 377 2785; x_wconf 81' lang='lat' dir='ltr'><strong>Sicut</strong></span> <span class='ocrx_word' id='word_1_205' title='bbox 408 2737 483 2785; x_wconf 78' lang='lat' dir='ltr'><strong>est</strong></span> <span class='ocrx_word' id='word_1_206' title='bbox 514 2732 718 2785; x_wconf 85' lang='lat' dir='ltr'><strong>veritas</strong></span> <span class='ocrx_word' id='word_1_207' title='bbox 751 2733 808 2784; x_wconf 86' lang='lat' dir='ltr'><strong>in</strong></span> <span class='ocrx_word' id='word_1_208' title='bbox 846 2732 1010 2785; x_wconf 88' lang='lat' dir='ltr'><strong>Jesu:</strong></span> <span class='ocrx_word' id='word_1_209' title='bbox 1064 2731 1179 2785; x_wconf 86' lang='lat' dir='ltr'><strong>Hoc</strong></span> <span class='ocrx_word' id='word_1_210' title='bbox 1226 2748 1436 2785; x_wconf 87' lang='lat' dir='ltr'><strong>nomen</strong></span> <span class='ocrx_word' id='word_1_211' title='bbox 1487 2732 1802 2803; x_wconf 87' lang='lat' dir='ltr'><strong>aliquando</strong></span> 
     </span>
    </p>
   </div>
   <div class='ocr_carea' id='block_1_32' title="bbox 141 2819 1804 2890">
    <p class='ocr_par' dir='ltr' id='par_1_32' title="bbox 141 2819 1804 2890">
     <span class='ocr_line' id='line_1_32' title="bbox 141 2819 1804 2890; baseline 0.002 -17"><span class='ocrx_word' id='word_1_212' title='bbox 141 2819 477 2887; x_wconf 85' lang='lat' dir='ltr'><strong>hominem,</strong></span> <span class='ocrx_word' id='word_1_213' title='bbox 514 2824 577 2872; x_wconf 93' lang='lat' dir='ltr'><strong>ut</strong></span> <span class='ocrx_word' id='word_1_214' title='bbox 607 2819 749 2873; x_wconf 91' lang='lat' dir='ltr'><strong>illuc</strong></span> <span class='ocrx_word' id='word_1_215' title='bbox 783 2837 794 2874; x_wconf 92' lang='lat'><strong>:</strong></span> <span class='ocrx_word' id='word_1_216' title='bbox 825 2820 1043 2873; x_wconf 85' lang='lat' dir='ltr'><strong>l’ocabis</strong></span> <span class='ocrx_word' id='word_1_217' title='bbox 1070 2836 1263 2873; x_wconf 83' lang='lat' dir='ltr'><strong>nomen</strong></span> <span class='ocrx_word' id='word_1_218' title='bbox 1288 2822 1407 2890; x_wconf 79' lang='lat' dir='ltr'><strong>ejus</strong></span> <span class='ocrx_word' id='word_1_219' title='bbox 1435 2822 1611 2876; x_wconf 75' lang='lat' dir='ltr'><strong>Iesum</strong></span> <span class='ocrx_word' id='word_1_220' title='bbox 1638 2821 1804 2888; x_wconf 87' lang='lat' dir='ltr'><strong>(Luc.</strong></span> 
     </span>
    </p>
   </div>
   <div class='ocr_carea' id='block_1_33' title="bbox 142 2906 1806 2976">
    <p class='ocr_par' dir='ltr' id='par_1_33' title="bbox 142 2906 1806 2976">
     <span class='ocr_line' id='line_1_33' title="bbox 142 2906 1806 2976; baseline -0.001 -14"><span class='ocrx_word' id='word_1_221' title='bbox 142 2926 188 2976; x_wconf 86' lang='grc' dir='ltr'>ι,</span> <span class='ocrx_word' id='word_1_222' title='bbox 228 2908 321 2973; x_wconf 87' lang='grc'>31)</span> <span class='ocrx_word' id='word_1_223' title='bbox 357 2924 369 2972; x_wconf 90' lang='lat'><strong>;</strong></span> <span class='ocrx_word' id='word_1_224' title='bbox 404 2907 717 2975; x_wconf 85' lang='lat' dir='ltr'><strong>aliquando</strong></span> <span class='ocrx_word' id='word_1_225' title='bbox 768 2908 1045 2972; x_wconf 89' lang='lat' dir='ltr'><strong>Verbum,</strong></span> <span class='ocrx_word' id='word_1_226' title='bbox 1088 2914 1151 2961; x_wconf 91' lang='lat' dir='ltr'><strong>ut</strong></span> <span class='ocrx_word' id='word_1_227' title='bbox 1182 2906 1323 2960; x_wconf 87' lang='lat' dir='ltr'><strong>illud</strong></span> <span class='ocrx_word' id='word_1_228' title='bbox 1362 2924 1373 2962; x_wconf 89' lang='lat'><strong>:</strong></span> <span class='ocrx_word' id='word_1_229' title='bbox 1408 2909 1573 2963; x_wconf 77' lang='lat' dir='ltr'><strong>Nobis</strong></span> <span class='ocrx_word' id='word_1_230' title='bbox 1624 2913 1806 2961; x_wconf 85' lang='lat' dir='ltr'><strong>autem</strong></span> 
     </span>
    </p>
   </div>
   <div class='ocr_carea' id='block_1_34' title="bbox 144 2998 1801 3066">
    <p class='ocr_par' dir='ltr' id='par_1_34' title="bbox 144 2998 1801 3066">
     <span class='ocr_line' id='line_1_34' title="bbox 144 2998 1801 3066; baseline 0.002 -19"><span class='ocrx_word' id='word_1_231' title='bbox 144 3010 303 3048; x_wconf 84' lang='lat' dir='ltr'><strong>unus</strong></span> <span class='ocrx_word' id='word_1_232' title='bbox 336 2998 600 3048; x_wconf 81' lang='lat' dir='ltr'><strong>Dominus</strong></span> <span class='ocrx_word' id='word_1_233' title='bbox 641 2999 805 3050; x_wconf 88' lang='lat' dir='ltr'><strong>Jesus</strong></span> <span class='ocrx_word' id='word_1_234' title='bbox 871 3011 940 3049; x_wconf 74' lang='lat' dir='ltr'><strong>ex</strong></span> <span class='ocrx_word' id='word_1_235' title='bbox 970 3012 1072 3065; x_wconf 84' lang='lat' dir='ltr'><strong>quo</strong></span> <span class='ocrx_word' id='word_1_236' title='bbox 1126 2998 1309 3050; x_wconf 84' lang='lat' dir='ltr'><strong>omnia</strong></span> <span class='ocrx_word' id='word_1_237' title='bbox 1342 2998 1387 3066; x_wconf 90' lang='lat' dir='ltr'>(l</span> <span class='ocrx_word' id='word_1_238' title='bbox 1419 2998 1537 3051; x_wconf 88' lang='lat' dir='ltr'><strong>Cor.</strong></span> <span class='ocrx_word' id='word_1_239' title='bbox 1572 3014 1691 3063; x_wconf 82' lang='lat' dir='ltr'><strong>vui,</strong></span> <span class='ocrx_word' id='word_1_240' title='bbox 1724 2998 1801 3065; x_wconf 87' lang='lat'><strong>6),</strong></span> 
     </span>
    </p>
   </div>
   <div class='ocr_carea' id='block_1_35' title="bbox 1960 420 3531 495">
    <p class='ocr_par' dir='ltr' id='par_1_35' title="bbox 1960 420 3531 495">
     <span class='ocr_line' id='line_1_35' title="bbox 1960 420 3531 495; baseline -0.004 -14"><span class='ocrx_word' id='word_1_241' title='bbox 1960 429 2005 495; x_wconf 95' lang='lat' dir='ltr'>(I</span> <span class='ocrx_word' id='word_1_242' title='bbox 2038 432 2164 481; x_wconf 81' lang='lat' dir='ltr'><strong>I‘or.</strong></span> <span class='ocrx_word' id='word_1_243' title='bbox 2196 445 2318 491; x_wconf 84' lang='lat' dir='ltr'><strong>xm,</strong></span> <span class='ocrx_word' id='word_1_244' title='bbox 2350 430 2423 489; x_wconf 80' lang='lat'>9).</span> <span class='ocrx_word' id='word_1_245' title='bbox 2468 429 2522 481; x_wconf 92' lang='lat' dir='ltr'><strong>ln</strong></span> <span class='ocrx_word' id='word_1_246' title='bbox 2558 427 2679 482; x_wconf 91' lang='lat' dir='ltr'><strong>solo</strong></span> <span class='ocrx_word' id='word_1_247' title='bbox 2708 428 2844 481; x_wconf 90' lang='lat' dir='ltr'><strong>Jesu</strong></span> <span class='ocrx_word' id='word_1_248' title='bbox 2873 423 3145 494; x_wconf 88' lang='lat' dir='ltr'><strong>apparuit</strong></span> <span class='ocrx_word' id='word_1_249' title='bbox 3174 422 3404 487; x_wconf 90' lang='lat' dir='ltr'><strong>veritas,</strong></span> <span class='ocrx_word' id='word_1_250' title='bbox 3428 420 3531 491; x_wconf 91' lang='lat' dir='ltr'><strong>qui</strong></span> 
     </span>
    </p>
   </div>
   <div class='ocr_carea' id='block_1_36' title="bbox 1893 510 3535 583">
    <p class='ocr_par' dir='ltr' id='par_1_36' title="bbox 1893 510 3535 583">
     <span class='ocr_line' id='line_1_36' title="bbox 1893 510 3535 583; baseline -0.005 -13"><span class='ocrx_word' id='word_1_251' title='bbox 1893 517 2256 570; x_wconf 78' lang='lat' dir='ltr'><strong>confidenter</strong></span> <span class='ocrx_word' id='word_1_252' title='bbox 2282 518 2459 572; x_wconf 89' lang='lat' dir='ltr'><strong>dicit:</strong></span> <span class='ocrx_word' id='word_1_253' title='bbox 2487 518 2593 583; x_wconf 87' lang='lat' dir='ltr'><strong>Ego</strong></span> <span class='ocrx_word' id='word_1_254' title='bbox 2621 533 2739 569; x_wconf 86' lang='lat' dir='ltr'><strong>sum</strong></span> <span class='ocrx_word' id='word_1_255' title='bbox 2784 517 2982 569; x_wconf 86' lang='lat' dir='ltr'><strong>veritas</strong></span> <span class='ocrx_word' id='word_1_256' title='bbox 3012 514 3186 581; x_wconf 83' lang='lat' dir='ltr'><strong>(Joan.</strong></span> <span class='ocrx_word' id='word_1_257' title='bbox 3220 527 3335 575; x_wconf 77' lang='lat' dir='ltr'><strong>xxv,</strong></span> <span class='ocrx_word' id='word_1_258' title='bbox 3363 510 3535 579; x_wconf 89' lang='lat' dir='ltr'><strong>6).De</strong></span> 
     </span>
    </p>
   </div>
   <div class='ocr_carea' id='block_1_37' title="bbox 1892 600 3536 673">
    <p class='ocr_par' dir='ltr' id='par_1_37' title="bbox 1892 600 3536 673">
     <span class='ocr_line' id='line_1_37' title="bbox 1892 600 3536 673; baseline -0.005 -14"><span class='ocrx_word' id='word_1_259' title='bbox 1892 620 1957 659; x_wconf 89' lang='lat' dir='ltr'><strong>eo</strong></span> <span class='ocrx_word' id='word_1_260' title='bbox 1990 606 2140 673; x_wconf 88' lang='lat' dir='ltr'><strong>quod</strong></span> <span class='ocrx_word' id='word_1_261' title='bbox 2176 605 2285 659; x_wconf 86' lang='lat' dir='ltr'><strong>ista</strong></span> <span class='ocrx_word' id='word_1_262' title='bbox 2306 606 2514 659; x_wconf 90' lang='lat' dir='ltr'><strong>veritas</strong></span> <span class='ocrx_word' id='word_1_263' title='bbox 2549 621 2659 658; x_wconf 91' lang='lat' dir='ltr'><strong>non</strong></span> <span class='ocrx_word' id='word_1_264' title='bbox 2692 604 2749 656; x_wconf 90' lang='lat' dir='ltr'><strong>in</strong></span> <span class='ocrx_word' id='word_1_265' title='bbox 2783 602 2949 667; x_wconf 85' lang='lat' dir='ltr'><strong>valle,</strong></span> <span class='ocrx_word' id='word_1_266' title='bbox 2984 601 3082 655; x_wconf 91' lang='lat' dir='ltr'><strong>sed</strong></span> <span class='ocrx_word' id='word_1_267' title='bbox 3117 600 3174 653; x_wconf 91' lang='lat' dir='ltr'><strong>in</strong></span> <span class='ocrx_word' id='word_1_268' title='bbox 3236 604 3455 667; x_wconf 90' lang='lat' dir='ltr'><strong>monte,</strong></span> <span class='ocrx_word' id='word_1_269' title='bbox 3479 602 3536 652; x_wconf 88' lang='lat' dir='ltr'><strong>et</strong></span> 
     </span>
    </p>
   </div>
   <div class='ocr_carea' id='block_1_38' title="bbox 1894 687 3535 763">
    <p class='ocr_par' dir='ltr' id='par_1_38' title="bbox 1894 687 3535 763">
     <span class='ocr_line' id='line_1_38' title="bbox 1894 687 3535 763; baseline -0.005 -16"><span class='ocrx_word' id='word_1_270' title='bbox 1894 709 2026 747; x_wconf 91' lang='lat' dir='ltr'><strong>cum</strong></span> <span class='ocrx_word' id='word_1_271' title='bbox 2061 694 2169 754; x_wconf 85' lang='lat' dir='ltr'><strong>lex,</strong></span> <span class='ocrx_word' id='word_1_272' title='bbox 2198 700 2252 747; x_wconf 89' lang='lat' dir='ltr'><strong>et</strong></span> <span class='ocrx_word' id='word_1_273' title='bbox 2302 694 2608 763; x_wconf 89' lang='lat' dir='ltr'><strong>prophetia</strong></span> <span class='ocrx_word' id='word_1_274' title='bbox 2660 692 3023 761; x_wconf 87' lang='lat' dir='ltr'><strong>intelligitur,</strong></span> <span class='ocrx_word' id='word_1_275' title='bbox 3081 689 3346 753; x_wconf 90' lang='lat' dir='ltr'><strong>videtur;</strong></span> <span class='ocrx_word' id='word_1_276' title='bbox 3383 687 3535 740; x_wconf 90' lang='lat' dir='ltr'><strong>unde</strong></span> 
     </span>
    </p>
   </div>
   <div class='ocr_carea' id='block_1_39' title="bbox 1897 773 3535 853">
    <p class='ocr_par' dir='ltr' id='par_1_39' title="bbox 1897 773 3535 853">
     <span class='ocr_line' id='line_1_39' title="bbox 1897 773 3535 853; baseline -0.005 -18"><span class='ocrx_word' id='word_1_277' title='bbox 1897 782 2120 853; x_wconf 82' lang='lat' dir='ltr'><strong>Moyses</strong></span> <span class='ocrx_word' id='word_1_278' title='bbox 2152 788 2207 835; x_wconf 91' lang='lat' dir='ltr'><strong>et</strong></span> <span class='ocrx_word' id='word_1_279' title='bbox 2230 782 2377 836; x_wconf 72' lang='lat' dir='ltr'><strong>blias</strong></span> <span class='ocrx_word' id='word_1_280' title='bbox 2421 782 2474 834; x_wconf 91' lang='lat' dir='ltr'><strong>in</strong></span> <span class='ocrx_word' id='word_1_281' title='bbox 2510 788 2728 845; x_wconf 90' lang='lat' dir='ltr'><strong>monte,</strong></span> <span class='ocrx_word' id='word_1_282' title='bbox 2778 780 3092 834; x_wconf 85' lang='lat' dir='ltr'><strong>clarificato</strong></span> <span class='ocrx_word' id='word_1_283' title='bbox 3137 777 3405 840; x_wconf 89' lang='lat' dir='ltr'><strong>Domino,</strong></span> <span class='ocrx_word' id='word_1_284' title='bbox 3454 773 3535 828; x_wconf 91' lang='lat' dir='ltr'><strong>vi-</strong></span> 
     </span>
    </p>
   </div>
   <div class='ocr_carea' id='block_1_40' title="bbox 1896 869 2643 939">
    <p class='ocr_par' dir='ltr' id='par_1_40' title="bbox 1896 869 2643 939">
     <span class='ocr_line' id='line_1_40' title="bbox 1896 869 2643 939; baseline 0.001 -17"><span class='ocrx_word' id='word_1_285' title='bbox 1896 869 2107 923; x_wconf 90' lang='lat' dir='ltr'><strong>dentur</strong></span> <span class='ocrx_word' id='word_1_286' title='bbox 2139 874 2153 939; x_wconf 95' lang='lat'><strong>(</strong></span> <span class='ocrx_word' id='word_1_287' title='bbox 2181 870 2384 924; x_wconf 84' lang='lat' dir='ltr'><strong>Matth.</strong></span> <span class='ocrx_word' id='word_1_288' title='bbox 2409 888 2543 933; x_wconf 84' lang='lat' dir='ltr'><strong>xvn,</strong></span> <span class='ocrx_word' id='word_1_289' title='bbox 2568 872 2643 939; x_wconf 71' lang='lat'><strong>2).</strong></span> 
     </span>
    </p>
   </div>
   <div class='ocr_carea' id='block_1_41' title="bbox 1972 953 3539 1029">
    <p class='ocr_par' dir='ltr' id='par_1_41' title="bbox 1972 953 3539 1029">
     <span class='ocr_line' id='line_1_41' title="bbox 1972 953 3539 1029; baseline -0.004 -17"><span class='ocrx_word' id='word_1_290' title='bbox 1972 959 2278 1028; x_wconf 84' lang='lat' dir='ltr'><strong>Sequitur:</strong></span> <span class='ocrx_word' id='word_1_291' title='bbox 2315 960 2583 1029; x_wconf 83' lang='lat' dir='ltr'><strong>Deponere</strong></span> <span class='ocrx_word' id='word_1_292' title='bbox 2636 976 2747 1027; x_wconf 82' lang='lat' dir='ltr'><strong>vos,</strong></span> <span class='ocrx_word' id='word_1_293' title='bbox 2780 962 2887 1011; x_wconf 87' lang='lat' dir='ltr'><strong>etc.</strong></span> <span class='ocrx_word' id='word_1_294' title='bbox 2922 957 2989 1011; x_wconf 90' lang='lat' dir='ltr'><strong>Et</strong></span> <span class='ocrx_word' id='word_1_295' title='bbox 3020 959 3107 1009; x_wconf 89' lang='lat' dir='ltr'><strong>est</strong></span> <span class='ocrx_word' id='word_1_296' title='bbox 3138 954 3277 1008; x_wconf 87' lang='lat' dir='ltr'><strong>ordo</strong></span> <span class='ocrx_word' id='word_1_297' title='bbox 3330 953 3539 1007; x_wconf 90' lang='lat' dir='ltr'><strong>verbo-</strong></span> 
     </span>
    </p>
   </div>
   <div class='ocr_carea' id='block_1_42' title="bbox 1898 1044 3545 1109">
    <p class='ocr_par' dir='ltr' id='par_1_42' title="bbox 1898 1044 3545 1109">
     <span class='ocr_line' id='line_1_42' title="bbox 1898 1044 3545 1109; baseline -0.005 -8"><span class='ocrx_word' id='word_1_298' title='bbox 1898 1064 2029 1101; x_wconf 88' lang='lat' dir='ltr'><strong>rum</strong></span> <span class='ocrx_word' id='word_1_299' title='bbox 2057 1062 2069 1100; x_wconf 90' lang='lat'><strong>:</strong></span> <span class='ocrx_word' id='word_1_300' title='bbox 2111 1049 2202 1100; x_wconf 85' lang='lat' dir='ltr'><strong>Vos</strong></span> <span class='ocrx_word' id='word_1_301' title='bbox 2225 1056 2416 1101; x_wconf 83' lang='lat' dir='ltr'><strong>autem</strong></span> <span class='ocrx_word' id='word_1_302' title='bbox 2446 1064 2553 1102; x_wconf 84' lang='lat' dir='ltr'><strong>non</strong></span> <span class='ocrx_word' id='word_1_303' title='bbox 2574 1050 2653 1101; x_wconf 84' lang='lat' dir='ltr'><strong>ita</strong></span> <span class='ocrx_word' id='word_1_304' title='bbox 2674 1048 2939 1101; x_wconf 78' lang='lat' dir='ltr'><strong>didicistis</strong></span> <span class='ocrx_word' id='word_1_305' title='bbox 2966 1044 3330 1109; x_wconf 81' lang='lat' dir='ltr'><strong>Christum,si</strong></span> <span class='ocrx_word' id='word_1_306' title='bbox 3362 1046 3545 1096; x_wconf 79' lang='lat' dir='ltr'><strong>tamen</strong></span> 
     </span>
    </p>
   </div>
   <div class='ocr_carea' id='block_1_43' title="bbox 1902 1132 3542 1205">
    <p class='ocr_par' dir='ltr' id='par_1_43' title="bbox 1902 1132 3542 1205">
     <span class='ocr_line' id='line_1_43' title="bbox 1902 1132 3542 1205; baseline -0.003 -15"><span class='ocrx_word' id='word_1_307' title='bbox 1902 1136 2067 1190; x_wconf 80' lang='lat' dir='ltr'><strong>illum</strong></span> <span class='ocrx_word' id='word_1_308' title='bbox 2100 1136 2353 1205; x_wconf 75' lang='lat' dir='ltr'><strong>audistis,</strong></span> <span class='ocrx_word' id='word_1_309' title='bbox 2375 1142 2471 1190; x_wconf 87' lang='lat' dir='ltr'><strong>aut</strong></span> <span class='ocrx_word' id='word_1_310' title='bbox 2506 1138 2565 1190; x_wconf 90' lang='lat' dir='ltr'><strong>in</strong></span> <span class='ocrx_word' id='word_1_311' title='bbox 2598 1137 2697 1190; x_wconf 82' lang='lat' dir='ltr'><strong>illo</strong></span> <span class='ocrx_word' id='word_1_312' title='bbox 2727 1135 2899 1189; x_wconf 89' lang='lat' dir='ltr'><strong>edocti</strong></span> <span class='ocrx_word' id='word_1_313' title='bbox 2929 1135 3061 1187; x_wconf 78' lang='lat' dir='ltr'><strong>estis</strong></span> <span class='ocrx_word' id='word_1_314' title='bbox 3092 1132 3377 1201; x_wconf 82' lang='lat' dir='ltr'><strong>deponere,</strong></span> <span class='ocrx_word' id='word_1_315' title='bbox 3411 1135 3542 1194; x_wconf 92' lang='lat' dir='ltr'><strong>etc.,</strong></span> 
     </span>
    </p>
   </div>
   <div class='ocr_carea' id='block_1_44' title="bbox 1904 1220 3544 1295">
    <p class='ocr_par' dir='ltr' id='par_1_44' title="bbox 1904 1220 3544 1295">
     <span class='ocr_line' id='line_1_44' title="bbox 1904 1220 3544 1295; baseline -0.004 -17"><span class='ocrx_word' id='word_1_316' title='bbox 1904 1240 2111 1295; x_wconf 89' lang='lat' dir='ltr'><strong>usque,</strong></span> <span class='ocrx_word' id='word_1_317' title='bbox 2144 1226 2355 1278; x_wconf 83' lang='lat' dir='ltr'><strong>erroris</strong></span> <span class='ocrx_word' id='word_1_318' title='bbox 2380 1230 2465 1278; x_wconf 88' lang='lat' dir='ltr'><strong>:et</strong></span> <span class='ocrx_word' id='word_1_319' title='bbox 2486 1224 2765 1278; x_wconf 90' lang='lat' dir='ltr'><strong>subdere:</strong></span> <span class='ocrx_word' id='word_1_320' title='bbox 2800 1222 2947 1276; x_wconf 83' lang='lat' dir='ltr'><strong>Sicut</strong></span> <span class='ocrx_word' id='word_1_321' title='bbox 2980 1222 3273 1275; x_wconf 86' lang='lat' dir='ltr'><strong>estveritas</strong></span> <span class='ocrx_word' id='word_1_322' title='bbox 3309 1220 3369 1273; x_wconf 84' lang='lat' dir='ltr'><strong>in</strong></span> <span class='ocrx_word' id='word_1_323' title='bbox 3397 1220 3544 1274; x_wconf 85' lang='lat' dir='ltr'><strong>Jesu.</strong></span> 
     </span>
    </p>
   </div>
   <div class='ocr_carea' id='block_1_45' title="bbox 1904 1305 3549 1376">
    <p class='ocr_par' dir='ltr' id='par_1_45' title="bbox 1904 1305 3549 1376">
     <span class='ocr_line' id='line_1_45' title="bbox 1904 1305 3549 1376; baseline -0.005 -9"><span class='ocrx_word' id='word_1_324' title='bbox 1904 1312 1976 1367; x_wconf 91' lang='lat' dir='ltr'><strong>Ut</strong></span> <span class='ocrx_word' id='word_1_325' title='bbox 1997 1313 2073 1365; x_wconf 86' lang='lat' dir='ltr'><strong>sit</strong></span> <span class='ocrx_word' id='word_1_326' title='bbox 2102 1329 2345 1367; x_wconf 89' lang='lat' dir='ltr'><strong>sensus:</strong></span> <span class='ocrx_word' id='word_1_327' title='bbox 2383 1313 2682 1376; x_wconf 88' lang='lat' dir='ltr'><strong>Quomodo</strong></span> <span class='ocrx_word' id='word_1_328' title='bbox 2701 1318 2790 1366; x_wconf 90' lang='lat' dir='ltr'><strong>est</strong></span> <span class='ocrx_word' id='word_1_329' title='bbox 2820 1310 3107 1365; x_wconf 89' lang='lat' dir='ltr'><strong>veritasin</strong></span> <span class='ocrx_word' id='word_1_330' title='bbox 3133 1312 3290 1373; x_wconf 88' lang='lat' dir='ltr'><strong>Jesu,</strong></span> <span class='ocrx_word' id='word_1_331' title='bbox 3324 1307 3407 1361; x_wconf 91' lang='lat' dir='ltr'><strong>sic</strong></span> <span class='ocrx_word' id='word_1_332' title='bbox 3438 1305 3549 1359; x_wconf 89' lang='lat' dir='ltr'><strong>erit</strong></span> 
     </span>
    </p>
   </div>
   <div class='ocr_carea' id='block_1_46' title="bbox 1903 1394 3547 1472">
    <p class='ocr_par' dir='ltr' id='par_1_46' title="bbox 1903 1394 3547 1472">
     <span class='ocr_line' id='line_1_46' title="bbox 1903 1394 3547 1472; baseline -0.004 -17"><span class='ocrx_word' id='word_1_333' title='bbox 1903 1401 1961 1455; x_wconf 88' lang='lat' dir='ltr'><strong>in</strong></span> <span class='ocrx_word' id='word_1_334' title='bbox 1995 1400 2178 1465; x_wconf 88' lang='lat' dir='ltr'><strong>vobis,</strong></span> <span class='ocrx_word' id='word_1_335' title='bbox 2212 1403 2308 1472; x_wconf 80' lang='lat' dir='ltr'><strong>qui</strong></span> <span class='ocrx_word' id='word_1_336' title='bbox 2336 1401 2607 1456; x_wconf 85' lang='lat' dir='ltr'><strong>didicistis</strong></span> <span class='ocrx_word' id='word_1_337' title='bbox 2639 1400 2932 1464; x_wconf 78' lang='lat' dir='ltr'><strong>Christum,</strong></span> <span class='ocrx_word' id='word_1_338' title='bbox 2965 1400 3015 1453; x_wconf 86' lang='lat' dir='ltr'><strong>et</strong></span> <span class='ocrx_word' id='word_1_339' title='bbox 3045 1398 3193 1454; x_wconf 84' lang='lat' dir='ltr'><strong>docti</strong></span> <span class='ocrx_word' id='word_1_340' title='bbox 3231 1398 3359 1451; x_wconf 84' lang='lat' dir='ltr'><strong>estis</strong></span> <span class='ocrx_word' id='word_1_341' title='bbox 3384 1394 3547 1464; x_wconf 88' lang='lat' dir='ltr'><strong>depa-</strong></span> 
     </span>
    </p>
   </div>
   <div class='ocr_carea' id='block_1_47' title="bbox 1903 1488 3550 1561">
    <p class='ocr_par' dir='ltr' id='par_1_47' title="bbox 1903 1488 3550 1561">
     <span class='ocr_line' id='line_1_47' title="bbox 1903 1488 3550 1561; baseline -0.005 -16"><span class='ocrx_word' id='word_1_342' title='bbox 1903 1506 2038 1545; x_wconf 85' lang='lat' dir='ltr'><strong>nere</strong></span> <span class='ocrx_word' id='word_1_343' title='bbox 2066 1491 2394 1547; x_wconf 85' lang='lat' dir='ltr'><strong>secundum.</strong></span> <span class='ocrx_word' id='word_1_344' title='bbox 2426 1491 2572 1545; x_wconf 89' lang='lat' dir='ltr'><strong>Nota</strong></span> <span class='ocrx_word' id='word_1_345' title='bbox 2598 1506 2711 1561; x_wconf 93' lang='lat' dir='ltr'><strong>quo</strong></span> <span class='ocrx_word' id='word_1_346' title='bbox 2762 1488 3142 1557; x_wconf 87' lang='lat' dir='ltr'><strong>conversatio,</strong></span> <span class='ocrx_word' id='word_1_347' title='bbox 3176 1502 3291 1541; x_wconf 90' lang='lat' dir='ltr'><strong>non</strong></span> <span class='ocrx_word' id='word_1_348' title='bbox 3341 1488 3550 1539; x_wconf 89' lang='lat' dir='ltr'><strong>natura</strong></span> 
     </span>
    </p>
   </div>
   <div class='ocr_carea' id='block_1_48' title="bbox 1904 1570 3551 1651">
    <p class='ocr_par' dir='ltr' id='par_1_48' title="bbox 1904 1570 3551 1651">
     <span class='ocr_line' id='line_1_48' title="bbox 1904 1570 3551 1651; baseline -0.006 -16"><span class='ocrx_word' id='word_1_349' title='bbox 1904 1581 2285 1651; x_wconf 88' lang='lat' dir='ltr'><strong>deponenda;</strong></span> <span class='ocrx_word' id='word_1_350' title='bbox 2321 1581 2377 1633; x_wconf 92' lang='lat' dir='ltr'><strong>id</strong></span> <span class='ocrx_word' id='word_1_351' title='bbox 2412 1584 2520 1643; x_wconf 90' lang='lat' dir='ltr'><strong>est,</strong></span> <span class='ocrx_word' id='word_1_352' title='bbox 2547 1579 2702 1633; x_wconf 88' lang='lat' dir='ltr'><strong>mala</strong></span> <span class='ocrx_word' id='word_1_353' title='bbox 2731 1578 2943 1633; x_wconf 87' lang='lat' dir='ltr'><strong>veteris</strong></span> <span class='ocrx_word' id='word_1_354' title='bbox 2992 1575 3250 1631; x_wconf 88' lang='lat' dir='ltr'><strong>hominis</strong></span> <span class='ocrx_word' id='word_1_355' title='bbox 3278 1573 3416 1642; x_wconf 90' lang='lat' dir='ltr'><strong>vita,</strong></span> <span class='ocrx_word' id='word_1_356' title='bbox 3449 1570 3551 1642; x_wconf 89' lang='lat' dir='ltr'><strong>qui</strong></span> 
     </span>
    </p>
   </div>
   <div class='ocr_carea' id='block_1_49' title="bbox 1908 1661 3549 1739">
    <p class='ocr_par' dir='ltr' id='par_1_49' title="bbox 1908 1661 3549 1739">
     <span class='ocr_line' id='line_1_49' title="bbox 1908 1661 3549 1739; baseline -0.005 -17"><span class='ocrx_word' id='word_1_357' title='bbox 1908 1668 2165 1739; x_wconf 89' lang='lat' dir='ltr'><strong>quotidie</strong></span> <span class='ocrx_word' id='word_1_358' title='bbox 2187 1671 2583 1739; x_wconf 88' lang='lat' dir='ltr'><strong>corrumpitur,</strong></span> <span class='ocrx_word' id='word_1_359' title='bbox 2613 1675 2670 1722; x_wconf 90' lang='lat' dir='ltr'><strong>et</strong></span> <span class='ocrx_word' id='word_1_360' title='bbox 2691 1668 2761 1721; x_wconf 91' lang='lat' dir='ltr'><strong>ad</strong></span> <span class='ocrx_word' id='word_1_361' title='bbox 2782 1667 2980 1738; x_wconf 86' lang='lat' dir='ltr'><strong>pejora</strong></span> <span class='ocrx_word' id='word_1_362' title='bbox 3000 1664 3207 1719; x_wconf 86' lang='lat' dir='ltr'><strong>tendit.</strong></span> <span class='ocrx_word' id='word_1_363' title='bbox 3231 1663 3378 1718; x_wconf 87' lang='lat' dir='ltr'><strong>Nota</strong></span> <span class='ocrx_word' id='word_1_364' title='bbox 3394 1661 3549 1732; x_wconf 90' lang='lat' dir='ltr'><strong>quod</strong></span> 
     </span>
    </p>
   </div>
   <div class='ocr_carea' id='block_1_50' title="bbox 1911 1752 3554 1829">
    <p class='ocr_par' dir='ltr' id='par_1_50' title="bbox 1911 1752 3554 1829">
     <span class='ocr_line' id='line_1_50' title="bbox 1911 1752 3554 1829; baseline -0.005 -18"><span class='ocrx_word' id='word_1_365' title='bbox 1911 1758 2027 1811; x_wconf 71' lang='lat' dir='ltr'><strong>haec</strong></span> <span class='ocrx_word' id='word_1_366' title='bbox 2062 1758 2355 1829; x_wconf 89' lang='lat' dir='ltr'><strong>corruptio</strong></span> <span class='ocrx_word' id='word_1_367' title='bbox 2388 1774 2502 1812; x_wconf 93' lang='lat' dir='ltr'><strong>non</strong></span> <span class='ocrx_word' id='word_1_368' title='bbox 2534 1761 2622 1811; x_wconf 89' lang='lat' dir='ltr'><strong>est</strong></span> <span class='ocrx_word' id='word_1_369' title='bbox 2646 1755 2767 1819; x_wconf 92' lang='lat' dir='ltr'><strong>illa,</strong></span> <span class='ocrx_word' id='word_1_370' title='bbox 2802 1756 2871 1809; x_wconf 91' lang='lat' dir='ltr'><strong>de</strong></span> <span class='ocrx_word' id='word_1_371' title='bbox 2904 1772 3018 1825; x_wconf 93' lang='lat' dir='ltr'><strong>qua</strong></span> <span class='ocrx_word' id='word_1_372' title='bbox 3040 1753 3255 1808; x_wconf 90' lang='lat' dir='ltr'><strong>dicitur</strong></span> <span class='ocrx_word' id='word_1_373' title='bbox 3288 1752 3438 1806; x_wconf 86' lang='lat' dir='ltr'><strong>:Etsi</strong></span> <span class='ocrx_word' id='word_1_374' title='bbox 3459 1765 3554 1804; x_wconf 73' lang='lat' dir='ltr'><strong>ex-</strong></span> 
     </span>
    </p>
   </div>
   <div class='ocr_carea' id='block_1_51' title="bbox 1907 1844 3249 1915">
    <p class='ocr_par' dir='ltr' id='par_1_51' title="bbox 1907 1844 3249 1915">
     <span class='ocr_line' id='line_1_51' title="bbox 1907 1844 3249 1915; baseline -0.004 -15"><span class='ocrx_word' id='word_1_375' title='bbox 1907 1848 2080 1901; x_wconf 82' lang='lat' dir='ltr'><strong>terior</strong></span> <span class='ocrx_word' id='word_1_376' title='bbox 2114 1847 2276 1901; x_wconf 82' lang='lat' dir='ltr'><strong>homo</strong></span> <span class='ocrx_word' id='word_1_377' title='bbox 2304 1850 2488 1901; x_wconf 84' lang='lat' dir='ltr'><strong>noster</strong></span> <span class='ocrx_word' id='word_1_378' title='bbox 2514 1846 2888 1915; x_wconf 83' lang='lat' dir='ltr'><strong>corrumpitur</strong></span> <span class='ocrx_word' id='word_1_379' title='bbox 2908 1844 3108 1912; x_wconf 91' lang='lat'>(1090),</span> <span class='ocrx_word' id='word_1_380' title='bbox 3142 1847 3249 1896; x_wconf 87' lang='lat' dir='ltr'><strong>etc.</strong></span> 
     </span>
    </p>
   </div>
   <div class='ocr_carea' id='block_1_52' title="bbox 1980 1927 3549 2003">
    <p class='ocr_par' dir='ltr' id='par_1_52' title="bbox 1980 1927 3549 2003">
     <span class='ocr_line' id='line_1_52' title="bbox 1980 1927 3549 2003; baseline -0.004 -16"><span class='ocrx_word' id='word_1_381' title='bbox 1980 1936 2254 2003; x_wconf 86' lang='lat' dir='ltr'><strong>Sequitur</strong></span> <span class='ocrx_word' id='word_1_382' title='bbox 2278 1952 2289 1988; x_wconf 87' lang='lat'><strong>:</strong></span> <span class='ocrx_word' id='word_1_383' title='bbox 2328 1935 2688 1989; x_wconf 83' lang='lat' dir='ltr'><strong>Renovamini</strong></span> <span class='ocrx_word' id='word_1_384' title='bbox 2703 1937 2885 1987; x_wconf 89' lang='lat' dir='ltr'><strong>autem</strong></span> <span class='ocrx_word' id='word_1_385' title='bbox 2902 1933 3101 2001; x_wconf 84' lang='lat' dir='ltr'><strong>spiritu</strong></span> <span class='ocrx_word' id='word_1_386' title='bbox 3121 1931 3321 1984; x_wconf 77' lang='lat' dir='ltr'><strong>mentis</strong></span> <span class='ocrx_word' id='word_1_387' title='bbox 3342 1927 3549 1998; x_wconf 91' lang='lat'>(1091),</span> 
     </span>
    </p>
   </div>
   <div class='ocr_carea' id='block_1_53' title="bbox 1908 2015 3552 2093">
    <p class='ocr_par' dir='ltr' id='par_1_53' title="bbox 1908 2015 3552 2093">
     <span class='ocr_line' id='line_1_53' title="bbox 1908 2015 3552 2093; baseline -0.005 -16"><span class='ocrx_word' id='word_1_388' title='bbox 1908 2029 2017 2077; x_wconf 91' lang='lat' dir='ltr'><strong>etc.</strong></span> <span class='ocrx_word' id='word_1_389' title='bbox 2052 2023 2130 2077; x_wconf 92' lang='lat' dir='ltr'><strong>De</strong></span> <span class='ocrx_word' id='word_1_390' title='bbox 2152 2039 2217 2077; x_wconf 90' lang='lat' dir='ltr'><strong>eo</strong></span> <span class='ocrx_word' id='word_1_391' title='bbox 2250 2024 2401 2093; x_wconf 90' lang='lat' dir='ltr'><strong>quod</strong></span> <span class='ocrx_word' id='word_1_392' title='bbox 2432 2040 2534 2077; x_wconf 90' lang='lat' dir='ltr'><strong>nec</strong></span> <span class='ocrx_word' id='word_1_393' title='bbox 2570 2028 2763 2076; x_wconf 90' lang='lat' dir='ltr'><strong>mente</strong></span> <span class='ocrx_word' id='word_1_394' title='bbox 2794 2022 3015 2089; x_wconf 89' lang='lat' dir='ltr'><strong>absque</strong></span> <span class='ocrx_word' id='word_1_395' title='bbox 3045 2019 3400 2090; x_wconf 88' lang='lat' dir='ltr'><strong>spiritu,nec</strong></span> <span class='ocrx_word' id='word_1_396' title='bbox 3432 2015 3552 2086; x_wconf 91' lang='lat' dir='ltr'><strong>spi-</strong></span> 
     </span>
    </p>
   </div>
   <div class='ocr_carea' id='block_1_54' title="bbox 1908 2104 3551 2183">
    <p class='ocr_par' dir='ltr' id='par_1_54' title="bbox 1908 2104 3551 2183">
     <span class='ocr_line' id='line_1_54' title="bbox 1908 2104 3551 2183; baseline -0.004 -18"><span class='ocrx_word' id='word_1_397' title='bbox 1908 2112 2021 2165; x_wconf 90' lang='lat' dir='ltr'><strong>ritu</strong></span> <span class='ocrx_word' id='word_1_398' title='bbox 2046 2116 2269 2183; x_wconf 88' lang='lat' dir='ltr'><strong>absque</strong></span> <span class='ocrx_word' id='word_1_399' title='bbox 2291 2118 2483 2166; x_wconf 91' lang='lat' dir='ltr'><strong>mente</strong></span> <span class='ocrx_word' id='word_1_400' title='bbox 2500 2127 2866 2165; x_wconf 89' lang='lat' dir='ltr'><strong>renovamur.</strong></span> <span class='ocrx_word' id='word_1_401' title='bbox 2891 2110 3304 2164; x_wconf 90' lang='lat' dir='ltr'><strong>Sicutoramus</strong></span> <span class='ocrx_word' id='word_1_402' title='bbox 3317 2104 3551 2176; x_wconf 89' lang='lat' dir='ltr'><strong>spiritu,</strong></span> 
     </span>
    </p>
   </div>
   <div class='ocr_carea' id='block_1_55' title="bbox 1911 2194 3553 2268">
    <p class='ocr_par' dir='ltr' id='par_1_55' title="bbox 1911 2194 3553 2268">
     <span class='ocr_line' id='line_1_55' title="bbox 1911 2194 3553 2268; baseline -0.005 -13"><span class='ocrx_word' id='word_1_403' title='bbox 1911 2217 2146 2256; x_wconf 89' lang='lat' dir='ltr'><strong>oramus</strong></span> <span class='ocrx_word' id='word_1_404' title='bbox 2160 2208 2214 2255; x_wconf 88' lang='lat' dir='ltr'><strong>et</strong></span> <span class='ocrx_word' id='word_1_405' title='bbox 2237 2208 2450 2255; x_wconf 89' lang='lat' dir='ltr'><strong>mente.</strong></span> <span class='ocrx_word' id='word_1_406' title='bbox 2477 2201 2558 2255; x_wconf 88' lang='lat' dir='ltr'><strong>Ita</strong></span> <span class='ocrx_word' id='word_1_407' title='bbox 2574 2197 3141 2268; x_wconf 85' lang='lat' dir='ltr'><strong>renovamurspiritu</strong></span> <span class='ocrx_word' id='word_1_408' title='bbox 3172 2194 3553 2260; x_wconf 87' lang='lat' dir='ltr'><strong>mentis,cum</strong></span> 
     </span>
    </p>
   </div>
   <div class='ocr_carea' id='block_1_56' title="bbox 1913 2283 3556 2357">
    <p class='ocr_par' dir='ltr' id='par_1_56' title="bbox 1913 2283 3556 2357">
     <span class='ocr_line' id='line_1_56' title="bbox 1913 2283 3556 2357; baseline -0.006 -13"><span class='ocrx_word' id='word_1_409' title='bbox 1913 2307 2077 2344; x_wconf 90' lang='lat' dir='ltr'><strong>mens</strong></span> <span class='ocrx_word' id='word_1_410' title='bbox 2118 2290 2339 2344; x_wconf 89' lang='lat' dir='ltr'><strong>munda</strong></span> <span class='ocrx_word' id='word_1_411' title='bbox 2373 2289 2548 2344; x_wconf 88' lang='lat' dir='ltr'><strong>fuerit</strong></span> <span class='ocrx_word' id='word_1_412' title='bbox 2586 2308 2597 2352; x_wconf 87' lang='lat'><strong>;</strong></span> <span class='ocrx_word' id='word_1_413' title='bbox 2634 2294 2773 2342; x_wconf 91' lang='lat' dir='ltr'><strong>tunc</strong></span> <span class='ocrx_word' id='word_1_414' title='bbox 2799 2287 2849 2341; x_wconf 89' lang='lat' dir='ltr'><strong>ei</strong></span> <span class='ocrx_word' id='word_1_415' title='bbox 2876 2284 3149 2357; x_wconf 82' lang='lat' dir='ltr'><strong>jungitur</strong></span> <span class='ocrx_word' id='word_1_416' title='bbox 3196 2283 3462 2353; x_wconf 88' lang='lat' dir='ltr'><strong>spiritus,</strong></span> <span class='ocrx_word' id='word_1_417' title='bbox 3499 2285 3556 2335; x_wconf 89' lang='lat' dir='ltr'><strong>et</strong></span> 
     </span>
    </p>
   </div>
   <div class='ocr_carea' id='block_1_57' title="bbox 1908 2370 3554 2440">
    <p class='ocr_par' dir='ltr' id='par_1_57' title="bbox 1908 2370 3554 2440">
     <span class='ocr_line' id='line_1_57' title="bbox 1908 2370 3554 2440; baseline -0.004 -9"><span class='ocrx_word' id='word_1_418' title='bbox 1908 2377 2214 2433; x_wconf 88' lang='lat' dir='ltr'><strong>induimus</strong></span> <span class='ocrx_word' id='word_1_419' title='bbox 2245 2396 2453 2433; x_wconf 89' lang='lat' dir='ltr'><strong>novum</strong></span> <span class='ocrx_word' id='word_1_420' title='bbox 2471 2378 2789 2431; x_wconf 90' lang='lat' dir='ltr'><strong>hominem.</strong></span> <span class='ocrx_word' id='word_1_421' title='bbox 2817 2375 2967 2440; x_wconf 87' lang='lat' dir='ltr'><strong>Quid</strong></span> <span class='ocrx_word' id='word_1_422' title='bbox 2991 2373 3147 2427; x_wconf 89' lang='lat' dir='ltr'><strong>enim</strong></span> <span class='ocrx_word' id='word_1_423' title='bbox 3171 2372 3229 2425; x_wconf 90' lang='lat' dir='ltr'><strong>in</strong></span> <span class='ocrx_word' id='word_1_424' title='bbox 3260 2370 3554 2424; x_wconf 83' lang='lat' dir='ltr'><strong>Salvatoro</strong></span> 
     </span>
    </p>
   </div>
   <div class='ocr_carea' id='block_1_58' title="bbox 1909 2450 3551 2537">
    <p class='ocr_par' dir='ltr' id='par_1_58' title="bbox 1909 2450 3551 2537">
     <span class='ocr_line' id='line_1_58' title="bbox 1909 2450 3551 2537; baseline -0.005 -16"><span class='ocrx_word' id='word_1_425' title='bbox 1909 2450 2023 2521; x_wconf 85' lang='lat' dir='ltr'><strong>non</strong></span> <span class='ocrx_word' id='word_1_426' title='bbox 2040 2474 2129 2521; x_wconf 90' lang='lat' dir='ltr'><strong>est</strong></span> <span class='ocrx_word' id='word_1_427' title='bbox 2148 2484 2357 2521; x_wconf 90' lang='lat' dir='ltr'><strong>novum</strong></span> <span class='ocrx_word' id='word_1_428' title='bbox 2385 2468 2749 2537; x_wconf 86' lang='lat' dir='ltr'><strong>?Conceptus</strong></span> <span class='ocrx_word' id='word_1_429' title='bbox 2779 2463 2985 2535; x_wconf 78' lang='lat'>(1092),</span> <span class='ocrx_word' id='word_1_430' title='bbox 3013 2460 3302 2527; x_wconf 87' lang='lat' dir='ltr'><strong>nativitas,</strong></span> <span class='ocrx_word' id='word_1_431' title='bbox 3327 2464 3551 2529; x_wconf 89' lang='lat' dir='ltr'><strong>partus,</strong></span> 
     </span>
    </p>
   </div>
   <div class='ocr_carea' id='block_1_59' title="bbox 1910 2548 3555 2624">
    <p class='ocr_par' dir='ltr' id='par_1_59' title="bbox 1910 2548 3555 2624">
     <span class='ocr_line' id='line_1_59' title="bbox 1910 2548 3555 2624; baseline -0.006 -13"><span class='ocrx_word' id='word_1_432' title='bbox 1910 2557 2194 2624; x_wconf 88' lang='lat' dir='ltr'><strong>doctrina,</strong></span> <span class='ocrx_word' id='word_1_433' title='bbox 2222 2556 2359 2622; x_wconf 88' lang='lat' dir='ltr'><strong>vita,</strong></span> <span class='ocrx_word' id='word_1_434' title='bbox 2392 2573 2552 2619; x_wconf 86' lang='lat' dir='ltr'><strong>crux,</strong></span> <span class='ocrx_word' id='word_1_435' title='bbox 2579 2553 2947 2621; x_wconf 89' lang='lat' dir='ltr'><strong>resurrectio,</strong></span> <span class='ocrx_word' id='word_1_436' title='bbox 2981 2555 3038 2605; x_wconf 89' lang='lat' dir='ltr'><strong>et</strong></span> <span class='ocrx_word' id='word_1_437' title='bbox 3069 2551 3138 2604; x_wconf 89' lang='lat' dir='ltr'><strong>ad</strong></span> <span class='ocrx_word' id='word_1_438' title='bbox 3162 2548 3335 2603; x_wconf 83' lang='lat' dir='ltr'><strong>ccelos</strong></span> <span class='ocrx_word' id='word_1_439' title='bbox 3354 2563 3555 2602; x_wconf 89' lang='lat' dir='ltr'><strong>ascen-</strong></span> 
     </span>
    </p>
   </div>
   <div class='ocr_carea' id='block_1_60' title="bbox 1910 2636 3551 2715">
    <p class='ocr_par' dir='ltr' id='par_1_60' title="bbox 1910 2636 3551 2715">
     <span class='ocr_line' id='line_1_60' title="bbox 1910 2636 3551 2715; baseline -0.006 -17"><span class='ocrx_word' id='word_1_440' title='bbox 1910 2645 2135 2699; x_wconf 85' lang='lat' dir='ltr'><strong>sio.Hic</strong></span> <span class='ocrx_word' id='word_1_441' title='bbox 2153 2649 2228 2699; x_wconf 87' lang='lat' dir='ltr'><strong>est</strong></span> <span class='ocrx_word' id='word_1_442' title='bbox 2261 2648 2319 2699; x_wconf 87' lang='lat' dir='ltr'><strong>in</strong></span> <span class='ocrx_word' id='word_1_443' title='bbox 2341 2646 2591 2715; x_wconf 85' lang='lat' dir='ltr'><strong>justitia,</strong></span> <span class='ocrx_word' id='word_1_444' title='bbox 2637 2649 2744 2697; x_wconf 90' lang='lat' dir='ltr'><strong>etc.</strong></span> <span class='ocrx_word' id='word_1_445' title='bbox 2778 2641 2883 2705; x_wconf 86' lang='lat' dir='ltr'><strong>Qui</strong></span> <span class='ocrx_word' id='word_1_446' title='bbox 2916 2638 3231 2695; x_wconf 89' lang='lat' dir='ltr'><strong>veroillam</strong></span> <span class='ocrx_word' id='word_1_447' title='bbox 3266 2636 3551 2700; x_wconf 87' lang='lat' dir='ltr'><strong>imitatur,</strong></span> 
     </span>
    </p>
   </div>
   <div class='ocr_carea' id='block_1_61' title="bbox 1910 2725 3559 2797">
    <p class='ocr_par' dir='ltr' id='par_1_61' title="bbox 1910 2725 3559 2797">
     <span class='ocr_line' id='line_1_61' title="bbox 1910 2725 3559 2797; baseline -0.005 -11"><span class='ocrx_word' id='word_1_448' title='bbox 1910 2732 2018 2787; x_wconf 90' lang='lat' dir='ltr'><strong>iste</strong></span> <span class='ocrx_word' id='word_1_449' title='bbox 2043 2750 2255 2787; x_wconf 89' lang='lat' dir='ltr'><strong>novum</strong></span> <span class='ocrx_word' id='word_1_450' title='bbox 2289 2734 2587 2788; x_wconf 88' lang='lat' dir='ltr'><strong>hominem</strong></span> <span class='ocrx_word' id='word_1_451' title='bbox 2607 2732 2849 2785; x_wconf 87' lang='lat' dir='ltr'><strong>indutus</strong></span> <span class='ocrx_word' id='word_1_452' title='bbox 2870 2734 2977 2784; x_wconf 89' lang='lat' dir='ltr'><strong>est.</strong></span> <span class='ocrx_word' id='word_1_453' title='bbox 3003 2728 3082 2783; x_wconf 89' lang='lat' dir='ltr'><strong>De</strong></span> <span class='ocrx_word' id='word_1_454' title='bbox 3098 2744 3163 2782; x_wconf 91' lang='lat' dir='ltr'><strong>eo</strong></span> <span class='ocrx_word' id='word_1_455' title='bbox 3185 2726 3339 2797; x_wconf 89' lang='lat' dir='ltr'><strong>quod</strong></span> <span class='ocrx_word' id='word_1_456' title='bbox 3353 2725 3559 2779; x_wconf 81' lang='lat' dir='ltr'><strong>creatio</strong></span> 
     </span>
    </p>
   </div>
   <div class='ocr_carea' id='block_1_62' title="bbox 1914 2816 3557 2889">
    <p class='ocr_par' dir='ltr' id='par_1_62' title="bbox 1914 2816 3557 2889">
     <span class='ocr_line' id='line_1_62' title="bbox 1914 2816 3557 2889; baseline -0.002 -16"><span class='ocrx_word' id='word_1_457' title='bbox 1914 2819 1973 2873; x_wconf 92' lang='lat' dir='ltr'><strong>in</strong></span> <span class='ocrx_word' id='word_1_458' title='bbox 2010 2822 2224 2875; x_wconf 68' lang='lat' dir='ltr'><strong>Laetino</strong></span> <span class='ocrx_word' id='word_1_459' title='bbox 2247 2822 2519 2889; x_wconf 82' lang='lat' dir='ltr'><strong>signﬁcat</strong></span> <span class='ocrx_word' id='word_1_460' title='bbox 2548 2822 3009 2887; x_wconf 83' lang='lat' dir='ltr'><strong>generationnem,</strong></span> <span class='ocrx_word' id='word_1_461' title='bbox 3038 2816 3157 2871; x_wconf 89' lang='lat' dir='ltr'><strong>sive</strong></span> <span class='ocrx_word' id='word_1_462' title='bbox 3185 2816 3557 2869; x_wconf 86' lang='lat' dir='ltr'><strong>nativitatem.</strong></span> 
     </span>
    </p>
   </div>
   <div class='ocr_carea' id='block_1_63' title="bbox 1913 2902 3560 2978">
    <p class='ocr_par' dir='ltr' id='par_1_63' title="bbox 1913 2902 3560 2978">
     <span class='ocr_line' id='line_1_63' title="bbox 1913 2902 3560 2978; baseline -0.004 -17"><span class='ocrx_word' id='word_1_463' title='bbox 1913 2909 1969 2962; x_wconf 89' lang='lat' dir='ltr'><strong>in</strong></span> <span class='ocrx_word' id='word_1_464' title='bbox 2002 2909 2196 2963; x_wconf 67' lang='lat' dir='ltr'><strong>Graeco</strong></span> <span class='ocrx_word' id='word_1_465' title='bbox 2230 2915 2447 2975; x_wconf 90' lang='lat' dir='ltr'><strong>autem,</strong></span> <span class='ocrx_word' id='word_1_466' title='bbox 2480 2911 2751 2978; x_wconf 80' lang='lat' dir='ltr'><strong>facturam</strong></span> <span class='ocrx_word' id='word_1_467' title='bbox 2783 2908 2962 2977; x_wconf 82' lang='lat'>(1093]</span> <span class='ocrx_word' id='word_1_468' title='bbox 3000 2924 3013 2962; x_wconf 89' lang='lat'><strong>:</strong></span> <span class='ocrx_word' id='word_1_469' title='bbox 3048 2904 3211 2959; x_wconf 91' lang='lat' dir='ltr'><strong>Unde</strong></span> <span class='ocrx_word' id='word_1_470' title='bbox 3243 2920 3357 2957; x_wconf 90' lang='lat' dir='ltr'><strong>non</strong></span> <span class='ocrx_word' id='word_1_471' title='bbox 3392 2902 3560 2957; x_wconf 91' lang='lat' dir='ltr'><strong>intel-</strong></span> 
     </span>
    </p>
   </div>
   <div class='ocr_carea' id='block_1_64' title="bbox 1914 2992 3564 3069">
    <p class='ocr_par' dir='ltr' id='par_1_64' title="bbox 1914 2992 3564 3069">
     <span class='ocr_line' id='line_1_64' title="bbox 1914 2992 3564 3069; baseline -0.004 -19"><span class='ocrx_word' id='word_1_472' title='bbox 1914 2996 2118 3069; x_wconf 88' lang='lat' dir='ltr'><strong>ligitur</strong></span> <span class='ocrx_word' id='word_1_473' title='bbox 2141 3015 2173 3051; x_wconf 90' lang='lat' dir='ltr'><strong>a</strong></span> <span class='ocrx_word' id='word_1_474' title='bbox 2203 2998 2425 3064; x_wconf 82' lang='lat' dir='ltr'><strong>multis,</strong></span> <span class='ocrx_word' id='word_1_475' title='bbox 2458 2998 2610 3068; x_wconf 91' lang='lat' dir='ltr'><strong>quod</strong></span> <span class='ocrx_word' id='word_1_476' title='bbox 2657 2996 2958 3067; x_wconf 88' lang='lat' dir='ltr'><strong>Sapientia</strong></span> <span class='ocrx_word' id='word_1_477' title='bbox 2990 2993 3168 3047; x_wconf 88' lang='lat' dir='ltr'><strong>dicit:</strong></span> <span class='ocrx_word' id='word_1_478' title='bbox 3215 2994 3479 3046; x_wconf 88' lang='lat' dir='ltr'><strong>Dominus</strong></span> <span class='ocrx_word' id='word_1_479' title='bbox 3500 2992 3564 3045; x_wconf 83' lang='lat' dir='ltr'><strong>in</strong></span> 
     </span>
    </p>
   </div>
   <div class='ocr_carea' id='block_1_65' title="bbox 144 3072 3557 3157">
    <p class='ocr_par' dir='ltr' id='par_1_65' title="bbox 144 3072 3557 3157">
     <span class='ocr_line' id='line_1_65' title="bbox 144 3072 3557 3157; baseline -0.002 -20"><span class='ocrx_word' id='word_1_480' title='bbox 144 3082 473 3153; x_wconf 83' lang='lat' dir='ltr'><strong>significat.</strong></span> <span class='ocrx_word' id='word_1_481' title='bbox 512 3082 704 3137; x_wconf 88' lang='lat' dir='ltr'><strong>Potest</strong></span> <span class='ocrx_word' id='word_1_482' title='bbox 740 3088 937 3137; x_wconf 88' lang='lat' dir='ltr'><strong>autem</strong></span> <span class='ocrx_word' id='word_1_483' title='bbox 972 3089 1029 3137; x_wconf 90' lang='lat' dir='ltr'><strong>et</strong></span> <span class='ocrx_word' id='word_1_484' title='bbox 1080 3084 1159 3137; x_wconf 90' lang='lat' dir='ltr'><strong>ita</strong></span> <span class='ocrx_word' id='word_1_485' title='bbox 1191 3084 1434 3153; x_wconf 82' lang='lat' dir='ltr'><strong>intelligi</strong></span> <span class='ocrx_word' id='word_1_486' title='bbox 1473 3102 1484 3139; x_wconf 92' lang='lat'><strong>:</strong></span> <span class='ocrx_word' id='word_1_487' title='bbox 1522 3085 1670 3139; x_wconf 77' lang='lat' dir='ltr'><strong>Sicut</strong></span> <span class='ocrx_word' id='word_1_488' title='bbox 1726 3090 1806 3139; x_wconf 84' lang='lat' dir='ltr'><strong>est</strong></span> <span class='ocrx_word' id='word_1_489' title='bbox 1836 3072 1877 3136; x_wconf 87' lang='lat' dir='ltr'>C</span> <span class='ocrx_word' id='word_1_490' title='bbox 1913 3088 2187 3157; x_wconf 83' lang='lat' dir='ltr'><strong>principio</strong></span> <span class='ocrx_word' id='word_1_491' title='bbox 2218 3088 2423 3139; x_wconf 81' lang='lat' dir='ltr'><strong>creavit</strong></span> <span class='ocrx_word' id='word_1_492' title='bbox 2454 3102 2539 3139; x_wconf 89' lang='lat' dir='ltr'><strong>me</strong></span> <span class='ocrx_word' id='word_1_493' title='bbox 2562 3088 2743 3154; x_wconf 83' lang='lat' dir='ltr'><strong>(Prov.</strong></span> <span class='ocrx_word' id='word_1_494' title='bbox 2782 3101 2906 3151; x_wconf 86' lang='lat' dir='ltr'><strong>vm,</strong></span> <span class='ocrx_word' id='word_1_495' title='bbox 2938 3083 3048 3144; x_wconf 80' lang='lat'><strong>22;</strong></span> <span class='ocrx_word' id='word_1_496' title='bbox 3080 3073 3244 3134; x_wconf 84' lang='lat' dir='ltr'><strong>Eccli.</strong></span> <span class='ocrx_word' id='word_1_497' title='bbox 3268 3095 3420 3144; x_wconf 79' lang='lat' dir='ltr'><strong>XXIV,</strong></span> <span class='ocrx_word' id='word_1_498' title='bbox 3450 3079 3557 3148; x_wconf 82' lang='grc'>14).</span> 
     </span>
    </p>
   </div>
   <div class='ocr_carea' id='block_1_66' title="bbox 143 3172 1808 3243">
    <p class='ocr_par' dir='ltr' id='par_1_66' title="bbox 143 3172 1808 3243">
     <span class='ocr_line' id='line_1_66' title="bbox 143 3172 1808 3243; baseline 0 -16"><span class='ocrx_word' id='word_1_499' title='bbox 143 3172 357 3227; x_wconf 84' lang='lat' dir='ltr'><strong>veritas</strong></span> <span class='ocrx_word' id='word_1_500' title='bbox 390 3173 449 3224; x_wconf 86' lang='lat' dir='ltr'><strong>in</strong></span> <span class='ocrx_word' id='word_1_501' title='bbox 475 3172 619 3235; x_wconf 85' lang='lat' dir='ltr'><strong>Jesu,</strong></span> <span class='ocrx_word' id='word_1_502' title='bbox 662 3173 814 3242; x_wconf 91' lang='lat' dir='ltr'><strong>quod</strong></span> <span class='ocrx_word' id='word_1_503' title='bbox 874 3172 931 3225; x_wconf 92' lang='lat' dir='ltr'><strong>in</strong></span> <span class='ocrx_word' id='word_1_504' title='bbox 985 3173 1144 3227; x_wconf 93' lang='lat' dir='ltr'><strong>nullo</strong></span> <span class='ocrx_word' id='word_1_505' title='bbox 1178 3174 1663 3243; x_wconf 85' lang='lat' dir='ltr'><strong>patriarcharum,</strong></span> <span class='ocrx_word' id='word_1_506' title='bbox 1722 3173 1808 3227; x_wconf 90' lang='lat' dir='ltr'><strong>vel</strong></span> 
     </span>
    </p>
   </div>
   <div class='ocr_carea' id='block_1_67' title="bbox 145 3259 1808 3332">
    <p class='ocr_par' dir='ltr' id='par_1_67' title="bbox 145 3259 1808 3332">
     <span class='ocr_line' id='line_1_67' title="bbox 145 3259 1808 3332; baseline 0.001 -18"><span class='ocrx_word' id='word_1_507' title='bbox 145 3260 604 3332; x_wconf 88' lang='lat' dir='ltr'><strong>prophetarum,</strong></span> <span class='ocrx_word' id='word_1_508' title='bbox 628 3259 687 3313; x_wconf 91' lang='lat' dir='ltr'><strong>in</strong></span> <span class='ocrx_word' id='word_1_509' title='bbox 712 3260 872 3315; x_wconf 90' lang='lat' dir='ltr'><strong>nullo</strong></span> <span class='ocrx_word' id='word_1_510' title='bbox 895 3261 1290 3331; x_wconf 87' lang='lat' dir='ltr'><strong>apostolorum</strong></span> <span class='ocrx_word' id='word_1_511' title='bbox 1307 3263 1517 3315; x_wconf 90' lang='lat' dir='ltr'><strong>veritas</strong></span> <span class='ocrx_word' id='word_1_512' title='bbox 1541 3262 1671 3327; x_wconf 82' lang='lat' dir='ltr'><strong>fuit,</strong></span> <span class='ocrx_word' id='word_1_513' title='bbox 1696 3263 1808 3316; x_wconf 87' lang='lat' dir='ltr'><strong>nisi</strong></span> 
     </span>
    </p>
   </div>
   <div class='ocr_carea' id='block_1_68' title="bbox 148 3382 1809 3457">
    <p class='ocr_par' dir='ltr' id='par_1_68' title="bbox 148 3382 1809 3457">
     <span class='ocr_line' id='line_1_68' title="bbox 148 3382 1809 3457; baseline 0.001 -19"><span class='ocrx_word' id='word_1_514' title='bbox 148 3400 294 3438; x_wconf 89' lang='lat' dir='ltr'><strong>nam</strong></span> <span class='ocrx_word' id='word_1_515' title='bbox 330 3382 387 3435; x_wconf 89' lang='lat' dir='ltr'><strong>in</strong></span> <span class='ocrx_word' id='word_1_516' title='bbox 413 3383 606 3437; x_wconf 91' lang='lat' dir='ltr'><strong>codice</strong></span> <span class='ocrx_word' id='word_1_517' title='bbox 621 3383 709 3457; x_wconf 76' lang='lat' dir='ltr'><strong>ita</strong></span> <span class='ocrx_word' id='word_1_518' title='bbox 731 3388 965 3457; x_wconf 85' lang='lat' dir='ltr'><strong>exarata</strong></span> <span class='ocrx_word' id='word_1_519' title='bbox 985 3390 1251 3453; x_wconf 86' lang='lat' dir='ltr'><strong>prostant</strong></span> <span class='ocrx_word' id='word_1_520' title='bbox 1272 3386 1579 3438; x_wconf 90' lang='lat' dir='ltr'><strong>:malorum</strong></span> <span class='ocrx_word' id='word_1_521' title='bbox 1601 3386 1809 3457; x_wconf 82' lang='lat' dir='ltr'><strong>suppli-</strong></span> 
     </span>
    </p>
   </div>
   <div class='ocr_carea' id='block_1_69' title="bbox 146 3454 1808 3526">
    <p class='ocr_par' dir='ltr' id='par_1_69' title="bbox 146 3454 1808 3526">
     <span class='ocr_line' id='line_1_69' title="bbox 146 3454 1808 3526; baseline 0.001 -17"><span class='ocrx_word' id='word_1_522' title='bbox 146 3458 397 3509; x_wconf 83' lang='lat' dir='ltr'><strong>cationes</strong></span> <span class='ocrx_word' id='word_1_523' title='bbox 425 3470 482 3507; x_wconf 85' lang='lat' dir='ltr'><strong>se</strong></span> <span class='ocrx_word' id='word_1_524' title='bbox 502 3454 752 3509; x_wconf 86' lang='lat' dir='ltr'><strong>credunt.</strong></span> <span class='ocrx_word' id='word_1_525' title='bbox 787 3456 1038 3526; x_wconf 86' lang='lat' dir='ltr'><strong>Scopam</strong></span> <span class='ocrx_word' id='word_1_526' title='bbox 1065 3456 1379 3526; x_wconf 85' lang='lat' dir='ltr'><strong>attigerim,</strong></span> <span class='ocrx_word' id='word_1_527' title='bbox 1433 3474 1504 3509; x_wconf 88' lang='lat' dir='ltr'><strong>an</strong></span> <span class='ocrx_word' id='word_1_528' title='bbox 1539 3454 1676 3523; x_wconf 74' lang='lat' dir='ltr'><strong>non,</strong></span> <span class='ocrx_word' id='word_1_529' title='bbox 1704 3454 1808 3510; x_wconf 20' lang='lat' dir='ltr'><strong>Vle-</strong></span> 
     </span>
    </p>
   </div>
   <div class='ocr_carea' id='block_1_70' title="bbox 152 3526 1808 3597">
    <p class='ocr_par' dir='ltr' id='par_1_70' title="bbox 152 3526 1808 3597">
     <span class='ocr_line' id='line_1_70' title="bbox 152 3526 1808 3597; baseline 0.001 -17"><span class='ocrx_word' id='word_1_530' title='bbox 152 3526 623 3597; x_wconf 82' lang='lat' dir='ltr'><strong>ctorumjudicio</strong></span> <span class='ocrx_word' id='word_1_531' title='bbox 647 3527 893 3581; x_wconf 86' lang='lat' dir='ltr'><strong>libenter</strong></span> <span class='ocrx_word' id='word_1_532' title='bbox 925 3527 1274 3597; x_wconf 89' lang='lat' dir='ltr'><strong>relinquam.</strong></span> <span class='ocrx_word' id='word_1_533' title='bbox 1296 3527 1440 3580; x_wconf 89' lang='lat' dir='ltr'><strong>lllud</strong></span> <span class='ocrx_word' id='word_1_534' title='bbox 1472 3528 1657 3582; x_wconf 91' lang='lat' dir='ltr'><strong>solum</strong></span> <span class='ocrx_word' id='word_1_535' title='bbox 1702 3530 1808 3582; x_wconf 93' lang='lat' dir='ltr'><strong>ad-</strong></span> 
     </span>
    </p>
   </div>
   <div class='ocr_carea' id='block_1_71' title="bbox 151 3596 1809 3668">
    <p class='ocr_par' dir='ltr' id='par_1_71' title="bbox 151 3596 1809 3668">
     <span class='ocr_line' id='line_1_71' title="bbox 151 3596 1809 3668; baseline 0.001 -17"><span class='ocrx_word' id='word_1_536' title='bbox 151 3598 293 3651; x_wconf 85' lang='lat' dir='ltr'><strong>dam</strong></span> <span class='ocrx_word' id='word_1_537' title='bbox 326 3615 339 3663; x_wconf 91' lang='lat'><strong>;</strong></span> <span class='ocrx_word' id='word_1_538' title='bbox 376 3596 521 3650; x_wconf 90' lang='lat' dir='ltr'><strong>nihil</strong></span> <span class='ocrx_word' id='word_1_539' title='bbox 556 3614 681 3651; x_wconf 90' lang='lat' dir='ltr'><strong>meo</strong></span> <span class='ocrx_word' id='word_1_540' title='bbox 714 3598 953 3651; x_wconf 89' lang='lat' dir='ltr'><strong>arbitrio</strong></span> <span class='ocrx_word' id='word_1_541' title='bbox 985 3596 1397 3652; x_wconf 84' lang='lat' dir='ltr'><strong>iisformandis</strong></span> <span class='ocrx_word' id='word_1_542' title='bbox 1417 3599 1809 3668; x_wconf 82' lang='lat' dir='ltr'><strong>verbisingcs-</strong></span> 
     </span>
    </p>
   </div>
   <div class='ocr_carea' id='block_1_72' title="bbox 148 3669 1808 3737">
    <p class='ocr_par' dir='ltr' id='par_1_72' title="bbox 148 3669 1808 3737">
     <span class='ocr_line' id='line_1_72' title="bbox 148 3669 1808 3737; baseline 0 -14"><span class='ocrx_word' id='word_1_543' title='bbox 148 3676 310 3729; x_wconf 89' lang='lat' dir='ltr'><strong>tum,</strong></span> <span class='ocrx_word' id='word_1_544' title='bbox 348 3675 552 3737; x_wconf 67' lang='lat' dir='ltr'><strong>praeter</strong></span> <span class='ocrx_word' id='word_1_545' title='bbox 581 3669 831 3722; x_wconf 87' lang='lat' dir='ltr'><strong>litteram</strong></span> <span class='ocrx_word' id='word_1_546' title='bbox 866 3672 886 3721; x_wconf 89' lang='lat' dir='ltr'><strong>i</strong></span> <span class='ocrx_word' id='word_1_547' title='bbox 915 3669 1067 3723; x_wconf 88' lang='lat' dir='ltr'><strong>inter</strong></span> <span class='ocrx_word' id='word_1_548' title='bbox 1097 3671 1243 3723; x_wconf 87' lang='lat' dir='ltr'><strong>duas</strong></span> <span class='ocrx_word' id='word_1_549' title='bbox 1274 3670 1497 3722; x_wconf 85' lang='lat' dir='ltr'><strong>litteras</strong></span> <span class='ocrx_word' id='word_1_550' title='bbox 1525 3686 1553 3723; x_wconf 87' lang='lat' dir='ltr'><strong>c</strong></span> <span class='ocrx_word' id='word_1_551' title='bbox 1583 3687 1615 3723; x_wconf 82' lang='grc' dir='ltr'><em>α</em></span> <span class='ocrx_word' id='word_1_552' title='bbox 1649 3671 1808 3723; x_wconf 80' lang='lat' dir='ltr'><strong>verbi</strong></span> 
     </span>
    </p>
   </div>
   <div class='ocr_carea' id='block_1_73' title="bbox 148 3740 1809 3810">
    <p class='ocr_par' dir='ltr' id='par_1_73' title="bbox 148 3740 1809 3810">
     <span class='ocr_line' id='line_1_73' title="bbox 148 3740 1809 3810; baseline -0.001 -15"><span class='ocrx_word' id='word_1_553' title='bbox 148 3740 862 3810; x_wconf 77' lang='lat' dir='ltr'><strong>suppliciuquodsupplica</strong></span> <span class='ocrx_word' id='word_1_554' title='bbox 881 3742 1161 3809; x_wconf 86' lang='lat' dir='ltr'><strong>scriptum</strong></span> <span class='ocrx_word' id='word_1_555' title='bbox 1202 3746 1288 3793; x_wconf 83' lang='lat' dir='ltr'><strong>est</strong></span> <span class='ocrx_word' id='word_1_556' title='bbox 1316 3758 1326 3794; x_wconf 93' lang='lat'><strong>:</strong></span> <span class='ocrx_word' id='word_1_557' title='bbox 1350 3740 1632 3808; x_wconf 85' lang='lat' dir='ltr'><strong>particula</strong></span> <span class='ocrx_word' id='word_1_558' title='bbox 1654 3742 1809 3794; x_wconf 90' lang='lat' dir='ltr'><strong>enim</strong></span> 
     </span>
    </p>
   </div>
   <div class='ocr_carea' id='block_1_74' title="bbox 151 3812 1811 3882">
    <p class='ocr_par' dir='ltr' id='par_1_74' title="bbox 151 3812 1811 3882">
     <span class='ocr_line' id='line_1_74' title="bbox 151 3812 1811 3882; baseline -0.001 -16"><span class='ocrx_word' id='word_1_559' title='bbox 151 3812 429 3880; x_wconf 80' lang='lat' dir='ltr'><strong>negativa</strong></span> <span class='ocrx_word' id='word_1_560' title='bbox 444 3812 902 3865; x_wconf 86' lang='lat' dir='ltr'><strong>nonimmediate</strong></span> <span class='ocrx_word' id='word_1_561' title='bbox 918 3812 1307 3882; x_wconf 86' lang='lat' dir='ltr'><strong>subsequens,</strong></span> <span class='ocrx_word' id='word_1_562' title='bbox 1328 3812 1600 3880; x_wconf 88' lang='lat' dir='ltr'><strong>quamvis</strong></span> <span class='ocrx_word' id='word_1_563' title='bbox 1620 3812 1811 3881; x_wconf 89' lang='lat' dir='ltr'><strong>potius</strong></span> 
     </span>
    </p>
   </div>
   <div class='ocr_carea' id='block_1_75' title="bbox 151 3882 1812 3952">
    <p class='ocr_par' dir='ltr' id='par_1_75' title="bbox 151 3882 1812 3952">
     <span class='ocr_line' id='line_1_75' title="bbox 151 3882 1812 3952; baseline -0.001 -13"><span class='ocrx_word' id='word_1_564' title='bbox 151 3886 273 3939; x_wconf 80' lang='lat' dir='ltr'><strong>lion</strong></span> <span class='ocrx_word' id='word_1_565' title='bbox 290 3884 554 3936; x_wconf 89' lang='lat' dir='ltr'><strong>videatur</strong></span> <span class='ocrx_word' id='word_1_566' title='bbox 568 3883 779 3937; x_wconf 87' lang='lat' dir='ltr'><strong>referre</strong></span> <span class='ocrx_word' id='word_1_567' title='bbox 796 3901 808 3945; x_wconf 83' lang='lat'><strong>;</strong></span> <span class='ocrx_word' id='word_1_568' title='bbox 824 3900 955 3937; x_wconf 89' lang='lat' dir='ltr'><strong>cum</strong></span> <span class='ocrx_word' id='word_1_569' title='bbox 975 3890 1167 3936; x_wconf 82' lang='lat' dir='ltr'><strong>tamen</strong></span> <span class='ocrx_word' id='word_1_570' title='bbox 1186 3882 1699 3952; x_wconf 86' lang='lat' dir='ltr'><strong>nullumpunctum</strong></span> <span class='ocrx_word' id='word_1_571' title='bbox 1719 3900 1812 3937; x_wconf 83' lang='lat' dir='ltr'><strong>su-</strong></span> 
     </span>
    </p>
   </div>
   <div class='ocr_carea' id='block_1_76' title="bbox 153 3953 1814 4025">
    <p class='ocr_par' dir='ltr' id='par_1_76' title="bbox 153 3953 1814 4025">
     <span class='ocr_line' id='line_1_76' title="bbox 153 3953 1814 4025; baseline 0 -17"><span class='ocrx_word' id='word_1_572' title='bbox 153 3954 530 4025; x_wconf 81' lang='lat' dir='ltr'><strong>perlitteram</strong></span> <span class='ocrx_word' id='word_1_573' title='bbox 556 3953 821 4017; x_wconf 88' lang='lat' dir='ltr'><strong>ihic,nec</strong></span> <span class='ocrx_word' id='word_1_574' title='bbox 843 3954 978 4008; x_wconf 90' lang='lat' dir='ltr'><strong>alibi</strong></span> <span class='ocrx_word' id='word_1_575' title='bbox 1013 3954 1126 4008; x_wconf 85' lang='lat' dir='ltr'><strong>fere</strong></span> <span class='ocrx_word' id='word_1_576' title='bbox 1148 3971 1404 4024; x_wconf 86' lang='lat' dir='ltr'><strong>unquam</strong></span> <span class='ocrx_word' id='word_1_577' title='bbox 1430 3960 1726 4024; x_wconf 75' lang='lat' dir='ltr'><strong>appareat;</strong></span> <span class='ocrx_word' id='word_1_578' title='bbox 1757 3959 1814 4008; x_wconf 88' lang='lat' dir='ltr'><strong>et</strong></span> 
     </span>
    </p>
   </div>
   <div class='ocr_carea' id='block_1_77' title="bbox 154 4024 1809 4096">
    <p class='ocr_par' dir='ltr' id='par_1_77' title="bbox 154 4024 1809 4096">
     <span class='ocr_line' id='line_1_77' title="bbox 154 4024 1809 4096; baseline -0.001 -16"><span class='ocrx_word' id='word_1_579' title='bbox 154 4024 291 4080; x_wconf 79' lang='lat' dir='ltr'><strong>duae</strong></span> <span class='ocrx_word' id='word_1_580' title='bbox 326 4024 886 4096; x_wconf 69' lang='lat' dir='ltr'><strong>litteraatiparvula:</strong></span> <span class='ocrx_word' id='word_1_581' title='bbox 920 4025 1083 4079; x_wconf 75' lang='lat' dir='ltr'><strong>lineae</strong></span> <span class='ocrx_word' id='word_1_582' title='bbox 1131 4025 1470 4089; x_wconf 87' lang='lat' dir='ltr'><strong>suoerioris,</strong></span> <span class='ocrx_word' id='word_1_583' title='bbox 1505 4043 1630 4096; x_wconf 69' lang='lat' dir='ltr'><strong>quae</strong></span> <span class='ocrx_word' id='word_1_584' title='bbox 1656 4026 1809 4079; x_wconf 88' lang='lat' dir='ltr'><strong>litte-</strong></span> 
     </span>
    </p>
   </div>
   <div class='ocr_carea' id='block_1_78' title="bbox 156 4097 1811 4167">
    <p class='ocr_par' dir='ltr' id='par_1_78' title="bbox 156 4097 1811 4167">
     <span class='ocr_line' id='line_1_78' title="bbox 156 4097 1811 4167; baseline 0 -16"><span class='ocrx_word' id='word_1_585' title='bbox 156 4113 288 4151; x_wconf 86' lang='lat' dir='ltr'><strong>ram</strong></span> <span class='ocrx_word' id='word_1_586' title='bbox 314 4097 1094 4167; x_wconf 70' lang='lat' dir='ltr'><strong>tsecaresolet,ope,junctie</strong></span> <span class='ocrx_word' id='word_1_587' title='bbox 1112 4098 1229 4151; x_wconf 89' lang='lat' dir='ltr'><strong>sint</strong></span> <span class='ocrx_word' id='word_1_588' title='bbox 1251 4097 1357 4151; x_wconf 92' lang='lat' dir='ltr'><strong>hoc</strong></span> <span class='ocrx_word' id='word_1_589' title='bbox 1381 4098 1551 4151; x_wconf 88' lang='lat' dir='ltr'><strong>modo</strong></span> <span class='ocrx_word' id='word_1_590' title='bbox 1574 4100 1653 4161; x_wconf 84' lang='lat' dir='ltr'><strong>ti;</strong></span> <span class='ocrx_word' id='word_1_591' title='bbox 1679 4100 1811 4151; x_wconf 86' lang='lat' dir='ltr'><strong>abs-</strong></span> 
     </span>
    </p>
   </div>
   <div class='ocr_carea' id='block_1_79' title="bbox 155 4167 1672 4239">
    <p class='ocr_par' dir='ltr' id='par_1_79' title="bbox 155 4167 1672 4239">
     <span class='ocr_line' id='line_1_79' title="bbox 155 4167 1672 4239; baseline -0.001 -17"><span class='ocrx_word' id='word_1_592' title='bbox 155 4184 277 4239; x_wconf 89' lang='lat' dir='ltr'><strong>que</strong></span> <span class='ocrx_word' id='word_1_593' title='bbox 300 4167 646 4221; x_wconf 72' lang='lat' dir='ltr'><strong>difficultate</strong></span> <span class='ocrx_word' id='word_1_594' title='bbox 678 4167 802 4222; x_wconf 85' lang='lat' dir='ltr'><strong>loco</strong></span> <span class='ocrx_word' id='word_1_595' title='bbox 834 4170 947 4222; x_wconf 89' lang='lat' dir='ltr'><strong>tion</strong></span> <span class='ocrx_word' id='word_1_596' title='bbox 973 4169 1051 4221; x_wconf 89' lang='lat' dir='ltr'><strong>ita</strong></span> <span class='ocrx_word' id='word_1_597' title='bbox 1084 4168 1192 4237; x_wconf 87' lang='lat' dir='ltr'><strong>legi</strong></span> <span class='ocrx_word' id='word_1_598' title='bbox 1226 4185 1396 4238; x_wconf 90' lang='lat' dir='ltr'><strong>posse</strong></span> <span class='ocrx_word' id='word_1_599' title='bbox 1429 4169 1672 4222; x_wconf 88' lang='lat' dir='ltr'><strong>videtur.</strong></span> 
     </span>
    </p>
   </div>
   <div class='ocr_carea' id='block_1_80' title="bbox 234 4238 1814 4307">
    <p class='ocr_par' dir='ltr' id='par_1_80' title="bbox 234 4238 1814 4307">
     <span class='ocr_line' id='line_1_80' title="bbox 234 4238 1814 4307; baseline 0.001 -15"><span class='ocrx_word' id='word_1_600' title='bbox 234 4239 422 4307; x_wconf 89' lang='lat'>(1087)</span> <span class='ocrx_word' id='word_1_601' title='bbox 458 4240 475 4292; x_wconf 92' lang='grc' dir='ltr'>Ι</span> <span class='ocrx_word' id='word_1_602' title='bbox 509 4238 719 4293; x_wconf 87' lang='lat' dir='ltr'><strong>Thess.</strong></span> <span class='ocrx_word' id='word_1_603' title='bbox 753 4257 825 4301; x_wconf 81' lang='grc' dir='ltr'><strong>ιν,</strong></span> <span class='ocrx_word' id='word_1_604' title='bbox 877 4240 930 4292; x_wconf 85' lang='lat'><strong>6.</strong></span> <span class='ocrx_word' id='word_1_605' title='bbox 984 4239 1159 4293; x_wconf 83' lang='lat' dir='ltr'><strong>Divus</strong></span> <span class='ocrx_word' id='word_1_606' title='bbox 1218 4241 1390 4293; x_wconf 89' lang='lat' dir='ltr'><strong>etiam</strong></span> <span class='ocrx_word' id='word_1_607' title='bbox 1446 4240 1676 4293; x_wconf 85' lang='lat' dir='ltr'><strong>Hieron.</strong></span> <span class='ocrx_word' id='word_1_608' title='bbox 1733 4238 1814 4293; x_wconf 88' lang='lat' dir='ltr'><strong>ita</strong></span> 
     </span>
    </p>
   </div>
   <div class='ocr_carea' id='block_1_81' title="bbox 155 4310 1812 4379">
    <p class='ocr_par' dir='ltr' id='par_1_81' title="bbox 155 4310 1812 4379">
     <span class='ocr_line' id='line_1_81' title="bbox 155 4310 1812 4379; baseline -0.001 -15"><span class='ocrx_word' id='word_1_609' title='bbox 155 4310 324 4365; x_wconf 90' lang='lat' dir='ltr'><strong>hunc</strong></span> <span class='ocrx_word' id='word_1_610' title='bbox 359 4314 584 4363; x_wconf 83' lang='lat' dir='ltr'><strong>textum</strong></span> <span class='ocrx_word' id='word_1_611' title='bbox 634 4310 1071 4379; x_wconf 78' lang='lat' dir='ltr'><strong>interpretatur,</strong></span> <span class='ocrx_word' id='word_1_612' title='bbox 1107 4316 1168 4363; x_wconf 92' lang='lat' dir='ltr'><strong>ut</strong></span> <span class='ocrx_word' id='word_1_613' title='bbox 1199 4311 1313 4363; x_wconf 90' lang='lat' dir='ltr'><strong>divi</strong></span> <span class='ocrx_word' id='word_1_614' title='bbox 1365 4310 1525 4363; x_wconf 80' lang='lat' dir='ltr'><strong>Pauli</strong></span> <span class='ocrx_word' id='word_1_615' title='bbox 1570 4310 1812 4364; x_wconf 91' lang='lat' dir='ltr'><strong>intentio</strong></span> 
     </span>
    </p>
   </div>
   <div class='ocr_carea' id='block_1_82' title="bbox 157 4381 1811 4450">
    <p class='ocr_par' dir='ltr' id='par_1_82' title="bbox 157 4381 1811 4450">
     <span class='ocr_line' id='line_1_82' title="bbox 157 4381 1811 4450; baseline -0.001 -15"><span class='ocrx_word' id='word_1_616' title='bbox 157 4381 342 4435; x_wconf 86' lang='lat' dir='ltr'><strong>fuerit</strong></span> <span class='ocrx_word' id='word_1_617' title='bbox 358 4398 463 4435; x_wconf 89' lang='lat' dir='ltr'><strong>nos</strong></span> <span class='ocrx_word' id='word_1_618' title='bbox 495 4382 562 4435; x_wconf 89' lang='lat' dir='ltr'><strong>ad</strong></span> <span class='ocrx_word' id='word_1_619' title='bbox 582 4383 910 4435; x_wconf 86' lang='lat' dir='ltr'><strong>castitatem</strong></span> <span class='ocrx_word' id='word_1_620' title='bbox 932 4398 1257 4450; x_wconf 89' lang='lat' dir='ltr'><strong>provocare,</strong></span> <span class='ocrx_word' id='word_1_621' title='bbox 1277 4388 1331 4435; x_wconf 93' lang='lat' dir='ltr'><strong>et</strong></span> <span class='ocrx_word' id='word_1_622' title='bbox 1347 4398 1464 4445; x_wconf 91' lang='lat' dir='ltr'><strong>eos,</strong></span> <span class='ocrx_word' id='word_1_623' title='bbox 1490 4382 1582 4448; x_wconf 87' lang='lat' dir='ltr'><strong>qui</strong></span> <span class='ocrx_word' id='word_1_624' title='bbox 1605 4398 1811 4434; x_wconf 85' lang='lat' dir='ltr'><strong>uxores</strong></span> 
     </span>
    </p>
   </div>
   <div class='ocr_carea' id='block_1_83' title="bbox 156 4452 1813 4516">
    <p class='ocr_par' dir='ltr' id='par_1_83' title="bbox 156 4452 1813 4516">
     <span class='ocr_line' id='line_1_83' title="bbox 156 4452 1813 4516; baseline -0.001 -9"><span class='ocrx_word' id='word_1_625' title='bbox 156 4452 407 4512; x_wconf 87' lang='lat' dir='ltr'><strong>habent,</strong></span> <span class='ocrx_word' id='word_1_626' title='bbox 462 4468 715 4516; x_wconf 88' lang='lat' dir='ltr'><strong>monere,</strong></span> <span class='ocrx_word' id='word_1_627' title='bbox 765 4458 829 4505; x_wconf 92' lang='lat' dir='ltr'><strong>ut</strong></span> <span class='ocrx_word' id='word_1_628' title='bbox 891 4470 997 4506; x_wconf 89' lang='lat' dir='ltr'><strong>sua</strong></span> <span class='ocrx_word' id='word_1_629' title='bbox 1056 4453 1332 4515; x_wconf 88' lang='lat' dir='ltr'><strong>contenti,</strong></span> <span class='ocrx_word' id='word_1_630' title='bbox 1387 4453 1583 4506; x_wconf 82' lang='lat' dir='ltr'><strong>fratris</strong></span> <span class='ocrx_word' id='word_1_631' title='bbox 1639 4468 1813 4506; x_wconf 86' lang='lat' dir='ltr'><strong>uxore</strong></span> 
     </span>
    </p>
   </div>
   <div class='ocr_carea' id='block_1_84' title="bbox 163 4522 1813 4587">
    <p class='ocr_par' dir='ltr' id='par_1_84' title="bbox 163 4522 1813 4587">
     <span class='ocr_line' id='line_1_84' title="bbox 163 4522 1813 4587; baseline -0.002 -8"><span class='ocrx_word' id='word_1_632' title='bbox 163 4524 437 4587; x_wconf 86' lang='lat' dir='ltr'><strong>abuti,et</strong></span> <span class='ocrx_word' id='word_1_633' title='bbox 456 4522 641 4579; x_wconf 90' lang='lat' dir='ltr'><strong>alieno</strong></span> <span class='ocrx_word' id='word_1_634' title='bbox 682 4522 940 4577; x_wconf 89' lang='lat' dir='ltr'><strong>thalamo</strong></span> <span class='ocrx_word' id='word_1_635' title='bbox 992 4540 1119 4578; x_wconf 91' lang='lat' dir='ltr'><strong>sese</strong></span> <span class='ocrx_word' id='word_1_636' title='bbox 1175 4524 1505 4578; x_wconf 82' lang='lat' dir='ltr'><strong>immiscere</strong></span> <span class='ocrx_word' id='word_1_637' title='bbox 1544 4540 1658 4577; x_wconf 91' lang='lat' dir='ltr'><strong>non</strong></span> <span class='ocrx_word' id='word_1_638' title='bbox 1717 4541 1813 4577; x_wconf 90' lang='lat' dir='ltr'><strong>au-</strong></span> 
     </span>
    </p>
   </div>
   <div class='ocr_carea' id='block_1_85' title="bbox 163 4595 1810 4666">
    <p class='ocr_par' dir='ltr' id='par_1_85' title="bbox 163 4595 1810 4666">
     <span class='ocr_line' id='line_1_85' title="bbox 163 4595 1810 4666; baseline -0.001 -15"><span class='ocrx_word' id='word_1_639' title='bbox 163 4597 369 4651; x_wconf 89' lang='lat' dir='ltr'><strong>deant.</strong></span> <span class='ocrx_word' id='word_1_640' title='bbox 398 4595 581 4649; x_wconf 84' lang='lat' dir='ltr'><strong>Lubet</strong></span> <span class='ocrx_word' id='word_1_641' title='bbox 604 4595 696 4649; x_wconf 92' lang='lat' dir='ltr'><strong>hic</strong></span> <span class='ocrx_word' id='word_1_642' title='bbox 727 4595 838 4649; x_wconf 91' lang='lat' dir='ltr'><strong>divi</strong></span> <span class='ocrx_word' id='word_1_643' title='bbox 869 4596 1200 4666; x_wconf 82' lang='lat' dir='ltr'><strong>Hieronymi</strong></span> <span class='ocrx_word' id='word_1_644' title='bbox 1245 4596 1810 4649; x_wconf 84' lang='lat' dir='ltr'><strong>animadversionem</strong></span> 
     </span>
    </p>
   </div>
   <div class='ocr_carea' id='block_1_86' title="bbox 164 4665 1811 4737">
    <p class='ocr_par' dir='ltr' id='par_1_86' title="bbox 164 4665 1811 4737">
     <span class='ocr_line' id='line_1_86' title="bbox 164 4665 1811 4737; baseline 0 -17"><span class='ocrx_word' id='word_1_645' title='bbox 164 4668 239 4721; x_wconf 91' lang='lat' dir='ltr'><strong>de</strong></span> <span class='ocrx_word' id='word_1_646' title='bbox 276 4665 383 4720; x_wconf 89' lang='lat' dir='ltr'><strong>hac</strong></span> <span class='ocrx_word' id='word_1_647' title='bbox 414 4666 594 4736; x_wconf 87' lang='lat' dir='ltr'><strong>Epist.</strong></span> <span class='ocrx_word' id='word_1_648' title='bbox 616 4668 845 4731; x_wconf 85' lang='lat' dir='ltr'><strong>referre,</strong></span> <span class='ocrx_word' id='word_1_649' title='bbox 880 4683 1052 4737; x_wconf 89' lang='lat' dir='ltr'><strong>quam</strong></span> <span class='ocrx_word' id='word_1_650' title='bbox 1070 4665 1125 4720; x_wconf 87' lang='lat' dir='ltr'><strong>et</strong></span> <span class='ocrx_word' id='word_1_651' title='bbox 1146 4666 1201 4720; x_wconf 90' lang='lat' dir='ltr'><strong>in</strong></span> <span class='ocrx_word' id='word_1_652' title='bbox 1230 4666 1512 4737; x_wconf 89' lang='lat' dir='ltr'><strong>principio</strong></span> <span class='ocrx_word' id='word_1_653' title='bbox 1534 4668 1811 4732; x_wconf 84' lang='lat' dir='ltr'><strong>ejusdem</strong></span> 
     </span>
    </p>
   </div>
   <div class='ocr_carea' id='block_1_87' title="bbox 163 4737 1815 4808">
    <p class='ocr_par' dir='ltr' id='par_1_87' title="bbox 163 4737 1815 4808">
     <span class='ocr_line' id='line_1_87' title="bbox 163 4737 1815 4808; baseline 0 -16"><span class='ocrx_word' id='word_1_654' title='bbox 163 4737 366 4803; x_wconf 88' lang='lat' dir='ltr'><strong>habet,</strong></span> <span class='ocrx_word' id='word_1_655' title='bbox 403 4737 639 4805; x_wconf 90' lang='lat' dir='ltr'><strong>scilicet,</strong></span> <span class='ocrx_word' id='word_1_656' title='bbox 674 4740 822 4793; x_wconf 87' lang='lat' dir='ltr'><strong>inter</strong></span> <span class='ocrx_word' id='word_1_657' title='bbox 846 4754 1035 4793; x_wconf 84' lang='lat' dir='ltr'><strong>omnes</strong></span> <span class='ocrx_word' id='word_1_658' title='bbox 1062 4740 1225 4792; x_wconf 86' lang='lat' dir='ltr'><strong>Pauli</strong></span> <span class='ocrx_word' id='word_1_659' title='bbox 1254 4739 1539 4808; x_wconf 84' lang='lat' dir='ltr'><strong>Epistolas,</strong></span> <span class='ocrx_word' id='word_1_660' title='bbox 1561 4739 1703 4792; x_wconf 83' lang='lat' dir='ltr'><strong>hunc</strong></span> <span class='ocrx_word' id='word_1_661' title='bbox 1734 4738 1815 4792; x_wconf 83' lang='lat' dir='ltr'><strong>vel</strong></span> 
     </span>
    </p>
   </div>
   <div class='ocr_carea' id='block_1_88' title="bbox 161 4810 1404 4864">
    <p class='ocr_par' dir='ltr' id='par_1_88' title="bbox 161 4810 1404 4864">
     <span class='ocr_line' id='line_1_88' title="bbox 161 4810 1404 4864; baseline 0.001 -2"><span class='ocrx_word' id='word_1_662' title='bbox 161 4812 413 4863; x_wconf 79' lang='lat' dir='ltr'><strong>maxime</strong></span> <span class='ocrx_word' id='word_1_663' title='bbox 440 4818 491 4863; x_wconf 90' lang='lat' dir='ltr'><strong>et</strong></span> <span class='ocrx_word' id='word_1_664' title='bbox 520 4810 697 4864; x_wconf 82' lang='lat' dir='ltr'><strong>verbis</strong></span> <span class='ocrx_word' id='word_1_665' title='bbox 724 4814 775 4863; x_wconf 85' lang='lat' dir='ltr'><strong>et</strong></span> <span class='ocrx_word' id='word_1_666' title='bbox 802 4811 1051 4864; x_wconf 77' lang='lat' dir='ltr'><strong>sensibus</strong></span> <span class='ocrx_word' id='word_1_667' title='bbox 1082 4811 1404 4864; x_wconf 86' lang='lat' dir='ltr'><strong>involutum.</strong></span> 
     </span>
    </p>
   </div>
   <div class='ocr_carea' id='block_1_89' title="bbox 241 4880 1666 4952">
    <p class='ocr_par' dir='ltr' id='par_1_89' title="bbox 241 4880 1666 4952">
     <span class='ocr_line' id='line_1_89' title="bbox 241 4880 1666 4952; baseline 0 -20"><span class='ocrx_word' id='word_1_668' title='bbox 241 4881 429 4947; x_wconf 89' lang='lat'>(1088)</span> <span class='ocrx_word' id='word_1_669' title='bbox 463 4882 521 4934; x_wconf 94' lang='lat' dir='ltr'><strong>In</strong></span> <span class='ocrx_word' id='word_1_670' title='bbox 545 4887 742 4951; x_wconf 90' lang='lat' dir='ltr'><strong>autog.</strong></span> <span class='ocrx_word' id='word_1_671' title='bbox 779 4897 962 4952; x_wconf 85' lang='lat' dir='ltr'><strong>marg.</strong></span> <span class='ocrx_word' id='word_1_672' title='bbox 999 4880 1317 4950; x_wconf 83' lang='lat' dir='ltr'><strong>hiclegitur</strong></span> <span class='ocrx_word' id='word_1_673' title='bbox 1345 4898 1469 4950; x_wconf 91' lang='lat' dir='ltr'><strong>cap.</strong></span> <span class='ocrx_word' id='word_1_674' title='bbox 1497 4880 1666 4934; x_wconf 85' lang='lat' dir='ltr'><strong>XVII.</strong></span> 
     </span>
    </p>
   </div>
   <div class='ocr_carea' id='block_1_90' title="bbox 245 4951 1815 5022">
    <p class='ocr_par' dir='ltr' id='par_1_90' title="bbox 245 4951 1815 5022">
     <span class='ocr_line' id='line_1_90' title="bbox 245 4951 1815 5022; baseline 0.001 -19"><span class='ocrx_word' id='word_1_675' title='bbox 245 4952 430 5020; x_wconf 85' lang='lat'>(1089)</span> <span class='ocrx_word' id='word_1_676' title='bbox 465 4954 478 5003; x_wconf 94' lang='lat' dir='ltr'>I</span> <span class='ocrx_word' id='word_1_677' title='bbox 514 4952 638 5007; x_wconf 90' lang='lat' dir='ltr'><strong>Cor.</strong></span> <span class='ocrx_word' id='word_1_678' title='bbox 699 4968 824 5016; x_wconf 79' lang='lat' dir='ltr'><strong>xm,</strong></span> <span class='ocrx_word' id='word_1_679' title='bbox 867 4951 1017 5017; x_wconf 17' lang='lat' dir='ltr'><strong>3,7an</strong></span> <span class='ocrx_word' id='word_1_680' title='bbox 1072 4956 1508 5020; x_wconf 73' lang='lat' dir='ltr'><strong>experimentum</strong></span> <span class='ocrx_word' id='word_1_681' title='bbox 1564 4951 1815 5022; x_wconf 68' lang='lat' dir='ltr'><strong>quaeritis</strong></span> 
     </span>
    </p>
   </div>
   <div class='ocr_carea' id='block_1_91' title="bbox 165 5023 1214 5093">
    <p class='ocr_par' dir='ltr' id='par_1_91' title="bbox 165 5023 1214 5093">
     <span class='ocr_line' id='line_1_91' title="bbox 165 5023 1214 5093; baseline 0.002 -16"><span class='ocrx_word' id='word_1_682' title='bbox 165 5023 307 5091; x_wconf 86' lang='lat' dir='ltr'><strong>ejus,</strong></span> <span class='ocrx_word' id='word_1_683' title='bbox 341 5026 436 5093; x_wconf 86' lang='lat' dir='ltr'><strong>qui</strong></span> <span class='ocrx_word' id='word_1_684' title='bbox 458 5025 512 5077; x_wconf 89' lang='lat' dir='ltr'><strong>in</strong></span> <span class='ocrx_word' id='word_1_685' title='bbox 545 5041 628 5078; x_wconf 85' lang='lat' dir='ltr'><strong>me</strong></span> <span class='ocrx_word' id='word_1_686' title='bbox 656 5024 904 5093; x_wconf 82' lang='lat' dir='ltr'><strong>loquitur</strong></span> <span class='ocrx_word' id='word_1_687' title='bbox 934 5024 1214 5079; x_wconf 73' lang='lat' dir='ltr'><strong>Christus?</strong></span> 
     </span>
    </p>
   </div>
   <div class='ocr_carea' id='block_1_92' title="bbox 248 5093 1814 5161">
    <p class='ocr_par' dir='ltr' id='par_1_92' title="bbox 248 5093 1814 5161">
     <span class='ocr_line' id='line_1_92' title="bbox 248 5093 1814 5161; baseline 0.002 -17"><span class='ocrx_word' id='word_1_688' title='bbox 248 5093 428 5161; x_wconf 83' lang='lat'>(1090)</span> <span class='ocrx_word' id='word_1_689' title='bbox 469 5094 659 5150; x_wconf 86' lang='lat' dir='ltr'><strong>llCor.</strong></span> <span class='ocrx_word' id='word_1_690' title='bbox 722 5111 797 5161; x_wconf 83' lang='grc' dir='ltr'><strong>ιν,</strong></span> <span class='ocrx_word' id='word_1_691' title='bbox 836 5094 901 5147; x_wconf 87' lang='lat'>16</span> <span class='ocrx_word' id='word_1_692' title='bbox 957 5096 1082 5149; x_wconf 84' lang='lat' dir='ltr'><strong>Etsi</strong></span> <span class='ocrx_word' id='word_1_693' title='bbox 1136 5100 1379 5152; x_wconf 74' lang='lat' dir='ltr'><strong>exterior</strong></span> <span class='ocrx_word' id='word_1_694' title='bbox 1424 5099 1602 5149; x_wconf 84' lang='lat' dir='ltr'><strong>noster</strong></span> <span class='ocrx_word' id='word_1_695' title='bbox 1657 5097 1814 5149; x_wconf 88' lang='lat' dir='ltr'><strong>homo</strong></span> 
     </span>
    </p>
   </div>
   <div class='ocr_carea' id='block_1_93' title="bbox 170 5166 1814 5233">
    <p class='ocr_par' dir='ltr' id='par_1_93' title="bbox 170 5166 1814 5233">
     <span class='ocr_line' id='line_1_93' title="bbox 170 5166 1814 5233; baseline 0 -15"><span class='ocrx_word' id='word_1_696' title='bbox 170 5166 556 5233; x_wconf 85' lang='lat' dir='ltr'><strong>corrumpitur</strong></span> <span class='ocrx_word' id='word_1_697' title='bbox 576 5187 595 5232; x_wconf 88' lang='lat'><strong><em>;</em></strong></span> <span class='ocrx_word' id='word_1_698' title='bbox 623 5166 717 5220; x_wconf 85' lang='lat' dir='ltr'><strong>sed</strong></span> <span class='ocrx_word' id='word_1_699' title='bbox 743 5167 912 5233; x_wconf 86' lang='lat' dir='ltr'><strong>is,qui</strong></span> <span class='ocrx_word' id='word_1_700' title='bbox 942 5168 1178 5219; x_wconf 81' lang='lat' dir='ltr'><strong>interior</strong></span> <span class='ocrx_word' id='word_1_701' title='bbox 1193 5174 1289 5232; x_wconf 82' lang='lat' dir='ltr'><strong>est,</strong></span> <span class='ocrx_word' id='word_1_702' title='bbox 1318 5176 1619 5223; x_wconf 81' lang='lat' dir='ltr'><strong>renovatur</strong></span> <span class='ocrx_word' id='word_1_703' title='bbox 1647 5168 1711 5221; x_wconf 87' lang='lat' dir='ltr'><strong>de</strong></span> <span class='ocrx_word' id='word_1_704' title='bbox 1726 5166 1814 5219; x_wconf 80' lang='lat' dir='ltr'><strong>die</strong></span> 
     </span>
    </p>
   </div>
   <div class='ocr_carea' id='block_1_94' title="bbox 168 5233 1812 5306">
    <p class='ocr_par' dir='ltr' id='par_1_94' title="bbox 168 5233 1812 5306">
     <span class='ocr_line' id='line_1_94' title="bbox 168 5233 1812 5306; baseline 0.002 -18"><span class='ocrx_word' id='word_1_705' title='bbox 168 5236 235 5288; x_wconf 78' lang='lat' dir='ltr'><strong>in</strong></span> <span class='ocrx_word' id='word_1_706' title='bbox 268 5233 426 5306; x_wconf 82' lang='lat' dir='ltr'><strong>diem.</strong></span> <span class='ocrx_word' id='word_1_707' title='bbox 458 5258 483 5283; x_wconf 77' lang='grc' dir='ltr'>(ι</span> <span class='ocrx_word' id='word_1_708' title='bbox 515 5236 819 5306; x_wconf 87' lang='lat' dir='ltr'><strong>Corruptio</strong></span> <span class='ocrx_word' id='word_1_709' title='bbox 851 5238 1031 5302; x_wconf 76' lang='lat' dir='ltr'><strong>enim,</strong></span> <span class='ocrx_word' id='word_1_710' title='bbox 1055 5240 1133 5289; x_wconf 87' lang='lat' dir='ltr'><strong>ait</strong></span> <span class='ocrx_word' id='word_1_711' title='bbox 1165 5240 1335 5295; x_wconf 91' lang='lat' dir='ltr'><strong>divus</strong></span> <span class='ocrx_word' id='word_1_712' title='bbox 1366 5240 1621 5305; x_wconf 84' lang='lat' dir='ltr'><strong>Hieron.,</strong></span> <span class='ocrx_word' id='word_1_713' title='bbox 1657 5244 1812 5292; x_wconf 86' lang='lat' dir='ltr'><strong>exte-</strong></span> 
     </span>
    </p>
   </div>
   <div class='ocr_carea' id='block_1_95' title="bbox 173 5304 1815 5358">
    <p class='ocr_par' dir='ltr' id='par_1_95' title="bbox 173 5304 1815 5358">
     <span class='ocr_line' id='line_1_95' title="bbox 173 5304 1815 5358; baseline 0 0"><span class='ocrx_word' id='word_1_714' title='bbox 173 5304 349 5358; x_wconf 91' lang='lat' dir='ltr'><strong>rioris</strong></span> <span class='ocrx_word' id='word_1_715' title='bbox 382 5305 649 5358; x_wconf 79' lang='lat' dir='ltr'><strong>hominis-</strong></span> <span class='ocrx_word' id='word_1_716' title='bbox 678 5304 973 5358; x_wconf 80' lang='lat' dir='ltr'><strong>interioris</strong></span> <span class='ocrx_word' id='word_1_717' title='bbox 1008 5308 1264 5358; x_wconf 65' lang='lat' dir='ltr'><strong>hominis:</strong></span> <span class='ocrx_word' id='word_1_718' title='bbox 1296 5310 1588 5358; x_wconf 73' lang='lat' dir='ltr'><strong>rpnnvatin</strong></span> <span class='ocrx_word' id='word_1_719' title='bbox 1610 5317 1730 5358; x_wconf 75' lang='lat' dir='ltr'><strong>est:</strong></span> <span class='ocrx_word' id='word_1_720' title='bbox 1758 5312 1815 5358; x_wconf 84' lang='lat' dir='ltr'><strong>et.</strong></span> 
     </span>
    </p>
   </div>
   <div class='ocr_carea' id='block_1_96' title="bbox 1921 3167 3563 3244">
    <p class='ocr_par' dir='ltr' id='par_1_96' title="bbox 1921 3167 3563 3244">
     <span class='ocr_line' id='line_1_96' title="bbox 1921 3167 3563 3244; baseline -0.005 -17"><span class='ocrx_word' id='word_1_721' title='bbox 1921 3181 1995 3228; x_wconf 86' lang='lat' dir='ltr'><strong>De</strong></span> <span class='ocrx_word' id='word_1_722' title='bbox 2029 3192 2094 3229; x_wconf 92' lang='lat' dir='ltr'><strong>eo</strong></span> <span class='ocrx_word' id='word_1_723' title='bbox 2122 3192 2237 3244; x_wconf 89' lang='lat' dir='ltr'><strong>quo</strong></span> <span class='ocrx_word' id='word_1_724' title='bbox 2269 3176 2482 3229; x_wconf 88' lang='lat' dir='ltr'><strong>creatio</strong></span> <span class='ocrx_word' id='word_1_725' title='bbox 2514 3179 2691 3244; x_wconf 87' lang='lat' dir='ltr'><strong>atque</strong></span> <span class='ocrx_word' id='word_1_726' title='bbox 2722 3172 2998 3233; x_wconf 88' lang='lat' dir='ltr'><strong>conditio,</strong></span> <span class='ocrx_word' id='word_1_727' title='bbox 3061 3168 3292 3223; x_wconf 88' lang='lat' dir='ltr'><strong>nonnisi</strong></span> <span class='ocrx_word' id='word_1_728' title='bbox 3326 3167 3383 3220; x_wconf 91' lang='lat' dir='ltr'><strong>in</strong></span> <span class='ocrx_word' id='word_1_729' title='bbox 3444 3183 3563 3220; x_wconf 90' lang='lat' dir='ltr'><strong>ma-</strong></span> 
     </span>
    </p>
   </div>
   <div class='ocr_carea' id='block_1_97' title="bbox 1918 3257 3564 3337">
    <p class='ocr_par' dir='ltr' id='par_1_97' title="bbox 1918 3257 3564 3337">
     <span class='ocr_line' id='line_1_97' title="bbox 1918 3257 3564 3337; baseline -0.005 -20"><span class='ocrx_word' id='word_1_730' title='bbox 1918 3264 2050 3334; x_wconf 86' lang='lat' dir='ltr'><strong>gnis</strong></span> <span class='ocrx_word' id='word_1_731' title='bbox 2107 3264 2280 3318; x_wconf 88' lang='lat' dir='ltr'><strong>rebus</strong></span> <span class='ocrx_word' id='word_1_732' title='bbox 2330 3269 2630 3337; x_wconf 88' lang='lat' dir='ltr'><strong>ponuntur</strong></span> <span class='ocrx_word' id='word_1_733' title='bbox 2678 3262 2882 3332; x_wconf 73' lang='lat'>(1094).</span> <span class='ocrx_word' id='word_1_734' title='bbox 2940 3258 3161 3314; x_wconf 81' lang='lat' dir='ltr'><strong>Aliter:</strong></span> <span class='ocrx_word' id='word_1_735' title='bbox 3201 3257 3564 3313; x_wconf 83' lang='lat' dir='ltr'><strong>Renovamim&#39;</strong></span> 
     </span>
    </p>
   </div>
   <div class='ocr_carea' id='block_1_98' title="bbox 1916 3382 3563 3458">
    <p class='ocr_par' dir='ltr' id='par_1_98' title="bbox 1916 3382 3563 3458">
     <span class='ocr_line' id='line_1_98' title="bbox 1916 3382 3563 3458; baseline -0.004 -17"><span class='ocrx_word' id='word_1_736' title='bbox 1916 3388 2138 3441; x_wconf 90' lang='lat' dir='ltr'><strong>tributa</strong></span> <span class='ocrx_word' id='word_1_737' title='bbox 2166 3388 2569 3458; x_wconf 86' lang='lat' dir='ltr'><strong>interpretatio</strong></span> <span class='ocrx_word' id='word_1_738' title='bbox 2618 3388 2673 3440; x_wconf 91' lang='lat' dir='ltr'><strong>in</strong></span> <span class='ocrx_word' id='word_1_739' title='bbox 2705 3386 2854 3440; x_wconf 88' lang='lat' dir='ltr'><strong>hanc</strong></span> <span class='ocrx_word' id='word_1_740' title='bbox 2884 3385 3108 3458; x_wconf 45' lang='lat' dir='ltr'><strong>Epist“:</strong></span> <span class='ocrx_word' id='word_1_741' title='bbox 3142 3384 3364 3452; x_wconf 82' lang='lat' dir='ltr'><strong>spiritus</strong></span> <span class='ocrx_word' id='word_1_742' title='bbox 3414 3382 3563 3458; x_wconf 83' lang='lat' dir='ltr'><strong>enim</strong></span> 
     </span>
    </p>
   </div>
   <div class='ocr_carea' id='block_1_99' title="bbox 1920 3453 3564 3534">
    <p class='ocr_par' dir='ltr' id='par_1_99' title="bbox 1920 3453 3564 3534">
     <span class='ocr_line' id='line_1_99' title="bbox 1920 3453 3564 3534; baseline -0.004 -23"><span class='ocrx_word' id='word_1_743' title='bbox 1920 3462 2117 3513; x_wconf 83' lang='lat' dir='ltr'><strong>mentis</strong></span> <span class='ocrx_word' id='word_1_744' title='bbox 2148 3453 2715 3534; x_wconf 72' lang='lat' dir='ltr'><strong>legiturutrobique.</strong></span> <span class='ocrx_word' id='word_1_745' title='bbox 2753 3461 2823 3512; x_wconf 88' lang='lat' dir='ltr'><strong>At</strong></span> <span class='ocrx_word' id='word_1_746' title='bbox 2848 3453 3018 3534; x_wconf 69' lang='lat' dir='ltr'><strong>divus</strong></span> <span class='ocrx_word' id='word_1_747' title='bbox 3058 3454 3446 3534; x_wconf 68' lang='lat' dir='ltr'><strong>Hieronymus</strong></span> <span class='ocrx_word' id='word_1_748' title='bbox 3503 3453 3564 3506; x_wconf 85' lang='lat' dir='ltr'><strong>in</strong></span> 
     </span>
    </p>
   </div>
   <div class='ocr_carea' id='block_1_100' title="bbox 1917 3524 3556 3601">
    <p class='ocr_par' dir='ltr' id='par_1_100' title="bbox 1917 3524 3556 3601">
     <span class='ocr_line' id='line_1_100' title="bbox 1917 3524 3556 3601; baseline -0.005 -16"><span class='ocrx_word' id='word_1_749' title='bbox 1917 3534 2121 3601; x_wconf 80' lang='lat' dir='ltr'><strong>spiritu</strong></span> <span class='ocrx_word' id='word_1_750' title='bbox 2151 3524 2339 3585; x_wconf 63' lang='lat' dir='ltr'><strong>sensus</strong></span> <span class='ocrx_word' id='word_1_751' title='bbox 2371 3530 2509 3601; x_wconf 88' lang='lat' dir='ltr'><strong>legit</strong></span> <span class='ocrx_word' id='word_1_752' title='bbox 2533 3524 2799 3594; x_wconf 53' lang='lat' dir='ltr'><strong>in&#39;textu,</strong></span> <span class='ocrx_word' id='word_1_753' title='bbox 2834 3530 3066 3601; x_wconf 74' lang='lat' dir='ltr'><strong>etjuxta</strong></span> <span class='ocrx_word' id='word_1_754' title='bbox 3096 3542 3223 3601; x_wconf 81' lang='lat' dir='ltr'><strong>eam</strong></span> <span class='ocrx_word' id='word_1_755' title='bbox 3248 3524 3556 3578; x_wconf 87' lang='lat' dir='ltr'><strong>lectionem</strong></span> 
     </span>
    </p>
   </div>
   <div class='ocr_carea' id='block_1_101' title="bbox 1920 3597 3561 3673">
    <p class='ocr_par' dir='ltr' id='par_1_101' title="bbox 1920 3597 3561 3673">
     <span class='ocr_line' id='line_1_101' title="bbox 1920 3597 3561 3673; baseline -0.004 -18"><span class='ocrx_word' id='word_1_756' title='bbox 1920 3597 2108 3673; x_wconf 84' lang='lat' dir='ltr'><strong>pergit</strong></span> <span class='ocrx_word' id='word_1_757' title='bbox 2140 3597 2526 3672; x_wconf 74' lang='lat' dir='ltr'><strong>interpretari.</strong></span> <span class='ocrx_word' id='word_1_758' title='bbox 2560 3604 2653 3655; x_wconf 84' lang='lat' dir='ltr'><strong>Ait</strong></span> <span class='ocrx_word' id='word_1_759' title='bbox 2674 3601 2825 3673; x_wconf 88' lang='lat' dir='ltr'><strong>enim</strong></span> <span class='ocrx_word' id='word_1_760' title='bbox 2864 3617 2875 3653; x_wconf 90' lang='lat'><strong>:</strong></span> <span class='ocrx_word' id='word_1_761' title='bbox 2909 3622 2945 3673; x_wconf 51' lang='lat' dir='ltr'><strong>ii</strong></span> <span class='ocrx_word' id='word_1_762' title='bbox 2973 3599 3087 3673; x_wconf 78' lang='lat' dir='ltr'><strong>Nec</strong></span> <span class='ocrx_word' id='word_1_763' title='bbox 3118 3597 3174 3673; x_wconf 79' lang='lat' dir='ltr'><strong>in</strong></span> <span class='ocrx_word' id='word_1_764' title='bbox 3200 3612 3375 3651; x_wconf 90' lang='lat' dir='ltr'><strong>sensu</strong></span> <span class='ocrx_word' id='word_1_765' title='bbox 3400 3611 3561 3649; x_wconf 83' lang='lat' dir='ltr'><strong>rens-</strong></span> 
     </span>
    </p>
   </div>
   <div class='ocr_carea' id='block_1_102' title="bbox 1920 3669 3561 3750">
    <p class='ocr_par' dir='ltr' id='par_1_102' title="bbox 1920 3669 3561 3750">
     <span class='ocr_line' id='line_1_102' title="bbox 1920 3669 3561 3750; baseline -0.004 -25"><span class='ocrx_word' id='word_1_766' title='bbox 1920 3669 2125 3750; x_wconf 71' lang='lat' dir='ltr'><strong>vaniur</strong></span> <span class='ocrx_word' id='word_1_767' title='bbox 2154 3669 2372 3741; x_wconf 86' lang='lat' dir='ltr'><strong>absque</strong></span> <span class='ocrx_word' id='word_1_768' title='bbox 2396 3673 2626 3750; x_wconf 83' lang='lat' dir='ltr'><strong>spiritu,</strong></span> <span class='ocrx_word' id='word_1_769' title='bbox 2662 3689 2764 3750; x_wconf 78' lang='lat' dir='ltr'><strong>nec</strong></span> <span class='ocrx_word' id='word_1_770' title='bbox 2789 3672 2841 3724; x_wconf 93' lang='lat' dir='ltr'><strong>in</strong></span> <span class='ocrx_word' id='word_1_771' title='bbox 2861 3670 3066 3750; x_wconf 79' lang='lat' dir='ltr'><strong>spiritu</strong></span> <span class='ocrx_word' id='word_1_772' title='bbox 3099 3669 3321 3738; x_wconf 89' lang='lat' dir='ltr'><strong>absque</strong></span> <span class='ocrx_word' id='word_1_773' title='bbox 3351 3682 3561 3750; x_wconf 61' lang='lat' dir='ltr'><strong>sensu,</strong></span> 
     </span>
    </p>
   </div>
   <div class='ocr_carea' id='block_1_103' title="bbox 1921 3740 3565 3811">
    <p class='ocr_par' dir='ltr' id='par_1_103' title="bbox 1921 3740 3565 3811">
     <span class='ocr_line' id='line_1_103' title="bbox 1921 3740 3565 3811; baseline -0.004 -15"><span class='ocrx_word' id='word_1_774' title='bbox 1921 3744 2019 3796; x_wconf 87' lang='lat' dir='ltr'><strong>sed</strong></span> <span class='ocrx_word' id='word_1_775' title='bbox 2045 3740 2715 3811; x_wconf 69' lang='lat' dir='ltr'><strong>renovamurconjuncte</strong></span> <span class='ocrx_word' id='word_1_776' title='bbox 2734 3742 2789 3795; x_wconf 92' lang='lat' dir='ltr'><strong>in</strong></span> <span class='ocrx_word' id='word_1_777' title='bbox 2816 3740 3023 3811; x_wconf 90' lang='lat' dir='ltr'><strong>spiritu</strong></span> <span class='ocrx_word' id='word_1_778' title='bbox 3048 3756 3257 3793; x_wconf 89' lang='lat' dir='ltr'><strong>sensus</strong></span> <span class='ocrx_word' id='word_1_779' title='bbox 3279 3740 3484 3803; x_wconf 89' lang='lat' dir='ltr'><strong>nostri,</strong></span> <span class='ocrx_word' id='word_1_780' title='bbox 3502 3740 3565 3789; x_wconf 90' lang='lat' dir='ltr'><strong>ut</strong></span> 
     </span>
    </p>
   </div>
   <div class='ocr_carea' id='block_1_104' title="bbox 1922 3811 3565 3883">
    <p class='ocr_par' dir='ltr' id='par_1_104' title="bbox 1922 3811 3565 3883">
     <span class='ocr_line' id='line_1_104' title="bbox 1922 3811 3565 3883; baseline -0.003 -17"><span class='ocrx_word' id='word_1_781' title='bbox 1922 3816 2211 3883; x_wconf 88' lang='lat' dir='ltr'><strong>quomodo</strong></span> <span class='ocrx_word' id='word_1_782' title='bbox 2247 3814 2552 3883; x_wconf 90' lang='lat' dir='ltr'><strong>psallimus</strong></span> <span class='ocrx_word' id='word_1_783' title='bbox 2568 3813 2799 3881; x_wconf 87' lang='lat' dir='ltr'><strong>spiritu,</strong></span> <span class='ocrx_word' id='word_1_784' title='bbox 2821 3811 3127 3883; x_wconf 84' lang='lat' dir='ltr'><strong>psallimus</strong></span> <span class='ocrx_word' id='word_1_785' title='bbox 3152 3815 3209 3883; x_wconf 83' lang='lat' dir='ltr'><strong>et</strong></span> <span class='ocrx_word' id='word_1_786' title='bbox 3229 3824 3565 3883; x_wconf 83' lang='lat' dir='ltr'><strong>sensu,ora-</strong></span> 
     </span>
    </p>
   </div>
   <div class='ocr_carea' id='block_1_105' title="bbox 1922 3879 3564 3957">
    <p class='ocr_par' dir='ltr' id='par_1_105' title="bbox 1922 3879 3564 3957">
     <span class='ocr_line' id='line_1_105' title="bbox 1922 3879 3564 3957; baseline -0.004 -19"><span class='ocrx_word' id='word_1_787' title='bbox 1922 3879 2053 3938; x_wconf 77' lang='lat' dir='ltr'><strong>nius</strong></span> <span class='ocrx_word' id='word_1_788' title='bbox 2087 3879 2318 3957; x_wconf 79' lang='lat' dir='ltr'><strong>spiritu,</strong></span> <span class='ocrx_word' id='word_1_789' title='bbox 2344 3901 2579 3937; x_wconf 88' lang='lat' dir='ltr'><strong>oramus</strong></span> <span class='ocrx_word' id='word_1_790' title='bbox 2604 3879 2665 3937; x_wconf 83' lang='lat' dir='ltr'><strong>et</strong></span> <span class='ocrx_word' id='word_1_791' title='bbox 2688 3879 2863 3936; x_wconf 84' lang='lat' dir='ltr'><strong>sensu</strong></span> <span class='ocrx_word' id='word_1_792' title='bbox 2892 3898 2905 3935; x_wconf 91' lang='lat'><strong>:</strong></span> <span class='ocrx_word' id='word_1_793' title='bbox 2930 3882 3013 3934; x_wconf 87' lang='lat' dir='ltr'><strong>sic</strong></span> <span class='ocrx_word' id='word_1_794' title='bbox 3037 3882 3095 3933; x_wconf 91' lang='lat' dir='ltr'><strong>in</strong></span> <span class='ocrx_word' id='word_1_795' title='bbox 3118 3879 3327 3957; x_wconf 76' lang='lat' dir='ltr'><strong>spiritu</strong></span> <span class='ocrx_word' id='word_1_796' title='bbox 3353 3894 3564 3957; x_wconf 76' lang='lat' dir='ltr'><strong>sensus</strong></span> 
     </span>
    </p>
   </div>
   <div class='ocr_carea' id='block_1_106' title="bbox 1922 3950 3566 4010">
    <p class='ocr_par' dir='ltr' id='par_1_106' title="bbox 1922 3950 3566 4010">
     <span class='ocr_line' id='line_1_106' title="bbox 1922 3950 3566 4010; baseline -0.005 0"><span class='ocrx_word' id='word_1_797' title='bbox 1922 3955 2102 4010; x_wconf 89' lang='lat' dir='ltr'><strong>nostri</strong></span> <span class='ocrx_word' id='word_1_798' title='bbox 2122 3950 2516 4009; x_wconf 69' lang='lat' dir='ltr'><strong>renovcmur:</strong></span> <span class='ocrx_word' id='word_1_799' title='bbox 2554 3960 2615 4007; x_wconf 93' lang='lat' dir='ltr'><strong>ut</strong></span> <span class='ocrx_word' id='word_1_800' title='bbox 2648 3969 2779 4008; x_wconf 88' lang='lat' dir='ltr'><strong>cum</strong></span> <span class='ocrx_word' id='word_1_801' title='bbox 2832 3967 3040 4007; x_wconf 87' lang='lat' dir='ltr'><strong>sensus</strong></span> <span class='ocrx_word' id='word_1_802' title='bbox 3090 3950 3347 4003; x_wconf 90' lang='lat' dir='ltr'><strong>mundus</strong></span> <span class='ocrx_word' id='word_1_803' title='bbox 3395 3950 3566 4002; x_wconf 87' lang='lat' dir='ltr'><strong>fuerit</strong></span> 
     </span>
    </p>
   </div>
   <div class='ocr_carea' id='block_1_107' title="bbox 1921 4020 3567 4099">
    <p class='ocr_par' dir='ltr' id='par_1_107' title="bbox 1921 4020 3567 4099">
     <span class='ocr_line' id='line_1_107' title="bbox 1921 4020 3567 4099; baseline -0.006 -19"><span class='ocrx_word' id='word_1_804' title='bbox 1921 4034 2097 4099; x_wconf 84' lang='lat' dir='ltr'><strong>atque</strong></span> <span class='ocrx_word' id='word_1_805' title='bbox 2130 4044 2201 4099; x_wconf 82' lang='lat' dir='ltr'><strong>pu</strong></span> <span class='ocrx_word' id='word_1_806' title='bbox 2215 4032 2433 4097; x_wconf 86' lang='lat' dir='ltr'><strong>rgatus,</strong></span> <span class='ocrx_word' id='word_1_807' title='bbox 2463 4032 2517 4079; x_wconf 89' lang='lat' dir='ltr'><strong>et</strong></span> <span class='ocrx_word' id='word_1_808' title='bbox 2542 4026 2621 4099; x_wconf 9' lang='lat' dir='ltr'><strong>ab,</strong></span> <span class='ocrx_word' id='word_1_809' title='bbox 2636 4025 2791 4099; x_wconf 90' lang='lat' dir='ltr'><strong>omni</strong></span> <span class='ocrx_word' id='word_1_810' title='bbox 2816 4023 3046 4078; x_wconf 89' lang='lat' dir='ltr'><strong>macula</strong></span> <span class='ocrx_word' id='word_1_811' title='bbox 3068 4020 3314 4099; x_wconf 76' lang='lat' dir='ltr'><strong>sordidae</strong></span> <span class='ocrx_word' id='word_1_812' title='bbox 3333 4035 3567 4099; x_wconf 32' lang='lat' dir='ltr'><strong>con-cre-</strong></span> 
     </span>
    </p>
   </div>
   <div class='ocr_carea' id='block_1_108' title="bbox 1922 4092 3568 4165">
    <p class='ocr_par' dir='ltr' id='par_1_108' title="bbox 1922 4092 3568 4165">
     <span class='ocr_line' id='line_1_108' title="bbox 1922 4092 3568 4165; baseline -0.006 -12"><span class='ocrx_word' id='word_1_813' title='bbox 1922 4092 2097 4153; x_wconf 80' lang='lat' dir='ltr'><strong>tiohis</strong></span> <span class='ocrx_word' id='word_1_814' title='bbox 2129 4092 2376 4162; x_wconf 78' lang='lat' dir='ltr'><strong>alienus,</strong></span> <span class='ocrx_word' id='word_1_815' title='bbox 2408 4104 2545 4151; x_wconf 90' lang='lat' dir='ltr'><strong>tunc</strong></span> <span class='ocrx_word' id='word_1_816' title='bbox 2577 4098 2624 4150; x_wconf 90' lang='lat' dir='ltr'><strong>ei</strong></span> <span class='ocrx_word' id='word_1_817' title='bbox 2653 4098 2939 4165; x_wconf 88' lang='lat' dir='ltr'><strong>jungatur</strong></span> <span class='ocrx_word' id='word_1_818' title='bbox 2967 4099 3024 4148; x_wconf 89' lang='lat' dir='ltr'><strong>et</strong></span> <span class='ocrx_word' id='word_1_819' title='bbox 3074 4092 3340 4165; x_wconf 77' lang='lat' dir='ltr'><strong>spiritus,</strong></span> <span class='ocrx_word' id='word_1_820' title='bbox 3400 4094 3455 4143; x_wconf 92' lang='lat' dir='ltr'><strong>et</strong></span> <span class='ocrx_word' id='word_1_821' title='bbox 3484 4092 3568 4143; x_wconf 88' lang='lat' dir='ltr'><strong>ita</strong></span> 
     </span>
    </p>
   </div>
   <div class='ocr_carea' id='block_1_109' title="bbox 1923 4163 3566 4240">
    <p class='ocr_par' dir='ltr' id='par_1_109' title="bbox 1923 4163 3566 4240">
     <span class='ocr_line' id='line_1_109' title="bbox 1923 4163 3566 4240; baseline -0.007 -16"><span class='ocrx_word' id='word_1_822' title='bbox 1923 4172 2177 4240; x_wconf 87' lang='lat' dir='ltr'><strong>quodam</strong></span> <span class='ocrx_word' id='word_1_823' title='bbox 2214 4170 2363 4223; x_wconf 78' lang='lat' dir='ltr'><strong>inter</strong></span> <span class='ocrx_word' id='word_1_824' title='bbox 2386 4186 2445 4223; x_wconf 89' lang='lat' dir='ltr'><strong>se</strong></span> <span class='ocrx_word' id='word_1_825' title='bbox 2470 4163 2711 4222; x_wconf 87' lang='lat' dir='ltr'><strong>unitatis</strong></span> <span class='ocrx_word' id='word_1_826' title='bbox 2742 4163 2965 4240; x_wconf 79' lang='lat' dir='ltr'><strong>glutine</strong></span> <span class='ocrx_word' id='word_1_827' title='bbox 2988 4163 3354 4240; x_wconf 81' lang='lat' dir='ltr'><strong>copulentur,</strong></span> <span class='ocrx_word' id='word_1_828' title='bbox 3379 4165 3441 4215; x_wconf 91' lang='lat' dir='ltr'><strong>ut</strong></span> <span class='ocrx_word' id='word_1_829' title='bbox 3466 4176 3566 4213; x_wconf 86' lang='lat' dir='ltr'><strong>ne-</strong></span> 
     </span>
    </p>
   </div>
   <div class='ocr_carea' id='block_1_110' title="bbox 1922 4235 3567 4315">
    <p class='ocr_par' dir='ltr' id='par_1_110' title="bbox 1922 4235 3567 4315">
     <span class='ocr_line' id='line_1_110' title="bbox 1922 4235 3567 4315; baseline -0.003 -23"><span class='ocrx_word' id='word_1_830' title='bbox 1922 4235 2496 4315; x_wconf 79' lang='lat' dir='ltr'><strong>quaquam_simplex</strong></span> <span class='ocrx_word' id='word_1_831' title='bbox 2522 4235 2788 4310; x_wconf 77' lang='lat' dir='ltr'><strong>spiritus,</strong></span> <span class='ocrx_word' id='word_1_832' title='bbox 2822 4239 2920 4315; x_wconf 83' lang='lat' dir='ltr'><strong>sed</strong></span> <span class='ocrx_word' id='word_1_833' title='bbox 2938 4235 3190 4315; x_wconf 74' lang='lat' dir='ltr'><strong>spiritus</strong></span> <span class='ocrx_word' id='word_1_834' title='bbox 3209 4250 3418 4314; x_wconf 78' lang='lat' dir='ltr'><strong>sensus</strong></span> <span class='ocrx_word' id='word_1_835' title='bbox 3438 4248 3567 4315; x_wconf 76' lang='lat' dir='ltr'><strong>esse</strong></span> 
     </span>
    </p>
   </div>
   <div class='ocr_carea' id='block_1_111' title="bbox 1922 4308 3563 4375">
    <p class='ocr_par' dir='ltr' id='par_1_111' title="bbox 1922 4308 3563 4375">
     <span class='ocr_line' id='line_1_111' title="bbox 1922 4308 3563 4375; baseline -0.005 -9"><span class='ocrx_word' id='word_1_836' title='bbox 1922 4308 2170 4366; x_wconf 84' lang='lat' dir='ltr'><strong>dicatur.</strong></span> <span class='ocrx_word' id='word_1_837' title='bbox 2207 4312 2349 4366; x_wconf 89' lang='lat' dir='ltr'><strong>Cum</strong></span> <span class='ocrx_word' id='word_1_838' title='bbox 2375 4308 2382 4311; x_wconf 47' lang='grc'>⁷</span> <span class='ocrx_word' id='word_1_839' title='bbox 2411 4308 2604 4366; x_wconf 82' lang='lat' dir='ltr'><strong>autem</strong></span> <span class='ocrx_word' id='word_1_840' title='bbox 2641 4310 2896 4365; x_wconf 86' lang='lat' dir='ltr'><strong>renovati</strong></span> <span class='ocrx_word' id='word_1_841' title='bbox 2933 4308 3217 4363; x_wconf 77' lang='lat' dir='ltr'><strong>fuerimus</strong></span> <span class='ocrx_word' id='word_1_842' title='bbox 3250 4308 3305 4358; x_wconf 77' lang='lat' dir='ltr'><strong>in</strong></span> <span class='ocrx_word' id='word_1_843' title='bbox 3331 4308 3563 4375; x_wconf 89' lang='lat' dir='ltr'><strong>spiritu,</strong></span> 
     </span>
    </p>
   </div>
   <div class='ocr_carea' id='block_1_112' title="bbox 1923 4378 3566 4453">
    <p class='ocr_par' dir='ltr' id='par_1_112' title="bbox 1923 4378 3566 4453">
     <span class='ocr_line' id='line_1_112' title="bbox 1923 4378 3566 4453; baseline -0.005 -16"><span class='ocrx_word' id='word_1_844' title='bbox 1923 4384 2021 4453; x_wconf 91' lang='lat' dir='ltr'><strong>qui</strong></span> <span class='ocrx_word' id='word_1_845' title='bbox 2054 4385 2235 4437; x_wconf 87' lang='lat' dir='ltr'><strong>nostri</strong></span> <span class='ocrx_word' id='word_1_846' title='bbox 2271 4400 2479 4437; x_wconf 90' lang='lat' dir='ltr'><strong>sensus</strong></span> <span class='ocrx_word' id='word_1_847' title='bbox 2511 4389 2599 4437; x_wconf 91' lang='lat' dir='ltr'><strong>est</strong></span> <span class='ocrx_word' id='word_1_848' title='bbox 2636 4382 2900 4453; x_wconf 89' lang='lat' dir='ltr'><strong>spiritus,</strong></span> <span class='ocrx_word' id='word_1_849' title='bbox 2935 4384 3075 4433; x_wconf 88' lang='lat' dir='ltr'><strong>tunc</strong></span> <span class='ocrx_word' id='word_1_850' title='bbox 3106 4378 3419 4431; x_wconf 88' lang='lat' dir='ltr'><strong>induemur</strong></span> <span class='ocrx_word' id='word_1_851' title='bbox 3464 4391 3566 4453; x_wconf 85' lang='lat' dir='ltr'><strong>no-</strong></span> 
     </span>
    </p>
   </div>
   <div class='ocr_carea' id='block_1_113' title="bbox 1922 4450 3567 4524">
    <p class='ocr_par' dir='ltr' id='par_1_113' title="bbox 1922 4450 3567 4524">
     <span class='ocr_line' id='line_1_113' title="bbox 1922 4450 3567 4524; baseline -0.005 -16"><span class='ocrx_word' id='word_1_852' title='bbox 1922 4450 2056 4508; x_wconf 80' lang='lat' dir='ltr'><strong>vum</strong></span> <span class='ocrx_word' id='word_1_853' title='bbox 2090 4454 2409 4517; x_wconf 87' lang='lat' dir='ltr'><strong>hominem,</strong></span> <span class='ocrx_word' id='word_1_854' title='bbox 2446 4456 2543 4524; x_wconf 87' lang='lat' dir='ltr'><strong>qui</strong></span> <span class='ocrx_word' id='word_1_855' title='bbox 2575 4450 2896 4508; x_wconf 79' lang='lat' dir='ltr'><strong>secundum</strong></span> <span class='ocrx_word' id='word_1_856' title='bbox 2933 4457 3111 4505; x_wconf 91' lang='lat' dir='ltr'><strong>Deum</strong></span> <span class='ocrx_word' id='word_1_857' title='bbox 3145 4454 3375 4503; x_wconf 89' lang='lat' dir='ltr'><strong>creatus</strong></span> <span class='ocrx_word' id='word_1_858' title='bbox 3406 4450 3515 4501; x_wconf 89' lang='lat' dir='ltr'><strong>est.</strong></span> <span class='ocrx_word' id='word_1_859' title='bbox 3539 4466 3567 4493; x_wconf 85' lang='grc'><strong>››</strong></span> 
     </span>
    </p>
   </div>
   <div class='ocr_carea' id='block_1_114' title="bbox 1995 4541 3569 4625">
    <p class='ocr_par' dir='ltr' id='par_1_114' title="bbox 1995 4541 3569 4625">
     <span class='ocr_line' id='line_1_114' title="bbox 1995 4541 3569 4625; baseline -0.006 -22"><span class='ocrx_word' id='word_1_860' title='bbox 1995 4550 2178 4625; x_wconf 73' lang='lat'>(1092)</span> <span class='ocrx_word' id='word_1_861' title='bbox 2210 4552 2313 4619; x_wconf 89' lang='lat' dir='ltr'><strong>Ita,</strong></span> <span class='ocrx_word' id='word_1_862' title='bbox 2349 4556 2413 4625; x_wconf 88' lang='lat' dir='ltr'><strong>ut</strong></span> <span class='ocrx_word' id='word_1_863' title='bbox 2442 4552 2574 4625; x_wconf 85' lang='lat' dir='ltr'><strong>divo</strong></span> <span class='ocrx_word' id='word_1_864' title='bbox 2606 4551 2954 4621; x_wconf 79' lang='lat' dir='ltr'><strong>Hieronymo</strong></span> <span class='ocrx_word' id='word_1_865' title='bbox 2987 4541 3569 4625; x_wconf 71' lang='lat' dir='ltr'><strong>hujusexpositionis</strong></span> 
     </span>
    </p>
   </div>
   <div class='ocr_carea' id='block_1_115' title="bbox 1924 4618 3571 4684">
    <p class='ocr_par' dir='ltr' id='par_1_115' title="bbox 1924 4618 3571 4684">
     <span class='ocr_line' id='line_1_115' title="bbox 1924 4618 3571 4684; baseline -0.007 -9"><span class='ocrx_word' id='word_1_866' title='bbox 1924 4618 2145 4675; x_wconf 91' lang='lat' dir='ltr'><strong>auctori</strong></span> <span class='ocrx_word' id='word_1_867' title='bbox 2182 4618 2514 4681; x_wconf 83' lang='lat' dir='ltr'><strong>famularer,</strong></span> <span class='ocrx_word' id='word_1_868' title='bbox 2540 4623 2694 4675; x_wconf 90' lang='lat' dir='ltr'><strong>hunc</strong></span> <span class='ocrx_word' id='word_1_869' title='bbox 2726 4618 2947 4675; x_wconf 70' lang='lat' dir='ltr'><strong>textum</strong></span> <span class='ocrx_word' id='word_1_870' title='bbox 2982 4618 3306 4684; x_wconf 85' lang='lat' dir='ltr'><strong>emendavi,</strong></span> <span class='ocrx_word' id='word_1_871' title='bbox 3331 4618 3468 4684; x_wconf 91' lang='lat' dir='ltr'><strong>quia</strong></span> <span class='ocrx_word' id='word_1_872' title='bbox 3489 4618 3571 4665; x_wconf 90' lang='lat' dir='ltr'><strong>ita</strong></span> 
     </span>
    </p>
   </div>
   <div class='ocr_carea' id='block_1_116' title="bbox 1917 4687 3569 4762">
    <p class='ocr_par' dir='ltr' id='par_1_116' title="bbox 1917 4687 3569 4762">
     <span class='ocr_line' id='line_1_116' title="bbox 1917 4687 3569 4762; baseline -0.007 -15"><span class='ocrx_word' id='word_1_873' title='bbox 1917 4694 2077 4762; x_wconf 87' lang='lat' dir='ltr'><strong>jacet</strong></span> <span class='ocrx_word' id='word_1_874' title='bbox 2111 4694 2167 4746; x_wconf 91' lang='lat' dir='ltr'><strong>in</strong></span> <span class='ocrx_word' id='word_1_875' title='bbox 2222 4695 2348 4748; x_wconf 90' lang='lat' dir='ltr'><strong>cod.</strong></span> <span class='ocrx_word' id='word_1_876' title='bbox 2407 4696 2585 4747; x_wconf 82' lang='lat' dir='ltr'><strong>(.‘onst-</strong></span> <span class='ocrx_word' id='word_1_877' title='bbox 2634 4710 2801 4747; x_wconf 85' lang='lat' dir='ltr'><strong>novus</strong></span> <span class='ocrx_word' id='word_1_878' title='bbox 2841 4695 3003 4762; x_wconf 60' lang='lat' dir='ltr'><strong>capt,</strong></span> <span class='ocrx_word' id='word_1_879' title='bbox 3066 4689 3287 4743; x_wconf 90' lang='lat' dir='ltr'><strong>scilicet</strong></span> <span class='ocrx_word' id='word_1_880' title='bbox 3328 4687 3569 4739; x_wconf 88' lang='lat' dir='ltr'><strong>verbum</strong></span> 
     </span>
    </p>
   </div>
   <div class='ocr_carea' id='block_1_117' title="bbox 1925 4762 3573 4839">
    <p class='ocr_par' dir='ltr' id='par_1_117' title="bbox 1925 4762 3573 4839">
     <span class='ocr_line' id='line_1_117' title="bbox 1925 4762 3573 4839; baseline -0.007 -20"><span class='ocrx_word' id='word_1_881' title='bbox 1925 4770 2212 4839; x_wconf 75' lang='lat' dir='ltr'><strong>conceptus</strong></span> <span class='ocrx_word' id='word_1_882' title='bbox 2243 4766 2299 4820; x_wconf 90' lang='lat' dir='ltr'><strong>in</strong></span> <span class='ocrx_word' id='word_1_883' title='bbox 2324 4766 2471 4819; x_wconf 92' lang='lat' dir='ltr'><strong>duas</strong></span> <span class='ocrx_word' id='word_1_884' title='bbox 2495 4769 2686 4837; x_wconf 90' lang='lat' dir='ltr'><strong>partes</strong></span> <span class='ocrx_word' id='word_1_885' title='bbox 2710 4766 2987 4839; x_wconf 90' lang='lat' dir='ltr'><strong>scissum,</strong></span> <span class='ocrx_word' id='word_1_886' title='bbox 3011 4765 3068 4814; x_wconf 87' lang='lat' dir='ltr'><strong>et</strong></span> <span class='ocrx_word' id='word_1_887' title='bbox 3091 4762 3240 4839; x_wconf 80' lang='lat' dir='ltr'><strong>inter</strong></span> <span class='ocrx_word' id='word_1_888' title='bbox 3260 4764 3573 4839; x_wconf 30' lang='lat' dir='ltr'><strong>u‘tranqnue.3</strong></span> 
     </span>
    </p>
   </div>
   <div class='ocr_carea' id='block_1_118' title="bbox 1923 4827 3581 4909">
    <p class='ocr_par' dir='ltr' id='par_1_118' title="bbox 1923 4827 3581 4909">
     <span class='ocr_line' id='line_1_118' title="bbox 1923 4827 3581 4909; baseline -0.008 -20"><span class='ocrx_word' id='word_1_889' title='bbox 1923 4836 2048 4891; x_wconf 93' lang='lat' dir='ltr'><strong>loco</strong></span> <span class='ocrx_word' id='word_1_890' title='bbox 2078 4827 2356 4902; x_wconf 78' lang='lat' dir='ltr'><strong>nativitas,</strong></span> <span class='ocrx_word' id='word_1_891' title='bbox 2395 4827 2775 4909; x_wconf 49' lang='lat' dir='ltr'><strong>pcr&#39;errorem</strong></span> <span class='ocrx_word' id='word_1_892' title='bbox 2822 4838 3068 4890; x_wconf 81' lang='lat' dir='ltr'><strong>fortasse</strong></span> <span class='ocrx_word' id='word_1_893' title='bbox 3126 4829 3406 4900; x_wconf 84' lang='lat' dir='ltr'><strong>scriptum</strong></span> <span class='ocrx_word' id='word_1_894' title='bbox 3467 4827 3581 4879; x_wconf 87' lang='lat' dir='ltr'><strong>fuit</strong></span> 
     </span>
    </p>
   </div>
   <div class='ocr_carea' id='block_1_119' title="bbox 1921 4924 2110 4963">
    <p class='ocr_par' dir='ltr' id='par_1_119' title="bbox 1921 4924 2110 4963">
     <span class='ocr_line' id='line_1_119' title="bbox 1921 4924 2110 4963; baseline 0 -1"><span class='ocrx_word' id='word_1_895' title='bbox 1921 4924 2110 4963; x_wconf 82' lang='lat' dir='ltr'><strong>novas.</strong></span> 
     </span>
    </p>
   </div>
   <div class='ocr_carea' id='block_1_120' title="bbox 2000 4980 3585 5067">
    <p class='ocr_par' dir='ltr' id='par_1_120' title="bbox 2000 4980 3585 5067">
     <span class='ocr_line' id='line_1_120' title="bbox 2000 4980 3585 5067; baseline -0.009 -18"><span class='ocrx_word' id='word_1_896' title='bbox 2000 4995 2180 5067; x_wconf 82' lang='lat'>(1093)</span> <span class='ocrx_word' id='word_1_897' title='bbox 2211 4998 2459 5052; x_wconf 90' lang='lat' dir='ltr'><strong>Sanctus</strong></span> <span class='ocrx_word' id='word_1_898' title='bbox 2488 4995 2852 5064; x_wconf 82' lang='lat' dir='ltr'><strong>Augustinus</strong></span> <span class='ocrx_word' id='word_1_899' title='bbox 2883 5006 3017 5047; x_wconf 91' lang='lat' dir='ltr'><strong>vero</strong></span> <span class='ocrx_word' id='word_1_900' title='bbox 3047 4987 3213 5067; x_wconf 72' lang='lat' dir='ltr'><strong>lib._1,</strong></span> <span class='ocrx_word' id='word_1_901' title='bbox 3242 4989 3444 5067; x_wconf 78' lang='lat' dir='ltr'><strong>contra</strong></span> <span class='ocrx_word' id='word_1_902' title='bbox 3477 4980 3585 5037; x_wconf 88' lang='lat' dir='ltr'><strong>ad-</strong></span> 
     </span>
    </p>
   </div>
   <div class='ocr_carea' id='block_1_121' title="bbox 1922 5060 3587 5139">
    <p class='ocr_par' dir='ltr' id='par_1_121' title="bbox 1922 5060 3587 5139">
     <span class='ocr_line' id='line_1_121' title="bbox 1922 5060 3587 5139; baseline -0.003 -19"><span class='ocrx_word' id='word_1_903' title='bbox 1922 5060 2083 5139; x_wconf 78' lang='lat' dir='ltr'><strong>vers.</strong></span> <span class='ocrx_word' id='word_1_904' title='bbox 2110 5060 2240 5135; x_wconf 68' lang='lat' dir='ltr'><strong>leg.</strong></span> <span class='ocrx_word' id='word_1_905' title='bbox 2276 5074 2332 5123; x_wconf 91' lang='lat' dir='ltr'><strong>et</strong></span> <span class='ocrx_word' id='word_1_906' title='bbox 2365 5060 2716 5139; x_wconf 36' lang='lat' dir='ltr'><strong>prophfcap.</strong></span> <span class='ocrx_word' id='word_1_907' title='bbox 2752 5070 2842 5129; x_wconf 80' lang='lat'><strong>23,</strong></span> <span class='ocrx_word' id='word_1_908' title='bbox 2874 5060 3305 5139; x_wconf 57' lang='lat' dir='ltr'><strong>aeqqejactutn.</strong></span> <span class='ocrx_word' id='word_1_909' title='bbox 3338 5061 3587 5139; x_wconf 35' lang='lat' dir='ltr'><strong>ﬁeret}:</strong></span> 
     </span>
    </p>
   </div>
   <div class='ocr_carea' id='block_1_122' title="bbox 1924 5123 3589 5210">
    <p class='ocr_par' dir='ltr' id='par_1_122' title="bbox 1924 5123 3589 5210">
     <span class='ocr_line' id='line_1_122' title="bbox 1924 5123 3589 5210; baseline -0.004 -19"><span class='ocrx_word' id='word_1_910' title='bbox 1924 5144 2049 5191; x_wconf 85' lang='lat' dir='ltr'><strong>tum</strong></span> <span class='ocrx_word' id='word_1_911' title='bbox 2074 5138 2129 5191; x_wconf 90' lang='lat' dir='ltr'><strong>in</strong></span> <span class='ocrx_word' id='word_1_912' title='bbox 2165 5123 2615 5210; x_wconf 69' lang='lat' dir='ltr'><strong>Scripthrisdici</strong></span> <span class='ocrx_word' id='word_1_913' title='bbox 2665 5123 2871 5210; x_wconf 72' lang='lat' dir='ltr'><strong>asserit</strong></span> <span class='ocrx_word' id='word_1_914' title='bbox 2909 5123 3328 5210; x_wconf 36' lang='lat' dir='ltr'><strong>indulgenter,</strong></span> <span class='ocrx_word' id='word_1_915' title='bbox 3363 5127 3483 5181; x_wconf 75' lang='lat' dir='ltr'><strong>sive</strong></span> <span class='ocrx_word' id='word_1_916' title='bbox 3512 5123 3589 5210; x_wconf 49' lang='grc' dir='ltr'><strong>δέ</strong></span> 
     </span>
    </p>
   </div>
   <div class='ocr_carea' id='block_1_123' title="bbox 1925 5199 3594 5280">
    <p class='ocr_par' dir='ltr' id='par_1_123' title="bbox 1925 5199 3594 5280">
     <span class='ocr_line' id='line_1_123' title="bbox 1925 5199 3594 5280; baseline -0.008 -17"><span class='ocrx_word' id='word_1_917' title='bbox 1925 5211 2123 5276; x_wconf 89' lang='lat' dir='ltr'><strong>rebus,</strong></span> <span class='ocrx_word' id='word_1_918' title='bbox 2158 5199 2378 5279; x_wconf 56' lang='lat' dir='ltr'><strong>quaz&#39;ex</strong></span> <span class='ocrx_word' id='word_1_919' title='bbox 2413 5208 2654 5280; x_wconf 76' lang='lat' dir='ltr'><strong>materia</strong></span> <span class='ocrx_word' id='word_1_920' title='bbox 2685 5207 2907 5280; x_wconf 79' lang='lat' dir='ltr'><strong>aliqua,</strong></span> <span class='ocrx_word' id='word_1_921' title='bbox 2943 5201 3063 5254; x_wconf 78' lang='lat' dir='ltr'><strong>sive</strong></span> <span class='ocrx_word' id='word_1_922' title='bbox 3096 5202 3167 5254; x_wconf 86' lang='lat' dir='ltr'><strong>de</strong></span> <span class='ocrx_word' id='word_1_923' title='bbox 3197 5199 3309 5280; x_wconf 76' lang='lat' dir='ltr'><strong>his,</strong></span> <span class='ocrx_word' id='word_1_924' title='bbox 3354 5214 3483 5268; x_wconf 69' lang='lat' dir='ltr'><strong>quin</strong></span> <span class='ocrx_word' id='word_1_925' title='bbox 3509 5207 3594 5280; x_wconf 57' lang='lat' dir='ltr'><strong>ex</strong></span> 
     </span>
    </p>
   </div>
   <div class='ocr_carea' id='block_1_124' title="bbox 1927 5270 3596 5358">
    <p class='ocr_par' dir='ltr' id='par_1_124' title="bbox 1927 5270 3596 5358">
     <span class='ocr_line' id='line_1_124' title="bbox 1927 5270 3596 5358; baseline -0.009 -23"><span class='ocrx_word' id='word_1_926' title='bbox 1927 5281 2089 5358; x_wconf 80' lang='lat' dir='ltr'><strong>nulla</strong></span> <span class='ocrx_word' id='word_1_927' title='bbox 2112 5270 2471 5351; x_wconf 65' lang='lat' dir='ltr'><strong>prodierunt.</strong></span> <span class='ocrx_word' id='word_1_928' title='bbox 2509 5279 2630 5358; x_wconf 78' lang='lat' dir='ltr'><strong>Hoc</strong></span> <span class='ocrx_word' id='word_1_929' title='bbox 2656 5283 2713 5330; x_wconf 89' lang='lat' dir='ltr'><strong>et</strong></span> <span class='ocrx_word' id='word_1_930' title='bbox 2747 5270 2967 5358; x_wconf 58' lang='lat' dir='ltr'><strong>pigries</strong></span> <span class='ocrx_word' id='word_1_931' title='bbox 2999 5287 3031 5324; x_wconf 89' lang='lat' dir='ltr'><strong>a</strong></span> <span class='ocrx_word' id='word_1_932' title='bbox 3058 5271 3340 5358; x_wconf 62' lang='lat' dir='ltr'><strong>profanis</strong></span> <span class='ocrx_word' id='word_1_933' title='bbox 3388 5270 3596 5358; x_wconf 48' lang='lat' dir='ltr'><strong>aucto:</strong></span> 
     </span>
    </p>
   </div>
  </div>
