3974 5358
360 327 478 388 571'

1376 309 1715 390 ATTONIS
1760 285 2346 388 VERCELLENSIS
2391 323 2744 388 EPISGOPI

3651 315 3760 380 512

361 461 567 532 spiritu
585 460 828 523 mentis;
861 475 974 516 non
1007 461 1161 532 quod
1194 459 1349 516 aliud
1413 460 1656 532 spiritus
1687 460 1783 524 sit,
1843 459 2000 513 aliud
2037 467 2089 530 Α
2121 459 2274 513 mala
2298 459 2443 513 valet
2474 460 2606 530 quis
2659 460 2865 524 facere,
2919 474 3044 530 quas
3101 456 3195 512 vix
3252 454 3441 529 possit
3481 451 3762 520 lacrymis

367 565 557 614 mens,
581 551 682 605 sed
707 550 846 620 quia
878 567 988 604 non
1020 550 1213 605 omnis
1247 551 1491 620 spiritus
1523 555 1612 604 est
1640 565 1826 603 mens.
1863 553 2010 602 Deus

368 638 584 693 dicitur
609 639 872 710 spiritus,
893 643 948 693 et
979 655 1082 692 vox
1105 639 1317 692 dicitur
1339 638 1602 709 spiritus,
1619 644 1675 692 et
1696 643 1922 706 ventus,
1954 643 2011 691 et

359 725 938 796 vitajumentorum;
974 727 1056 781 sic
1089 733 1145 780 et
1171 744 1364 798 corpus
1403 730 1609 794 carnis,
1649 733 1714 781 ut
1747 726 1885 780 illud
1915 727 2008 780 :ln

362 815 1011 886 exspatiationecorporis
1026 816 1218 869 carnis
1239 815 1462 885 (Coloss.
1488 833 1547 880 ιι,
1579 815 1634 867 11
1667 816 1704 879 ;)
1728 814 2006 885 nonquod

373 903 487 958 alia
518 920 671 974 caro,
697 921 872 974 quam
906 921 1139 975 corpus,
1173 905 1270 958 sed
1292 903 1427 973 quia
1460 921 1570 957 non
1596 920 1767 958 omne
1799 919 2010 973 corpus

370 1007 523 1060 caro,
549 994 823 1062 quoniam
855 997 994 1046 sunt
1016 1009 1259 1063 corpora
1281 991 1556 1054 caelestia,
1579 999 1684 1046 etc.
1711 993 1872 1056 Quod
1899 993 2007 1046 ait:

361 1079 561 1134 Eatuite
616 1097 708 1135 vos
737 1086 986 1145 veterem,
1025 1086 1158 1144 etc.,
1217 1097 1402 1152 usque
1457 1081 1722 1145 veritatis,
1762 1083 1866 1134 hoc
1900 1086 2007 1147 est,

366 1169 522 1239 quod
557 1168 692 1222 aiibi
725 1168 866 1223 dicit
899 1185 910 1222 :
945 1170 1327 1239 Exspolitmtes
1358 1186 1444 1224 vos
1476 1169 1748 1224 hominem
1779 1179 2010 1224 (veterem

365 1273 489 1312 cum
535 1259 744 1311 actibus
799 1261 935 1324 suis,
996 1259 1220 1312 induite
1270 1274 1493 1323 novum,
1564 1261 1659 1328 qui
1718 1262 2011 1312 renovatur

364 1347 426 1400 in
470 1347 752 1414 agnitione
799 1347 896 1400 Dei
957 1347 1258 1401 secundum
1335 1349 1633 1416 imaginem
1697 1347 1816 1416 ejus
1838 1363 1857 1407 ,°
1915 1349 2011 1417 qui

365 1437 570 1489 creavit
598 1452 728 1489 eum
775 1436 982 1506 (1095).
1044 1436 1161 1490 Ista
1216 1436 1392 1489 verba
1443 1436 1793 1490 conferenda
1849 1441 2005 1489 sunt.

365 1523 500 1586 Quae
522 1523 814 1578 renovatio
844 1525 921 1578 sit
950 1524 1009 1577 in
1044 1529 1258 1589 mente,
1286 1523 1345 1577 in
1377 1541 1494 1594 qua
1524 1530 1614 1578 est
1646 1525 1836 1596 imago
1887 1524 2006 1578 Dei.

363 1615 512 1667 Sane
535 1612 649 1667 ista
680 1611 975 1667 renovatio
1012 1629 1126 1666 non
1157 1617 1248 1667 est
1272 1613 1448 1666 unius
1500 1613 1804 1676 momenti,
1857 1613 2010 1667 sicut

365 1699 466 1756 illa
496 1701 555 1754 in
589 1700 903 1771 baptismo.

2120 549 2348 618 eXpiare
2380 549 2588 602 diebus
2618 549 2744 602 vita
2778 565 2916 602 sum.
2952 549 3047 602 Est
3080 563 3213 616 ergo
3239 563 3448 600 sensus
3481 544 3648 598 :Non
3693 543 3766 596 sit

2123 641 2282 691 tanta
2315 637 2416 701 ira,
2452 653 2580 708 quas
2615 637 2795 690 solem
2829 636 2887 690 in
2923 636 3084 690 vobis
3121 634 3368 704 justitias
3389 638 3445 687 et
3498 629 3768 686 veritatis

2119 727 2474 795 exstinguat.
2515 731 2586 779 De
2609 725 2892 796 exemplis
2924 723 3063 778 solis
3094 723 3308 794 (1098).

2191 814 2467 885 Sequitur
2498 815 2714 878 :Notite,
2748 820 2854 867 etc.
2881 813 3135 867 Diabolus
3167 811 3377 880 Graece,
3414 809 3620 864 Latine
3665 809 3770 861 cri-

2122 907 2384 971 minator,
2413 904 2689 958 Hebraice
2720 903 2885 958 Satan
2922 903 3154 956 dicitur.
3193 906 3266 954 De
3297 916 3363 954 eo
3396 899 3548 970 quod
3615 896 3770 952 sicut

2119 992 2384 1046 Christus
2418 999 2533 1046 stat
2562 995 2630 1046 ad
2666 993 2908 1056 ostium,
2941 998 2995 1045 et
3036 990 3246 1062 pulsat,
3281 994 3336 1043 et
3385 988 3432 1042 si
3465 986 3601 1058 quis
3635 1002 3772 1054 ape-

2121 1082 2303 1135 ruerit
2333 1083 2404 1143 ei.
2441 1083 2617 1135 intrat
2648 1088 2704 1136 et
2736 1087 2921 1134 coenet
2961 1097 3091 1134 cum
3117 1079 3249 1133 illod
3293 1079 3478 1148 (Apoc.
3516 1093 3603 1140 ιιι,
3638 1076 3771 1142 ‘20);

2119 1169 2198 1225 ita
2225 1170 2491 1224 diabolus
2510 1168 2989 1240 pulsat,sicutleo
3015 1168 3269 1240 rugiens.
3295 1182 3565 1238 quaerens
3592 1181 3766 1234 quem

2118 1259 2350 1313 devoret
2375 1262 2419 1329 (I
2449 1262 2591 1314 Petr.
2621 1261 2770 1323 v,8),
2797 1264 2852 1312 et
2898 1275 3029 1312 cum
3066 1258 3256 1311 locum
3306 1257 3355 1310 ei
3398 1255 3655 1320 dederis,
3692 1255 3772 1307 in-

2118 1348 2398 1419 greditur.
2429 1349 2538 1402 Sed
2575 1347 2723 1402 solet
2753 1348 3100 1418 praemittere
3127 1345 3578 1406 tentationnem,
3605 1342 3772 1414 quasi

2121 1437 2417 1500 nuntium,
2454 1454 2629 1508 quam
2647 1437 2695 1491 si
2729 1436 3077 1506 susceperis,
3112 1440 3166 1488 et
3197 1434 3460 1488 nutritus
3487 1432 3692 1496 fueris,
3720 1436 3771 1485 et

2120 1526 2244 1596 ipsc
2274 1525 2620 1595 ingreditur.
2677 1524 3014 1595 Exemplum
3051 1524 3121 1578 de
3145 1524 3294 1578 Iuda
3322 1523 3530 1593 (1099).
3586 1520 3766 1574 Nolite

2119 1613 2313 1668 locum
2337 1615 2492 1685 dare,
2528 1620 2590 1668 ut
2622 1613 2765 1668 illud
2799 1630 2811 1669 :
2849 1615 2911 1669 Si
2939 1615 3166 1684 spiritus
3205 1615 3532 1684 potestatem
3566 1611 3762 1664 habens

2117 1703 2420 1758 ascenderit
2449 1719 2614 1775 super
2641 1711 2708 1766 te,
2742 1705 2917 1757 locum
2948 1711 3102 1757 tuum
3130 1717 3200 1756 ne
3242 1700 3533 1756 demiseris
3567 1699 3768 1770 (1100).

438 1789 746 1859 Sequitur:
777 1793 1009 1860 Propter
1031 1790 1169 1860 quod
1200 1795 1309 1844 etc.
1359 1790 1700 1844 Mendacium
1737 1793 1826 1844 est
1865 1789 2011 1845 falsa
2044 1827 2091 1891 Β
2191 1791 2466 1862 Sequitur
2495 1807 2508 1846 :
2546 1794 2652 1860 Qui
2673 1792 2994 1862 iurabatur,
3025 1795 3133 1845 etc.
3176 1791 3418 1845 Furtum
3483 1793 3577 1842 est
3607 1787 3770 1859 quid-

371 1875 717 1949 signiﬂcatio
765 1893 900 1932 cum
932 1876 1226 1932 voluntate
1273 1876 1507 1932 fallendi
1544 1878 1746 1949 (1096),
1791 1876 1847 1930 id
1902 1882 2009 1945 est,

367 1965 724 2037 deponentes
742 1966 1114 2020 mendacium
1140 1965 1464 2020 litterarum
1511 1965 1727 2033 saeculi,
1754 1965 1894 2034 legis
1917 1966 2014 2020 Dei

369 2053 680 2126 loquimini
705 2054 1204 2118 veritatem.Quod
1229 2055 1369 2108 dicit
1403 2080 1415 2110 :
1443 2055 1577 2110 Cum
1605 2056 2014 2125 pro.m'mo,om-

373 2160 507 2198 nem
544 2144 842 2199 hominem
876 2143 1000 2197 vult
1033 2143 1296 2215 intelligi.
1322 2149 1440 2200 Non
1493 2144 1840 2198 udulterabis
1886 2160 2018 2197 uaco-

372 2249 489 2288 rsm
505 2235 754 2303 proximi
782 2234 865 2286 tui
891 2231 1084 2302 (Exod.
1109 2249 1201 2298 xx,
1230 2233 1336 2299 17).
1369 2231 1424 2284 Si
1451 2232 1694 2303 proximi
1717 2232 2015 2299 suntnoti,

370 2322 806 2377 autcredentes:
832 2336 970 2391 ergo
991 2320 1237 2374 aliorum
1259 2337 1465 2374 uxores
1499 2321 1836 2391 appetenda;
1855 2329 2015 2375 sunt.

369 2411 512 2463 Cum
536 2424 740 2464 omnes
761 2408 1004 2480 proximi
1041 2407 1180 2472 sint,
1213 2408 1313 2478 qui
1354 2425 1422 2462 ex
1455 2409 1638 2462 Adam
1688 2409 1804 2462 nati
1858 2415 2015 2474 sunt,

369 2513 485 2552 non
516 2497 785 2551 attendas
817 2497 876 2550 in
909 2495 1210 2550 incredulo
1241 2497 1396 2566 quod
1433 2501 1541 2562 est,
1575 2498 1676 2551 sed
1701 2498 1852 2567 quod
1891 2513 2020 2552 esse

372 2601 503 2640 eum
527 2584 632 2638 vis.
665 2588 810 2638 Nam
843 2583 1124 2655 parabole
1161 2584 1232 2638 de
1254 2584 1454 2638 saucio
1476 2585 1637 2655 (Luc.
1661 2602 1717 2650 x,
1747 2587 1858 2657 30),
1918 2586 2019 2656 qui

374 2672 580 2730 incidit
608 2672 666 2727 in
695 2671 1302 2744 latrones,proximun
1327 2674 1681 2728 manifestat.
1710 2679 2016 2740 Caeterum,

377 2762 528 2833 quod
562 2762 868 2833 sequitur:
905 2763 1175 2830 Quoniam
1215 2778 1406 2816 sumus
1462 2765 1698 2818 invicem
1751 2767 2016 2828 membra,

377 2856 739 2906 monstratur
765 2851 920 2920 quod
979 2850 1256 2921 mysteria
1297 2852 1688 2919 credentibus,
1723 2859 1780 2906 et
1816 2867 2019 2923 capere

377 2939 726 3009 volentibus,
760 2943 899 2993 sunt
928 2940 1273 3010 pandenda;
1307 2941 1447 3011 quia
1475 2958 1586 2995 non
1622 2947 1711 2996 est
1749 2947 2016 2997 sanctum

377 3028 639 3082 dandum
668 3028 916 3083 canibus
937 3029 1142 3096 (Matth.
1167 3045 1270 3094 vn,
1296 3029 1374 3099 6).
1411 3030 1574 3096 Item,
1599 3029 1752 3084 sicut
1778 3032 2019 3084 menbra

377 3131 492 3172 non
517 3116 845 3172 seinvicem
871 3116 1115 3187 laniant,
1155 3117 1237 3171 ita
1268 3134 1373 3172 nec
1421 3119 1500 3185 hi,
1536 3118 1635 3190 qui
1666 3118 1723 3172 in
1781 3135 2018 3190 corpore

374 3210 537 3275 sunt,
572 3222 636 3260 se
665 3205 906 3260 laedunt.

451 3294 634 3366 (1097)
663 3295 940 3365 Sequitur
971 3296 1348 3362 :Irascimini,
1382 3299 1490 3349 etc.
1529 3299 1601 3350 De
1629 3311 1694 3351 eo
1727 3296 1880 3368 quod
1913 3297 2023 3350 du-

382 3382 514 3456 plex
538 3388 627 3439 est
655 3383 760 3453 ira,
787 3383 846 3437 id-
889 3388 1000 3448 est,
1052 3383 1335 3438 naturalis
1387 3389 1604 3448 motus,
1655 3389 1711 3438 et
1755 3385 2024 3439 voluntas

383 3471 741 3527 vindicandi.
777 3471 1104 3527 Irascimini
1163 3472 1370 3527 vestris
1399 3472 1484 3527 vel
1508 3471 1756 3528 aliorum
1786 3473 1941 3540 vitis,
1973 3477 2027 3528 et

385 3561 560 3617 nolite
585 3577 828 3632 peccare.

459 3650 738 3721 Sequitur
769 3667 781 3704 :
816 3650 908 3705 Sol
939 3665 1047 3705 non
1076 3650 1426 3713 occidat,etc.
1463 3649 1584 3704 Non
1601 3649 2028 3721 simpliciterde

382 3737 495 3793 isto
525 3738 646 3793 sole
673 3738 815 3793 dicit
848 3756 860 3794 :
895 3740 1042 3802 Quia
1063 3756 1096 3793 a
1123 3754 1293 3794 mane
1323 3755 1510 3810 usque
1541 3755 1845 3810 vesperum
1866 3745 2030 3795 tanta

381 3933 771 3998 tamdiﬁcata,
804 3950 905 3990 seu
930 3934 1079 3989 facta
1102 3933 1335 4000 dicitur,
1386 3949 1564 4005 quam
1624 3934 1880 4003 condita,
1935 3935 2026 3991 vel

391 4011 898 4146 ωῗῗόξὲῖϐοἰοεε.
933 4093 1017 4140 ιιι,
1049 4077 1103 4144 9,
1154 4076 1251 4129 ubi
1281 4077 1340 4129 in
1390 4075 1556 4146 Vulg.
1591 4081 1724 4145 post
1782 4077 2025 4131 verbum

390 4150 670 4215 agnitione
701 4165 812 4203 non
867 4148 1220 4219 legiturDei.

389 4220 574 4300 (1096)
605 4219 689 4273 En
715 4216 1468 4289 breveui,aptissimamque
1498 4216 1784 4271 mendacii
1817 4218 2029 4272 deﬁni-

393 4295 648 4429 tl‘iliggi.)
680 4359 782 4414 Hic
814 4359 872 4413 in
907 4364 1103 4429 autog-
1140 4372 1323 4428 marg'
1359 4355 1574 4426 legitur
1604 4373 1728 4427 (Ἆρ’
1762 4357 1955 4414 XVIII.

489 4363 648 4426 1097)
680 4363 782 4414 Hic
814 4363 872 4413 in
907 4364 1103 4429 autog.
1140 4372 1323 4428 marg.
1359 4363 1574 4426 legitur
1604 4373 1728 4427 cap.
1762 4363 1955 4414 XVIII.

463 4363 646 4499 11098)
678 4429 802 4500 Divi
833 4429 1162 4500 Hieronymi
1187 4430 1361 4500 juvat
1402 4432 1630 4500 textum
1681 4431 1901 4497 afferre,
1966 4435 2030 4486 ut

395 4499 740 4571 suppleatur
768 4499 862 4555 hic
893 4499 1105 4555 noster.
1146 4499 1332 4564 «Quia
1353 4499 1527 4570 igitur
1554 4516 1725 4554 verus
1745 4502 1851 4568 sol,
1879 4503 2031 4557 sicut

2125 1879 2261 1950 quid
2298 1897 2429 1934 cum
2468 1881 2681 1934 damno
2713 1879 2952 1934 alterius
3013 1879 3355 1950 acquiritur.
3416 1876 3587 1932 Unde
3629 1874 3774 1928 nihil

2125 1967 2330 2032 tutius,
2366 1967 2507 2021 nihil
2543 1968 2829 2036 securius,
2856 1984 3030 2040 quam
3065 1984 3234 2038 opere
3263 1982 3548 2020 manuum
3566 1965 3773 2027 vivere,

2126 2061 2182 2110 et
2211 2056 2355 2110 alios
2381 2058 2680 2126 adjuvare,
2703 2057 2837 2127 quia
2872 2057 3101 2128 negotia
3127 2057 3347 2126 absque
3378 2059 3621 2125 peccato
3655 2069 3775 2108 esse

2126 2161 2241 2198 non
2275 2152 2540 2216 possunt.
2572 2148 2737 2210 Sunt,
2772 2147 2869 2217 qui
2905 2147 2974 2200 ad
3009 2146 3115 2199 hoc
3141 2151 3370 2198 tantum
3400 2143 3698 2200 laborant.
3719 2149 3774 2196 ut

2127 2250 2240 2287 non
2266 2240 2468 2304 egeant
2498 2251 2510 2287 :
2539 2236 2635 2289 sed
2671 2252 2783 2290 non
2807 2234 3054 2305 implent
3086 2234 3188 2288 hoc
3213 2237 3569 2305 praeceptum
3599 2252 3614 2296 ς
3647 2233 3780 2303 quia

2127 2339 2240 2377 non
2275 2324 2357 2377 ait
2385 2340 2396 2378 :
2422 2324 2661 2392 Labora,
2689 2329 2751 2378 ut
2784 2341 2895 2377 non
2936 2340 3128 2394 egeas,
3163 2323 3260 2377 sed
3292 2331 3357 2376 ut
3381 2323 3612 2384 habeas,
3641 2322 3781 2374 unde

2125 2413 2338 2466 tribuas
2358 2415 2752 2467 necessitatem
2787 2413 3147 2483 patientibus.
3185 2411 3386 2465 Aliter.
3425 2411 3526 2465 Est
3557 2411 3777 2464 furtum

2127 2501 2409 2572 spiritale,
2443 2506 2507 2554 ut
2535 2501 2712 2556 illud:
2743 2503 2983 2555 Furatur
3020 2502 3395 2572 unusquisque
3441 2516 3726 2554 sermones
3750 2517 3782 2553 a

2122 2591 2377 2661 proximo
2405 2605 2500 2644 suo
2523 2591 2657 2660 (Jer.
2703 2607 2863 2657 χχιιι,
2897 2591 3029 2661 30);
3059 2595 3152 2644 et:
3179 2593 3444 2660 quotquot
3475 2593 3643 2643 extra
3707 2604 3782 2642 me

2127 2682 2392 2733 venerunt
2422 2679 2624 2749 (1101),
2673 2684 2780 2732 etc.
2835 2679 2940 2741 Qui
2993 2679 3296 2732 lurabatur
3327 2693 3495 2732 sacra
3529 2677 3780 2748 eloquia,

2129 2767 2353 2822 laboret
2383 2784 2588 2838 agrum
2623 2768 2838 2821 mentis
2859 2784 2995 2833 suae,
3015 2773 3075 2820 ut
3095 2783 3207 2820 non
3235 2766 3423 2821 solum
3453 2766 3584 2837 ipse
3606 2768 3782 2820 abun-

2127 2856 2245 2921 det,
2279 2857 2376 2910 sed
2404 2857 2581 2910 etiam
2609 2856 2793 2910 valeat
2825 2856 3120 2910 conservis
3144 2856 3280 2909 dare
3303 2855 3525 2909 cibaria
3560 2857 3618 2908 in
3645 2863 3781 2908 tem-

2128 2961 2264 3017 pore
2296 2962 2422 3000 suo.
2453 2946 2569 3000 Hoc
2601 2951 2907 3016 propterea
2928 2945 3335 3016 putant(1102)
3362 2969 3376 3006 ς
3401 2943 3545 3014 quia
3567 2944 3779 2998 bonum

2129 3051 2242 3088 non
2271 3034 2481 3088 dicitur
2511 3033 2848 3105 temporale.
2873 3039 3036 3097 Sunt,
3072 3034 3170 3104 qui
3203 3034 3272 3087 de
3294 3033 3447 3088 furto
3477 3038 3776 3087 consuunt

2128 3122 2434 3177 cervicalia
2491 3122 2624 3191 sibi,
2656 3140 2789 3178 cum
2848 3122 3078 3177 Domini
3105 3122 3304 3176 tunica
3344 3121 3422 3176 sit
3453 3122 3778 3176 inconsuti-

2049 3195 2091 3260 C
2130 3211 2444 3282 1is(1103).

2204 3301 2386 3370 (1104)
2419 3300 2697 3371 Sequitur
2727 3317 2740 3354 :
2776 3300 2964 3354 Omnis
2991 3313 3164 3355 sermo
3181 3299 3381 3363 malus,
3426 3303 3542 3354 etc.
3593 3300 3774 3353 Bonus

2134 3401 2326 3443 sermo
2356 3394 2462 3452 est,
2481 3390 2714 3458 quando
2737 3387 2979 3442 virtutes
2993 3387 3276 3442 docentur
3291 3388 3605 3458 sequenda:
3631 3403 3782 3454 ;ma-

2134 3474 2228 3530 Ius
2253 3492 2283 3530 e
2315 3481 2515 3530 contra
2537 3493 2729 3532 sermo
2761 3482 2869 3541 est,
2901 3477 3136 3546 quando
3162 3477 3231 3530 ad
3253 3475 3392 3529 vitia
3423 3475 3641 3546 aliquis
3658 3491 3779 3547 pro-

2133 3569 2392 3618 vocatur.
2426 3569 2500 3618 De
2520 3564 2727 3634 gratia,
2757 3569 2814 3618 et
2843 3566 2912 3618 de
2940 3571 3220 3634 tempore,
3253 3568 3310 3618 et
3353 3563 3652 3634 qualitate
3705 3563 3778 3616 lo-

2135 3652 2349 3724 quendi
2383 3654 2584 3722 (1105).
2619 3652 2927 3724 Sequitur:
2960 3654 3027 3706 Et
3054 3652 3228 3706 nolite
3267 3653 3614 3714 contristari,
3675 3658 3778 3706 etc.

2135 3746 2214 3796 De
2246 3758 2310 3796 eo
2342 3742 2497 3812 quod
2531 3741 2652 3796 istis
2687 3741 2989 3812 passiones
3034 3741 3090 3794 in
3124 3740 3291 3795 nobis
3339 3741 3591 3812 propriae
3626 3744 3779 3806 sunt,

2139 3935 2492 3990 miserabilis
2525 3951 2636 3988 non
2673 3933 2927 3998 fovisset,
2973 3948 3275 4004 nunquam
3298 3935 3440 4004 post
3470 3931 3783 4004 intinctam

2182 4024 2351 4061 auem
2407 4007 2461 4058 in
2517 4006 2846 4076 paropside,
2881 4003 3157 4076 intrasset
3190 4004 3243 4056 in
3292 4003 3460 4058 illum
3516 4003 3781 4057 Satanas.

2182 4025 2351 4061 tinem
2407 4025 2461 4058 In
2517 4025 2846 4076 paropsme,
2882 4025 3157 4058 lIlLI'RSSBL
3190 4025 3243 4056 ιιι
3293 4025 3460 4058 mum
3517 4025 3781 4057 balanus.

2139 4025 2445 4147 gimulque
2476 4077 2584 4130 hoc
2609 4078 2917 4146 diligenter
2940 4075 3426 4147 attendite,_quod
3477 4091 3594 4128 non
3641 4076 3786 4128 inve-

2140 4149 2289 4204 nerit
2322 4145 2588 4201 diabolus
2628 4145 2816 4201 locum
2871 4145 3202 4201 introeundi
3247 4145 3304 4198 in
3327 4146 3566 4211 Judam,
3621 4147 3783 4213 cujus

2141 4227 2344 4294 pectus
2369 4221 2661 4294 jamante
2687 4223 3072 4294 percusserat,
3099 4217 3209 4294 nisi
3232 4217 3291 4270 in
3326 4217 3614 4294 convivio
3661 4216 3784 4294 Salo

2137 4288 2383 4347 vatoris.’
2413 4291 2558 4353 Quia
2585 4288 2724 4344 tunc
2753 4291 2840 4343 vel
2875 4290 3127 4344 maxime
3159 4289 3216 4342 in
3245 4291 3598 4360 potestatem
3630 4288 3785 4342 eida.

2141 4381 2296 4428 mur,
2329 4362 2561 4432 quando
2597 4377 2700 4414 nec
2731 4361 3118 4425 humanitate,
3154 4359 3258 4412 nec
3291 4359 3625 4432 clementia,
3690 4373 3790 4412 nec

2141 4429 2591 4490 mansuetudine
2605 4433 2732 4502 ejus
2747 4432 3235 4502 vincimur,quem
3252 4429 3745 4502 odimusindigne
3764 4449 3787 4476 η

2215 4506 2396 4570 (1100)
2429 4499 2690 4568 Εοοιελι,
2725 4505 2774 4557 li.
2812 4504 2895 4557 Ita
2925 4508 2982 4558 et
3001 4499 3170 4572 Vulg.
3207 4501 3374 4556 divus
3407 4507 3608 4556 autem
3646 4499 3787 4555 "Hie-

395 4563 609 4626 occidit
637 4588 813 4642 super
834 4571 1018 4627 malos
1067 4563 1403 4644 prophetas:
1427 4571 1600 4644 juxta
1656 4563 1848 4642 illud,
1881 4575 2034 4644 quod
2069 4563 2114 4626 Ι)
2143 4563 2268 4631 ron.
2300 4593 2312 4629 :
2350 4563 2421 4630 Ne
2449 4563 2760 4630 dederzs'ei.

397 4645 680 4714 scriptum
714 4648 803 4697 est
847 4644 1024 4716 (Amos
1077 4643 1309 4716 vm,9):
1344 4643 1547 4698 Occidit
1574 4644 1656 4698 sol
1712 4662 1880 4714 super
1901 4643 2030 4716 pro-

394 4717 590 4786 phetas
618 4728 817 4770 vestros
846 4715 1110 4776 meridie;
1126 4719 1202 4768 ita
1216 4715 1386 4768 etiam
1410 4730 1585 4784 super
1605 4731 1807 4770 omnes
1827 4715 2037 4772 occidit

401 4792 753 4858 peccatores,
779 4803 1150 4857 nequaquam
1175 4786 1258 4839 eis
1286 4791 1448 4858 ortus
1482 4786 1572 4840 sui
1611 4790 1804 4841 lumen
1839 4787 2030 4842 indul-

439 4874 570 4912 ens:
607 4858 865 4929 praecipit
915 4875 1068 4912 nunc
1111 4857 1444 4929 Apostolus,
1471 4875 1548 4929 ne
1582 4857 1721 4912 talia
1753 4860 2035 4913 iaciamus

421 4934 590 5001 ’urore
620 4928 898 5000 superati,
932 4948 1033 5001 per
1055 4945 1180 4999 qua:
1207 4928 1375 5001 nobis
1399 4928 1480 4982 sol
1517 4929 1763 5001 occidat,
1798 4937 1854 4983 et
1879 4947 2034 5001 prin-

396 4999 582 5069 cipale
600 4999 813 5068 cordis,
832 4999 1086 5056 tenebris
1107 4999 1698 5062 involvatur.Quidam
1728 5005 1932 5069 putant
1954 5000 2036 5054 sic

397 5069 802 5139 accipiendum
833 5071 940 5127 hoc
960 5088 1086 5126 esse
1113 5070 1476 5139 simpliciter,
1495 5069 1788 5137 quomodo
1821 5071 2032 5125 etillud

400 5139 594 5209 quarti
654 5143 883 5210 psalmi,
937 5149 1086 5196 unde
1145 5141 1400 5204 idipsum
1455 5145 1754 5208 sumptum
1811 5141 2040 5195 videtur

399 5214 562 5276 (vers.
596 5210 650 5279 5)
675 5227 687 5265 :
721 5213 847 5278 Qua:
879 5214 1069 5267 dicitis
1095 5214 1155 5264 in
1177 5212 1424 5265 cordibus
1451 5212 1642 5264 vestris
1674 5217 1725 5265 et
1753 5213 1810 5265 in
1841 5214 2037 5267 cubiti-

403 5281 501 5358 bus
525 5284 715 5333 vestris
737 5282 1281 5358 co_mpungimini._id
1315 5287 1420 5358 est,
1456 5298 1819 5358 quaecunque
1854 5284 1908 5358 in_
1946 5285 2039 5337 die

2212 4648 2393 4717 (1101)
2421 4648 2590 4700 Joan.
2624 4649 2768 4711 x,8:
2802 4645 2994 4699 Omnes
3013 4645 3266 4714 quotquot
3316 4650 3608 4706 venerunt,
3641 4644 3791 4717 [ures

2144 4713 2292 4784 sunt,
2327 4713 2458 4781 ct'c.,
2494 4719 2590 4772 ubi
2643 4723 2798 4772 extra
2827 4732 2931 4771 me.
2968 4713 3173 4786 neque,
3207 4717 3335 4768 ante
3363 4729 3470 4781 me,
3508 4719 3575 4767 ut
3623 4713 3788 4768 divus

2146 4790 2376 4843 Hieron.
2411 4789 2602 4857 habet,
2639 4789 2867 4857 legitur.

2219 4861 2400 4930 (1102)
2430 4860 2560 4913 Scil.
2589 4853 2965 4930 interpretes,
3000 4855 3150 4930 inter
3180 4870 3326 4925 quos
3356 4853 3526 4930 divus
3557 4854 3788 4930 Hieron.

2221 4925 2404 5001 (1103)
2425 4932 2578 4997 Scil.,
2615 4937 2676 4984 ut
2727 4925 2820 5001 ait
2862 4928 3028 5001 divus
3072 4925 3419 5001 Hieron,qu_i
3460 4927 3787 5001 Scriptura-

2151 4997 2281 5056 rum
2317 4997 2540 5071 pannos
2573 5003 2707 5055 hinc
2729 5000 2865 5054 inde
2887 4997 3260 5066 colligunt,ut
3288 4998 3551 5071 tunicam
3585 4999 3791 5071 iaciant

2149 5069 2530 5144 conscissam,
2561 5090 2688 5143 qua:
2715 5073 2986 5144 deorsum
3011 5073 3118 5131 est,
3154 5083 3264 5120 non
3290 5070 3655 5144 desursum.‘
3680 5069 3786 5122 Tu-

2150 5144 2277 5197 nica
2304 5138 2457 5196 enini
2485 5138 2766 5205 Ecclesiae,
2799 5141 2906 5194 hoc
2951 5146 3056 5205 est,
3091 5155 3299 5208 corpus
3349 5138 3588 5203 Christi,
3624 5139 3786 5193 desu-

2150 5231 2252 5285 per
2283 5219 2550 5285 contexta
2581 5222 2688 5278 est,
2712 5220 2767 5267 et
2799 5211 2956 5285 nulla
2988 5225 3052 5263 ex
3087 5215 3248 5280 parte
3286 5210 3622 5277 consutilis,
3667 5225 3785 5280 qua

2150 5284 2253 5339 nec
2286 5284 2639 5358 ab_ini_micis
2685 5284 2866 5338 scindi
2899 5285 3119 5358 potest._
3203 5351 3213 5358 _
