3974 5358
397 382 516 444 583

1417 378 1752 439 ATTONIS
1797 373 2381 435 VERCELLENSIS
2428 372 2782 433 EPISGOPI

3684 376 3809 436 ’581

400 514 543 569 mini
574 530 709 568 vero
740 513 1013 567 monendi
1052 517 1209 578 sunt,
1269 513 1406 582 quia
1436 512 1482 565 si
1516 515 1715 566 contra
1746 509 1929 563 Deum
1962 508 2032 561 de
2070 508 2124 573 Α
2152 505 2535 572 Ammonitas,
2572 506 2874 571 Moabitae,
2908 512 2963 561 et
3014 506 3390 573 Chananmos,
3431 506 3605 578 quasi
3655 506 3813 561 dice-

399 619 641 659 munere
672 603 799 671 ejus
831 602 1199 673 superbiunt,
1236 601 1281 655 si
1317 617 1435 664 eos,
1470 617 1619 670 quos
1656 616 1753 665 per
1776 595 2033 651 conditio

402 708 531 747 nem
566 695 766 745 tenent
794 690 1082 756 subditos,
1118 688 1367 758 aequales
1392 688 1499 741 sibi
1536 704 1635 757 per
1666 690 1883 740 naturae
1916 700 2046 737 con-

401 780 649 836 sortium
681 795 786 834 nos
818 784 1262 850 recognoscunt,
1285 783 1391 831 etc.
1426 777 1559 830 Istis
1589 775 1895 829 dicitur.ut
1926 772 2046 825 sint

402 868 759 934 obedientes,
781 867 899 922 illis
915 868 1200 937 imperatu
1212 872 1328 933 r,ut
1348 866 1646 920 remittant
1665 862 1883 928 minas;
1907 860 2046 931 quia

402 976 518 1015 uno
547 961 686 1014 sunt
720 956 904 1029 pretio
936 957 1302 1026 redempti,et
1333 955 1401 1008 ad
1436 971 1611 1008 unam
1647 952 1889 1022 patriam
1920 956 2043 1003 ten-

389 1049 555 1103 dunt.
592 1047 803 1117 Magna
833 1050 973 1099 sunt
997 1046 1154 1114 jura,
1189 1043 1482 1108 ccelestia;
1519 1042 1672 1095 unde
1705 1045 1761 1094 et
1790 1037 2044 1093 Ecclesia

382 1151 601 1204 servos,
658 1140 716 1188 et
769 1134 1006 1200 liberos,
1053 1132 1273 1194 doctos,
1325 1136 1379 1185 ct
1410 1130 1644 1193 stultos,
1690 1144 1953 1199 magnos,
1988 1130 2043 1179 et

378 1240 584 1296 parvos
609 1220 910 1294 aequaliter
934 1221 1383 1291 recipit.0mnes
1411 1218 1661 1273 Ecclesia
1686 1216 1835 1270 ﬁlios
1859 1214 2038 1280 novit;

379 1314 536 1368 unde
565 1310 925 1367 sanctissimi
984 1310 1090 1363 viri
1126 1314 1245 1363 tam
1280 1309 1503 1379 primae,
1563 1322 1737 1376 quam
1772 1304 2039 1358 secundas

386 1400 709 1456 nativitatis
738 1399 973 1454 exordia
1029 1399 1365 1459 recolentes,
1401 1395 1653 1451 famulos
1708 1410 1845 1447 suos
1888 1409 2036 1447 nun-

393 1507 571 1561 quam
604 1506 797 1545 servos
830 1489 1154 1556 nominant,
1190 1487 1289 1541 sed
1324 1486 1558 1550 fratres,
1587 1487 1641 1538 et
1663 1484 1733 1536 ad
1768 1480 2033 1537 osculum

386 1585 596 1635 vocant
653 1594 666 1633 :
730 1578 970 1632 horrent
1013 1575 1167 1630 enim
1201 1590 1432 1638 nomen,
1467 1574 1620 1643 quod
1657 1588 1766 1625 non
1804 1576 2034 1637 natura,

384 1669 487 1724 sed
515 1667 797 1737 iniquitas
829 1665 982 1719 fecit.
1016 1664 1173 1718 Servi
1207 1665 1361 1718 enim
1422 1679 1534 1716 non
1568 1678 1601 1715 a
1630 1661 1830 1723 Cham.
1867 1660 2035 1729 cujus

384 1755 713 1811 maledictio
745 1754 804 1807 in
832 1752 1172 1807 Chananieis
1215 1749 1456 1821 impleta
1487 1756 1575 1805 est
1605 1752 1792 1819 (Deut.
1826 1766 1918 1810 v11,
1956 1748 2033 1818 2),

384 1861 451 1899 ex
481 1860 595 1915 quo
630 1859 793 1914 reges
825 1842 931 1896 orti
966 1845 1105 1895 sunt
1154 1840 1357 1910 (1143),
1392 1840 1490 1893 sed
1526 1840 1597 1892 ab
1632 1838 1943 1908 injustitia,
1978 1842 2035 1891 et

2154 600 2240 647 ret
2271 612 2282 648 :
2319 594 2361 648 Ο
2396 596 2645 665 Ephesii,
2681 613 2807 665 quae
2842 597 2911 650 de
2944 596 3154 666 prazliis
3191 596 3358 650 Israel
3391 597 3676 651 adversus
3706 613 3813 649 na-

2153 684 2340 737 tiones
2373 682 2617 753 legistis,
2663 685 2931 738 videntur
2987 701 3195 739 sonare
3226 701 3458 739 carnem
3518 692 3810 751 nostram,

2153 776 2285 840 etc.,
2323 776 2386 825 ut
2418 789 2483 825 ex
2518 772 2633 825 illis
2668 772 3067 842 intelligamus
3101 790 3211 827 non
3245 788 3372 828 esse
3407 774 3579 827 nobis
3612 774 3814 827 adver-

2153 876 2254 913 sus
2285 861 2614 928 carnem,id
2649 867 2737 915 cst
2766 861 3033 915 homines
3060 863 3157 915 sed
3195 863 3476 917 adversus
3507 864 3814 917 daemones

2151 963 2278 1001 esse
2309 954 2602 1002 certamen
2657 950 2862 1018 (1146).
2908 954 2975 1005 In
3005 951 3309 1005 calestibus
3358 968 3489 1005 vero
3525 951 3677 1005 dicit
3714 967 3812 1020 pro

2152 1053 2299 1104 aere,
2338 1039 2489 1091 unde
2544 1056 2676 1092 aves
2735 1040 2862 1093 caeli
2915 1040 3331 1107 nominamus;
3367 1040 3507 1112 quia
3562 1042 3683 1095 iste
3718 1058 3815 1095 aer

2152 1125 2359 1196 plenus
2390 1131 2479 1181 est
2512 1128 2833 1183 immundis
2865 1129 3189 1199 spiritibus.

2219 1232 2491 1303 Sequitur
2525 1250 2535 1287 :
2566 1235 2862 1304 Pr0pterea
2892 1238 3142 1305 accipite,
3175 1241 3282 1291 etc.
3320 1236 3540 1290 Iterum
3577 1236 3789 1306 repetit

2149 1320 2287 1391 quia
2320 1322 2552 1377 dificilis
2583 1329 2669 1377 est
2701 1323 2956 1393 victoria,
3007 1330 3070 1378 ut
3112 1324 3360 1379 induant
3392 1341 3452 1378 se
3483 1341 3652 1378 arma
3686 1324 3806 1391 Dei,

2149 1408 2221 1464 Ut
2253 1411 2387 1478 quid
2420 1412 2447 1464 ‘2
2482 1412 2542 1466 Ut
2587 1415 2804 1482 possitis
2836 1416 3088 1468 resistere
3120 1416 3178 1468 in
3206 1415 3299 1470 die
3330 1415 3496 1477 malo,
3532 1413 3591 1467 id
3624 1418 3720 1468 est
3752 1414 3804 1467 in

2148 1497 2239 1552 die
2270 1499 2631 1566 tentationis,
2667 1501 2782 1555 sive
2814 1501 2873 1555 in
2903 1502 2995 1557 die
3027 1504 3329 1574 prazsentis
3377 1503 3671 1573 temporis
3700 1522 3713 1567 ;
3746 1508 3804 1557 ut

2144 1585 2287 1640 illud
2323 1604 2335 1641 :
2374 1589 2492 1642 Dies
2522 1590 2663 1643 mali
2689 1594 2818 1643 sunt
2848 1591 3064 1661 (Ephes.
3098 1608 3153 1654 v,
3180 1592 3265 1661 16)
3292 1609 3305 1646 :
3340 1592 3459 1646 sive
3488 1591 3551 1645 in
3588 1592 3795 1658 futuro,

2146 1680 2208 1728 ut
2235 1675 2375 1729 illud
2414 1694 2424 1729 :
2465 1679 2529 1733 Ut
2559 1678 2690 1747 quid
2741 1679 2886 1733 vobis
2917 1679 3031 1734 dies
3088 1681 3357 1735 Domini?
3405 1682 3532 1734 Dies
3588 1680 3801 1735 Domini

2144 1765 2385 1820 tenebra:
2419 1770 2469 1819 et
2500 1782 2609 1820 non
2639 1767 2740 1821 lux
2771 1768 2969 1838 (Amos.
3031 1786 3083 1823 v.
3145 1768 3253 1837 18),
3291 1767 3431 1823 Item
3469 1786 3481 1822 :
3518 1770 3647 1823 Dies
3700 1771 3802 1825 irae

2142 1852 2257 1907 dies
2286 1854 2388 1907 illa
2420 1854 2673 1923 (Saphon.
2734 1873 2775 1922 ι,
2840 1857 2946 1922 45),
3007 1864 3115 1911 etc.
3150 1858 3309 1921 Quod
3342 1875 3475 1913 vero
3517 1859 3665 1913 dicit
3698 1875 3712 1912 :
3746 1860 3801 1913 Et

388 1933 593 1988 mundi
624 1932 937 2003 iniquitate
969 1930 1103 1985 facti
1138 1934 1296 1983 sunt.
1332 1929 1476 1994 Quid
1513 1928 1696 1998 magis
1730 1928 1904 1981 habet
1932 1928 2031 1980 do-

2157 1944 2201 1995 fn
2234 1944 2483 1998 omnibus
2528 1948 2759 2015 perfecti
2807 1954 2976 2013 stare,
3029 1947 3506 2002 subaudiendum
3569 1954 3686 2014 est,
3747 1948 3801 2001 in

384 2023 580 2078 minus
611 2039 644 2077 a
672 2036 856 2086 servo,
891 2024 992 2073 aut
1043 2034 1243 2073 servus
1299 2018 1495 2071 minus
1529 2034 1561 2071 a
1590 2016 1875 2071 domino?
1908 2016 2031 2072 Non

391 2112 505 2167 nisi
537 2111 773 2166 nomine
805 2109 1238 2163 discernuntur.
1274 2106 1471 2177 Neque
1501 2122 1601 2176 pro
1633 2106 1816 2159 servis
1848 2110 1903 2159 et
1933 2104 2032 2157 do-

390 2200 588 2270 minis,
642 2200 741 2254 sed
796 2214 897 2267 pro
927 2196 1097 2251 bonis
1128 2201 1184 2250 et
1234 2196 1403 2249 malis
1436 2194 1717 2248 Dominus
1743 2193 2032 2263 judicium

382 2289 713 2344 celebravit.
746 2286 891 2341 Nam
923 2302 1121 2339 servus
1153 2284 1362 2349 bonus,
1396 2282 1651 2350 tilius,et
1682 2282 1910 2335 amicus
1934 2280 2033 2335 Dei

382 2384 471 2433 est
505 2395 517 2445 ;
552 2376 829 2430 dominus
858 2391 990 2428 vero
1024 2372 1233 2437 malus,
1270 2372 1445 2436 illius,
1479 2377 1536 2425 et
1567 2388 1767 2425 servus
1799 2376 1886 2424 est
1917 2371 2035 2424 dia-

387 2465 525 2534 boli,
559 2469 616 2519 et
647 2464 808 2535 pejor
837 2461 994 2516 omni
1026 2460 1320 2515 servitute.

455 2570 641 2640 (1144)
672 2567 948 2639 Sequitur
980 2583 993 2621 :
1027 2569 1101 2621 De
1158 2574 1370 2637 caetero,
1432 2572 1539 2621 etc.
1605 2566 1684 2620 De
1732 2582 1797 2620 eo
1855 2566 2032 2635 quod,

386 2666 699 2732 postquam
734 2657 961 2712 monuit
990 2655 1324 2727 specialiter
1354 2656 1660 2726 quosdam,
1697 2671 1825 2708 mox
1860 2670 2033 2725 gene-

386 2749 565 2804 ralem
603 2746 1058 2802 admonitionem
1093 2745 1370 2812 subdens,
1432 2745 1513 2798 ait
1547 2762 1559 2799 :
1597 2744 2031 2813 Confortumini,

386 2856 500 2893 non
534 2838 594 2892 in
626 2838 810 2903 vobis,
847 2836 945 2890 sed
978 2836 1035 2888 in
1062 2836 1306 2888 Domino
1328 2850 1347 2894 ;
1380 2850 1491 2887 non
1518 2834 1573 2886 in
1604 2838 1811 2899 vestra,
1846 2833 1945 2886 sed
1979 2834 2037 2885 in

379 2930 498 2999 ejus
527 2927 782 2997 potentia.
818 2924 896 2979 De
916 2940 981 2978 eo
1014 2924 1191 2994 quod,
1226 2939 1384 2977 more
1417 2923 1582 2977 ducis
1614 2927 1899 2976 armentis
1932 2921 2037 2975 mi-

382 3016 513 3072 lites
544 3016 613 3070 ad
650 3013 933 3086 praalium,
969 3030 1107 3067 suos
1134 3018 1343 3076 armat,
1369 3017 1425 3065 et
1456 3012 1652 3083 dirigit
1683 3013 1751 3065 ad
1787 3009 2035 3081 speciale

384 3110 675 3160 certamen
708 3100 1017 3173 Apostolus
1050 3100 1361 3155 auditores.
1417 3101 1510 3154 Ait
1566 3100 1719 3153 enim
1760 3116 1770 3154 :
1823 3098 2037 3153 luduite

383 3210 475 3249 vos
503 3201 850 3248 armaturam
874 3189 1187 3253 Dei.Quare
1214 3188 1348 3243 Dei?
1370 3188 1693 3257 Quia,sicut
1715 3188 1811 3258 qui
1835 3194 2035 3242 contra

2144 2032 2441 2098 omnibus,
2478 2049 2604 2104 quae
2635 2034 2905 2104 superius
2939 2034 3160 2089 monui.

2215 2137 2491 2207 Sequitur
2525 2156 2536 2191 :
2573 2139 2719 2194 State
2747 2156 2897 2210 ergo,
2933 2146 3067 2209 etc.,
3104 2142 3158 2196 id
3190 2147 3297 2208 est,
3332 2143 3512 2197 veluti
3546 2142 3669 2208 ille,
3708 2144 3801 2215 qui

2144 2227 2418 2291 dicebat;
2461 2228 2665 2282 Statuit
2718 2245 2883 2299 supra
2938 2235 3152 2300 petram
3207 2231 3362 2301 pedes
3418 2248 3568 2287 meos
3627 2234 3799 2303 {PsaL

2143 2331 2333 2369 xxxix:
2365 2315 2441 2381 3),
2468 2321 2810 2371 etc.Bonum
2834 2322 2941 2383 est,
2967 2324 3031 2372 ut
3061 2324 3458 2389 stantem,non
3477 2321 3799 2390 jacentem,

2145 2409 2202 2457 et
2235 2420 2347 2457 non
2383 2405 2753 2473 discinctum,
2775 2408 2871 2461 sed
2910 2407 3235 2462 accinctum
3262 2413 3315 2462 te
3347 2408 3633 2465 inimicus
3665 2416 3799 2466 tuus

2143 2491 2417 2548 inveniat.
2456 2499 2527 2548 De
2562 2511 2625 2549 eo
2682 2497 2833 2565 quod
2871 2496 3109 2551 interior
3139 2497 3312 2551 homo
3353 2497 3536 2553 habet
3566 2498 3800 2555 lumbos

2145 2598 2321 2649 suos;
2358 2583 2510 2637 unde
2545 2583 2828 2637 Dominus
2886 2603 2896 2640 :
2958 2586 3079 2638 Sint
3109 2586 3282 2639 lumbi
3312 2590 3483 2641 vestri
3507 2591 3800 2657 prwcimti

2146 2671 2295 2741 (Luc.
2332 2688 2429 2735 χιι,
2464 2673 2573 2737 35),
2608 2676 2716 2725 etc.
2752 2673 3033 2744 Sequitur
3078 2691 3090 2727 :
3128 2674 3313 2729 [utiuti
3373 2677 3609 2731 loricam
3633 2680 3795 2748 justi-

2146 2761 2255 2813 tize.
2292 2762 2439 2813 Bene
2462 2760 2690 2830 justitia
2750 2760 2940 2817 lorica:
2974 2764 3206 2819 nomine
3240 2766 3628 2837 designatur;
3664 2769 3798 2838 quia

2146 2849 2297 2902 sicut
2330 2850 2427 2903 illa
2461 2849 2659 2903 multis
2687 2850 2942 2916 circulis,
2977 2853 3056 2906 ita
3087 2853 3198 2907 ista
3242 2856 3446 2910 multis
3477 2857 3794 2911 virtutibus

2146 2945 2610 2991 consummatur.

2217 3029 2290 3079 Et
2323 3028 2550 3081 calceoli
2577 3027 2859 3098 pedes.lsti
2886 3034 3026 3084 sunt
3058 3030 3264 3084 animae
3296 3034 3662 3105 pedes,quos
3685 3034 3793 3090 cal-

2145 3132 2330 3181 ceare.
2366 3117 2420 3169 id
2454 3123 2561 3182 est,
2602 3118 2830 3171 munire
2863 3118 3144 3173 debemus
3185 3127 3527 3177 sanctorum
3564 3124 3793 3179 Patrum

2144 3204 2526 3275 exemplis,ut
2558 3205 2843 3276 intrepide
2876 3208 3255 3277 praedicamus
3288 3210 3669 3282 Evangelium
3697 3231 3710 3279 ;
3738 3219 3794 3267 ut

382 3283 643 3339 visibiles
676 3282 872 3336 hostes
906 3279 1163 3342 dimicat,
1195 3278 1445 3331 visibilia
1478 3294 1640 3331 arma
1672 3277 1922 3347 accipit;
1954 3276 2031 3331 ita

2157 3293 2285 3348 illud
2324 3312 2335 3348 :
2372 3295 2545 3361 Quam
2571 3294 2799 3365 pulchri
2850 3296 3008 3366 pedes
3062 3300 3573 3368 euangelizandum
3611 3318 3784 3372 pacem

384 3389 549 3427 arma
578 3369 892 3425 invisibilia
922 3373 1059 3422 sunt
1089 3367 1419 3420 necessaria
1478 3370 1678 3419 contra
1712 3365 2031 3420 invisibiles

379 3460 600 3515 hostes.
632 3456 785 3511 Nihil
808 3460 896 3511 est
926 3454 1366 3517 dicere,induite
1394 3470 1492 3507 vos
1524 3459 1883 3507 armaturam
1908 3453 2027 3519 Dei,

381 3547 495 3602 nisi
530 3564 541 3602 :
582 3545 805 3600 luduite
833 3560 932 3598 vos
966 3543 1280 3597 Dominum
1303 3542 1504 3596 Jesum
1529 3543 1827 3597 Christum
1854 3543 2025 3604 (Rom.

380 3652 506 3703 xm,
542 3635 649 3703 14),
684 3634 743 3688 id
775 3636 883 3695 est,
916 3632 1237 3697 veritatem,
1266 3632 1583 3701 justitiam,
1621 3631 1915 3701 pietatem,
1976 3635 2031 3685 et

381 3730 611 3790 castora,
647 3739 773 3792 quis
805 3718 1210 3790 intelliguntur
1238 3720 1297 3773 in
1329 3719 1579 3773 Christo.

459 3828 735 3901 Sequitur
789 3843 803 3881 :
853 3827 967 3882 Non
1024 3834 1103 3880 est
1132 3827 1286 3880 nobis
1317 3825 1634 3880 colluctatio
1661 3827 1860 3897 (1145),
1895 3832 2028 3890 etc.,

384 3920 443 3974 id
476 3924 584 3985 est,
619 3918 897 3972 adversus
926 3915 1213 3978 homines,
1250 3916 1346 3986 qui
1386 3931 1454 3969 ex
1483 3932 1654 3969 carne
1686 3921 1953 3970 constant
1976 3920 2031 3970 et

383 4004 711 4080 sanguine;
745 4006 834 4061 sed
890 4005 1146 4060 adversus
1201 4006 1494 4074 principes,
1535 4012 1584 4059 et
1637 4008 1937 4075 potestates,
1974 4004 2029 4058 id

383 4097 599 4169 est,qui
633 4095 743 4151 sibi
780 4095 1172 4166 principatum
1197 4093 1253 4148 in
1288 4093 1457 4149 malis
1480 4094 1819 4148 hominibus
1849 4093 2030 4147 vindi-

382 4193 557 4256 cant;
611 4185 869 4241 adversus
918 4184 1117 4238 mundi
1145 4187 1396 4250 rectores,
1431 4183 1486 4236 id
1521 4187 1627 4252 est,
1660 4184 2026 4247 tenebrarum,

384 4293 500 4331 non
532 4275 679 4343 c’celi,
713 4279 768 4329 et
797 4280 958 4329 terra:
1014 4288 1026 4327 :
1079 4272 1369 4325 daemones
1401 4270 1556 4325 enim
1589 4275 1838 4326 rectores
1870 4276 2026 4339 sunt,

382 4381 499 4419 non
533 4362 758 4433 mundi,
791 4363 890 4417 sed
924 4359 1126 4415 mundi
1161 4364 1508 4414 amatorum.

452 4470 558 4524 Sed
589 4469 806 4539 gratias
838 4468 971 4531 Deo,
1008 4466 1107 4536 qui
1135 4466 1283 4520 eruit
1312 4482 1418 4520 nos
1470 4466 1539 4519 de
1598 4465 1871 4521 tenebris.
1903 4466 2027 4521 Ma-

378 4574 625 4614 neamus
647 4572 781 4625 ergo
812 4556 869 4608 in
891 4556 1018 4609 luce
1047 4571 1111 4608 ac
1142 4554 1425 4609 libertate.
1464 4553 1624 4608 Unde
1653 4559 1708 4608 et
1740 4555 1883 4624 ipsis
1934 4554 2018 4608 di-

2141 3385 2266 3450 (Isa.
2328 3402 2423 3447 1.11,
2456 3385 2529 3445 7;
2587 3385 2820 3438 Nahum.
2884 3403 2921 3451 ι,
2957 3388 3061 3453 15;
3098 3388 3246 3441 Rom.
3306 3391 3523 3454 x,15).
3598 3396 3672 3445 De
3726 3407 3787 3445 eo

2141 3473 2292 3543 quod
2329 3474 2500 3526 linem
2536 3478 2769 3527 scutum
2804 3481 3005 3540 vocat;
3041 3476 3362 3545 quia,sicut
3396 3485 3567 3532 scuto
3602 3481 3791 3535 omnia

2132 3560 2330 3631 jacula
2364 3561 2840 3632 exstinguuntur,
2874 3562 2955 3617 ita
2982 3565 3179 3617 omnia
3209 3566 3600 3635 adversa,ﬁde
3630 3586 3793 3640 supe-

2141 3657 2360 3704 rantur.
2388 3650 2463 3703 Do
2487 3666 2552 3704 eo
2585 3652 2731 3718 quod
2760 3651 2922 3721 galea
2946 3652 3151 3707 salutis
3182 3654 3365 3709 munit
3391 3657 3658 3727 caput,id
3686 3665 3785 3727 est,

2136 3737 2427 3793 interioris
2452 3739 2710 3793 hominis
2733 3742 3112 3796 sensus.Nam
3135 3743 3181 3796 si
3200 3742 3291 3797 his
3312 3744 3788 3801 omnibusfueris

2138 3827 2401 3897 indutus,
2435 3834 2489 3882 et
2521 3846 2633 3882 non
2668 3829 2882 3884 habeas
2913 3829 3186 3901 gladium,
3216 3837 3269 3885 te
3291 3836 3599 3904 utcunque
3632 3841 3789 3904 potes

2141 3918 2467 3983 defendere,
2501 3918 2599 3971 sed
2636 3918 2938 3971 inimicum
2974 3926 3137 3973 tuum
3200 3937 3312 3974 non
3364 3921 3523 3977 vales
3569 3926 3787 3979 exstin-

2139 4006 2476 4075 guereJdeo
2510 4006 2740 4059 subdit:
2767 4009 2842 4059 Et
2873 4006 3123 4076 gladium
3140 4011 3405 4079 spiritus;
3438 4013 3599 4067 unde
3630 4013 3785 4067 alibi:

2145 4094 2297 4148 Vivus
2328 4097 2404 4147 est
2432 4096 2583 4147 enim
2610 4110 2785 4148 sermo
2837 4096 2932 4149 Dei
2962 4098 3165 4165 (1147),
3214 4103 3321 4153 etc.
3355 4099 3409 4153 Si
3441 4102 3602 4155 enim
3637 4101 3791 4156 verbi

2139 4181 2397 4253 gladium
2432 4198 2541 4235 non
2577 4181 2872 4252 habueris,
2910 4184 3307 4241 haereticorum
3354 4191 3651 4247 versutias
3683 4207 3789 4246 non

2139 4270 2305 4324 facile
2328 4270 2670 4341 superabis;
2696 4272 2846 4326 sicut
2878 4272 3049 4328 miles
3071 4275 3195 4329 sine
3217 4276 3407 4347 gladio
3431 4296 3546 4332 non
3573 4282 3792 4335 accedit

2140 4359 2210 4413 ad
2246 4357 2488 4429 bcllum,
2514 4360 2597 4414 ita
2627 4361 3064 4430 omnisjustitia
3095 4364 3288 4419 intuta
3318 4371 3406 4420 est
3436 4367 3565 4422 sine
3597 4371 3786 4424 verbo.

2210 4466 2486 4536 Sequitur
2516 4482 2527 4518 :
2564 4468 2670 4520 Per
2697 4484 2910 4522 omnem
2939 4471 3259 4537 orationem,
3293 4476 3398 4525 etc.
3435 4477 3512 4528 De
3543 4491 3612 4529 eo
3638 4476 3785 4546 quod

2137 4554 2415 4608 distantia
2446 4559 2534 4608 est
2563 4556 2713 4609 inter
2744 4558 3060 4612 orationem
3097 4565 3153 4613 et
3177 4560 3668 4617 obsecrationem.
3690 4563 3784 4618 Di—

381 4648 532 4703 citur
566 4662 577 4701 :
613 4647 798 4700 Fuisti
839 4642 1144 4714 aliquando
1176 4642 1416 4699 tenebrae
1464 4642 1677 4713 (Ep/tes.
1715 4661 1766 4706 ν,
1799 4646 1874 4713 8),
1909 4650 2016 4696 etc.
2054 4647 2097 4710 Ι)
2131 4650 2269 4696 cunt
2295 4643 2451 4697 enim
2489 4646 2641 4713 quod
2675 4646 3000 4702 obsecratio
3036 4648 3097 4701 {lt
3129 4666 3229 4718 pro
3263 4650 3517 4721 peccatis
3552 4656 3780 4722 praeter-

382 4737 595 4800 Quaarit
625 4735 770 4789 forte
802 4732 1195 4803 aliquis,unde
1228 4731 1543 4802 Apostolus
1576 4732 1830 4803 sumpsit
1862 4748 2024 4786 occa-

384 4825 606 4879 sionem
639 4824 751 4877 ista
780 4821 1029 4876 dicendi.
1066 4821 1228 4875 Forte
1260 4820 1329 4874 de
1361 4820 1727 4891 praeliis,qu;e
1756 4820 1816 4874 in
1844 4821 2026 4875 histo-

386 4914 486 4968 riis
504 4912 796 4968 veteribus
823 4913 1133 4965 narrantur
1157 4914 1320 4981 gesta
1341 4926 1373 4963 a
1397 4909 1530 4963 filiis
1556 4908 1729 4963 lsrael
1749 4910 2026 4963 adversus

382 5157 632 5246 nL(1143)
664 5159 724 5211 In
786 5158 1090 5246 Dalmatii-ila
1147 5158 1305 5246 δεῖ).ν
1334 5162 1387 5246 et
1417 5157 1614 5246 Syria,‘
1658 5158 1915 5246 Sidonia,
1956 5164 2027 5239 .et

2138 4732 2255 4801 itis,
2287 4732 2371 4785 vel
2398 4734 2778 4802 praesentibus
2809 4753 2820 4800 ;
2855 4737 3036 4790 oratio
3096 4755 3199 4807 pm
3226 4739 3626 4808 adipiscendis
3661 4758 3779 4813 quae

2136 4836 2451 4889 speramus.
2487 4823 2549 4873 Et
2581 4822 2717 4892 quia
2750 4840 2957 4894 magno
2996 4826 3085 4878 Dei
3116 4842 3356 4896 egemus
3387 4829 3682 4897 adjutoriu
3713 4830 3776 4884 ad

2136 4909 2523 4964 devincendas
2558 4910 2744 4964 hostis
2792 4913 3015 4983 antiqui
3048 4916 3354 4982 versutias;
3391 4918 3609 4973 idcirco
3643 4921 3779 4974 sub-

2136 5158 2520 5246 m(li;’i6)tlaec
2543 5161 2838 5246 expositio.
2855 5180 2895 5246 a.
2915 5162 3044 5216 divo
3069 5162 3769 5246 Hieronymodes‘umpta.
