3974 5358
147 350 254 411 585

653 344 1070 405 EXPOSITIO
1114 343 1192 403 IN
1240 342 1672 403 EPISTOLAS
1719 341 1978 403 PAULI.
2007 344 2180 401 —IN
2228 343 2473 402 EPIST.
2523 345 2626 402 AD
2672 344 3005 404 PHILIPP.

3420 350 3541 410 586

141 477 357 553 junxit:
383 476 609 532 Orontes
639 477 793 531 omni
820 483 1060 546 tempore
1090 475 1151 530 in
1178 476 1401 545 spiritu.
1439 474 1506 529 Et
1535 474 1683 529 bene
1715 475 1773 527 in
1806 475 1857 539 Α
1894 474 2265 528 commendat
2297 474 2473 529 etiam
2503 476 2938 545 profectionem.
2973 478 3112 530 Cum
3146 478 3287 532 dicit
3318 479 3543 535 Charis-

146 570 334 642 spiritu
361 565 523 631 dicit,
559 570 621 619 ut
655 582 768 619 non
819 564 1084 620 dicamus
1129 565 1305 619 verba
1335 563 1633 632 meditata,
1684 564 1770 617 vel

144 657 385 727 scripta;
419 654 519 709 sed
552 653 793 708 interior
844 653 1039 718 homo,
1073 653 1128 707 id
1162 657 1269 722 est,
1304 652 1571 723 spiritus,
1605 652 1780 722 pleno

148 743 422 801 desiderio
453 748 598 809 oret,
630 751 683 797 et
712 744 864 797 omni
882 748 1125 812 tempore
1144 747 1286 796 oret.
1312 741 1461 795 Nota
1483 740 1635 811 quod
1662 740 1743 794 ait
1774 758 1791 793 :

150 837 249 890 Per
288 847 533 888 omnem.
583 830 883 903 Multiplex
935 834 1023 885 est
1061 831 1215 885 enim
1249 830 1473 886 oratio:
1504 846 1660 883 nunc
1688 846 1792 901 pro

145 923 323 987 nobis,
357 937 516 976 nunc
548 936 651 991 pro
679 919 832 989 aliis,
866 935 1023 974 nunc
1069 936 1170 989 pro
1224 918 1337 985 his,
1371 934 1497 989 quea
1530 918 1598 971 ad
1636 918 1791 971 futu-

144 1029 257 1068 ram
284 1010 492 1081 (1118),
517 1025 673 1064 nunc
704 1026 802 1080 pro
833 1008 948 1073 his,
976 1024 1103 1079 quae
1130 1008 1198 1062 ad
1236 1011 1578 1077 praesentem
1610 1005 1790 1061 vitam

144 1102 443 1174 pertinent.
464 1098 612 1154 Nota
635 1099 791 1170 quod
818 1097 1187 1153 cessantibus
1213 1096 1395 1167 (1149)
1412 1095 1604 1150 verbis
1626 1094 1793 1166 spiri-

142 1196 228 1244 tus
257 1188 431 1243 debet
463 1202 629 1242 orare
656 1203 669 1253 ;
703 1191 760 1241 et
790 1185 1042 1257 qualiter
1095 1184 1370 1251 ostendit,
1434 1199 1567 1237 cum
1600 1182 1744 1237 dicit
1774 1200 1786 1237 :

144 1279 295 1335 Omni
324 1285 584 1348 tempore.
616 1277 685 1330 Et
739 1276 879 1346 quia
936 1272 1240 1329 subaudiri
1295 1276 1521 1344 poterat
1564 1276 1787 1326 certum

142 1375 385 1437 tempus,
420 1363 483 1420 id
516 1368 626 1430 est,
659 1364 785 1419 dies
816 1364 887 1418 ad
921 1362 1283 1435 operandum
1318 1361 1504 1431 (1150)
1527 1361 1664 1415 data
1686 1359 1789 1414 ho-

142 1454 274 1510 mini
302 1468 317 1509 :
350 1453 487 1509 ideo
516 1453 853 1524 subjunxit:
889 1454 952 1507 Et
981 1454 1039 1506 in
1070 1453 1190 1522 ipso
1223 1451 1513 1518 vigilantes
1540 1451 1601 1503 in
1641 1448 1793 1504 omni

139 1544 425 1614 instantia,
465 1559 539 1597 ne
566 1541 852 1604 videlicet,
886 1538 1064 1595 veluti
1095 1539 1472 1603 dormientes,
1505 1536 1671 1606 lecta,
1705 1536 1789 1591 vel

138 1632 547 1689 commendata
567 1630 852 1686 dicamus.
877 1630 1037 1684 Sicut
1060 1628 1213 1684 enim
1239 1626 1535 1682 dormiens
1561 1625 1791 1697 ignorat

139 1722 285 1793 quod
308 1720 455 1776 dicit
480 1737 493 1787 ;
521 1718 602 1775 ita
626 1719 744 1785 ille,
768 1718 871 1791 qui
894 1718 976 1773 ita
996 1716 1259 1789 loquitur
1281 1716 1519 1785 orando,
1540 1719 1606 1769 ut
1630 1714 1789 1769 aliud

136 1810 365 1882 cogitet.
395 1809 552 1864 Nota
581 1807 736 1879 quod
770 1811 968 1862 monet
993 1821 1091 1877 pro
1131 1804 1332 1859 sanctis
1382 1819 1570 1870 orare,
1601 1807 1657 1858 et
1688 1819 1791 1874 pro

132 1916 213 1962 se.
246 1902 313 1954 Et
342 1898 622 1954 homines
651 1895 884 1960 tumidi,
918 1901 974 1949 et
998 1893 1236 1965 superbi
1284 1893 1617 1965 despiciunt
1647 1908 1786 1947 ora-

159 1988 346 2045 tiones
377 1991 723 2042 sanctorum
757 1984 1070 2056 requirere.
1104 1983 1251 2037 Nota
1284 1982 1438 2054 quod
1466 1982 1667 2053 etipse
1685 1985 1811 2036 orat

145 2094 240 2148 pro
273 2074 576 2147 Ephesiis,
612 2078 667 2129 et
688 2078 873 2143 rogat,
902 2078 966 2127 ut
987 2071 1169 2143 etipsi
1194 2075 1364 2126 orent
1393 2085 1496 2141 pro
1527 2070 1675 2141 ipso.
1701 2069 1808 2124 Ubi

1904 564 2079 616 simus
2095 564 2489 634 frater,magni
2515 564 2702 617 meriti
2731 568 3251 635 monstratur,cum
3276 566 3547 623 charissi-

1907 668 2039 706 mus
2097 668 2223 706 esse
2278 651 2490 705 dicitur
2547 654 2728 707 Pauli.
2779 655 2886 707 Sed
2933 655 3085 708 unde
3117 654 3549 711 charissimus?

1903 740 2178 809 Nunquid
2210 739 2348 811 quia
2378 739 2542 794 illius
2574 745 2694 795 erat
2716 742 2984 797 minister
3006 744 3032 797 ‘?
3056 743 3319 798 Aitenim
3348 761 3358 799 :
3385 745 3547 801 Min-i-

1901 831 2009 883 ster
2038 831 2097 881 in
2129 829 2393 895 Domino;
2431 828 2486 882 id
2519 834 2627 893 est,
2662 831 2719 883 in
2756 832 3144 901 praedicando.

1973 916 2254 988 Sequitur
2278 934 2289 970 :
2330 918 2391 973 Ut
2418 921 2751 985 cognoscatis
2779 936 2898 991 quae
2926 922 3079 974 circa
3105 938 3201 976 nos
3222 927 3369 989 sunt,
3395 927 3504 977 etc.
3528 942 3541 990 ;

1900 1005 1957 1059 id
1989 1010 2100 1071 est,
2133 1022 2279 1075 quas
2311 1022 2513 1075 poenas
2572 1010 2628 1061 et
2678 1024 2825 1077 quas
2888 1014 3121 1063 catenas
3171 1012 3446 1082 patimur.
3487 1013 3551 1067 Ut

1899 1096 2208 1149 consoletur
2235 1095 2397 1150 corda
2430 1100 2623 1165 vestra,
2660 1112 2729 1151 ne
2760 1097 2829 1149 de
2877 1113 3006 1151 mea
3056 1115 3214 1163 cura,
3248 1104 3303 1153 et
3334 1100 3551 1154 sollici-

1901 1183 2106 1238 tudine
2130 1182 2425 1238 laboretis.
2453 1184 2531 1237 De
2554 1200 2618 1238 eo
2641 1185 2794 1255 quod
2818 1186 3060 1255 grandis
3084 1187 3401 1244 consolatio
3426 1206 3554 1243 esse

1899 1276 2128 1341 poterat
2158 1272 2360 1326 audire
2394 1271 2638 1326 Paulum
2673 1273 2867 1327 Roma:
2892 1274 2947 1327 in
2972 1275 3211 1329 domina
3232 1276 3555 1342 urbium,et

1900 1360 1961 1413 in
1997 1376 2126 1414 arce
2159 1360 2403 1415 Romani
2440 1361 2668 1432 imperii
2703 1361 2771 1415 de
2802 1379 3048 1429 carcere,
3083 1369 3138 1418 et
3188 1365 3256 1419 de
3304 1365 3554 1420 vinculis

1907 1448 2369 1519 triumphantem
2404 1468 2415 1517 ;
2451 1454 2507 1503 et
2537 1450 2666 1505 ideo
2699 1450 3016 1521 Tychicum
3052 1452 3234 1522 (1153)
3262 1469 3389 1508 esse
3412 1453 3552 1508 mis-

1902 1554 2057 1604 sum,
2092 1542 2156 1591 ut
2186 1537 2363 1591 vitam
2396 1542 2454 1592 et
2485 1539 2981 1594 conversationem
3004 1541 3167 1596 Pauli
3194 1542 3277 1596 eis
3312 1542 3547 1597 nuntia-

1908 1631 2013 1681 ret.
2048 1626 2258 1698 Magna
2288 1626 2523 1698 quidem
2557 1627 2875 1683 consolatio
2907 1643 3034 1683 esse
3086 1634 3309 1701 poterat
3339 1630 3558 1686 imitari

1898 1713 2240 1781 volentium,
2276 1732 2448 1770 nosse
2494 1716 2692 1770 omnia
2749 1732 2875 1786 qua:
2930 1718 3001 1772 ab
3056 1718 3333 1789 Apostolo
3383 1736 3546 1790 gere-

1820 1836 1868 1901 B
1899 1802 2140 1901 bantur.

1990 1892 2303 1962 Sequitur:
2339 1892 2477 1961 Paw,
2537 1896 2643 1947 etc.
2707 1892 2786 1947 De
2838 1909 2903 1947 eo
2952 1896 3106 1964 quod
3164 1894 3370 1949 ultima
3428 1912 3562 1967 pars

1918 1978 2173 2049 epistola:
2232 1980 2482 2051 precatio
2544 1986 2650 2035 est.
2711 1981 2986 2037 Precatur
3039 1988 3095 2037 et
3151 1989 3314 2054 optat
3358 2001 3559 2055 pacem

1920 2068 2431 2133 fratribus,deindc
2454 2068 3197 2141 charitatem,postmodum
3230 2073 3563 2128 {idemﬂtec

1919 2160 2077 2219 sunt,
2109 2174 2237 2227 qua:
2270 2158 2586 2228 perfectum
2615 2158 3272 2225 faciuntChristianum,
3296 2164 3395 2217 sed
3427 2162 3565 2217 cha-

1919 2245 2062 2299 ritas
2093 2246 2282 2315 major
2313 2250 2401 2300 est
2434 2262 2570 2317 pace
2602 2248 2647 2315 (1
2678 2246 2797 2302 Cor.
2834 2265 2955 2311 xm,
2991 2250 3079 2315 13)
3105 2267 3116 2315 ;
3143 2251 3281 2319 quia
3303 2255 3443 2304 sunt
3464 2250 3564 2321 qui

1918 2332 2185 2396 tolerant,
2210 2350 2358 2404 quos
2391 2352 2501 2388 non
2535 2334 2807 2405 diligunt.
2835 2336 2981 2390 Nota
3004 2338 3157 2407 quod
3183 2338 3309 2392 sine
3340 2338 3451 2391 fide
3477 2356 3562 2392 re-

1920 2422 2081 2493 liqua
2112 2423 2395 2478 inutiliter
2424 2423 2745 2487 habentur;
2782 2429 2844 2479 ut
2871 2424 3044 2479 illud:
3074 2427 3259 2492 Omne,
3293 2427 3432 2498 quod
3456 2444 3565 2481 non

1917 2520 1993 2565 est
2023 2528 2091 2564 ea:
2120 2511 2245 2579 ﬁde,
2277 2517 2557 2581 peccatum
2588 2516 2663 2566 est
2700 2514 2871 2581 (Rom.
2920 2531 3032 2580 xw,
3070 2516 3177 2583 13).
3212 2516 3359 2571 Nota
3390 2516 3566 2570 etiam

1918 2600 2072 2669 quod
2109 2601 2234 2670 ipsa
2267 2601 2410 2655 lides
2438 2618 2569 2654 cum
2627 2601 2866 2672 reliquis
2916 2603 3231 2658 virtutibus
3264 2621 3296 2659 a
3325 2605 3570 2659 Domino

1925 2689 2117 2743 datur.

1990 2777 2266 2847 Sequitur
2309 2795 2321 2832 :
2370 2778 2562 2833 Gratia
2593 2786 2777 2833 autem
2809 2794 2935 2834 cum
2964 2782 3237 2849 omnibus,
3264 2786 3371 2838 etc.
3402 2784 3475 2837 De
3506 2799 3572 2837 eo

1921 2865 2075 2935 quod
2100 2870 2433 2937 corruptam
2464 2866 2678 2921 habent
2698 2868 2871 2922 ﬁdem
2898 2868 3170 2936 haeretici,
3194 2871 3291 2941 qui
3318 2872 3387 2926 de
3405 2870 3571 2925 Chri-

1923 2958 2010 3007 sto
2042 2970 2156 3007 non
2190 2959 2342 3008 recte
2373 2954 2672 3022 sentiunt;
2706 2963 3040 3027 corruptam
3088 2959 3287 3027 etiam,
3321 2960 3419 3029 qui
3452 2976 3567 3014 non

139 2166 425 2221 discimus
450 2164 606 2235 quod
632 2169 690 2218 et
718 2161 939 2234 praelati
962 2178 1063 2232 pro
1088 2159 1361 2227 subditis,
1382 2163 1439 2214 et
1460 2157 1682 2213 subditi
1706 2174 1808 2229 pro

148 2254 401 2326 prmlatis
422 2253 642 2307 debent
664 2267 850 2306 orare.
880 2250 990 2306 Sed
1018 2249 1146 2304 vide
1168 2248 1323 2319 quod
1348 2263 1462 2302 non
1488 2262 1590 2318 pro
1615 2246 1805 2318 sospi-

150 2348 252 2397 tate
280 2340 537 2407 carnali,
567 2344 668 2395 aut
695 2357 798 2412 pro
820 2338 1244 2410 temporalibus
1269 2337 1602 2408 quibusque
1631 2336 1806 2391 rebus

142 2436 303 2503 rogat
335 2447 535 2498 orare,
561 2430 661 2483 sed
688 2434 751 2482 ut
775 2429 947 2483 detur
967 2427 1263 2487 eisermo;
1290 2425 1345 2479 id
1378 2429 1485 2487 est,
1519 2430 1584 2479 ut
1615 2440 1806 2479 sermo

138 2520 434 2584 abundet,
468 2524 527 2573 et
557 2535 619 2572 os
650 2516 912 2589 apertius
962 2515 1236 2586 loquatur
1266 2530 1398 2567 cum
1434 2514 1648 2567 fiducia
1679 2512 1805 2566 sine

137 2607 342 2679 aliqua
373 2605 790 2678 trepidatione.
825 2605 972 2659 Nota
1004 2603 1158 2674 quod
1193 2602 1301 2657 hoc
1329 2602 1526 2673 ipsum
1561 2602 1643 2656 eis
1676 2616 1807 2672 pro.

132 2697 363 2763 desset,
400 2711 554 2765 quos
586 2698 809 2759 monet,
840 2698 903 2747 ut
933 2696 1117 2747 orent.
1152 2691 1258 2745 Ubi
1308 2690 1595 2744 discimus
1644 2704 1809 2743 orare

128 2801 237 2856 pro
272 2784 377 2839 his
409 2800 564 2853 quos
595 2783 874 2837 docemus
904 2780 963 2834 in
997 2779 1260 2834 Domino.

202 2872 547 2944 Sequitur:
576 2886 677 2941 pro
708 2886 836 2939 quo,
868 2872 979 2923 etc.
1009 2885 1022 2933 ;
1074 2868 1131 2921 id
1182 2870 1291 2934 est,
1340 2865 1669 2936 Evangelio.
1703 2865 1808 2918 Le-

119 2967 313 3035 gatus
347 2958 599 3023 Christi,
632 2957 769 3012 licet
818 2956 875 3009 in
925 2959 1129 3009 catena
1174 2955 1274 3020 sit,
1324 2958 1521 3007 tamen
1549 2951 1810 3006 ofﬁcium

118 3045 597 3117 evangelizandi
622 3043 865 3116 peragit.
888 3043 999 3098 Sed
1023 3046 1170 3108 orat,
1192 3046 1386 3097 utnon
1406 3039 1603 3095 dolore
1623 3040 1814 3094 vinca—
1922 3045 2079 3095 recta
2108 3040 2426 3096 intentione
2447 3041 2498 3095 ei
2521 3042 2813 3107 serviunt;
2840 3050 3171 3115 corruptam
3195 3052 3251 3101 et
3269 3046 3482 3117 illi,qui
3510 3048 3569 3101 in

120 3143 228 3192 tur
254 3152 271 3203 ;
312 3133 475 3206 quia
494 3149 697 3189 omnes
717 3132 894 3203 legati
916 3130 1077 3186 verbi
1100 3129 1239 3185 talia
1260 3129 1551 3184 sustinere
1574 3128 1807 3183 debent.
1854 3199 1885 3206 Α
1923 3129 2030 3184 hac
2059 3132 2286 3183 tantum
2317 3129 2436 3184 vita
2467 3134 2605 3184 sunt
2635 3135 2938 3200 sperantes
2964 3134 3021 3186 in
3054 3133 3300 3188 Christo.
3322 3139 3446 3189 Non
3471 3136 3569 3189 de-

120 3199 306 3281 Unde
334 3199 663 3293 sequitur:
698 3199 865 3276 Ita—et
891 3222 951 3275 in
985 3221 1122 3291 ipso,
1155 3222 1264 3273 etc.
1298 3217 1445 3281 Quid
1477 3217 1633 3273 enim
1657 3216 1813 3272 aliud
1845 3199 1887 3267 C
1926 3218 2161 3272 fuerunt
2190 3217 2290 3288 qui
2324 3199 2731 3273 intellexerunt
2752 3225 3075 3291 corruptos,
3103 3222 3573 3293 quiconcubitus

122 3316 296 3370 inter
326 3311 613 3379 adversa,
640 3314 697 3365 et
727 3310 1008 3365 adversus
1033 3324 1232 3380 pcenas
1264 3306 1468 3361 debuit
1495 3304 1815 3371 orare,nisi
1924 3305 2341 3377 experientiam
2378 3306 2636 3377 capiunt,
2671 3307 2770 3377 qui
2794 3307 2966 3380 vulgo
2990 3310 3245 3381 corrupti
3270 3310 3571 3365 dicuntur.

127 3409 198 3459 ut
233 3399 480 3456 ﬁducia
531 3398 642 3454 sibi
689 3398 931 3453 daretur
976 3397 1049 3452 ad
1106 3395 1603 3451 manifestandum
1636 3395 1815 3449 Evan-
1927 3396 2036 3449 Sed
2070 3395 2363 3465 quomodo
2396 3396 2467 3449 ab
2499 3394 2607 3450 hac
2637 3396 2827 3467 gratia
2857 3399 3129 3469 coniugia
3150 3405 3353 3454 sancta
3379 3399 3573 3454 exclu-

130 3490 376 3565 gelium
401 3488 433 3542 ‘t
466 3486 615 3543 Nota
646 3486 800 3557 quod
834 3489 976 3540 tunc
1003 3486 1193 3555 major
1216 3484 1427 3539 fiducia
1449 3489 1558 3543 est.
1583 3483 1817 3554 quando
1927 3482 2182 3538 duntur?
2204 3485 2869 3556 Quaproptercorruptio
2887 3486 3425 3559 diciturcujuslibet
3446 3505 3574 3559 pec-

134 3579 392 3651 copiose
430 3580 491 3631 et
520 3573 944 3630 rationabiliter
974 3573 1211 3629 dicitur.
1928 3573 2039 3627 cati
2070 3572 2409 3627 dominatio.
2445 3573 2695 3644 Diligere
2724 3590 2855 3629 vero
2886 3575 3199 3629 Dominum
3234 3577 3291 3631 in
3326 3579 3577 3631 incorru-

209 3666 420 3742 (1451)
454 3664 766 3735 Sequitur:
806 3664 867 3719 Ut
916 3666 1104 3717 autem
1152 3678 1243 3716 vos
1294 3662 1503 3725 sciatis,
1536 3664 1645 3715 etc.
1675 3660 1822 3714 Nota
1925 3663 2109 3732 ptione
2136 3665 2242 3727 est,
2279 3677 2391 3715 non
2426 3677 2666 3732 regnare
2691 3667 2991 3733 peccatum
3026 3664 3084 3717 in
3120 3669 3318 3719 nostro
3350 3664 3580 3720 mortali

138 3758 305 3831 quod
322 3757 457 3811 duo
472 3752 696 3822 dicit,id
710 3757 954 3822 est,quie
970 3749 1227 3805 circame
1241 3748 1613 3818 sunt,etquid
1629 3764 1821 3819 agam.
1932 3765 2191 3820 corpore,
2224 3752 2332 3803 etc.
2363 3752 2532 3804 Amen
2553 3754 2749 3804 autem
2773 3751 2941 3822 quasi
2973 3753 3042 3806 ad
3076 3752 3581 3808 confirmationem

138 3848 316 3903 Circa
349 3846 564 3916 ipsum
595 3841 737 3913 quid
769 3844 958 3905 erant,
993 3838 1107 3894 nisi
1136 3842 1351 3893 catena;
1371 3837 1400 3890 ‘t
1422 3836 1490 3890 Et
1520 3836 1660 3907 quid
1693 3852 1825 3907 age-
1934 3836 2222 3905 omnium,
2246 3854 2371 3907 quae
2397 3837 2667 3907 superius
2694 3840 2910 3910 scripta
2940 3834 3099 3907 sunt,
3130 3841 3185 3895 in
3218 3842 3332 3896 fine
3359 3842 3581 3913 posuit;

138 3938 265 4001 bat,
304 3933 437 3989 nisi
473 3930 764 3986 instanter
794 3927 1084 3984 docebat?
1116 3927 1198 3982 De
1240 3925 1332 3980 his
1363 3924 1443 3979 nil
1480 3941 1584 3997 per
1611 3925 1830 3995 episto-
1936 3941 2038 3996 per
2085 3940 2258 3994 quem
2315 3925 2688 3979 Hebraaorum
2748 3944 3075 3983 sermonem
3136 3945 3272 3983 vera
3303 3935 3359 3984 et
3391 3929 3587 3985 ﬁdelia

140 4026 262 4080 lam
300 4020 535 4095 pandit
561 4037 573 4087 ;
602 4018 705 4074 sed
736 4016 936 4072 omnia
965 4031 1069 4088 per
1100 4014 1372 4081 missum,
1400 4012 1459 4068 id
1490 4017 1598 4078 est,
1623 4012 1827 4085 Tychi-
1937 4028 2086 4082 esse,
2122 4029 2248 4083 quae
2281 4013 2503 4084 scripta
2533 4018 2692 4077 sunt,
2727 4015 3226 4071 demonstrantur.

139 4131 282 4171 cum
309 4109 523 4185 (1152)
549 4107 807 4163 mandat.
831 4105 1014 4177 Cujus
1037 4104 1193 4161 enim
1217 4102 1475 4160 ostendit
1495 4117 1827 4174 personam,
2011 4101 2250 4172 Emplicit
2276 4104 2528 4172 epistolat
2556 4102 2627 4155 ad
2656 4102 2932 4174 Ephesios.

1942 4296 2199 4337 oremus.

2038 4352 2197 4420 1150)
2228 4352 2494 4407 Fortasse
2524 4352 2602 4407 ad
2630 4352 2927 4408 orandum.

2040 4422 2198 4497 1151)
2230 4427 2294 4497 In
2327 4429 2743 4497 autogramarg.
2779 4425 2868 4479 hic
2901 4425 3012 4496 leg.
3047 4441 3174 4497 cap.
3206 4425 3393 4481 XXXI.

2015 4494 2198 4560 (1152)
2235 4495 2295 4548 In
2328 4495 2449 4549 cod.
2490 4494 2734 4549 Titiana.

2020 4564 2202 4637 (1153)
2234 4564 2301 4619 Et
2330 4564 2424 4619 hic
2456 4566 2648 4619 denuo
2679 4567 2927 4621 Titicum.

213 4288 427 4365 (1148)
499 4285 688 4341 Verba
739 4284 881 4349 haec,
934 4299 1148 4338 nunc...
1208 4285 1481 4353 futurum,
1532 4280 1592 4336 in
1642 4297 1829 4353 marg.

142 4365 740 4507 leﬁlfggfij‘ortasse
764 4426 1253 4507 incessantibas,ut
1270 4424 1555 4507 referatur
1570 4424 1642 4507 ad
1664 4422 1830 4507 illud,

142 4510 204 4562 in
220 4493 421 4562 ‘omm'
479 4502 740 4570 tempore,
799 4498 861 4551 in
907 4497 1057 4570 omni
1106 4493 1528 4570 instantiazvel
1560 4494 1739 4570 etiam
1763 4498 1835 4570 ut

135 4580 333 4651 jacet,
370 4570 520 4631 scil.
582 4564 646 4626 ut
704 4572 896 4623 mente
952 4567 1150 4637 etiam,
1210 4564 1580 4621 cessantibus
1618 4565 1831 4631 verbis,

702 4932 1169 5030 INCIPIT
1237 4931 1850 5026 EPISTULA
1917 4932 2081 5024 AD
2153 4931 3095 5026 PHILIPPENSES.

156 5288 673 5358 Philippensibus
703 5278 1025 5354 Apostolus
1072 5279 1316 5335 verbum
1344 5280 1479 5338 ﬁdei
1512 5279 1848 5354 praedicavit
1876 5294 1922 5358 D
1954 5278 2205 5353 pleniter
2236 5294 2335 5334 eos
2372 5279 2651 5334 instruxit
2690 5282 2748 5334 et
2788 5277 3067 5335 solidavit
3112 5272 3175 5326 in
3220 5273 3361 5331 fide.
3397 5284 3468 5337 Et
3498 5276 3639 5350 quia
