3974 5358
425 318 537 373 587

1448 314 1781 373 ATTUNIS
1836 310 2414 369 VEHCELLENSIS
2467 308 2811 369 EPISCOPI
3650 320 3730 383 583

428 451 577 512 sent,
612 450 839 501 tantum
900 447 958 500 in
1018 448 1130 501 lidc
1182 452 1237 501 ct
1296 446 1541 501 scientia
1600 445 1970 517 profecerunt
2020 444 2081 497 ut
2110 442 2165 508 Α
2198 442 2286 513 pis
2318 441 2522 497 civitas
2553 446 2641 497 est
2669 441 3031 497 Macedoniae.
3066 441 3134 497 Hi
3164 446 3390 514 accepto
3414 446 3566 501 verbo
3591 452 3740 511 verita-

429 535 604 590 etiam
643 535 1015 606 Evangelium
1050 536 1429 606 praedicarent
1483 539 1657 605 atque
1699 532 2073 589 defenderent

429 642 463 679 a
495 624 999 695 pseudoapostolis
1023 627 1454 696 impugnatum.
1484 626 1725 695 Propter
1751 623 1858 677 hoc
1887 622 1956 676 ab
1979 620 2073 674 his

428 713 601 768 etiam
636 713 845 783 accipit
866 718 1159 785 sumptus,
1182 720 1244 769 ut
1265 714 1396 769 aliis
1422 713 1731 784 praedicare
1759 712 2069 767 sufﬁceret.

426 802 543 857 Hos
576 819 710 859 vero
745 802 1107 872 collaudans,
1142 808 1339 859 monet
1394 820 1512 869 eos,
1573 819 1643 856 ne
1702 800 2072 872 passionibus

424 889 582 945 illius
610 896 953 958 terreantur,
980 894 1194 964 quibus
1214 911 1328 948 non
1355 891 1677 948 destruitur
1698 887 2072 955 Evangelium

422 980 653 1048 Christi,
677 981 777 1035 sed
810 983 1211 1050 conﬁrmatur,
1234 982 1373 1052 quia
1404 998 1507 1052 pro
1530 997 1591 1035 re
1617 979 1765 1035 falsa
1785 977 1871 1032 vel
1896 976 2074 1031 dubia

423 1073 586 1124 tanta
615 1070 868 1141 perferre
900 1088 1013 1125 non
1050 1077 1265 1142 posset.
1295 1072 1405 1126 Sed
1439 1069 1705 1142 quamvis
1735 1067 2070 1132 laudentur,

422 1163 588 1213 erant
616 1159 766 1213 inter
795 1176 893 1214 eos
940 1159 1286 1231 imperfecti.
1351 1160 1417 1214 Et
1474 1176 1588 1215 non
1649 1157 1901 1225 mirum;
1937 1155 2074 1227 quia

421 1252 624 1303 sancta
657 1247 907 1303 Ecclesia
963 1248 1241 1320 permista
1304 1252 1410 1313 est,
1455 1248 1595 1319 quia
1628 1263 1764 1302 area
1794 1250 1901 1316 est,
1934 1243 2075 1315 quia

426 1336 633 1392 tandiu
651 1342 821 1393 erunt
837 1355 1019 1410 grana
1037 1339 1208 1394 mista
1228 1354 1363 1393 cum
1387 1337 1592 1409 paleis,
1614 1350 1923 1407 quousque
1944 1350 2073 1388 ven—

426 1425 784 1497 tilabrojusti
799 1427 1161 1482 discriminis
1178 1425 1791 1499 permundetur.Quod
1811 1423 2075 1494 designa-

424 1516 597 1569 batur
628 1530 727 1586 per
757 1516 1046 1587 hoc,quod
1080 1517 1332 1572 Jcbuszei
1366 1516 1781 1571 habitaverunt
1811 1530 1943 1567 cum
1975 1516 2075 1565 Ju-

424 1603 562 1659 daeis
595 1604 653 1659 in
685 1604 1010 1661 Jerusalem
1041 1606 1238 1675 (Judz’e.
1300 1624 1338 1673 1,
1397 1605 1509 1675 2t).
1569 1604 1716 1669 Quid
1777 1603 1933 1657 enim
1973 1617 2074 1674 per

422 1693 769 1765 Jerusalem,
804 1711 930 1766 quae
970 1697 1105 1749 visio
1148 1694 1361 1749 dicitur
1402 1696 1577 1765 pacis,
1626 1692 1737 1748 nisi
1777 1690 2074 1747 Ecclesia?

2182 530 2256 584 tis
2316 531 2699 602 perstiterunt
2759 531 2816 585 in
2880 532 3013 600 ﬁde,
3076 549 3179 586 nec
3256 540 3569 603 receperunt
3614 538 3740 601 falsos

2184 620 2499 691 apostolos.
2531 625 2650 676 Hos
2682 620 2995 686 collaudat,
3020 621 3279 677 scribens
3303 623 3382 677 eis
3402 627 3564 680 Roma
3581 626 3638 682 de
3655 646 3740 687 car-

2183 726 2309 763 cere
2332 727 2432 780 per
2454 710 2939 781 Epaphroditum.
2963 710 3107 766 Cum
3128 727 3262 766 vero
3286 711 3438 780 dicit,
3468 717 3685 788 episcoziis
3706 726 3740 775 cl

2182 798 2519 868 diaconibus,
2548 817 2663 856 non
2695 800 3021 871 pontiﬁces,
3056 800 3157 855 sed
3193 801 3742 873 presbyteros,nomine

2184 887 2608 960 episcoporum,
2639 889 2763 946 vult
2796 889 3063 961 intelligi.
3088 890 3213 945 Non
3248 890 3398 946 enim
3430 900 3539 948 erat
3565 896 3680 951 ratio
3701 904 3744 952 ut

2182 975 2242 1031 in
2268 994 2385 1032 una
2414 978 2645 1033 civitate
2700 978 2896 1050 plures
2953 982 3150 1034 essent
3196 980 3466 1053 episcopi.
3519 982 3608 1039 Illo
3632 985 3742 1041 enim

2184 1069 2441 1137 tempore
2472 1066 2788 1139 presbyteri
2819 1067 3076 1140 episcopi
3097 1068 3465 1123 vocabantur.

2252 1154 2398 1217 Quid
2430 1171 2562 1211 vero
2594 1156 2812 1211 sanctis
2870 1161 3051 1228 optat,
3112 1157 3387 1225 ostendit,
3417 1174 3540 1214 cum
3568 1160 3743 1216 subdit:

2185 1243 2372 1299 Gratia
2398 1244 2571 1313 vobis,
2603 1249 2653 1300 et
2678 1261 2795 1316 pax
2825 1262 2861 1299 α
2889 1247 3014 1301 Deo.
3047 1246 3114 1302 Et
3144 1245 3404 1318 pulchre,
3436 1246 3559 1318 quia
3578 1254 3743 1306 sancto-

2181 1351 2313 1389 rum
2342 1334 2627 1390 memoria
2665 1352 2801 1390 cum
2850 1335 3175 1407 gratiarum
3229 1336 3450 1392 actione
3478 1336 3738 1395 celebratur.

2183 1423 2382 1479 Gratia
2431 1424 2587 1479 enim
2648 1430 2757 1494 est,
2818 1442 2933 1497 qua
2993 1425 3331 1489 relaxantur
3386 1430 3625 1497 peccata:
3669 1445 3739 1499 pax

2182 1530 2336 1582 vero,
2399 1530 2513 1585 qua
2564 1514 3019 1571 reconciliantur
3075 1515 3215 1570 Deo.
3275 1515 3396 1569 Huc
3455 1531 3614 1586 usque
3635 1516 3736 1571 salu-

2182 1603 2282 1657 tati
2294 1620 2347 1659 o.

2253 1693 2563 1764 Sequitur:
2599 1693 2817 1750 Gratias
2852 1709 2953 1763 ago
2982 1694 3087 1749 Deo
3115 1709 3258 1763 meo,
3292 1697 3397 1749 etc.
3429 1693 3559 1749 Nota
3586 1694 3695 1765 quod
3715 1710 3736 1747 ι

425 1783 492 1837 Et
519 1783 656 1854 quid
692 1800 793 1855 per
819 1784 1139 1851 Jebusazos,
1162 1785 1260 1855 qui
1282 1785 1663 1839 conculcantes
1684 1782 2074 1854 interpretan-
2108 1820 2154 1885 B
2184 1782 2505 1854 gratiarum
2536 1783 2761 1840 actione
2790 1783 3047 1839 inchoat.
3083 1783 3233 1839 Nota
3281 1782 3450 1839 etiam
3488 1782 3615 1853 quod
3642 1782 3736 1837 dile~

423 1876 541 1938 tur,
572 1871 684 1927 nisi
716 1873 852 1928 mali
884 1874 1302 1945 designantur?
1322 1873 1638 1929 Moraliter.
1659 1872 1808 1938 Quid
1837 1876 1927 1927 est
1948 1871 2073 1926 ani-

426 1977 523 2015 ma
553 1966 775 2032 sancta,
808 1962 921 2017 nisi
977 1962 1345 2019 Jerusalem?
1377 1965 1533 2031 Quae,
1563 1962 1833 2034 quamvis
1863 1961 2076 2016 habeat

424 2050 657 2122 pietatis
715 2068 780 2106 ac
834 2052 1159 2107 sanctitatis
1225 2069 1419 2125 opera,
1481 2052 1750 2123 nunquid
1810 2050 2075 2105 funditus

428 2144 583 2195 caret
614 2140 802 2196 malo?
834 2141 978 2206 Quia
1009 2157 1147 2212 ergo
1177 2142 1235 2195 in
1268 2142 1465 2196 anima
1496 2146 1700 2197 sancta
1732 2146 1869 2195 sunt
1898 2140 2075 2194 Jebu-

430 2228 549 2298 εωί,
583 2228 641 2283 id
673 2234 762 2285 est
790 2230 1123 2285 affectiones
1185 2230 1508 2295 contrarios,
1556 2230 1627 2284 ad
1682 2229 1790 2284 hoc
1852 2228 2075 2283 laboret

432 2334 667 2373 necesse
692 2322 872 2385 est,ut
890 2318 1028 2389 quia
1043 2319 1426 2390 concupiscit,
1446 2318 1926 2389 concupiscentiae
1959 2334 2074 2373 non

431 2406 777 2473 consentiat,
811 2412 1101 2478 quatenus
1159 2410 1270 2463 etsi
1331 2425 1365 2463 a
1418 2414 1582 2479 tergo
1628 2411 1982 2474 murmurat,
2016 2407 2075 2461 in

431 2497 576 2551 facie
608 2513 721 2550 non
754 2496 1007 2551 resistat.
1039 2496 1253 2552 Taliter
1300 2513 1535 2552 necesse
1575 2502 1683 2565 est,
1718 2496 1867 2564 dico,
1901 2495 2071 2566 vivat,

430 2586 527 2656 qui
560 2602 694 2639 cum
720 2584 1192 2657 Philippensibus
1218 2585 1445 2642 laudari
1471 2591 1526 2641 et
1548 2603 1787 2642 sensum
1815 2584 2075 2657 Apostoli

427 2678 731 2747 penetrare
761 2674 1070 2730 desiderat.
1107 2675 1187 2731 De
1217 2692 1282 2731 eo
1313 2677 1468 2747 quod
1496 2675 1925 2747 Philippenses,
1956 2677 2075 2733 Ma-

427 2764 676 2819 cedones
702 2763 879 2819 iidem
912 2763 1093 2820 Graeci
1112 2770 1250 2820 sunt
1272 2783 1283 2820 :
1306 2782 1432 2835 qua
1464 2765 1781 2837 provincia,
1801 2764 1871 2819 ab
1904 2765 2072 2818 Ema-

429 2858 487 2909 te
516 2853 803 2923 Emathia,
838 2854 1047 2909 deinde
1105 2872 1139 2909 a
1199 2855 1514 2910 Macedone
1572 2871 1704 2926 rege
1743 2854 2076 2910 Macedonia

433 2942 590 2998 dicta
618 2946 725 2998 est.
744 2942 863 3013 Ipsi
893 2948 1031 2998 sunt
1055 2943 1231 2999 Jones
1256 2961 1289 2999 a
1317 2944 1503 3001 Jaban
1536 2944 1654 2999 lilio
1680 2944 1893 3015 Japhet
1924 2960 2074 2998 nun-

435 3031 649 3103 cupati.
683 3031 764 3087 De
795 3048 860 3086 eo
892 3033 1045 3103 quod
1101 3032 1312 3105 positio
1363 3033 1540 3104 hujus
1595 3032 1900 3104 provincia:
1940 3031 2074 3087 talis

436 3126 545 3177 est.
604 3121 790 3176 Habet
848 3122 919 3176 ab
977 3121 1199 3177 oriente
1256 3139 1416 3178 mare
1475 3124 1779 3195 Egseum;
1839 3122 1912 3177 ad
1979 3138 2074 3178 oc-

2186 1871 2439 1927 ctionsm
2470 1890 2637 1928 suam
2671 1889 2807 1945 erga
2827 1890 2925 1929 eos
2948 1873 3224 1940 ostendit,
3249 1888 3350 1945 pro
3374 1871 3567 1943 quibus
3585 1871 3735 1925 indesi-

2186 1965 2393 2017 nenter
2451 1967 2592 2017 orat.
2651 1963 2904 2017 Attende
2957 1962 3113 2034 quod
3168 1962 3425 2029 instruit,
3478 1965 3648 2015 utnon
3670 1974 3735 2030 pro

2187 2055 2407 2122 nostro,
2442 2056 2542 2106 aut
2580 2054 2913 2107 nostrorum
2974 2051 3185 2116 solum,
3245 2051 3344 2107 sed
3400 2067 3495 2122 pro
3546 2048 3733 2104 omnium

2186 2141 2447 2212 profectu
2480 2140 2808 2197 laudemus.
2841 2142 2909 2196 Et
2941 2142 3079 2212 quia
3106 2141 3257 2211 justi
3288 2145 3468 2207 erant,
3498 2138 3605 2193 ideo
3628 2136 3732 2199 dicit,

2185 2246 2308 2284 cum
2334 2230 2534 2299 gaudio
2560 2231 3002 2302 deprecationem
3045 2232 3254 2301 faciens
3280 2248 3292 2286 :
3346 2228 3597 2302 quoniam
3620 2224 3731 2280 aliter

2186 2322 2313 2373 orat
2342 2336 2445 2390 pro
2476 2318 2716 2387 Galatis,
2751 2319 2915 2375 aliter
2945 2335 3049 2390 pro
3083 2317 3556 2391 Philippensibus.
3586 2314 3634 2369 In
3658 2310 3733 2365 illis
3796 2358 3797 2361 η

2186 2413 2310 2463 erat
2340 2426 2570 2476 mceror,
2621 2408 2759 2479 quia
2806 2413 3205 2477 recesserant;
3257 2408 3316 2463 in
3364 2405 3484 2462 istis
3510 2401 3731 2476 gaudium,

2187 2496 2326 2567 quia
2356 2498 2610 2553 stabant.
2635 2498 2703 2552 Et
2724 2514 2831 2553 nos
2851 2513 2985 2553 cum
3008 2497 3225 2569 gaudio
3249 2512 3475 2553 oramus
3497 2509 3582 2565 pro
3599 2489 3732 2553 bonis,

2186 2602 2319 2641 cum
2351 2602 2595 2641 mcerore
2624 2601 2757 2641 vero
2802 2603 2905 2657 pro
2955 2585 3148 2641 malis.
3182 2586 3329 2641 Nota
3357 2584 3501 2657 quod
3527 2579 3729 2653 gaudium

2184 2674 2293 2730 hoc
2322 2676 2478 2730 dicat
2507 2674 2784 2746 spiritale,
2821 2692 2935 2731 non
2988 2675 3308 2747 corporale.
3340 2673 3491 2729 Unde
3514 2686 3621 2725 vero
3642 2682 3730 2738 gra-

2183 2764 2300 2820 tias
2331 2768 2482 2837 agat,
2515 2765 2748 2836 exponit
2776 2781 2909 2820 cum
2940 2764 3113 2821 dicit:
3145 2781 3312 2837 super
3337 2757 3728 2819 communicatione

2183 2862 2398 2910 vestra:
2432 2854 2490 2908 id
2521 2859 2611 2909 est
2640 2854 2778 2925 quia
2809 2853 3256 2910 communicatis
3289 2866 3523 2916 mecum,
3550 2848 3729 2913 Evange-

2185 2942 2331 2999 lium
2362 2943 2747 3015 praedicando.
2792 2943 2953 3007 Quod
3010 2960 3144 2999 vero
3204 2942 3362 3009 dicit,
3413 2957 3447 2996 a
3492 2938 3638 3010 primo
3657 2932 3725 2993 dit.

2184 3032 2625 3104 intelligendum
2682 3036 2788 3100 est,
2843 3049 2877 3088 a
2926 3035 3210 3104 tempore,
3268 3048 3334 3087 ex
3397 3044 3502 3100 quo
3552 3017 3725 3080 credidi-

2188 3122 2331 3191 stis;
2367 3139 2432 3178 ac
2464 3122 2513 3177 si
2540 3122 2791 3178 diceret:
2838 3122 2902 3177 In
2950 3121 3122 3191 bono,
3174 3121 3330 3194 quod
3369 3113 3607 3189 ccepistis,
3638 3122 3726 3180 per-

434 3227 573 3266 casu
616 3209 1007 3280 Dalmatiam;
1043 3229 1076 3266 a
1107 3210 1347 3267 meridie
1394 3193 1632 3280 Asiam;
1684 3212 1755 3266 ab
1806 3211 2075 3282 aquilone
2105 3193 2150 3259 (ἶ
2189 3211 2485 3269 severatis.

431 3299 697 3372 Mysiam.

956 3388 1215 3443 INCIPIT
1256 3389 1553 3444 TEXTUS.

499 3478 652 3546 (CAP.
688 3477 755 3549 Ι.)
787 3478 995 3533 Paulus
1023 3486 1073 3533 et
1101 3479 1422 3533 Timotheus.
1449 3478 1555 3533 Per
1576 3478 1684 3534 hoc
1707 3480 1859 3551 quod
1889 3482 2071 3552 Apos-

424 3567 518 3622 lus
540 3567 788 3622 aliorum
813 3582 1013 3621 secum
1042 3566 1509 3639 nominajungit,
1535 3572 1898 3623 monstratur
1918 3570 2073 3639 quod

424 3673 526 3727 per
558 3656 879 3710 multorum
912 3672 1013 3710 ora
1046 3656 1298 3727 Spiritus
1320 3662 1562 3712 sanctus
1586 3674 1769 3712 unum
1801 3656 2073 3727 exprimit

2255 3302 2438 3373 (1154)
2468 3300 2614 3365 Quia
2645 3316 2887 3357 securus
2915 3300 2987 3355 de
3032 3299 3131 3355 Dei
3183 3295 3537 3356 miseratione
3562 3280 3726 3382 conﬁdit

2182 3391 2314 3447 illos
2346 3394 2836 3463 perseveraturos,
2877 3389 3005 3445 ideo
3058 3389 3240 3445 dicit:
3294 3384 3557 3456 Conﬁdens
3584 3379 3727 3463 ΙιοσίΡζ

2181 3498 2324 3547 sum,
2346 3456 2489 3551 .quia
2519 3481 2616 3552 qui
2641 3481 2797 3551 coepit
2824 3456 2891 3534 Vin
2920 3479 3067 3534 vobis
3113 3494 3266 3551 opus,
3324 3480 3431 3531 etc.
3483 3470 3602 3526 Nota
3622 3456 3727 3552 quod

2182 3569 2276 3624 hic
2307 3549 2557 3624 destruit
2586 3549 2737 3636 illos,
2770 3568 2871 3639 qui
2916 3567 3121 3624 dicunt
3143 3549 3185 3623 a
3215 3565 3381 3623 nobis
3413 3558 3641 3617 inchoare
3661 3549 3727 3648 ξολ

2180 3658 2492 3714 num.Ecce
2514 3632 2970 3730 dicit,quiecepit:
2995 3661 3053 3713 et
3074 3658 3356 3713 Dominus
3380 3670 3391 3709 ε
3416 3652 3531 3706 Sine
3550 3632 3727 3730 ιηιηίξιξί

425 3761 686 3814 sensum,
713 3761 891 3799 unam
919 3745 1131 3800 format
1153 3745 1498 3800 doctrinam.
1529 3747 1642 3801 Nec
1673 3746 1910 3814 mirum,
1934 3746 2073 3817 quia
2174 3746 2401 3816 potestis
2458 3745 2633 3815 (Joan.
2686 3723 2779 3815 -xv,
2811 3723 2914 3816 5).:
2948 3748 3005 3799 et
3034 3743 3379 3800 Psalmista:
3435 3723 3726 3793 Misericordia

422 3833 797 3889 multitudinis
826 3834 1162 3888 credentium
1192 3842 1309 3889 erat
1357 3851 1447 3889 cor
1477 3851 1648 3890 unum
1680 3836 1815 3903 (Act.
1850 3851 1925 3902 1v,
1956 3835 2067 3905 32).

428 3922 502 3978 Ut
558 3922 692 3977 hinc
749 3924 978 3978 discant
1028 3923 1434 3994 praedicatores
1504 3942 1617 3980 uno
1680 3942 1777 3980 ore
1831 3924 2070 3980 laudare

426 4012 633 4068 Deum.
670 4005 741 4068 De
771 4030 836 4068 eo
868 4014 1022 4084 quod
1078 4030 1289 4068 nomen
1343 4031 1520 4069 suum
1572 4031 1731 4069 more
1773 4030 1978 4086 regum
2008 4014 2067 4068 in

426 4102 712 4175 principio
746 4105 908 4175 ponit
928 4102 1329 4174 epistularum,
1359 4108 1421 4157 ut
1444 4104 1789 4174 dignitatem
1814 4103 1900 4159 sui
1936 4120 2070 4174 apo-

426 4192 674 4247 stolatus
705 4193 989 4247 ostendat.
1024 4192 1102 4247 Dc
1132 4209 1197 4246 co
1231 4192 1385 4262 quod
1420 4191 1751 4262 apostolum
1802 4208 1863 4247 se
1893 4196 2064 4259 tacet,

427 4280 565 4352 quia
594 4280 711 4335 illis
742 4282 1031 4336 scribebat
1064 4280 1163 4350 qui
1197 4281 1265 4335 de
1296 4280 1394 4334 illo
1426 4285 1582 4335 recta
1613 4281 1961 4335 sentiebant.
1991 4286 2068 4336 De

425 4368 633 4424 morali
658 4370 1057 4424 instructionc.
1082 4369 1161 4423 De
1183 4385 1248 4424 eo
1272 4370 1425 4440 quod
1450 4369 1840 4425 conditionem
1875 4374 2067 4425 osten-

424 4456 530 4526 dit,
564 4474 695 4511 cum
754 4458 975 4522 subdit,
1007 4459 1188 4525 servi;
1252 4475 1366 4512 non
1425 4458 1719 4526 vitiorum,
1763 4459 1883 4527 sed,
1943 4460 2069 4514 Iesu

2178 3835 2294 3905 ejus
2313 3835 2612 3903 praeveniet
2630 3850 2716 3889 me
2737 3834 2905 3905 (Psal.
2936 3834 3151 3904 Lvm,t)
3176 3854 3190 3905 ;
3212 3837 3301 3889 et:
3334 3818 3726 3915 Misefl’cordi‘f‘m‘f

2177 3901 2545 3997 subsequatur
2562 3940 2648 3979 me
2667 3901 2838 3994 (Psal,
2862 3940 2998 3991 xxu,
3022 3924 3099 3995 6).
3126 3901 3255 3995 ipse
3276 3920 3426 3977 enim
3447 3905 3669 4004 ρτωνθξίί
3684 3901 3726 3952 ¹¹ί

2177 3994 2446 4081 velimus,
2488 4016 2544 4067 et
2582 4013 2708 4084 ipse
2748 4013 3131 4083 subsequitur
3158 3994 3242 4069 ne
3282 4007 3517 4066 inaniter
3547 3994 3725 4091 velimus

2178 4103 2523 4173 (1155),nota
2541 4102 2693 4172 quod
2713 4100 2855 4156 diem
2874 4101 3073 4156 Christi
3088 4098 3360 4167 vocat,vel
3378 4092 3726 4182 obitumtului’:

2179 4189 2970 4263 que,veldiemjudicii.Nota
2998 4190 3174 4247 etiam
3207 4189 3357 4263 quod
3388 4184 3475 4241 his
3491 4176 3644 4238 verbis
3659 4179 3722 4263 eos

2177 4256 2249 4336 ad
2269 4256 2754 4351 perseverantiam
2771 4285 3061 4351 provocat.
3078 4281 3147 4336 Et
3173 4256 3309 4337 nota
3333 4271 3653 4349 (Ιιιοίυίλδίπἠ

2178 4369 2257 4423 cit
2279 4369 2376 4424 hoc
2396 4385 2457 4423 se
2484 4370 2705 4437 sentire,
2740 4386 2805 4425 eo
2837 4371 2989 4442 quod
3022 4369 3235 4427 habeat
3263 4368 3390 4425 illos
3410 4366 3465 4419 in
3483 4352 3666 4450 cordae!
3686 4356 3725 4450 tn

2175 4461 2412 4515 vinculis
2435 4478 2447 4528 ;
2484 4460 2652 4532 quasi
2676 4459 2828 4516 dicat
2851 4478 2863 4516 :
2893 4461 3033 4518 adeo
3056 4479 3157 4517 vos
3188 4460 3380 4533 diligo,
3406 4457 3464 4509 ut
3484 4462 3571 4505 nec
3586 4447 3723 4533 vincu'

428 4546 646 4601 Christi.
681 4546 811 4602 Haec
842 4547 1094 4602 conditio
1146 4546 1394 4602 nobilior
1438 4553 1525 4603 est
1572 4548 1732 4602 omni
1762 4549 2064 4619 dignitate,
2099 4564 2145 4629 D
2179 4548 2252 4618 la,
2281 4548 2367 4604 vel
2400 4548 2628 4621 ﬂagella
2659 4550 2885 4620 possint
2913 4552 3257 4607 memoriam
3293 4532 3460 4603 vestri
3509 4532 3723 4629 auferre:

427 4636 563 4706 quia
593 4652 793 4691 servus
825 4636 1057 4704 Christi,
1089 4654 1289 4692 servus
1323 4641 1411 4692 est
1443 4638 1710 4709 justitize,
1745 4638 2065 4710 sapientia},
2116 4694 2123 4705 ‘

427 4725 733 4795 castitatis,
765 4730 822 4781 et
848 4725 939 4782 his
988 4725 1221 4781 similia.
1258 4728 1402 4782 Nam
1453 4729 1592 4798 quia
1640 4726 1854 4783 Paulus
1886 4734 1941 4783 et
1971 4727 2068 4783 Ti-

428 4814 697 4869 motheus
728 4815 1009 4882 scribunt,
1042 4816 1358 4871 videndum
1416 4821 1504 4872 est
1558 4818 1773 4887 quibus
1804 4817 1903 4883 ait,
1933 4833 2061 4871 scm-

426 4904 524 4956 etis
551 4904 833 4958 omnibus:
900 4922 1012 4959 non
1070 4904 1547 4977 Philippensihus
1606 4906 1919 4972 omnibus;
1964 4904 2066 4959 sed

2178 4638 2350 4693 corde
2401 4654 2552 4693 meo.
2612 4640 2675 4693 In
2732 4640 3050 4709 defensione
3106 4656 3258 4709 vero,
3305 4645 3353 4694 et
3404 4616 3724 4709 εοηιτππσέῖίπίξ

2176 4726 2464 4794 Evangelii
2491 4692 2631 4781 dicit
2661 4692 3590 4797 illos'sibivsocios,vsecundumhoc

2178 4815 2447 4886 superius
2481 4816 2722 4883 dixerat,
2754 4832 2917 4887 super
2943 4816 3427 4873 communicatione
3439 4786 3722 4893 υεδινατ.Νοξξ

2177 4867 3393 4980 ἔιῖιᾎξιἡ(άῖιςζιᾷἱιῖρὶέἑέτί’ῥὶέὶὶῖῥρἔῌέέε
3429 4867 3719 4982 Esaiae
