3974 5358
171 414 285 474 589

688 413 1107 475 EXPOSITIO
1151 413 1228 474 IN
1276 412 1709 476 EPISTOLAS
1754 413 2012 475 PAULI.
2046 446 2124 459 --
2153 415 2230 475 ΙΝ
2280 417 2519 478 EPIST.
2572 419 2674 478 AD
2724 419 3053 489 PHILIPP,

3461 423 3579 484 590

244 541 522 614 Sequitur
552 558 566 597 :
621 543 790 600 Testis
830 545 1000 614 enim,
1034 548 1143 601 etc.
1181 559 1194 599 :
1247 544 1305 599 id
1337 547 1448 614 est,
1482 543 1818 616 incorpora-
1850 551 1899 613 Α
1935 544 2066 599 bem
2100 545 2441 618 replentem,
2474 550 2756 619 majorem
2786 550 2835 605 oi
2875 550 3153 605 invidiam
3186 553 3576 611 cumularent.

172 632 239 699 ri,
263 631 445 703 (1156)
466 636 529 687 ut
551 631 719 688 illud.
740 634 847 701 Qui
864 633 1159 689 mandueat
1178 649 1401 688 carnem
1422 650 1621 701 meam,
1643 635 1819 699 (Joan.

172 737 244 792 vi,
275 720 368 791 57)
398 725 508 776 etc.
540 737 555 778 :
584 721 706 777 sive
736 722 818 777 ita
844 738 946 778 vos
976 721 1177 795 diligo,
1210 722 1380 795 quasi
1413 722 1633 779 viscera
1662 722 1821 776 Chri-

169 809 241 865 sti
271 808 478 880 (1157).
534 815 677 865 Cum
707 809 891 865 Deum
924 814 1137 866 testem
1171 810 1420 882 invocat,
1452 826 1568 866 non
1617 814 1822 866 contra

172 902 525 971 praeceptum
539 897 771 955 Domini
788 898 949 969 facit,
964 899 1100 970 quia
1128 900 1471 955 necessitate
1483 900 1507 971 j
1520 903 1675 965 urat;
1700 898 1823 953 vult

178 987 333 1044 enim
357 992 421 1043 ut
451 986 536 1042 illi
557 987 729 1043 ﬁdem
748 988 1275 1057 accommodent,et
1303 988 1549 1061 diligant
1579 988 1819 1059 diligen-

173 1082 313 1143 tem,
361 1081 421 1133 et
467 1081 665 1133 ament
721 1081 1015 1133 amantem
1066 1093 1148 1133 se.
1200 1077 1500 1134 Desiderat
1544 1094 1644 1133 eos
1702 1092 1816 1132 non

171 1164 411 1235 carnali,
445 1166 544 1222 sed
586 1165 836 1238 spiritali
882 1182 1080 1222 amore
1111 1166 1317 1239 (1158).

234 1273 552 1345 Sequitur:
584 1273 648 1327 Et
678 1273 777 1329 hoc
804 1288 917 1340 oro,
939 1277 1048 1330 etc.
1075 1289 1089 1328 :
1124 1274 1270 1329 Nota
1298 1274 1455 1345 quod
1487 1289 1602 1329 non
1623 1272 1816 1329 solum

172 1362 435 1434 prmeipit
455 1378 582 1433 qua:
615 1362 851 1433 iaciant,
873 1362 974 1418 sed
1006 1366 1134 1418 orat
1154 1369 1218 1418 ut
1248 1363 1499 1431 faciant;
1532 1362 1670 1435 quia
1700 1379 1815 1418 non

170 1450 392 1507 sufﬁcit
421 1467 594 1507 nosse
624 1451 781 1523 quod
811 1453 1105 1524 agendum
1135 1456 1245 1521 est,
1278 1451 1390 1508 nisi
1436 1452 1588 1508 adsit
1625 1452 1817 1524 gratia

157 1539 378 1611 juvans
407 1544 474 1596 ut
503 1539 703 1612 perﬁci
734 1539 940 1612 possit.

233 1647 516 1719 Sequitur
549 1663 563 1701 :
608 1646 669 1701 In
700 1646 954 1711 scientia,
986 1652 1095 1702 etc.
1129 1647 1275 1703 Nota
1305 1648 1457 1719 quod
1492 1647 1814 1702 scientibus

161 1735 474 1792 scientiam
495 1740 625 1791 orat
652 1734 801 1805 dari,
826 1735 967 1807 quia
996 1736 1123 1791 sine
1152 1736 1399 1791 scientia
1421 1751 1591 1791 nemo
1624 1739 1816 1808 potest

160 1823 578 1890 sinceritatem,
609 1823 667 1879 id
699 1828 787 1880 est
817 1824 1211 1897 integritatem
1242 1824 1476 1894 habere,
1501 1840 1608 1880 nec
1634 1825 1810 1896 potio-

1930 633 2074 688 Nota
2100 637 2255 705 quod
2279 637 2405 690 dum
2439 640 2660 708 species
2692 640 2853 693 bona:
2885 641 3116 694 duabus
3138 643 3442 697 contrariis
3473 662 3575 716 op-

1931 730 2256 793 ponuntur;
2278 728 2347 779 ad
2369 728 2615 797 primum
2635 729 2789 785 enim
2807 730 3118 800 respondet
3135 732 3409 796 secunda,
3431 736 3579 788 bona

1929 811 2084 866 enim
2110 812 2380 870 voluntas
2406 816 2695 872 contraria
2724 823 2811 873 est
2842 818 3171 874 invidentia:
3197 838 3210 886 ;
3244 820 3415 875 tertia
3443 838 3575 877 vero

1928 899 2172 957 adversa
2219 908 2307 957 est
2353 909 2593 974 quartae,
2626 905 2904 975 quoniam
2951 906 3204 963 charitas
3243 925 3380 980 erga
3410 909 3575 965 Chri-

1928 993 2106 1058 stum,
2123 990 2208 1045 vel
2228 993 2475 1048 Paulum
2495 1009 2608 1048 non
2636 1000 2826 1065 potest
2851 1000 3085 1067 propter
3104 999 3570 1068 persecutionem

1928 1077 2089 1133 Pauli
2118 1079 2429 1151 praedicare
2450 1081 2767 1138 Christum.
2786 1083 2921 1138 Mali
2942 1100 3068 1155 quae
3085 1102 3186 1141 sua
3211 1091 3339 1141 sunt
3362 1088 3567 1159 prsidi-

1926 1168 2109 1224 cando
2132 1180 2409 1241 quaerunt,
2426 1188 2541 1226 non
2562 1189 2678 1243 qua
2694 1174 2825 1229 Jesu
2841 1173 3047 1229 Christi
3067 1176 3330 1247 (Philipp.
3354 1193 3416 1245 ιι,
3438 1176 3529 1248 21)
3552 1194 3565 1232 :

1926 1258 2025 1312 sed
2048 1258 2181 1313 boni
2201 1258 2401 1315 ﬁdeles
2424 1277 2537 1317 non
2558 1261 2880 1333 quemlibet
2901 1262 3345 1330 bominum,sed
3370 1265 3565 1336 ipsum

1925 1345 2239 1402 Dominum
2270 1349 2606 1405 obedienter
2635 1351 2904 1418 audiunt,
2936 1352 3035 1423 qui
3068 1352 3149 1408 ait
3181 1369 3194 1407 :
3228 1368 3353 1424 quae
3380 1353 3572 1410 dicunt

1920 1437 2108 1505 facite,
2158 1442 2268 1493 etc.
2320 1438 2541 1507 (Matth.
2594 1456 2753 1508 xxm,
2800 1442 2875 1508 3).
2908 1442 3040 1496 Ideo
3072 1442 3321 1498 audiunt
3351 1442 3570 1499 utiliter

1923 1526 2100 1581 etiam
2124 1544 2252 1599 qua:
2284 1526 2506 1583 utiliter
2526 1545 2641 1583 non
2674 1534 2966 1601 aguntur;
3001 1547 3108 1585 sua
3128 1530 3284 1586 enim
3312 1548 3568 1602 quaerere

1924 1616 2204 1683 student;
2244 1615 2346 1671 sed
2378 1632 2487 1671 sua
2516 1616 2724 1672 docere
2754 1635 2869 1673 non
2902 1619 3138 1674 audent.

1995 1733 2277 1804 Sequitur
2309 1748 2321 1787 :
2376 1734 2520 1801 Quid
2550 1735 2745 1789 enim?
2772 1740 2878 1789 etc.
2913 1734 2982 1789 Et
3008 1738 3097 1790 est
3128 1751 3337 1791 sensus
3372 1753 3385 1790 :
3420 1734 3567 1800 Quid

1922 1821 2103 1888 enim,
2127 1824 2228 1877 aut
2247 1838 2426 1894 quare
2450 1838 2701 1892 movear,
2723 1828 2824 1877 aut
2848 1839 3027 1895 quare
3048 1823 3106 1877 in
3133 1822 3567 1879 tribulationem

161 1930 242 1979 ra,
261 1911 325 1968 id
362 1917 451 1968 est
471 1911 706 1969 utiliora
730 1913 996 1985 probare,
1021 1917 1078 1969 et
1100 1913 1291 1969 fructu
1316 1914 1602 1969 bonorum
1629 1913 1809 1968 abun-
1837 1918 1885 1984 Β
1918 1911 2287 1978 mittar,cum
2308 1911 2548 1966 omnino
2567 1912 2856 1983 gaudeam
2876 1912 3030 1984 quod
3049 1913 3208 1967 omni
3233 1914 3403 1968 modo
3423 1929 3570 1968 nun-

160 2003 311 2058 dare.
355 2002 424 2057 Et
452 2002 523 2057 ad
556 2001 697 2074 quid
732 2002 888 2058 hoc?
916 2002 1193 2075 Nunquid
1240 2006 1308 2057 ut
1351 2002 1460 2058 hoc
1489 2002 1811 2058 laudetur?

161 2092 299 2147 Non.
340 2091 455 2147 Sed
486 2091 558 2147 ad
589 2091 807 2146 laudem
837 2091 952 2158 Dei,
984 2094 1309 2147 secundum
1341 2090 1485 2146 illud
1521 2107 1534 2146 :
1586 2091 1814 2147 videant

164 2196 323 2251 opera
359 2186 542 2236 vestra
571 2181 730 2247 bona,
756 2185 867 2235 etc.
900 2180 1117 2248 (Matth.
1148 2197 1202 2247 ν,
1237 2181 1345 2251 16).

225 2287 417 2360 (1159)
449 2285 775 2357 Sequitur:
828 2285 981 2341 Scire
1027 2294 1212 2342 autem
1257 2303 1349 2342 vos
1398 2286 1541 2353 volo,
1584 2289 1809 2358 fratres,

170 2381 263 2433 etc.
297 2376 410 2432 His
451 2375 642 2431 verbis
690 2373 1025 2431 consolatur
1071 2391 1171 2431 eos
1218 2377 1287 2431 de
1334 2373 1812 2432 tribulationibus

166 2466 305 2522 suis.
345 2465 411 2520 Et
456 2470 545 2520 est
589 2480 800 2520 sensus
834 2480 847 2518 :
898 2464 1022 2519 Non
1068 2462 1260 2519 solum
1291 2481 1407 2520 non
1439 2464 1676 2532 obsunt,
1710 2465 1812 2521 sed

164 2555 341 2611 etiam
370 2557 640 2627 prosunt,
665 2553 807 2608 dum
830 2568 945 2608 non
976 2569 1081 2625 pro
1104 2552 1369 2625 crimine,
1394 2553 1493 2610 sed
1527 2570 1629 2626 pro
1651 2551 1815 2608 Chri-

165 2647 251 2700 sto
285 2644 497 2716 patior.

238 2750 518 2822 Sequitur
551 2766 565 2805 :
596 2751 678 2805 Ila
705 2754 766 2804 ut
794 2750 1039 2815 vincula,
1070 2753 1179 2805 etc.
1214 2750 1425 2820 Magna
1453 2748 1582 2805 laus
1613 2749 1814 2805 vincu-

165 2837 358 2896 latum
387 2857 517 2896 esse
546 2855 650 2911 pro
678 2839 902 2894 Christo
933 2840 995 2893 in
1022 2841 1174 2894 omni
1198 2840 1461 2909 pratorio
1488 2843 1539 2894 et
1568 2840 1630 2892 in
1657 2842 1815 2893 cete-

137 2921 245 2985 'ris
273 2929 547 2997 omnibus,
577 2927 635 2982 id
684 2932 793 2997 est,
827 2931 963 2982 ante
992 2942 1158 2999 reges
1204 2931 1261 2982 et
1305 2927 1363 2981 in
1396 2927 1619 2982 caeteris
1647 2926 1816 2993 locis,

160 3018 264 3074 ubi
288 3018 523 3088 judices
554 3015 831 3071 resident.
861 3014 1205 3071 Praetorium
1235 3014 1450 3070 dicitur
1479 3015 1650 3087 quasi
1680 3032 1821 3086 prie-

160 3104 517 3177 ceptorium,
542 3120 607 3159 eo
637 3107 791 3175 quod
822 3102 902 3159 ibi
934 3107 1145 3175 praetor
1173 3103 1373 3160 sedeat
1402 3104 1473 3159 ad
1504 3103 1820 3160 discutien-

1920 2001 2105 2057 tiatur
2145 2000 2461 2057 Christus?
2502 2001 2718 2056 Occasio
2748 2002 2903 2056 enim
2934 2006 3024 2057 est
3053 2002 3286 2072 quando
3319 2020 3433 2057 non
3465 2019 3568 2074 pro

1921 2107 2003 2157 se,
2037 2090 2136 2145 sed
2173 2093 2409 2161 pr0pter
2437 2088 2596 2145 aliud
2626 2088 2896 2145 Christus
2927 2090 3279 2159 praedicatur
3311 2110 3322 2146 :
3370 2091 3569 2146 veritas

1919 2195 2054 2235 vero
2075 2182 2163 2234 est
2189 2178 2421 2249 quando
2450 2193 2551 2248 pro
2585 2194 2647 2232 se
2676 2177 2802 2248 ipso
2835 2177 3102 2250 diligitur
3131 2177 3418 2234 Christus.
3454 2180 3565 2234 Sed

1921 2268 2040 2325 sive
2068 2266 2189 2338 illo,
2223 2268 2345 2321 sive
2372 2266 2484 2323 isto
2516 2266 2817 2323 nuntietur
2847 2268 3038 2335 modo,
3064 2267 3191 2323 ideo
3221 2268 3476 2339 gaudere
3505 2284 3568 2323 se

1921 2356 2080 2426 dicit,
2106 2356 2244 2427 quia
2263 2354 2530 2411 Christus
2563 2356 2921 2422 nominatur,
2942 2354 3208 2411 Christus
3240 2356 3565 2411 nuntiatur.

1921 2446 2054 2501 Ideo
2078 2444 2292 2499 Paulus
2314 2444 2625 2516 gaudebat,
2650 2443 2790 2515 quia
2817 2460 2919 2515 per
2942 2442 3177 2499 fallaces
3199 2461 3398 2499 verum
3422 2462 3568 2516 prte-

1924 2534 2246 2602 dicabatur,
2280 2539 2336 2588 et
2365 2548 2466 2604 per
2498 2532 2786 2588 malorum
2820 2549 2921 2587 ora
2952 2532 3222 2587 Christus
3253 2534 3567 2588 annuntia-

1924 2623 2115 2678 batnr.
2150 2620 2349 2677 Multis
2392 2620 2547 2676 enim
2580 2625 2827 2692 prosunt
2858 2620 3116 2676 docendo
3149 2638 3276 2693 quae
3318 2638 3432 2677 non
3488 2622 3569 2677 ta-

1923 2711 2087 2766 ciunt
2117 2727 2130 2765 :
2166 2710 2263 2765 sed
2299 2709 2469 2781 longe
2498 2709 2768 2781 pluribus
2797 2710 3159 2780 prodessent,
3195 2710 3241 2765 si
3274 2728 3342 2765 ex
3373 2711 3570 2766 animo

1923 2799 2230 2872 diligerent
2258 2815 2386 2869 quae
2416 2798 2722 2853 docebant.
2754 2798 3016 2853 Primum
3048 2798 3330 2870 gaudium
3376 2803 3465 2854 est
3511 2799 3571 2855 in

1926 2887 2228 2953 fratribus,
2253 2886 2354 2957 qui
2376 2887 2529 2941 bona
2553 2886 2880 2955 voluntate;
2906 2888 3232 2943 secundum
3256 2888 3313 2942 in
3337 2888 3450 2957 his,
3471 2889 3572 2959 qui

1926 2975 2083 3031 mala
2109 2974 2406 3030 voluntate
2436 2974 2730 3030 Christum
2772 2975 3109 3047 praedicant.

1996 3101 2183 3164 Quare
2213 3099 2483 3171 gaudeat,
2515 3099 2771 3170 exponit,
2803 3116 2936 3154 cum
2968 3100 3168 3155 subdit
3202 3118 3214 3155 :
3265 3101 3385 3155 Scio
3423 3102 3573 3156 enim

160 3194 336 3250 dum.
385 3194 667 3250 Praetores
709 3192 869 3264 dicti,
901 3192 1070 3265 quasi
1113 3197 1515 3265 praceptores,
1547 3209 1613 3248 eo
1657 3192 1815 3265 quod
1924 3191 2057 3261 quia
2085 3188 2183 3243 hoc
2212 3188 2355 3242 mihi
2382 3189 2686 3257 proveniet,
2716 3192 2825 3242 etc.
2859 3188 2927 3241 Et
2968 3194 3055 3242 est
3097 3204 3307 3243 sensus
3341 3204 3353 3241 :
3407 3190 3569 3251 Quod

157 3287 461 3356 praecepta
479 3283 643 3353 dant,
670 3282 724 3337 id
757 3285 866 3350 est,
889 3281 1165 3354 prefecti,
1193 3281 1360 3354 quasi
1388 3280 1813 3354 praepositores.
1847 3282 1889 3348 C
1927 3276 2011 3332 illi
2054 3293 2233 3332 causa
2274 3275 2547 3331 interitus
2580 3275 2695 3330 mei
2724 3275 3124 3347 pronuntiant,
3157 3276 3276 3331 scio
3308 3278 3463 3347 quod
3496 3278 3569 3332 ad

233 3390 429 3461 (1160)
459 3389 734 3461 Sequitur
764 3406 776 3445 :
834 3390 899 3446 Ut
943 3389 1149 3461 plures,
1199 3392 1333 3456 etc.,
1382 3387 1553 3460 quasi
1602 3387 1758 3444 dicat
1798 3405 1812 3446 :
1924 3364 2174 3461 s‘flmem
2206 3364 2349 3461 milli
2379 3364 2714 3461 Ρτονθηίθξῖ
2748 3365 2847 3461 se?
2882 3370 3155 3461 ορθῗδηῖθ
3186 3365 3433 3461 9bri3t0»

159 3453 331 3534 Multi
358 3453 570 3533 fratres
590 3475 855 3549 exemplo
879 3453 1246 3532 vinculorum
1279 3453 1567 3541 meo-rum.
1590 3478 1815 3548 abjecto
1926 3456 1997 3549 9d
2023 3471 2212 3510 meam
2238 3453 2491 3549 saluum}
2514 3454 3039 3549 οπλξιίδξυδθνηίίί·
3063 3453 3578 3549 διἀἀῗθξῗδινέηίῖ

161 3568 400 3631 timore,
432 3564 614 3621 libere
643 3542 957 3636 praedicent
984 3564 1305 3621 Christum.
1339 3565 1405 3620 Et
1448 3566 1590 3636 quia
1636 3542 1815 3621 variis
1924 3544 1983 3598 in
2008 3542 2757 3636 Ρτοθρθτξιω-Εῑίαωείψοιί
2779 3559 2956 3597 causa
2977 3542 3252 3597 nuntiant
3270 3543 3569 3636 Christum

164 3654 596 3713 intentionibus
647 3654 917 3710 homines
971 3654 1290 3727 praedicant
1336 3654 1657 3721 Christum,
1687 3656 1815 3711 ideo

165 3744 370 3801 subdit
405 3760 417 3798 :
469 3741 694 3814 quidam
720 3742 956 3813 quidem,
988 3746 1096 3796 etc.
1130 3741 1209 3795 Dc
1253 3758 1320 3796 eo
1370 3742 1524 3812 quod
1566 3747 1819 3813 quatuor

167 3848 613 3906 personas,qua2
632 3831 926 3886 Christum
949 3830 1285 3902 praedicant,
1302 3830 1395 3884 hic
1416 3831 1818 3886 ostendit.Sed

167 3922 360 3994 prima
381 3925 438 3976 et
458 3919 670 3975 ultima
690 3935 758 3974 ex
784 3917 1149 3990 malignitate
1170 3918 1520 3989 praedicant;
1552 3919 1680 3972 duae
1706 3934 1821 3973 me-

166 4012 271 4067 dia:
293 4027 366 4067 ex
394 4010 549 4065 bono
574 3994 792 4064 animo.
816 4008 924 4062 Sed
948 4005 1265 4061 videndum
1289 4006 1432 4079 quid
1456 4007 1608 4062 inter
1636 4022 1699 4062 se
1728 4007 1822 4062 di-

167 4105 343 4157 stent.
378 4098 576 4154 Prima
616 4102 708 4153 est
746 4097 818 4151 de
850 4094 1216 4168 malignitate
1248 4100 1486 4168 propter
1514 4095 1821 4167 invidiam,

168 4188 306 4261 quia
334 4186 555 4257 dolent,
581 4191 647 4241 ut
674 4186 834 4243 solus
865 4184 978 4242 sibi
999 4184 1256 4241 vindicet
1277 4184 1583 4241 scientiam
1615 4186 1823 4258 praedi-

167 4277 334 4334 candi
360 4294 376 4346 ;
409 4276 729 4348 praedicant
759 4279 824 4331 ut
853 4276 1121 4331 auferant
1138 4273 1410 4347 gloriam,
1436 4290 1615 4347 quam
1647 4274 1826 4331 habet

168 4367 319 4439 apud
341 4366 680 4434 credentes;
704 4363 970 4420 invident
991 4363 1169 4430 enim,
1189 4363 1331 4434 quia
1347 4363 1610 4418 sentiunt
1630 4379 1762 4419 eum
1790 4380 1826 4418 a

169 4454 282 4511 Deo
312 4454 567 4512 electum
602 4471 616 4510 :
651 4458 951 4526 postrema
978 4454 1051 4508 de
1080 4451 1234 4507 malo
1264 4455 1378 4521 est,
1412 4451 1552 4524 quia
1583 4468 1698 4507 non
1729 4467 1823 4506 ca-

169 4551 274 4614 ste,
296 4561 415 4601 non
448 4549 651 4599 sancte
681 4541 979 4598 Christum
1015 4540 1421 4612 pronuntiant,
1445 4541 1547 4596 sed
1579 4545 1644 4595 ut
1672 4541 1824 4611 Apo-

1927 3637 1990 3687 ut
2018 3648 2125 3704 ego
2155 3632 2345 3703 patiar
2387 3637 2444 3687 et
2487 3632 2732 3696 crucior,
2764 3635 2961 3686 tamen
2996 3648 3130 3702 spes
3161 3648 3292 3688 mea
3322 3631 3379 3685 in
3409 3630 3579 3686 Chri-

1927 3726 2037 3787 sto,
2057 3720 2198 3792 quia
2229 3722 2301 3775 de
2332 3720 2425 3775 his
2453 3721 2731 3775 omnibus
2753 3725 3024 3792 exspecto
3058 3721 3407 3783 mercedem,
3432 3724 3488 3774 et
3518 3724 3584 3773 ut

1927 3813 2342 3865 convertantur
2373 3809 2654 3863 sustineo.
2690 3810 2806 3864 Hoc
2838 3809 2962 3864 loco
2995 3827 3107 3863 non
3155 3816 3241 3863 est
3293 3809 3582 3877 accipien-

1929 3898 2093 3962 dum,
2120 3901 2185 3951 ut
2206 3897 2447 3967 quidam
2473 3902 2700 3967 putant,
2728 3898 3194 3967 praedicationem
3222 3897 3437 3952 Christi
3469 3896 3587 3951 ba:-

1932 3984 2127 4040 reticis
2183 3985 2254 4039 ab
2301 3986 2577 4053 Apostolo
2630 4001 2757 4038 esse
2802 4001 3163 4047 concessam,
3199 3990 3263 4039 ut
3295 3985 3588 4055 quomodo

1931 4072 2131 4127 volunt
2163 4070 2462 4127 Christum
2495 4072 2847 4142 praedicent;
2882 4073 2983 4126 sed
3016 4072 3156 4143 quia
3200 4089 3266 4127 eo
3307 4079 3587 4143 tempore,

1933 4177 2050 4232 quo
2082 4159 2400 4232 Apostolus
2440 4160 2705 4224 docebat,
2738 4164 2904 4214 erant
2956 4160 3057 4230 qui
3108 4159 3237 4215 idco
3286 4161 3585 4216 Christum

1933 4250 2344 4322 prmdicarent,
2378 4253 2442 4304 ut
2494 4248 2777 4318 majorem
2814 4248 3276 4320 persecutionem
3308 4249 3588 4305 adversus

1934 4336 2285 4409 Apostolum
2319 4338 2659 4405 excitarent,
2693 4335 2835 4392 dicit
2885 4353 2947 4392 se
2993 4337 3266 4409 gaudere,
3301 4337 3421 4392 sive
3450 4337 3591 4409 quia

1934 4426 2205 4482 Christus
2230 4443 2461 4498 quoque
2486 4426 2657 4481 modo
2679 4426 3005 4496 nuntiatur,
3036 4426 3156 4482 sive
3180 4426 3319 4499 quia
3342 4424 3587 4482 tribula-

1934 4514 2200 4571 tionibus
2234 4532 2456 4571 merces
2486 4518 2753 4586 augetur.

172 4634 315 4690 stolo
339 4636 610 4690 noceant.
630 4634 776 4689 Cum
801 4630 958 4687 enim
986 4634 1184 4702 aperte
1208 4633 1492 4701 negarent
1506 4628 1826 4696 Christum,
1857 4646 1904 4710 D
2011 4632 2293 4702 Sequitur
2326 4647 2339 4685 :
2393 4633 2540 4701 Quia
2584 4634 2645 4686 in
2671 4633 2826 4687 nullo
2855 4633 3189 4705 confundar,
3221 4638 3355 4699 etc.,
3389 4632 3447 4687 id
3479 4637 3588 4699 est,

174 4720 470 4790 ﬁngebant
496 4719 798 4775 Christum
832 4716 1166 4790 praedicare,
1200 4720 1267 4771 ut
1295 4715 1734 4773 tribulationem
1766 4723 1825 4773 et

178 4812 458 4881 majorem
489 4807 748 4864 dolorem
779 4805 1095 4879 Apostolus
1125 4805 1448 4864 habuisset.
1478 4806 1608 4863 Sive
1636 4823 1704 4862 ea
1731 4806 1821 4862 in-

176 4899 429 4955 tentione
451 4899 865 4971 praedicabant,
891 4901 954 4952 ut
973 4900 1283 4971 gravarent
1304 4901 1341 4949 A
1351 4896 1668 4969 postolum,
1685 4913 1827 4968 qua-

178 4987 224 5041 si
251 4988 449 5059 plures
480 4987 802 5061 discipulos
832 4987 1166 5053 facientem,
1197 4990 1256 5042 et
1293 4986 1560 5043 doctrina
1592 5003 1701 5043 sua
1730 5003 1825 5043 or-

248 5236 427 5276 ΙΗΚΑ)
462 5237 520 5276 In

578 5242 756 5276 culina
830 5236 1038 5276 Iaa‘iinn
1083 5239 1424 5276 inﬂirnnnnh‘
1487 5238 1691 5276 Vianm
1739 5244 1826 5276 nal-

1934 4721 1996 4776 in
2028 4718 2191 4775 nullo
2213 4736 2443 4792 genere,
2468 4736 2584 4791 quo
2614 4720 2883 4776 Christus
2905 4721 3210 4776 nuntiatur
3238 4738 3250 4775 :
3287 4735 3593 4791 nunquam

1932 4808 2093 4866 enim
2125 4809 2493 4879 erubescam,
2527 4808 2626 4862 sed
2681 4810 2737 4862 in
2789 4814 3035 4881 utroque
3081 4809 3365 4880 gaudebo.
3401 4808 3507 4876 Qui
3543 4811 3595 4863 et

1931 4915 2105 4968 nunc,
2136 4903 2188 4955 et
2216 4914 2457 4970 semper,
2477 4896 2618 4951 dicit
2649 4897 3024 4969 magnificare
3052 4897 3349 4953 Christum
3381 4898 3442 4953 in
3475 4913 3595 4952 cor-

1934 5006 2073 5063 pore
2097 5005 2228 5057 suo,
2260 4988 2401 5059 quia
2423 5002 2557 5043 cum
2588 5002 2801 5058 corpus
2822 4985 3014 5059 ipsius
3030 4985 3218 5057 pcenis
3239 4986 3591 5053 afficeretur,

3384 5231 3600 5268 Πηιηηῖἕ

2552 5238 2887 5272 Ηῖῄπηηῖιηηῖ
2967 5250 3067 5270 an"
3131 5235 3324 5268 ΠΛΗΙςη

2011 5241 2056 5274 ll
2074 5240 2199 5274 IK‘7\
2231 5238 2332 5274 “in
2385 5238 2481 5272 τις..
