3974 5358
427 408 534 464 591

1454 402 1790 460 AT'l‘ONlS
1841 401 2414 459 VEHCELLENSIS
2465 400 2808 460 EPISCOPI
3667 409 3750 471 592

430 538 527 593 ille
560 536 869 608 praedicare
900 535 1194 591 Christum
1229 552 1340 588 non
1376 533 1715 587 desistebat.
1749 533 1817 586 Et
1846 531 1953 584 hoc
1985 535 2074 584 est
2102 532 2154 596 Α
2188 532 2415 586 manebo
2447 549 2466 583 :
2515 549 2644 586 vere
2694 538 2757 588 ut
2807 537 2988 604 pater,
3023 548 3153 588 vere
3203 536 3266 588 ut
3317 533 3558 591 famulus
3582 537 3681 604 Dei,
3704 545 3753 597 de

432 628 584 700 quod
619 627 855 680 subdit:
889 627 1001 680 sive
1025 641 1124 695 per
1154 627 1340 686 vitam,
1371 628 1484 676 sive
1513 640 1608 693 per
1636 626 1863 676 mortem
1881 638 1899 679 .·
1936 637 2000 674 ac
2023 620 2071 673 si

432 716 635 772 dicat:
690 715 746 769 Si
801 713 1099 770 tolerando
1156 731 1354 785 poenas
1404 712 1615 779 vixero,
1667 710 2075 781 prazdicabitur

432 805 714 865 Christus,
750 809 806 857 et
836 804 883 858 si
915 804 1100 875 pcenis
1134 807 1404 856 mortuus
1437 801 1618 864 fuero,
1652 799 1839 870 magis
1874 796 2074 868 praedi-

433 894 662 949 cabitur
681 892 949 948 Christus
971 893 1185 962 (1161);
1210 907 1341 947 cum
1365 889 1616 944 viderint
1640 905 1730 942 me
1762 904 1865 941 nec
1889 886 2075 957 pomis

433 983 734 1049 detritum,
759 982 970 1052 (1162),
996 998 1099 1036 nec
1128 986 1314 1035 morte
1335 981 1700 1043 revocatum;
1727 976 1826 1031 sed
1855 976 1912 1029 in
1939 992 2074 1046 pra:-

434 1072 723 1126 dicatione
765 1086 1183 1142 perseverasse.

505 1160 784 1231 Sequitur
813 1175 828 1213 :
884 1160 1015 1213 Mihi
1059 1161 1207 1214 enim
1235 1160 1416 1212 vivere
1460 1156 1700 1210 Christus
1731 1163 1830 1221 est,
1865 1159 1974 1208 etc.
2009 1153 2079 1207 Et

435 1252 524 1306 est
548 1265 759 1303 sensus
783 1264 800 1302 :.
827 1246 998 1302 Nulla
1023 1246 1164 1301 mihi
1187 1245 1455 1301 voluntas
1479 1250 1561 1300 est
1583 1242 1675 1298 hic
1697 1243 1947 1308 vivendi,
1965 1241 2076 1296 nisi

436 1343 502 1392 ut
533 1355 744 1409 corpus
774 1335 1052 1391 aedificem
1083 1335 1346 1405 exemplo
1380 1349 1528 1388 meo.
1566 1333 1807 1388 Mortem
1843 1348 1954 1386 non
2005 1330 2078 1384 ti-

437 1443 586 1491 meo,
607 1427 746 1497 quia
766 1428 982 1482 l-ucrum
1009 1431 1096 1479 est
1129 1425 1268 1478 mihi
1299 1426 1460 1479 mori.
1493 1425 1681 1478 Vivere
1711 1428 1904 1475 autem
1938 1420 2081 1474 mihi

437 1516 680 1571 Christus
700 1521 804 1585 est,
827 1532 965 1586 quia
995 1515 1090 1585 qui
1126 1514 1184 1567 in
1221 1513 1318 1567 illo
1345 1518 1560 1584 sperat,
1583 1526 1816 1582 semper
1836 1509 1992 1574 vivit,
2023 1514 2079 1564 et

436 1620 609 1667 nunc,
635 1610 691 1659 et
721 1604 1115 1674 postmodum.
1141 1601 1294 1656 Nihil
1331 1617 1467 1672 ergo
1501 1601 1644 1654 illud
1676 1604 1782 1667 est,
1812 1600 1967 1670 quod
1994 1598 2074 1652 illi

435 1698 636 1768 agunt.
671 1694 799 1748 Sive
829 1693 1120 1760 occidant,
1153 1691 1271 1745 sive
1306 1689 1488 1762 poenis
1520 1689 1793 1752 lacerent,
1821 1688 1961 1741 mihi
1997 1688 2076 1742 nil

436 1785 643 1838 horum
680 1787 864 1846 nocet,
899 1780 1036 1853 quia
1067 1782 1205 1834 mihi
1237 1783 1433 1844 vivere,
1465 1784 1573 1833 etc.
1609 1780 1768 1848 Quod
1796 1781 1847 1832 si
1879 1779 2076 1842 vivere,

435 1876 543 1926 etc.
570 1871 715 1934 Quia
741 1871 1012 1943 superius
1043 1870 1265 1925 dixerat
1289 1888 1301 1924 :
1337 1870 1467 1923 Mihi
1496 1871 1677 1923 virere
1703 1867 1948 1922 Christus
1970 1877 2045 1922 est
2059 1887 2081 1932 ;
2111 1905 2158 1970 B

435 1964 492 2015 et
522 1959 808 2015 incertum
829 1963 954 2015 erat
973 1959 1044 2015 de
1075 1976 1190 2030 qua
1221 1958 1336 2013 vita
1359 1958 1622 2028 dixisset,
1645 1975 1717 2013 an
1741 1958 1810 2012 de
1842 1957 1974 2024 ista,
2004 1975 2076 2012 an

435 2050 506 2104 de
537 2048 755 2117 futura,
790 2048 917 2104 ideo
949 2048 1180 2118 adjecit,
1215 2049 1284 2103 de
1315 2048 1450 2119 ista,
1483 2064 1609 2119 quas
1655 2049 1713 2102 in
1757 2062 1923 2101 carne
1965 2049 2073 2100 est.

434 2143 597 2206 Cum,
632 2137 844 2209 inquit,
877 2139 937 2192 in
975 2154 1140 2193 carne
1171 2155 1326 2202 sum,
1357 2140 1569 2208 fructus
1598 2137 1734 2190 mihi
1767 2137 1946 2204 operis
1976 2140 2076 2189 est.

435 2227 540 2292 Qui
575 2227 798 2281 fructus
817 2225 844 2280 ‘l
895 2226 964 2282 Ut
994 2227 1301 2298 prmdicem
1334 2226 1653 2293 Christum,
1690 2230 1751 2280 ut
1781 2224 2081 2279 salventur

435 2313 625 2386 multi,
658 2319 714 2371 et
746 2314 1113 2370 illuminetur
1142 2316 1419 2372 mundus.
1454 2315 1554 2369 Isti
1586 2318 1724 2369 sunt
1755 2315 1984 2368 fructus
2015 2313 2074 2366 in

433 2419 605 2459 carne
634 2402 898 2458 viventis.

501 2489 809 2562 Sequitur:
846 2493 918 2545 Et
946 2491 1077 2561 quid
1105 2491 1335 2560 eligam,
1369 2492 1578 2560 ignoro.
1614 2493 1678 2543 Et
1709 2495 1798 2544 est
1828 2505 2072 2545 sensus:

433 2578 489 2632 Si
523 2579 757 2646 morior,
782 2579 1013 2635 lucrum
1042 2579 1248 2644 habeo,
1270 2580 1406 2650 quia
1427 2579 1496 2634 ad
1527 2578 1692 2634 illum
1715 2579 1882 2644 vado,
1903 2595 2076 2650 quem

435 2667 654 2739 diligo;
687 2685 944 2735 rursum,
979 2669 1028 2724 si
1061 2669 1154 2723 hic
1183 2668 1329 2734 vivo,
1362 2670 1613 2723 fructum
1647 2669 1838 2740 operis
1871 2669 2077 2736 habeo,

435 2756 881 2828 evangelizando
912 2757 1235 2823 Christum,
1281 2762 1337 2811 et
1389 2758 1460 2811 ad
1513 2757 1685 2812 fidem
1736 2758 2079 2812 adducendo

436 2846 674 2902 multos.
713 2847 867 2912 Ideo,
903 2846 1118 2917 inquit,
1153 2847 1346 2901 nescio
1394 2851 1590 2901 utrum
1624 2851 1870 2901 mortem
1906 2863 2080 2918 appe-

436 2941 581 3002 tam,
613 2953 686 2989 an
719 2935 910 2990 adhuc
944 2935 1002 2989 in
1033 2936 1153 2991 vita
1184 2951 1477 2990 maneam.

504 3025 780 3095 Sequitur
813 3040 825 3078 :
881 3024 1137 3079 Coarctor
1185 3027 1371 3078 autem
1417 3040 1444 3078 e
1494 3023 1723 3089 duobus,
1757 3026 1864 3077 etc.
1897 3023 1978 3078 De
2015 3039 2081 3078 eo

439 3112 592 3184 quod
626 3113 829 3168 beatus
855 3112 1217 3184 Augustinus
1238 3112 1378 3167 dicit
1401 3113 1682 3166 incertum
1709 3127 1836 3166 esse
1859 3117 2080 3178 utrum,

2184 621 2413 674 duabus
2447 621 2868 692 cupiditatibus
2912 627 3167 676 arctatus
3212 621 3388 694 elegit
3435 641 3642 682 manere
3681 647 3755 700 pro

2185 707 2337 763 aliis.
2360 710 2717 777 Permanebo,
2743 709 2967 780 inquit;
3001 710 3058 764 id
3088 714 3195 777 est,
3221 727 3406 782 usque
3432 711 3497 766 ad
3523 715 3758 784 perfectio-

2188 814 2318 852 nem
2355 799 2638 864 manebo;
2683 797 2739 853 id
2789 803 2897 864 est,
2929 815 3108 854 causa
3154 799 3326 855 vestri
3376 802 3659 872 profectus,
3684 823 3760 877 per

2189 887 2556 957 praesentiam
2593 904 2781 943 meam
2813 889 3002 943 denuo
3033 889 3187 960 apud
3221 906 3361 957 vos;
3392 889 3446 944 id
3478 897 3576 962 est,
3606 899 3660 948 ut
3681 911 3759 969 ego

2187 992 2440 1046 praesens
2499 976 2768 1038 sentiam.
2829 978 3327 1047 quemadmodum
3393 978 3565 1051 gloria
3615 988 3762 1041 vestra

2186 1064 2451 1131 exsultet,
2475 1074 2524 1119 et
2556 1066 2796 1120 abundet
2817 1067 2874 1121 in
2911 1066 3151 1132 Christo;
3181 1067 3336 1138 quod
3367 1067 3637 1126 Christum
3663 1072 3759 1127 dili-

2188 1153 2326 1225 gitis
2353 1171 2364 1220 ;
2398 1155 2549 1224 quod
2577 1153 2802 1210 Christo
2837 1155 3103 1222 servitis;
3135 1157 3292 1226 quod
3314 1155 3520 1212 Christi
3545 1175 3632 1215 vos
3647 1164 3759 1217 seni

2189 1244 2480 1312 gaudetis.

2261 1332 2536 1402 Sequitur
2564 1351 2577 1388 :
2613 1334 2840 1388 Tantum
2868 1332 3031 1402 digne
3059 1335 3356 1403 Evangelia
3380 1335 3569 1391 Christi
3591 1353 3758 1394 convcr-

2188 1422 2414 1475 samini.
2440 1421 2685 1492 Dignam
2706 1420 2830 1476 vult
2849 1439 2946 1478 eos
2977 1422 3189 1478 habere
3209 1425 3689 1494 conversationem,
3709 1446 3758 1486 ne

2191 1511 2465 1582 poeniteat
2493 1527 2625 1566 eum
2667 1511 2921 1567 voluisse
2965 1528 3266 1568 remanere
3314 1513 3371 1568 in
3421 1531 3600 1570 carne.
3627 1515 3756 1588 Digne

2187 1605 2561 1656 conversatur
2586 1599 3028 1674 Evangelio,qui
3046 1603 3372 1659 secundum
3397 1604 3519 1673 ejus
3538 1611 3750 1678 praecepta

2188 1688 2345 1756 vivit,
2374 1689 2472 1760 qui
2497 1706 2658 1760 spem
2693 1707 2858 1744 suam
2887 1689 2946 1744 in
2971 1688 3071 1744 illo
3101 1689 3364 1746 collocat.
3389 1691 3562 1755 Quam
3582 1709 3751 1749 conver-

2189 1779 2474 1833 sationem
2496 1779 2732 1850 exponit
2755 1779 3001 1834 dicendo
3027 1796 3039 1834 :
3076 1781 3138 1835 Ut
3167 1782 3285 1835 sive
3312 1797 3434 1835 cum
3461 1797 3651 1836 venero.
3670 1782 3753 1838 Uno

2188 1867 2342 1921 enim
2375 1867 2584 1939 spiritu
2614 1872 2786 1935 stare,
2813 1868 3169 1923 unanimiter
3198 1869 3482 1935 laborare,
3503 1869 3650 1942 digne
3666 1887 3741 1926 con

2189 1955 2406 2011 versari
2433 1961 2523 2011 est
2545 1956 2877 2029 Evangelio.
2903 1957 2971 2012 Et
2990 1962 3080 2012 est
3101 1957 3265 2013 ordo.
3291 1958 3684 2014 Conversamini
3700 1960 3758 2013 di-

2188 2060 2321 2116 gne,
2356 2049 2420 2100 ut
2449 2045 2620 2114 digne
2649 2046 2721 2100 de
2749 2046 2914 2100 vobis
2944 2046 3202 2118 audiam,
3234 2049 3368 2119 quia
3407 2047 3555 2103 statis
3597 2050 3645 2104 in
3681 2064 3756 2103 uno

2188 2136 2425 2204 spiritu;
2457 2134 2684 2188 audiam
2713 2144 2900 2190 autem
2927 2137 3143 2202 absens,
3173 2135 3262 2191 vel
3294 2137 3517 2192 videam
3546 2153 3753 2208 presens.

2263 2224 2330 2277 Et
2377 2223 2544 2295 quasi
2593 2223 3010 2297 interrogasset
3056 2241 3191 2280 eum
3231 2225 3466 2298 aliquis,
3497 2241 3652 2298 quare
3672 2231 3752 2281 tam

2192 2327 2541 2383 magnopere
2558 2313 2934 2367 commendas
2954 2313 3236 2368 unitatem
3257 2313 3495 2385 spiritus
3513 2318 3565 2368 et
3579 2313 3753 2380 laboris,

2188 2401 2312 2472 ipse
2344 2399 2548 2472 aperit,
2575 2417 2706 2456 cum
2740 2401 2981 2457 subdit:
3019 2406 3086 2459 Ut
3115 2403 3171 2457 in
3203 2403 3360 2458 nullo
3391 2401 3755 2458 terreamini.De

2189 2506 2254 2544 eo
2277 2489 2428 2561 quod
2457 2490 2624 2560 quasi
2652 2491 2768 2544 dux
2789 2490 2956 2546 docet
2977 2507 3115 2546 suos
3142 2495 3206 2545 ut
3226 2491 3347 2547 sint
3369 2491 3753 2557 unanimes,non

2189 2577 2381 2645 divisi,
2419 2583 2480 2632 ut
2507 2577 2807 2632 victoriam
2839 2579 3098 2650 capiant,
3129 2583 3184 2634 et
3234 2596 3352 2635 non
3397 2585 3681 2636 terreantur
3707 2580 3754 2633 ab

2189 2666 2557 2722 adversariis.
2587 2666 2816 2732 Quare?
2847 2668 2992 2732 Quia
3017 2668 3100 2722 eis
3131 2668 3231 2740 qui
3267 2685 3370 2740 pro
3393 2669 3599 2725 Christo
3621 2668 3752 2722 tribu-

2188 2755 2384 2810 lantur
2414 2757 2484 2810 ad
2517 2755 2763 2810 salutem
2796 2756 3060 2828 proﬁcit:
3094 2756 3212 2812 illis
3237 2775 3372 2814 vero
3398 2759 3490 2830 qui
3519 2757 3752 2824 tribulaut,

2190 2844 2262 2900 ad
2296 2843 2631 2916 perniciem.
2657 2849 2724 2899 Et
2753 2846 2891 2916 quia
2913 2844 3219 2917 multiplex
3249 2853 3341 2903 est
3371 2847 3476 2902 iste
3499 2846 3752 2913 conﬂictus,

2190 2933 2316 2990 ideo
2349 2934 2492 2988 dicit
2525 2951 2537 2988 :
2571 2935 2632 2989 In
2661 2935 2816 2989 nullo
2846 2937 3172 2990 terreamini
3189 2952 3208 2996 .·
3240 2935 3300 2991 id
3333 2940 3441 3003 est,
3467 2952 3560 2991 nec
3587 2933 3753 2990 callidis

2190 3021 2709 3093 disputationibus,
2744 3039 2932 3094 neque
2977 3024 3375 3096 passionibus,
3410 3041 3582 3096 neque
3604 3037 3754 3095 oppro-

2192 3110 2354 3166 briis.
2382 3111 2460 3166 De
2480 3127 2545 3166 eo
2569 3111 2720 3182 quod
2755 3111 2862 3167 iste
2887 3112 3050 3167 locus
3072 3116 3130 3167 et
3160 3119 3463 3187 martyres,
3484 3119 3536 3169 et
3562 3111 3756 3167 membra

436 3202 644 3257 duobus
694 3202 1180 3272 concupiicentiam
1210 3201 1394 3271 (1163)
1443 3201 1666 3265 habens,
1715 3217 1787 3254 an
1837 3207 2085 3257 coarctor
2132 3271 2138 3272 ί
2193 3199 2406 3255 Christi
2439 3199 2591 3254 inter
2634 3200 2899 3256 membra
2929 3200 3143 3256 diaboli
3176 3203 3530 3259 decertantia
3555 3199 3753 3257 corrobo-

437 3299 622 3346 autem
651 3306 680 3345 e
709 3271 960 3346 duobus:
991 3294 1056 3344 ut
1084 3289 1229 3344 illud
1262 3291 1652 3360 adjungatur:
1688 3291 2080 3360 Concupiscen-
2112 3271 2156 3338 (ἶ
2196 3292 2304 3344 rat.

436 3382 575 3434 tiam
605 3379 808 3434 habens
846 3378 1074 3433 dissolvi
1123 3382 1175 3432 et
1229 3394 1342 3433 esse
1383 3394 1505 3432 cum
1537 3377 1771 3442 Christo,
1806 3379 1905 3433 sed
1939 3394 2082 3449 quo-

437 3468 596 3522 niam
631 3467 711 3521 ita
741 3466 960 3532 subdit,
993 3465 1169 3521 multo
1198 3468 1347 3521 enim
1375 3467 1553 3534 magis
1583 3468 1850 3537 Optimum
1877 3467 2082 3537 (1164),

437 3556 550 3611 ista
583 3555 886 3628 particula,
921 3555 974 3609 id
1010 3561 1118 3620 est,
1151 3557 1318 3619 enim,
1354 3554 1523 3609 solvit
1553 3554 1702 3609 hanc
1733 3555 2084 3626 ambiguita-

437 3649 578 3700 tem.
605 3646 953 3716 lnterpretes
973 3660 1124 3711 vero,
1151 3645 1251 3715 qui
1275 3644 1422 3698 hanc
1445 3642 1832 3714 abstulerunt,
1859 3643 1958 3698 illa
1983 3645 2086 3698 du-

442 3735 517 3790 cti
543 3739 680 3789 sunt
699 3734 1006 3798 sententia,
1032 3739 1095 3787 ut
1117 3750 1228 3788 non
1253 3731 1442 3788 solum
1468 3732 1736 3803 compelli
1769 3749 1799 3787 e
1833 3733 2082 3801 duobus,

442 3823 544 3878 sed
576 3822 752 3877 etiam
786 3823 1037 3876 duorum
1072 3821 1283 3876 habere
1306 3821 1837 3892 concupiscentiam
1869 3821 2086 3876 videre-

444 3917 557 3966 tur.
607 3911 700 3966 Sic
755 3925 891 3981 ergo
944 3910 1424 3981 distinguendum
1474 3915 1609 3964 est:
1663 3910 1810 3977 Quod
1857 3911 2082 3979 eligam,

440 4003 633 4070 ignoro
658 4016 678 4060 ,ο
710 4009 951 4054 coarctor
977 4007 1157 4053 autem
1203 4016 1234 4053 e
1279 3999 1503 4054 duobus.
1539 4000 1720 4062 Quam
1756 3999 2082 4054 distinctio-

444 4104 578 4143 nem
629 4087 894 4160 sequitur
927 4105 940 4141 :
995 4087 1500 4158 Concupiseentiam
1544 4088 1749 4143 habens
1778 4088 2006 4143 dissolvi
2036 4093 2086 4143 et

443 4193 550 4232 esse
598 4193 719 4232 cum
771 4176 1002 4232 Christo.
1056 4177 1122 4231 Et
1174 4182 1453 4247 tanquam
1503 4183 1856 4248 quaerentur,
1905 4193 2085 4248 quare

443 4266 618 4336 hujus
649 4267 724 4320 rei
750 4266 960 4320 habeat
980 4266 1532 4336 concupiscentiam,
1552 4267 1720 4320 multo
1745 4267 1920 4336 magis
1943 4269 2084 4336 opti-

439 4371 609 4421 mum,
642 4354 850 4425 inquit.
885 4353 999 4408 Cur
1030 4369 1164 4425 ergo
1212 4371 1242 4407 c
1282 4354 1512 4408 duobus
1543 4353 1858 4409 coarctaris
1879 4354 1906 4408 ‘l
1937 4354 2084 4419 Quia

440 4446 528 4496 est
555 4442 828 4497 manendi
854 4443 1173 4497 necessitas
1205 4441 1261 4496 in
1288 4459 1480 4497 carne.
1510 4443 1668 4510 Ecce,
1696 4459 1828 4497 cum
1853 4443 2084 4499 duobus

441 4535 784 4596 coarctetur,
820 4531 995 4584 habet
1034 4530 1413 4602 cupiditatem
1465 4531 1775 4601 moriendi,
1810 4531 1982 4587 habet
2029 4538 2085 4587 et

2263 3376 2537 3448 Sequitur
2568 3395 2580 3434 :
2632 3378 2696 3433 Et
2721 3379 2819 3433 hoc
2846 3395 2882 3433 a
2912 3383 3053 3448 Deo,
3087 3383 3198 3436 etc.
3227 3397 3239 3436 :
3291 3381 3353 3436 id
3383 3385 3486 3447 est,
3517 3396 3549 3436 a
3575 3383 3658 3434 Deo
3674 3374 3746 3428 hoc

2193 3472 2486 3537 operatur,
2510 3472 2574 3522 ut
2604 3468 2761 3538 quod
2784 3467 2914 3524 aliis
2943 3473 3034 3524 est
3063 3469 3334 3541 perditio,
3357 3469 3514 3526 vobis
3537 3467 3603 3523 sit
3626 3462 3751 3521 salvt-

2194 3554 2293 3610 tio.
2318 3559 2382 3609 In
2405 3555 2620 3626 quibus
2650 3555 2759 3612 hoc
2781 3557 3096 3628 operatur?
3126 3558 3189 3613 In
3220 3559 3408 3626 vobis,
3434 3558 3623 3630 quibus
3637 3554 3754 3608 dona-

2193 3652 2309 3698 tum
2329 3647 2426 3710 est,
2450 3648 2560 3698 etc.
2583 3649 2929 3716 Quanquam
2953 3647 3214 3702 studiose
3238 3647 3542 3720 Apostolus
3563 3642 3645 3701 Dei
3661 3656 3752 3713 gra-

2195 3732 2334 3786 tiam
2369 3733 2424 3787 in
2457 3733 2732 3788 omnibus
2754 3733 3010 3801 extollat,
3035 3736 3106 3789 ad
3139 3734 3374 3792 laudem
3397 3742 3573 3792 tamen
3593 3730 3752 3799 Philip-

2194 3819 2462 3889 pensium
2518 3820 2787 3890 pertinet,
2821 3822 2976 3891 quod
3026 3821 3190 3892 dicit,
3225 3840 3258 3878 a
3310 3825 3423 3880 Deo
3467 3826 3615 3878 Patre
3654 3813 3756 3888 ipsis

2193 3907 2476 3961 donatum
2511 3913 2574 3962 ut
2602 3909 2840 3963 credant
2869 3913 2926 3964 et
2955 3909 3254 3981 patiantur
3279 3929 3378 3984 pro
3409 3912 3600 3967 Christo
3625 3925 3640 3960 :
3674 3918 3752 3958 non

2193 3996 2348 4050 enim
2371 3995 2476 4052 hoc
2492 3998 2754 4052 concedit
2772 3999 3204 4065 autdonat,nisi
3225 3991 3752 4057 amatoribusChristi,

2195 4101 2343 4155 quos
2374 4085 2497 4156 ipse
2519 4102 2713 4141 amare
2743 4104 2805 4142 se
2834 4088 2984 4142 fecit.
3011 4089 3157 4144 Nam
3189 4089 3360 4146 multi
3387 4091 3584 4146 habent
3609 4084 3753 4142 ﬁdem,

2194 4175 2292 4228 sed
2322 4191 2435 4229 non
2463 4178 2685 4229 tantam
2710 4181 2774 4229 ut
2794 4181 3034 4247 possent
3060 4179 3177 4250 pati
3207 4196 3310 4251 pro
3332 4179 3564 4236 Christo.
3585 4175 3642 4230 Et
3658 4168 3755 4242 quia

2194 4263 2514 4320 dixerat'eis
2527 4263 2723 4319 datam
2743 4269 2807 4320 ut
2823 4265 3120 4337 patiantur
3136 4285 3239 4340 pro
3253 4256 3751 4336 Christo,subjunxii,

2192 4357 2462 4410 certamen
2475 4393 2486 4406 .

2265 4441 2571 4513 Sequitur:
2607 4441 2754 4498 Idem
2781 4452 3071 4514 certamen,
3099 4450 3210 4502 etc.
3238 4462 3251 4501 :
3287 4447 3344 4502 id
3374 4449 3478 4511 est,
3503 4442 3616 4498 nolo
3641 4438 3754 4493 hunc

2193 4531 2472 4602 ignoretis
2504 4546 2747 4602 agonem
2781 4549 2793 4599 ;
2845 4533 2967 4603 ipse
3017 4537 3106 4588 est
3151 4549 3325 4604 quem
3365 4530 3574 4589 vidistis
3600 4528 3649 4582 in
3672 4537 3750 4585 me,

438 4619 840 4674 necessitatem
864 4617 918 4672 in
940 4636 1111 4674 carne
1130 4619 1786 4692 manendi.0quantum
1807 4623 2078 4676 allectum
2118 4641 2160 4703 n
2193 4621 2277 4674 vel
2311 4619 2559 4673 audistis
2589 4635 2659 4674 ex
2697 4636 2788 4675 me
2817 4645 2831 4687 ;
2880 4621 2938 4676 id
2970 4626 3078 4690 est,
3110 4638 3326 4691 carcer,
3357 4627 3571 4684 catenae,
3599 4615 3752 4685 ﬂag":

437 4708 766 4763 dilectionis
790 4707 993 4762 habuit
1024 4708 1132 4762 iste
1153 4724 1290 4779 erga
1311 4709 1643 4764 credentes!
1670 4710 1776 4772 Qui
1802 4727 1902 4781 pro
1924 4710 2078 4782 aliis,

438 4817 549 4854 non
575 4799 727 4870 quod
762 4798 870 4852 sibi
896 4798 1205 4868 optimum,
1231 4799 1330 4852 sed
1362 4800 1514 4869 quod
1543 4801 1936 4854 necessarium
1960 4806 2083 4855 erat

436 4888 586 4950 aliis,
611 4887 802 4958 elegit,
829 4887 1111 4942 dicendo:
1145 4896 1194 4942 et
1224 4889 1320 4942 hoc
1341 4888 1634 4956 conﬁdens,
1658 4894 1766 4942 etc.
1792 4889 1929 4949 Quis
1963 4906 2078 4943 non

435 4977 584 5031 tertii
618 4977 743 5030 cccli
777 4975 1024 5045 cupidus
1056 4976 1380 5047 despiceret
1406 4981 1675 5030 terrena?
1705 4977 1845 5040 Quis
1875 4977 2080 5031 avidus

2192 4712 2246 4762 et
2292 4713 2496 4762 caetera
2543 4708 2701 4764 talia.
2735 4709 2814 4764 De
2858 4726 2923 4765 eo
2972 4711 3126 4781 quod
3177 4710 3291 4766 alia
3337 4711 3594 4775 viderant,
3620 4699 3751 4757 idest

2189 4797 2341 4867 apud
2377 4813 2458 4861 se,
2492 4802 2548 4851 et
2576 4795 2690 4852 alia
2719 4798 3046 4866 audierant,
3080 4800 3136 4854 id
3180 4807 3290 4872 est,
3324 4817 3444 4872 quas
3472 4795 3548 4852 vel
3574 4794 3748 4849 Jeroso'

2189 4884 2360 4956 Iymis
2392 4884 2477 4939 vel
2524 4885 2714 4940 Romae
2750 4887 3082 4958 pertulerat.

2262 4974 2416 5044 (CAP.
2453 4973 2545 5043 ΙΙ.)
2577 4975 2894 5046 Sequitur:
2951 4976 3012 5031 Si
3057 4993 3163 5048 qua
3205 4994 3329 5049 ergo
3365 4971 3645 5034 consolatio,
3670 4966 3747 5019 elc-
