3974 5358
214 384 334 449 897

737 386 1157 451 EXPOSITIO
1198 388 1279 450 IN
1325 387 1760 450 EPISTOLAS
1803 382 2066 447 PAULI.
2101 417 2176 431 -
2206 386 2286 447 IN
2331 385 2582 449 EPIST.
2631 388 2735 449 AD
2779 387 3116 451 PHILIPP.

3518 391 3636 452 598

211 519 361 577 Nota
388 519 545 592 quod
578 523 711 592 post
739 519 1055 592 Epistolam
1079 520 1385 593 promittat
1406 537 1467 577 se
1488 519 1861 576 Timotheum
1893 520 1943 585 Α
1982 520 2087 580 vit;
2128 519 2393 573 Dominus
2434 524 2617 576 autem
2665 521 2921 575 misertus
2967 528 3043 575 est
3088 523 3221 592 ejus.
3273 521 3417 577 Ecce
3467 539 3633 579 mon-

210 607 469 672 mittere,
501 607 561 662 in
594 623 711 680 quo
742 613 1124 680 monstratur,
1157 610 1310 681 quod
1346 626 1622 682 magnam
1656 609 1727 663 de
1775 608 1870 665 his
1981 612 2202 663 stratur
2228 607 2577 663 beneﬁcium
2610 610 2788 679 Dei,si
2819 609 2877 664 in
2908 609 3023 665 vita
3054 626 3389 679 servamur;
3423 612 3631 667 deinde

209 696 423 752 habeat
440 697 822 753 curam.Nota
844 714 977 754 cum
1001 704 1220 770 quanta
1242 698 1523 771 gravitate
1547 698 1865 770 promittat.

204 786 303 841 Ait
332 786 490 841 enim
528 802 541 841 :
576 786 745 859 Spero
776 788 843 843 in
871 788 1117 842 Domino.
1136 791 1202 842 Et
1231 803 1413 859 quare
1444 787 1865 859 mittat,aperit,

205 875 454 931 dicendo
488 892 502 931 :
540 877 605 932 Ut
631 883 682 930 et
702 891 796 947 ego
827 876 959 931 bono
989 878 1176 931 animo
1197 877 1304 931 sim
1335 894 1353 931 :
1380 876 1438 930 id
1470 883 1579 942 est,
1611 881 1678 931 ut
1724 892 1865 947 gau-

204 964 397 1034 deam,
433 980 568 1019 cum
599 969 857 1023 vestrum
893 964 1129 1021 audiero
1175 966 1524 1038 profectum.
1567 966 1639 1020 Et
1686 981 1867 1036 quare

201 1053 385 1108 istum
431 1050 647 1119 mittat,
700 1054 954 1127 exponit,
1006 1070 1140 1109 cum
1180 1054 1321 1109 dicit
1354 1071 1366 1109 :
1401 1055 1684 1109 Neminem
1713 1057 1864 1110 enim

201 1142 376 1198 habeo
407 1146 522 1199 tam
549 1145 907 1205 unanimem;
940 1143 996 1198 id
1031 1148 1139 1211 est,
1174 1144 1275 1214 qui
1304 1144 1567 1199 eamdem
1602 1148 1859 1199 mentem

196 1231 535 1304 gerat.Ecce
557 1230 740 1287 habes
762 1249 938 1287 unam
963 1232 1420 1288 causamﬂabes
1446 1233 1689 1288 alteram
1717 1249 1731 1288 :
1757 1235 1864 1301 Qui

194 1321 412 1376 sincera
439 1321 730 1393 affectione
755 1337 858 1393 pro
885 1322 1035 1377 vobis
1066 1322 1337 1377 sollicitus
1384 1322 1492 1381 sit;
1522 1321 1577 1374 id
1632 1326 1720 1377 est
1767 1321 1863 1377 ille

194 1409 521 1465 mittendus
543 1415 655 1475 est,
688 1410 787 1482 qui
819 1414 875 1466 et
906 1409 1051 1465 mihi
1082 1410 1295 1466 charus
1348 1415 1455 1478 est,
1509 1411 1609 1464 sed
1657 1416 1712 1465 et
1757 1427 1859 1482 pro

190 1499 357 1555 vobis
388 1498 850 1555 sollicitudinem
884 1500 1116 1555 habeat.

259 1605 541 1678 Sequitur
572 1622 585 1664 :
620 1605 815 1662 Omnes
841 1622 967 1679 qua:
994 1624 1096 1663 sua
1124 1610 1252 1662 sunt
1282 1614 1559 1678 quaerunt,
1592 1624 1707 1662 non
1741 1622 1860 1678 qua:

186 1697 316 1753 Jesu
364 1695 611 1759 Christi;
661 1695 718 1753 id
768 1700 878 1767 est,
929 1695 1019 1752 vel
1067 1696 1397 1767 commoda,
1436 1695 1523 1751 vel
1578 1696 1859 1768 quietem,

189 1785 460 1842 nolentes
481 1784 917 1842 tribulationem
941 1785 1231 1841 sustinere
1251 1802 1355 1858 pro
1375 1784 1621 1840 aliorum
1643 1784 1855 1840 salute.

1970 696 2120 769 quia
2170 698 2239 751 ad
2292 702 2537 753 mortem
2590 698 2868 753 festinare
2916 716 3029 753 non
3081 700 3386 754 debemus.
3447 700 3630 756 Omne

1978 785 2156 851 enim,
2191 787 2344 857 quod
2380 788 2448 841 ad
2484 788 2660 842 vitam
2696 788 2787 843 hic
2822 787 3069 857 agimus,
3112 789 3257 844 bene
3294 788 3545 861 agimus,
3580 790 3629 845 si

1976 874 2147 930 nobis
2194 880 2250 930 et
2295 875 2425 930 aliis
2458 892 2795 948 prosumus.

2046 982 2319 1054 Sequitur
2352 1000 2365 1038 :
2399 983 2476 1039 Ne
2508 985 2814 1051 tristitiam,
2849 988 2980 1052 etc.;
3014 984 3071 1039 id
3120 989 3229 1051 est,
3271 1002 3343 1041 ne
3396 984 3634 1042 tristitia

1975 1073 2224 1127 carceris
2257 1077 2492 1141 augeret
2522 1073 2819 1129 tristitiam
2852 1072 3247 1129 desolationis.
3284 1075 3433 1129 Nota
3477 1075 3631 1147 quod

1974 1159 2245 1216 discrevit
2301 1162 2634 1217 missiones.
2668 1162 2777 1217 Sed
2828 1179 3008 1233 quare
3056 1162 3254 1218 misit?
3304 1165 3367 1219 Ut
3413 1165 3522 1219 viso
3566 1181 3631 1219 eo

1977 1248 2338 1318 iterum,ctc.;
2371 1251 2428 1305 id
2454 1256 2678 1323 est,pro
2711 1252 2881 1322 cujus
2911 1251 3176 1306 absentia
3204 1251 3627 1307 tristabamini.

1971 1338 2035 1393 Et
2064 1355 2160 1408 ego
2190 1341 2296 1393 sim
2316 1341 2434 1394 sine
2462 1342 2713 1410 tristitia,
2747 1340 2846 1412 qui
2893 1345 3096 1395 vestra:
3146 1357 3326 1396 causa
3373 1340 3628 1396 tristitia

1971 1428 2195 1483 fueram
2236 1428 2443 1495 tristis,
2477 1428 2616 1497 sive,
2664 1429 2759 1500 qui
2814 1429 2975 1501 potui
3019 1429 3208 1485 tristis
3238 1446 3367 1485 esse
3398 1430 3467 1485 de
3498 1431 3627 1501 ejus

1971 1517 2257 1587 absentia,
2301 1518 2412 1572 sim
2465 1517 2633 1573 laetus
2682 1534 2750 1573 ex
2796 1522 2987 1573 vestra
3033 1518 3448 1574 consolatione.
3481 1519 3628 1575 Nota

1972 1608 2125 1677 quod
2156 1623 2357 1678 rogare
2387 1608 2671 1663 debemus
2716 1625 2817 1680 pro
2862 1606 3097 1663 illorum
3146 1607 3284 1676 vita,
3328 1624 3430 1680 per
3478 1625 3625 1679 quos

1970 1694 2066 1751 alii
2096 1697 2467 1768 adjuvantur.
3586 1694 3589 1707 ’

2042 1802 2365 1874 Sequitur:
2406 1805 2797 1872 Festinantius,
2841 1808 2950 1859 etc.
2998 1805 3105 1859 Sed
3156 1804 3365 1876 quaerit
3411 1804 3625 1876 aliquis

186 1875 374 1966 Erant
406 1874 597 1966 ωυῙξί)
621 1875 720 1948 qui
750 1892 953 1931 curam
986 1874 1234 1966 aliorum
1251 1874 1686 1966 habebant,sed
1710 1890 1850 1966 cou-
1882 1890 1929 1955 Β
1961 1894 2192 1965 quando
2220 1893 2471 1964 potuerit
2498 1893 2784 1950 inﬁrmari
2816 1894 2971 1965 apud
3002 1874 3193 1960 illum,
3218 1893 3322 1966 qui
3358 1874 3625 1949 mort—uos

182 1964 404 2037 tigerat
433 1967 498 2019 ut
524 1963 623 2020 illo
655 1970 935 2037 tempore,
986 1965 1219 2037 quando
1248 1963 1620 2020 Timotheum
1668 1962 1851 2031 misit,

185 2053 333 2111 alibi
364 2057 563 2111 essent
597 2054 824 2123 directi,
856 2059 913 2110 et
942 2070 1055 2110 non
1088 2053 1202 2110 nisi
1236 2052 1624 2110 mercenarios
1655 2068 1853 2109 secum

190 2144 462 2213 haberet,
494 2142 553 2199 id
585 2147 694 2210 est,
726 2160 836 2199 sua
864 2147 1209 2216 quaerentes.

252 2250 540 2323 Sequitur
570 2267 584 2306 :
617 2252 1066 2322 Experimentum
1093 2259 1280 2306 autem
1322 2251 1461 2322 ejus,
1514 2253 1624 2305 etc.
1672 2249 1850 2313 Quasi

191 2339 392 2396 dicat:
423 2340 665 2395 Servivit
710 2355 923 2395 mecum
951 2338 1294 2395 Timotheus
1342 2340 1402 2394 in
1447 2339 1846 2409 Evangelium;

185 2429 289 2486 sed
323 2428 573 2484 breviter
591 2428 846 2485 ostendit
865 2427 1199 2500 qualiter,id
1224 2430 1332 2495 est,
1358 2429 1501 2483 sicut
1519 2428 1672 2499 ﬁlius
1694 2430 1846 2494 patri

182 2516 242 2573 in
277 2517 585 2585 charitate,
617 2522 674 2574 et
701 2518 905 2574 devoto
938 2534 1154 2574 amore.
1186 2517 1334 2574 Nota
1363 2516 1519 2589 quod
1549 2534 1664 2573 non
1713 2517 1843 2573 ideo

178 2605 598 2678 charissimus,
631 2606 772 2679 quia
802 2606 1038 2663 servivit
1065 2606 1150 2663 illi
1182 2606 1240 2662 in
1274 2605 1495 2663 catenis
1524 2611 1581 2662 et
1624 2606 1683 2662 in
1713 2623 1837 2663 car-

176 2712 334 2763 cere,
366 2696 469 2752 sed
493 2696 632 2768 quia
661 2712 794 2752 cum
828 2695 926 2751 illo
958 2697 1191 2752 servivit
1221 2696 1608 2767 praedicando.

246 2802 571 2874 Sequitur:
605 2805 760 2858 Hunc
789 2804 966 2873 igitur
991 2817 1148 2873 spero
1192 2818 1281 2857 me
1322 2803 1423 2857 mit
1469 2817 1561 2858 ere
1605 2803 1673 2857 ad
1724 2820 1839 2857 vos.

168 2891 329 2947 Nota
355 2892 534 2960 quod,
567 2897 878 2963 postquam
928 2890 1360 2946 commendavit
1408 2907 1743 2962 personam,
1785 2896 1843 2946 et

166 2979 478 3044 aﬂ‘ectum,
509 2983 566 3033 et
595 2978 980 3049 diligentiam,
1013 2978 1156 3034 dicit
1182 2979 1359 3035 talem
1386 2995 1447 3034 se
1469 2979 1837 3045 mittere,sed

165 3084 315 3123 cum
348 3067 655 3138 premissa
678 3066 959 3139 gravitate
994 3084 1008 3122 :
1037 3072 1438 3124 verumtamen
1473 3083 1587 3123 non
1611 3066 1835 3132 statim,

164 3155 281 3212 sed
313 3172 451 3212 cum
479 3155 691 3212 viderit
719 3172 846 3229 quis
877 3156 1032 3212 circa
1051 3173 1115 3213 se
1145 3161 1303 3212 sunt.

1966 1982 2310 2039 suscitabat.
2343 1982 2453 2039 Sed
2488 1983 2710 2038 noverit
2758 1983 2915 2054 quod
2967 1982 3137 2054 signa
3186 2000 3304 2038 non
3357 1987 3496 2038 sunt
3519 2000 3626 2054 pro

1963 2071 2239 2141 ﬁdelibus,
2296 2072 2388 2127 sed
2430 2088 2534 2144 pro
2583 2071 2899 2142 inﬁdelibus
2930 2074 2979 2141 (I
3007 2072 3127 2128 Cor.
3162 2089 3278 2139 xxv,
3317 2072 3429 2143 22).
3482 2073 3626 2128 Item

1964 2159 2175 2231 quaerit
2204 2160 2419 2231 aliquis
2448 2162 2741 2233 quomodo
2764 2178 2827 2217 se
2856 2160 2996 2216 dicit
3024 2178 3127 2232 pro
3160 2161 3503 2217 inﬁrmitate
3531 2161 3618 2216 di-

1963 2248 2175 2321 scipuli
2206 2249 2456 2315 tristem,
2488 2250 2591 2321 qui
2620 2249 2768 2305 alios
2798 2254 2997 2306 monet
3017 2266 3089 2306 ne
3116 2250 3535 2305 contristentur
3553 2252 3625 2304 de

1960 2337 2387 2394 dormientibus
2417 2340 2468 2409 (Ι
2503 2339 2685 2394 Thess.
2741 2356 2816 2405 ιν,
2868 2340 2977 2410 12).
3032 2339 3138 2393 Sed
3192 2339 3413 2394 noverit
3443 2338 3619 2395 aliam

1960 2443 2089 2483 esse
2116 2427 2419 2483 tristitiam
2452 2428 2899 2500 desperationis,
2932 2426 3108 2483 aliam
3140 2428 3537 2483 desolationis.

2032 2542 2310 2614 Sequitur
2343 2560 2355 2597 :
2388 2544 2615 2614 Excipit
2644 2550 2829 2597 autem
2850 2542 3036 2611 illum,
3060 2546 3167 2597 etc.
3201 2541 3351 2598 Dicit
3370 2543 3477 2598 hoc
3500 2542 3619 2599 sive

1957 2637 2023 2686 ut
2067 2632 2429 2688 ardentiores
2474 2633 2592 2687 sint
2639 2648 2777 2702 erga
2820 2630 3013 2697 illum,
3045 2632 3165 2686 sive
3197 2636 3430 2703 propter
3476 2631 3609 2688 illos

1953 2720 2055 2791 qui
2088 2721 2285 2776 minus
2316 2731 2481 2776 erant
2510 2720 2825 2793 spiritales.
2862 2722 2924 2775 In
2982 2721 3247 2782 Domino;
3277 2721 3335 2775 id
3366 2725 3455 2776 est
3484 2738 3611 2791 vos,

1952 2809 2052 2879 qui
2083 2808 2315 2864 Domini
2336 2810 2502 2875 estis,
2530 2810 2869 2864 ministrum
2898 2810 3026 2879 ejus
3047 2809 3345 2881 suscipite,
3361 2814 3420 2864 et
3449 2827 3608 2865 ama-

1950 2900 2008 2951 te
2032 2912 2167 2950 cum
2197 2896 2355 2951 omni
2389 2896 2803 2967 gratulatione.
3608 2912 3617 2915 ‘

2020 3002 2298 3072 Sequitur
2350 3019 2362 3055 :
2406 3004 2473 3056 Et
2512 3002 2828 3074 hujusmodi
2855 3019 2979 3057 cum
3008 3003 3208 3058 honore
3237 3001 3521 3064 habetote;
3550 3003 3609 3058 id

1944 3095 2053 3157 est,
2088 3107 2201 3145 non
2235 3089 2423 3145 solum
2455 3090 2765 3159 talem,sed
2798 3094 2856 3145 et
2884 3107 3087 3147 omnes
3118 3091 3218 3163 Qui
3260 3091 3440 3161 hujus
3467 3096 3612 3147 sunt

1956 3179 2169 3235 meriti.

242 3261 772 3359 sequitur”
802 3262 1339 3359 (Ητηαζιέθηιχθίξν-
1360 3262 1569 3359 δέκεο-ο
1599 3263 1832 3331 “rem”,
1868 3256 1911 3323 ο
2022 3287 2133 3343 Sed
2166 3304 2346 3359 quare
2375 3304 2500 3343 cum
2527 3288 2764 3343 honore?
2801 3286 3078 3357 Sequitur
3112 3302 3124 3342 :
3160 3286 3434 3354 Quoniam
3471 3303 3605 3359 pro-

166 3354 232 3407 et
265 3366 485 3423 magna
514 3349 824 3407 dilectione
854 3355 988 3423 post
1013 3350 1300 3406 Timothei
1336 3351 1649 3407 adventum
1699 3369 1836 3425 pro-

167 3437 363 3495 mittit
389 3456 452 3495 se
478 3443 811 3510 venturum,
831 3440 1108 3511 quoniam
1139 3440 1422 3496 adventus
1454 3441 1581 3511 ejus
1610 3458 1727 3498 non
1749 3446 1839 3499 est

170 3528 427 3584 otiosus.
818 3600 819 3603 η

240 3616 261 3688 (
268 3616 1116 3689 1178)Sequitur:Necessarium
1135 3623 1348 3685 autem,
1372 3622 1481 3675 etc.
1514 3619 1671 3675 Licet
1703 3638 1831 3693 pro-

171 3706 409 3763 miserit
427 3705 717 3762 Timothei
739 3707 1077 3773 adventum,
1104 3711 1302 3763 tamen
1324 3708 1464 3779 quia
1494 3725 1657 3764 mora
1686 3715 1829 3781 erat,

166 3794 410 3851 interim
441 3794 627 3851 mittit
652 3795 1107 3867 Epaphroditum,
1140 3796 1313 3866 cujus
1343 3812 1651 3867 personam
1673 3813 1831 3853 com-

167 3883 416 3939 mendat
445 3900 459 3938 :
492 3884 925 3940 commendatio
955 3883 1114 3939 enim
1147 3899 1408 3956 personas
1431 3889 1520 3939 est
1543 3900 1558 3939 :
1575 3886 1825 3957 fratrem,

165 3971 387 4044 inquit,
419 3976 477 4028 et
503 3974 939 4030 commilitonem
966 3990 1188 4041 meum;
1224 3976 1458 4045 fratrem
1507 3972 1568 4027 in
1620 3973 1732 4029 ﬁde
1776 3979 1833 4029 et

162 4060 315 4135 lege,
341 4062 770 4119 commilitonem
790 4062 847 4118 in
873 4063 1230 4129 castris,sive
1246 4062 1549 4118 doctrinis.
1591 4064 1830 4118 Vestrum

163 4166 294 4206 vero
323 4152 630 4222 apostolum
659 4150 824 4219 dixit,
872 4151 932 4206 id
979 4155 1088 4217 est,
1121 4151 1193 4206 ad
1243 4167 1346 4207 vos
1386 4150 1660 4218 missum,
1693 4152 1830 4224 quia

166 4238 269 4294 alii
300 4240 371 4294 ad
406 4238 549 4295 alios
578 4240 811 4295 fuerant
837 4238 1238 4295 missi.0mnis
1269 4255 1546 4311 namque,
1571 4240 1669 4312 qui
1696 4257 1826 4312 pro-

168 4333 303 4401 pter
332 4327 706 4401 Evangelium
740 4328 1013 4395 mittitur,
1045 4327 1344 4399 apostolus
1393 4328 1628 4384 dicitur.
1676 4329 1824 4384 Sub-

162 4416 366 4488 junxit
393 4433 527 4473 vero
557 4433 818 4483 causam,
866 4433 1047 4488 quare
1084 4417 1281 4489 ipsum
1312 4416 1533 4484 mittat;
1568 4419 1827 4488 quoniam

171 4506 393 4577 quidem
415 4522 600 4563 omnes
628 4522 719 4563 vos
748 4505 1107 4561 desiderabat.
1139 4506 1209 4560 Et
1242 4505 1363 4559 haec
1394 4505 1524 4561 ideo
1558 4505 1716 4576 dicit,
1763 4513 1826 4561 ut

174 4594 435 4667 amplius
468 4596 539 4650 ab
570 4595 654 4651 eis
683 4594 811 4667 ipse
842 4593 1200 4667 diligeretur.
1574 4638 1577 4643 ,

242 4684 521 4756 Sequitur
551 4701 567 4739 :
599 4685 666 4739 Et
689 4685 911 4739 maestus
938 4687 1082 4751 erat,
1123 4687 1234 4739 etc.
1269 4699 1282 4738 :
1318 4683 1372 4737 id
1407 4688 1704 4753 est,eausa
1736 4700 1831 4739 ve-

179 4775 314 4828 stras
345 4772 592 4829 tristitiae
633 4777 877 4829 moestus
924 4778 1069 4843 erat,
1116 4787 1182 4828 eo
1234 4773 1389 4843 quod
1437 4788 1539 4828 vos
1584 4774 1833 4829 nimium

182 4860 446 4917 tristatos
473 4862 739 4918 audierat
786 4877 890 4933 pro
934 4860 1274 4916 inﬁrmitate
1323 4877 1451 4916 sua.
1505 4862 1619 4916 lloc
1664 4861 1835 4917 taedio

184 4947 510 5023 loborabat,
542 4955 600 5006 et
626 4950 877 5007 nimium
909 4967 1010 5006 vos
1040 4950 1235 5007 videre
1266 4948 1651 5008 desiderabat.

248 5054 525 5129 Sequitur
554 5072 568 5111 :
599 5057 738 5113 Nam
766 5056 1078 5127 inﬁrmatus
1116 5060 1196 5114 est
1243 5071 1408 5126 usque
1453 5055 1525 5111 ad
1568 5059 1823 5127 mortem,

181 5146 286 5199 etc.
310 5144 579 5202 Ostendit
627 5144 784 5202 enim
828 5144 922 5199 hic
974 5161 1079 5201 cur
1124 5143 1476 5202 taediabatur
1500 5149 1558 5200 et
1590 5148 1826 5200 mmsta-

1943 3380 2066 3449 pter
2095 3392 2229 3448 opus
2261 3376 2486 3447 Christi,
2518 3382 2650 3444 etc.;
2682 3375 2739 3430 id
2764 3380 2872 3443 est,
2900 3375 3041 3430 adeo
3063 3374 3344 3430 laboravit
3375 3375 3435 3431 in
3460 3392 3607 3447 pras-

1940 3465 2252 3535 dicatione,
2282 3471 2348 3521 ut
2378 3465 2783 3521 inﬁrmitatem
2817 3464 3161 3520 incurreret.
3193 3463 3381 3519 Aliter
3412 3480 3425 3518 :
3469 3465 3607 3521 Tra-

1940 3554 2090 3609 didit
2118 3555 2368 3610 animam
2391 3570 2548 3609 suam
2589 3553 2733 3609 mihi
2783 3553 3074 3610 inhaerens
3127 3570 3193 3609 ac
3242 3552 3503 3609 serviens
3537 3554 3598 3609 in

1937 3642 2216 3711 vinculis;
2243 3643 2360 3699 sive
2391 3642 2710 3700 liberaliter
2739 3644 3063 3715 praedicans
3098 3659 3111 3698 :
3146 3643 3406 3698 Animam
3445 3660 3604 3699 suam

1938 3732 2008 3788 ad
2035 3736 2282 3799 mortem,
2317 3732 2639 3788 secundum
2671 3730 2814 3787 illud
2850 3749 2863 3788 :
2898 3733 3006 3800 Qui
3019 3731 3324 3804 perdiderit
3342 3733 3598 3787 animam

1936 3837 2118 3887 suam,
2168 3825 2276 3876 etc.
2328 3821 2519 3891 (Marc.
2572 3838 2693 3891 νιιι,
2751 3822 2850 3886 35;
2900 3822 3084 3877 Matth.
3135 3838 3250 3892 xv1,
3308 3823 3412 3890 25;
3465 3823 3600 3879 Luc.

1944 3926 2083 3977 xvn,
2117 3910 2230 3981 33).

2009 4016 2334 4087 Sequitur:
2371 4017 2434 4072 Ut
2465 4015 2715 4082 impleret
2763 4016 2819 4070 id
2865 4015 3007 4087 quod
3052 4017 3224 4081 vobis,
3275 4021 3381 4072 etc.
3427 4018 3506 4072 Ac
3548 4017 3601 4073 si

1938 4106 2097 4161 dicat
2128 4121 2141 4160 :
2172 4104 2319 4170 Quia
2340 4120 2445 4176 ego
2486 4104 2544 4159 in
2578 4102 2708 4158 aliis
2731 4108 3049 4175 occupatus
3073 4105 3176 4170 fui,
3211 4103 3308 4160 ille
3338 4104 3595 4175 comple-

1940 4195 2021 4251 vit
2063 4195 2219 4266 quod
2269 4209 2397 4249 meo
2450 4192 2637 4248 defuit
2685 4192 2987 4264 obsequio.
3021 4192 3207 4248 Aliter
3240 4208 3252 4247 :
3286 4193 3415 4265 Ipse
3455 4193 3600 4249 mihi

1941 4301 2045 4357 pro
2075 4282 2238 4340 vobis
2264 4282 2520 4339 servivit.

2014 4391 2194 4462 (1179)
2227 4390 2385 4462 (Cap.
2428 4389 2548 4461 ΙΙΙ.)
2599 4388 2873 4460 Sequitur
2925 4405 2937 4444 :
2990 4389 3066 4444 De
3113 4396 3330 4459 caetero,
3379 4390 3599 4460 fratres,

1939 4477 2163 4548 gaudete
2192 4479 2252 4533 in
2280 4479 2543 4541 Domino;
2574 4477 2632 4532 id
2656 4483 2766 4545 est,
2796 4494 2911 4532 non
2943 4475 3004 4532 in
3034 4477 3276 4533 mundo.
3338 4532 3351 4547 ,

1860 4623 1908 4686 D
2006 4592 2280 4662 Sequitur
2306 4609 2318 4646 :
2352 4595 2561 4649 Eadem
2590 4594 2734 4648 mihi
2766 4594 3026 4659 scribere,
3049 4598 3158 4648 etc.
3184 4593 3245 4647 Id
3280 4593 3598 4660 est,eadem

1944 4697 2071 4752 quae
2103 4680 2273 4735 docui
2305 4681 2447 4735 mihi
2472 4699 2581 4736 non
2610 4686 2689 4738 est
2713 4683 2937 4753 pigrum
2964 4682 3237 4741 scribere;
3270 4681 3407 4752 quia
3433 4682 3601 4738 vobis

1941 4767 2206 4840 intelligo
2230 4771 2607 4825 necessarium
2629 4774 2867 4842 propter
2896 4769 3074 4825 falsos
3094 4768 3601 4840 praedicatores,de

1944 4858 2159 4930 quibus
2188 4862 2245 4913 et
2275 4856 2570 4913 subditur.

2016 4963 2200 5037 (1180)
2253 4963 2578 5035 Sequitur;
2631 4965 2806 5020 Videte
2857 4980 3038 5030 canes,
3095 4966 3207 5016 etc.
3260 4961 3362 5017 His
3411 4965 3609 5023 verbis

1943 5056 2142 5110 monet
2164 5057 2229 5107 ut
2250 5070 2283 5108 a
2303 5052 2524 5108 Judaeis
2546 5050 2994 5110 azmulatoribus
3013 5049 3162 5122 legis
3177 5063 3239 5103 se
3261 5053 3616 5127 temperent;

1943 5160 2009 5199 eo
2033 5141 2186 5215 quod
2209 5142 2329 5197 sint
2349 5143 2600 5212 operarii
2622 5138 2965 5212 iniquitatis
2988 5160 3001 5199 :
3028 5153 3169 5195 nam
3188 5137 3344 5206 quod
3367 5142 3622 5213 apostoli
