3974 5358
400 369 519 428 599
1424 371 1761 431 ATTONIS
1806 370 2393 432 VERCELLENSIS
2441 372 2795 433 EPISCOPI
3689 373 3780 437 660

468 500 743 571 Sequitur
774 517 787 556 :
828 502 1022 558 Videte
1049 503 1408 558 concisionem
1439 501 1797 573 (1182).Quid
1824 507 1912 556 est
1934 518 2039 556 con
2071 505 2126 569 Α
2227 502 2502 574 Sequitur
2535 521 2546 558 :
2582 502 2643 558 Si
2689 519 2792 574 quo
2844 502 3002 558 modo
3046 518 3369 569 occurram,
3404 506 3513 557 etc.
3546 516 3562 556 :
3593 503 3655 558 ad
3681 520 3785 575 per-

400 589 684 657 cisio,nisi
720 592 1024 661 praecisio?
1071 596 1180 646 Eos
1230 592 1385 645 enim
1433 590 1722 662 designat,
1757 590 1855 661 qui
1904 590 2050 645 iuvi-
2162 594 2445 647 fectorum
2479 592 2963 647 resurrectionem
3019 591 3179 662 dicit,
3218 608 3343 646 non
3395 590 3671 647 malorum
3711 611 3785 650 so-

403 678 604 733 dentes
636 679 928 749 gentibus,
960 680 1238 750 pravitate
1269 679 1635 750 eloquiorum
1665 696 1904 734 suorum
1924 695 2051 750 per-
2163 681 2452 736 cietatem.
2499 681 2675 736 Docet
2702 680 2858 735 enim
2892 680 3044 751 quod
3080 680 3129 735 si
3161 682 3227 735 in
3258 679 3385 734 vita
3415 680 3556 734 socii
3601 683 3785 752 passio-

403 771 698 821 verterant
730 766 986 829 Galatas,
1022 769 1335 823 suadentes
1366 768 2054 834 circumcisionem.Quos
2166 770 2257 825 nis
2286 770 2660 835 fuerimus,in
2694 769 3119 825 resurrectione
3142 769 3303 824 obvii
3336 769 3584 824 Domino
3612 772 3788 828 erimus

402 856 548 910 bene
579 872 733 910 canes
762 861 945 922 vocat,
979 858 1076 927 qui
1112 856 1367 927 primum
1400 857 1641 928 latrant,
1669 858 1878 912 deinde
1901 874 2053 912 mor-
2166 857 2237 928 (Il
2269 856 2387 912 Cor.
2424 875 2460 921 ι,
2500 859 2563 925 7;
2600 858 2824 912 (Thess.
2852 875 2927 929 Iv,
2967 859 3072 917 16).

404 961 476 999 su
510 961 655 999 saevo
688 944 944 999 lacerant
974 961 1227 999 carnem.
2238 946 2512 1016 Sequitur
2545 963 2556 1000 :
2591 948 2705 1001 Non
2756 947 2897 1017 quod
2939 948 3061 1018 jam
3110 948 3447 1017 acceperim,
3491 950 3596 1001 etc.
3639 949 3791 1012 Quan-

476 1035 751 1103 Sequitur
786 1052 796 1088 :
830 1038 938 1090 Nos
970 1036 1323 1089 enimsumus
1343 1035 1816 1105 circumcisio,qui
1833 1037 2061 1106 spiritui
2168 1040 2295 1090 tum
2345 1035 2416 1089 ad
2467 1035 2895 1106 perfectionem,
2948 1052 3123 1106 quam
3169 1036 3230 1090 in
3294 1034 3409 1089 hac
3458 1034 3573 1090 vita
3616 1035 3791 1093 habent

405 1123 502 1177 Dei
549 1123 731 1192 (H83)
779 1126 1062 1177 servimus.
1119 1124 1197 1177 De
1246 1140 1311 1177 eo
1364 1125 1515 1192 quod
1578 1122 1792 1178 Christi
1854 1123 2059 1178 famuli
2171 1123 2379 1187 sancti,
2423 1123 2689 1196 pertinet,
2726 1125 3015 1196 perfectus
3063 1129 3187 1180 erat
3238 1122 3505 1191 Paulus;
3552 1129 3790 1193 quantum

409 1210 835 1266 circumcidunt
864 1229 1068 1267 omnes
1100 1229 1309 1266 sensus
1340 1229 1497 1267 suos.
1532 1215 1607 1266 Ac
1641 1212 1687 1265 si
1722 1213 1910 1267 dicat:
1938 1212 2058 1266 Cir-
2172 1212 2243 1267 ad
2275 1212 2530 1265 futuram
2565 1212 3000 1284 perfectionem,
3050 1212 3463 1283 imperfectus.
3504 1210 3642 1266 Nam
3686 1214 3791 1282 quia

407 1300 805 1355 cumcidimus
834 1301 987 1356 enim
1012 1317 1183 1356 omne
1214 1300 1433 1356 malum
1458 1319 1491 1355 a
1516 1302 1790 1355 cordibus
1823 1300 2059 1357 nostris:
2173 1300 2509 1355 laudaverat
2548 1299 2974 1373 Philippenses,
3025 1317 3098 1355 ne
3146 1299 3232 1354 illi
3287 1304 3396 1354 aut
3450 1300 3790 1370 superhirent,

415 1388 501 1442 illi
536 1393 730 1444 autem
764 1390 939 1445 unius
972 1389 1218 1444 membri
1241 1391 1515 1445 auferunt
1548 1389 1778 1460 pellem.
2175 1393 2276 1444 aut
2332 1388 2481 1461 pigri
2524 1394 2913 1456 remanerent,
2962 1388 3106 1443 dicit
3163 1405 3226 1443 se
3278 1386 3695 1459 imperfectum,
3742 1393 3787 1443 ut

487 1479 761 1549 Sequitur
795 1496 806 1534 :
840 1483 914 1533 Et
940 1479 1262 1548 gloriamur.
1312 1479 1585 1550 Nunquid
1622 1479 1680 1532 in
1711 1477 1877 1550 lege?
1917 1479 2064 1535 Non.
2177 1494 2311 1532 cum
2344 1477 2452 1532 hoc
2485 1478 2774 1543 audirent,
2807 1477 3068 1533 dicerent
3099 1495 3111 1532 :
3147 1478 3207 1533 Si
3238 1474 3566 1549 Apostolus
3596 1493 3693 1531 non
3724 1483 3787 1533 est

407 1568 522 1622 Sed
557 1567 613 1621 in
647 1567 875 1623 Christo
904 1568 1067 1635 Jesu,
1115 1572 1164 1622 et
1206 1585 1317 1621 non
1366 1570 1423 1621 in
1472 1584 1638 1621 carne
1679 1568 1937 1635 ﬁduciam
1966 1569 2067 1622 ha-
2180 1566 2488 1638 perfectus,
2539 1566 2672 1637 quis
2721 1565 3028 1621 hominum
3078 1569 3275 1637 potest
3306 1566 3368 1620 in
3402 1563 3514 1619 hac
3553 1563 3658 1619 vita
3692 1582 3782 1620 esse

424 1657 602 1711 beutes
616 1674 633 1710 :
648 1655 703 1711 id
736 1662 965 1725 est,non
994 1656 1282 1711 habemus
1313 1673 1475 1727 spem
1501 1656 1555 1709 in
1580 1656 1795 1710 carnali
1820 1656 2068 1711 circum-
2183 1654 2517 1726 perfectus?

426 1740 662 1810 cisione,
698 1746 852 1800 sicut
880 1745 984 1812 illi,
1014 1745 1111 1815 qui
1145 1746 1202 1798 in
1235 1761 1301 1799 ea
1326 1744 1704 1800 salvationem
1738 1761 1906 1799 suam
1950 1744 2071 1801 col—
2253 1743 2319 1797 Et
2342 1742 2471 1798 ideo
2504 1741 2805 1813 sequitur:
2831 1742 3036 1812 Sequor
3058 1751 3279 1812 autem,
3303 1744 3354 1795 si
3373 1741 3785 1814 comprehendam,

416 1833 631 1889 locant.
671 1834 736 1888 Et
766 1851 837 1889 ne
868 1834 1203 1888 viderentur
1234 1834 1305 1889 ob
1338 1834 1445 1889 hoc
1476 1834 1685 1900 dicere,
1729 1834 1896 1905 quasi
1945 1834 2068 1905 ipse
2098 1871 2146 1934 B
2184 1836 2294 1887 etc.
2351 1833 2461 1886 Iste
2508 1830 2811 1886 ecclesiam
2857 1829 3071 1886 Christi
3119 1831 3444 1886 devastans
3471 1830 3788 1901 comprehen-

418 1939 533 1978 non
561 1922 864 1978 habuisset
893 1939 1129 1977 causam
1164 1922 1473 1995 gloriandi,
1507 1923 1809 1993 subjunxit
1837 1940 1849 1978 :
1882 1925 2065 1991 Quan-
2098 1919 2146 1934 ”
2184 1937 2287 1976 sus
2318 1924 2427 1989 est,
2460 1920 2693 1991 quando
2724 1919 2782 1973 in
2814 1919 2905 1974 via
2931 1920 3202 1991 apparuit
3232 1919 3287 1974 ei
3319 1919 3497 1975 Jesus
3520 1920 3784 1988 (Art.ix,3).

415 2027 583 2081 quam
611 2020 661 2067 et
689 2028 802 2083 ego,
831 2018 939 2067 etc.
975 2029 986 2066 :
1024 2012 1080 2066 id
1113 2018 1219 2082 est,
1247 2028 1486 2083 possum
1527 2017 1584 2067 et
1635 2012 1692 2065 in
1745 2029 1917 2067 carne
1948 2011 2074 2084 glo-
2183 2009 2330 2064 Nota
2362 2009 2515 2081 quod
2550 2024 2661 2063 non
2696 2008 2971 2063 omnibus
3003 2008 3389 2080 passionibus
3432 2008 3556 2063 suis
3582 2006 3784 2063 Christus

417 2099 582 2165 riari,
615 2100 663 2154 si
691 2100 838 2156 velo.
2184 2097 2450 2154 liberavit
2496 2113 2699 2153 omnes
2748 2101 3082 2168 sequentes,
3116 2101 3173 2151 et
3221 2095 3647 2168 quodammodo
3670 2112 3784 2150 com-

490 2191 673 2258 (1184)
707 2190 983 2262 Sequitur
1008 2209 1019 2246 :
1044 2190 1109 2245 Si
1137 2191 1260 2261 quis
1291 2191 1438 2243 alius
1464 2190 1681 2244 videtur
1704 2190 1760 2243 in
1782 2206 2074 2260 carne,ego
2184 2186 2490 2259 prehendit
2526 2186 2830 2241 universos
2878 2202 2939 2241 se
2988 2189 3327 2257 sequentes.
3390 2184 3490 2240 Ille
3538 2200 3675 2256 ergo,
3714 2185 3782 2255 qui

416 2280 759 2349 magis.Ecce
790 2280 979 2344 docet,
1011 2295 1191 2349 quare
1226 2279 1281 2331 in
1318 2294 1486 2332 carne
1532 2278 1805 2332 ﬁduciam
1849 2278 2022 2333 habet
2054 2291 2067 2329 :
2183 2276 2446 2347 sequitur
2496 2274 2817 2343 Christum,
2850 2278 2907 2329 et
2935 2274 3440 2346 comprehendere
3481 2272 3600 2328 vult
3639 2272 3782 2327 Chris-

411 2368 656 2435 scilicet,
707 2368 847 2438 quia
897 2368 1134 2422 Judaaus
1187 2372 1271 2421 est
1326 2366 1790 2436 circumcisione,
1842 2383 2072 2437 genere,
2182 2370 2330 2431 tum,
2362 2363 2421 2418 in
2453 2363 2729 2418 omnibus
2760 2363 3135 2434 passionibus
3166 2364 3297 2418 suis
3330 2362 3499 2435 sequi
3533 2361 3679 2417 illum
3718 2361 3781 2414 de-

414 2456 595 2523 tribu,
630 2461 821 2526 gente,
854 2455 996 2526 lege,
1052 2454 1557 2509 administratione
1605 2455 1660 2508 in
1714 2454 1836 2526 lege
1880 2457 2073 2511 studio
2183 2454 2298 2523 bet,
2332 2456 2397 2507 ut
2427 2452 2881 2523 comprehendat
2927 2451 3230 2508 Christum
3286 2453 3349 2507 in
3391 2468 3479 2522 eo,
3526 2451 3581 2505 in
3621 2466 3711 2521 quo
3746 2464 3783 2511 et

420 2544 668 2599 etiamet
702 2545 864 2611 vitm;
922 2549 979 2598 et
1009 2548 1204 2598 tamen
1246 2543 1365 2597 haec
1413 2543 1610 2597 omnia
1657 2544 1939 2617 damnum
1987 2544 2075 2600 sib
2184 2540 2641 2612 comprehensus
2681 2544 2770 2595 est
2800 2557 2834 2594 a
2863 2540 3111 2597 Christo.

343 2698 353 2706 α
422 2649 550 2688 esse
581 2632 719 2687 dicit
746 2638 979 2703 propter
1008 2631 1323 2687 Christum.
2253 2630 2441 2701 (1186)
2474 2629 2795 2700 Sequitur:
2832 2631 2952 2698 Ego
2998 2646 3084 2685 me
3133 2646 3247 2685 non
3295 2630 3555 2697 arbitror,
3599 2631 3689 2683 etc.
3726 2624 3783 2679 De

485 2721 759 2793 Sequitur
788 2737 801 2775 :
838 2721 1204 2777 Circumcisus
1233 2725 1420 2776 octava
1448 2721 1554 2791 die,
1588 2725 1695 2776 etc.
1728 2721 1807 2776 De
1829 2737 1895 2776 eo
1916 2722 2071 2792 quod
2184 2735 2250 2774 eo
2293 2718 2449 2791 quod
2501 2716 2771 2790 superius
2817 2718 2959 2773 dicit
2987 2735 3050 2775 se
3080 2736 3197 2775 non
3230 2719 3547 2791 accepisse,
3578 2732 3666 2772 nec
3690 2729 3779 2786 per-

425 2810 515 2865 his
546 2810 884 2865 manifestat
911 2810 1124 2878 verbis,
1160 2826 1338 2881 quare
1371 2810 1427 2863 in
1463 2826 1633 2865 carne
1667 2810 1855 2881 magis
1895 2827 2073 2881 quam
2185 2810 2398 2865 fectum
2450 2824 2600 2875 esse,
2650 2811 2706 2862 et
2751 2823 2905 2861 nunc
2952 2823 3067 2863 non
3118 2806 3651 2880 comprehendisse;
3686 2800 3783 2873 quia

422 2900 610 2955 caeteri
646 2899 896 2970 potuerit
925 2899 1396 2970 gloriari:qui,ut
1430 2899 1763 2954 ostenderet
1784 2903 2072 2970 quantum
2186 2901 2473 2969 quantum
2504 2897 2575 2951 ad
2610 2895 3023 2967 perfectionem
3054 2897 3265 2952 futurae
3298 2896 3428 2953 vita;
3475 2894 3683 2961 attinet,
3705 2891 3779 2945 im-

428 2989 691 3044 studium
724 3004 859 3060 erga
887 2989 1254 3043 Judaismum
1288 2987 1579 3054 habuerit,
1615 2987 1755 3043 dicit
1784 3004 1845 3042 se
1881 2986 2074 3045 Eccle—
2185 2986 2475 3059 perfectus
2504 2989 2941 3057 erat,qua‘ntum
2966 2985 3037 3040 ad
3061 2986 3558 3058 comparationem
3589 2981 3779 3037 aliorum

429 3078 575 3134 siam
608 3076 705 3132 Dei
737 3083 1134 3150 persecutum,
1167 3082 1224 3133 et
1253 3077 1379 3132 sine
1410 3076 1645 3147 querela
1672 3077 1732 3131 in
1764 3076 1889 3149 lege
1938 3094 2071 3132 con-
2186 3076 2244 3130 in
2297 3092 2470 3131 carne
2515 3074 2838 3131 viventium
2886 3074 3146 3146 respicit,
3196 3076 3500 3148 perfectus
3540 3076 3665 3128 crat.
3704 3065 3779 3122 Sed

422 3170 737 3222 versatum.
771 3167 878 3221 Sed
910 3183 1035 3236 qua:
1068 3167 1231 3237 prius
1257 3165 1483 3220 lucrum
1518 3166 1755 3235 credidi,
1790 3167 2074 3221 damnum
2185 3163 2403 3220 dicitse
2426 3164 2493 3219 ad
2516 3162 2851 3234 exemplum
2870 3162 3193 3235 saggitlarii
3214 3165 3289 3219 ad
3314 3161 3658 3236 propositum
3673 3153 3779 3212 etad

424 3255 565 3310 mihi
602 3256 786 3309 facere
814 3253 1066 3310 intellexi
1104 3271 1115 3309 :
1150 3258 1205 3309 et
1239 3254 1377 3325 quia
1405 3253 1505 3308 illa
1526 3253 1634 3307 hoc
1664 3257 1923 3325 tempore
1956 3271 2071 3310 non
2102 3239 2145 3304 C
2193 3253 2428 3327 signum
2446 3251 2643 3323 jacula
2664 3251 3012 3324 dirigere,ne
3036 3252 3252 3325 sagitta
3270 3254 3345 3309 ad
3370 3252 3603 3309 alteram
3618 3248 3776 3319 partem

424 3343 612 3399 valere
644 3343 968 3414 recognovi,
1011 3343 1138 3397 ideo
1189 3348 1471 3414 tanquam
1518 3341 1849 3396 detrimenta
1894 3342 2079 3397 habeo
2192 3342 2490 3398 declinans
2521 3340 2859 3413 imperitum
2892 3342 3163 3397 ostendat
3204 3341 3592 3414 sagittarium.
3616 3328 3773 3391 Asseril»

431 3431 745 3487 omniailla
774 3431 909 3485 vilia
938 3435 1175 3501 propter
1203 3430 1758 3501 Christum,quibus
1802 3431 2079 3501 putabam
2194 3448 2255 3487 se
2322 3430 2747 3502 prasteritorum
2806 3429 3092 3499 oblivisci,
3160 3435 3216 3485 et
3282 3431 3355 3485 ad
3416 3427 3599 3500 priora
3649 3418 3777 3491 (1137)

433 3537 525 3575 me
558 3520 733 3573 vitam
768 3520 1117 3589 acquirere:
1154 3519 1275 3573 haec
1308 3522 1541 3591 propter
1589 3518 1906 3587 Christum,
1954 3523 2083 3575 tan-
2194 3520 2460 3587 extendi;
2511 3535 2613 3591 per
2656 3535 2782 3589 quas
2833 3520 3001 3574 docet
3048 3518 3343 3591 prasterita
3391 3506 3778 3589 negligendael

434 3625 610 3679 quam
644 3608 1080 3678 impedimenta,
1116 3607 1331 3678 abjeci;
1378 3616 1428 3661 et
1473 3607 1715 3662 arbitror
1743 3611 1802 3661 ut
1829 3610 2084 3680 stercora,
2200 3610 2395 3663 futura
2424 3608 2738 3680 quaerenda
2769 3622 2782 3661 :
2819 3612 2884 3662 ut
2913 3607 3067 3679 quod
3113 3606 3285 3663 hodie
3332 3605 3630 3679 perfectum
3655 3598 3779 3669 pala-

430 3701 489 3751 ut
522 3697 796 3750 Christum
830 3697 1196 3765 lucri/“ariam.
1233 3696 1379 3758 Quid
1415 3698 1523 3761 est,
1556 3696 1973 3751 detrimentum
2006 3698 2089 3752 fe-
2197 3698 2312 3765 vit;
2346 3695 2858 3769 proﬁciendo,cras
2883 3694 3211 3751 inveniatur
3242 3693 3659 3768 imperfectum;
3682 3696 3779 3754 qua-

435 3785 508 3847 οί,
544 3784 658 3839 niSi
690 3784 1056 3837 detrimentis
1088 3783 1328 3838 Effectus
1362 3784 1543 3853 (1185)
1577 3783 1754 3838 sum?
2201 3793 2374 3842 tenus
2405 3803 2519 3841 non
2552 3785 2612 3840 in
2643 3784 2913 3852 statione,
2947 3785 3045 3840 sed
3100 3784 3159 3839 in
3210 3801 3390 3841 cursu
3420 3776 3775 3855 permanentes,

506 3872 775 3943 Sequitur
810 3888 821 3925 :
856 3874 919 3926 Et
946 3873 1200 3926 inveniar
1248 3874 1308 3927 in
1356 3872 1473 3938 illo,
1504 3871 1562 3925 id
1603 3876 1712 3937 est,
1746 3872 1803 3925 in
1837 3872 2085 3941 Christo,
2205 3876 2275 3931 ad
2309 3875 2620 3946 perfectam
2642 3873 2938 3944 justitiam
2972 3873 3299 3928 veniamus.

442 3976 553 4014 non
600 3960 800 4015 habens
846 3977 1024 4015 meam
1064 3962 1362 4032 justitiam,
1416 3962 1471 4015 id
1532 3964 1639 4027 est,
1693 3960 1871 4032 legis;
1924 3961 2089 4032 quasi
2274 3944 2355 4019 De
2383 3980 2450 4019 eo
2482 3963 2636 4034 quod
2668 3961 2789 4016 haec
2820 3961 3122 4017 audientes
3152 3959 3548 4032 Philippenses
3575 3944 3777 4039 peierati

437 4050 595 4103 dicat
647 4065 658 4102 :
708 4049 947 4103 Justitia
998 4066 1125 4104 mea
1185 4053 1307 4103 erat
1356 4064 1487 4103 cum
1541 4064 1669 4103 meo
1719 4054 1959 4117 conatu;
1994 4067 2097 4122 per
2207 4051 2437 4107 dicere:
2472 4032 2530 4105 Si
2564 4050 2754 4105 adhuc
2787 4049 3101 4121 Apostolus
3129 4048 3530 4121 imperfectum
3572 4056 3625 4096 se
3660 4032 3776 4129 ditiis

444 4152 617 4208 opera
648 4137 793 4209 legis
826 4138 939 4193 Deo
972 4154 1062 4192 me
1094 4154 1265 4209 posse
1297 4137 1520 4208 placere
1551 4137 1878 4192 credebam.
1998 4120 2010 4122 ἡ
2206 4144 2425 4211 quanto
2457 4138 2645 4210 magis
2677 4155 2782 4192 nos
2814 4120 3021 4193 sumus
3051 4120 3415 4210 imperfecti?
3444 4133 3565 4187 Ideo
3602 4142 3654 4181 se
3676 4120 3776 4211 dicit

507 4206 784 4298 Sequitur
817 4243 828 4281 :
865 4227 963 4282 Sed
1003 4206 1144 4292 eam,
1181 4206 1313 4297 quasi
1332 4242 1402 4280 ea:
1429 4226 1533 4295 ﬁde
1562 4229 1642 4280 est
1680 4227 1802 4281 Jesu
1848 4225 2096 4289 Christi;
2208 4206 2412 4284 multis
2441 4206 2919 4282 tribulationibus
2941 4206 3225 4281 afﬂictum
3250 4242 3362 4281 non
3386 4206 3776 4302 comprehendit:

440 4315 590 4370 hanc
613 4315 933 4385 justitiam,
979 4332 1105 4386 qua:
1152 4333 1217 4371 ex
1264 4314 1375 4368 ﬁde
1426 4319 1513 4369 est
1554 4314 1787 4381 Christi,
1822 4331 1935 4369 non
1970 4331 2098 4387 quae
2207 4317 2436 4389 se,quia
2464 4316 2656 4372 adhuc
2680 4315 2926 4383 vivebat;
2961 4315 3238 4387 quoniam
3258 4300 3773 4389 magnaparticipall0

444 4420 512 4458 ex
541 4382 815 4474 ορὲτίδυε
844 4382 1011 4473 Ιθςίεῖ
1988 4382 2005 4387 ⁷
2207 4382 2687 4478 est-passionum,
2722 4405 2869 4459 mori
2900 4382 3003 4476 pro
3034 4403 3296 4471 Christo;
3320 4382 3384 4459 et
3404 4399 3535 4472 quia
3558 4389 3689 4451 vivit,
3712 4382 3773 4436 di-

519 4493 605 4545 Ad
640 4491 779 4561 quid
814 4490 1220 4561 hancjustitia?
1251 4490 1561 4560 Sequitur:
1594 4490 1673 4545 Ad
1699 4493 2096 4560 agnoscendum
2207 4497 2285 4551 cit
2311 4512 2373 4550 se
2406 4511 2519 4550 non
2552 4492 3084 4565 comprehendisse.
3116 4492 3197 4547 De
3227 4508 3293 4547 eo
3334 4488 3482 4563 quod
3526 4496 3615 4555 per
3652 4483 3773 4529 “nm”

448 4582 632 4649 illum,
684 4583 733 4633 ct
782 4582 1037 4634 virtutem
1090 4582 1506 4635 resurrectionis
1552 4582 1701 4652 ejus;
1754 4580 1811 4635 id
1871 4586 1977 4647 est,
2038 4587 2099 4636 ut
2131 4598 2176 4661 ι)
2210 4583 2586 4653 intelligenda
2613 4585 2753 4638 sunt
2784 4579 3129 4652 temporalia
3156 4584 3385 4645 cuncta,
3424 4580 3479 4633 et
3504 4587 3595 4645 per
3613 4566 3772 4661 tum“;

441 4685 755 4741 agnoscam
789 4672 1035 4740 perfecte
1076 4668 1420 4724 beneficium
1453 4669 1602 4739 ejus,
1635 4674 1692 4724 et
1735 4669 1851 4724 vim
1903 4687 2094 4726 resur-
2131 4641 2175 4661 υ
2208 4670 2482 4744 appetitio
2511 4668 3173 4733 aeternorumﬂuoniam
3204 4673 3356 4724 retro
3384 4668 3468 4723 est
3490 4641 3769 4723 ornnes‘l“0d

444 4758 738 4824 rectionis,
773 4757 875 4829 qui
908 4757 1035 4812 ideo
1068 4757 1400 4823 resurrexit,
1434 4762 1499 4811 ut
1547 4774 1653 4812 nos
1697 4774 2095 4830 resurgamus,
2205 4760 2444 4825 transit;
2480 4760 2742 4814 futurum
2769 4764 2876 4823 est,
2905 4759 3059 4830 quod
3085 4758 3322 4813 veniens
3353 4749 3639 4830 permanet-

441 4855 492 4902 et
522 4850 829 4902 societatem
858 4848 1174 4917 passionum
1204 4846 1384 4901 illius.
1410 4845 1608 4901 Virtus
1633 4847 2096 4914 resurrectionis,
2279 4847 2556 4919 Sequitur
2587 4865 2599 4902 τ
2630 4847 2707 4902 Ad
2735 4864 2797 4903 ea
2826 4864 2969 4913 vero,
3002 4864 3123 4919 quae
3152 4852 3279 4902 sunt
3302 4847 3517 4917 priora,

445 4941 535 4991 est
566 4936 811 4992 societas
844 4935 1206 5007 passionum.
1258 4936 1325 4989 Et
1372 4935 1510 5006 quia
1559 4935 1833 4990 meritum
1872 4935 2097 5005 passio-
2205 4939 2492 5009 meipsum,
2522 4940 2628 4992 etc.
2662 4942 2743 4991 Ac
2773 4937 2821 4992 si
2853 4937 3005 4992 dicat
3033 4954 3053 4990 :
3083 4936 3211 4991 Scio
3240 4936 3377 5007 quia
3420 4931 3474 4986 in
3513 4926 3657 4980 domo
3695 4915 3765 4964 Πει

449 5042 589 5080 num
620 5031 708 5081 est
737 5024 1245 5093 resurrectio,ideo
1278 5024 1421 5078 forte
1451 5022 1753 5094 praemissa
1782 5026 1870 5077 est
1902 5039 2100 5078 resur-
2209 5026 2465 5097 quotidie
2498 5024 2757 5096 proficio,
2790 5012 2847 5078 et
2877 5024 3232 5096 praeteritum
3266 5024 3506 5078 laborem
3537 5010 3765 5101 ηοῐξιοονίξν

448 5114 646 5168 rectio.
2208 5120 2443 5186 putans,
2476 5114 2548 5167 ad
2580 5112 2773 5184 priora
2802 5112 3027 5167 festino.
3081 5117 3175 5168 Est
3219 5112 3373 5168 enim
3418 5098 3760 5179 quaerentisln'

2282 5325 2459 5346 uani-rx
2494 5324 2755 5346 n-._s__--
2798 5324 2973 5346 -n--s-.
3285 5323 3446 5346 -:I:--I
3491 5298 3763 5346 munimenta
