3974 5358
133 443 241 503 601

646 442 1061 504 EXPOSITIO
1102 442 1178 503 IN
1228 439 1659 502 EPlSTOLAS
1706 436 1964 501 PAULI.
2002 469 2078 483 —
2108 436 2182 496 IN
2231 433 2479 498 EPlS'l‘.
2524 434 2626 494 AD
2670 428 3008 493 PHILIPP.

3412 420 3532 484 602

135 573 331 641 tentio,
363 573 546 630 donec
574 573 1050 646 apprehendatur
1080 572 1249 639 illud,
1280 589 1395 645 quo
1445 572 1772 628 tendimus.
1806 574 1857 639 Α
1890 569 1991 642 qui
2020 567 2347 625 cruciatum
2377 583 2638 641 corporis
2669 565 2728 620 in
2758 562 2962 635 epulas
2991 565 3049 616 et
3068 558 3360 615 luxuriam
3390 574 3533 614 con-

136 663 239 719 Sed
261 679 328 718 ea
356 667 445 718 est
476 668 633 717 recta
664 661 931 729 intentio,
974 679 1099 733 qua:
1154 660 1543 732 proﬁciscitur
1592 660 1776 729 (1188)

139 753 205 808 ad
238 752 437 807 tidem.
478 751 704 807 Certam
739 750 895 807 enim
930 750 1074 806 fides
1104 749 1341 805 inchoat
1360 749 1775 822 cognitionem,

140 857 256 913 quae
287 857 403 895 non
435 840 494 895 in
518 839 649 907 hac,
681 841 783 895 sed
815 840 873 895 in
904 838 1005 894 illa
1031 839 1150 894 vita
1176 838 1531 911 perﬁcietur,
1566 835 1778 909 quando

137 929 451 996 videbimus,
478 934 588 984 etc.
611 930 661 999 (ι
693 928 817 983 Cor.
842 945 966 997 x111,
1001 929 1109 999 12).
1143 932 1261 983 Hoc
1292 943 1429 998 ergo
1451 926 1775 999 sapiamus,

137 1018 540 1074 utnoverimus
557 1018 833 1073 tutiorem
858 1033 988 1072 esse
1007 1017 1275 1072 effectum
1301 1033 1436 1071 vera
1456 1014 1776 1087 qumrendi,

138 1123 304 1180 quam
336 1106 637 1179 incognita
666 1123 767 1179 pro
800 1106 1054 1177 cognitis
1075 1104 1491 1176 prmsumendi.
1522 1104 1619 1159 Sic
1640 1120 1778 1175 ergo

137 1213 464 1269 quaeramus
495 1196 663 1267 quasi
695 1195 1014 1262 inventuri,
1036 1199 1093 1250 et
1112 1194 1197 1249 sic
1219 1194 1588 1249 inveniamus
1610 1191 1778 1264 quasi

139 1284 468 1357 quassituri:
503 1301 638 1341 cum
669 1284 825 1339 enim
860 1283 1360 1339 consummaverit
1390 1282 1586 1350 homo,
1637 1287 1779 1337 tunc

136 1373 353 1446 incipit.
853 1366 856 1369 ’

197 1463 479 1535 Sequitur
513 1478 525 1517 :
562 1463 880 1533 Quicunque
910 1477 1037 1530 ergo
1067 1462 1318 1532 perfecti,
1344 1464 1456 1516 etc.
1480 1459 1628 1523 Quid
1652 1474 1779 1514 sen-

135 1552 233 1607 tiro
262 1552 573 1618 debemus,
606 1552 719 1607 nisi
754 1551 1125 1622 imperfectos
1156 1567 1263 1605 nos
1310 1565 1493 1620 essse,
1542 1552 1598 1604 et
1644 1564 1779 1603 nec-

136 1642 267 1696 dum
299 1638 872 1712 comprehendisse?
919 1638 1031 1694 Sed
1086 1637 1199 1709 die,
1254 1638 1448 1706 Paule,
1488 1637 1779 1708 quomodo

134 1728 429 1801 perfectus
460 1732 517 1783 et
546 1728 923 1800 imperfectus
954 1727 1082 1784 sis?
1130 1728 1260 1784 Haec
1300 1733 1392 1784 est
1442 1726 1598 1783 enim
1645 1742 1782 1782 vera

136 1816 422 1889 sapientia
445 1815 724 1884 hominis,
752 1816 1157 1888 imperfectum
1180 1833 1243 1873 se
1263 1832 1394 1873 esse
1405 1832 1578 1873 nosse
1603 1833 1617 1872 :
1642 1832 1779 1871 nam

135 1910 478 1962 cunctorum
511 1910 850 1961 sanctorum
868 1904 924 1960 in
949 1921 1121 1961 carne
1146 1905 1485 1977 imperfecta
1505 1903 1780 1976 perfectio

134 2000 248 2062 est;
284 1994 436 2066 quia
462 1994 523 2049 in
555 1994 667 2050 ista
695 1994 814 2049 vita
862 1994 1115 2065 perfecta
1167 1993 1442 2067 perfectio
1488 2009 1618 2049 esse
1664 2008 1781 2048 non

136 2087 348 2155 potest,
378 2083 438 2137 iu
469 2099 588 2154 qua
614 2081 979 2154 concupiscit
997 2099 1133 2139 caro
1164 2084 1445 2139 adversus
1482 2081 1779 2152 spiritum.

136 2172 229 2227 Hic
254 2175 617 2243 preceptum
642 2175 732 2226 est
762 2175 826 2226 ut
844 2170 1153 2227 desideriis
1171 2171 1389 2243 peccati
1417 2187 1532 2226 non
1554 2170 1781 2226 obedia-

139 2278 262 2317 mus
295 2277 309 2316 :
352 2259 433 2315 ibi
464 2260 575 2315 erit
599 2264 666 2314 ut
693 2259 982 2315 desideria
1011 2260 1229 2331 peccati
1270 2276 1385 2315 non
1434 2259 1777 2314 habeamus.

142 2348 295 2404 illam
334 2363 466 2403 vero
498 2347 814 2419 perfectam
848 2348 1261 2419 perfectionem
1294 2348 1502 2403 sitiens
1527 2347 1673 2402 dicit
1719 2363 1781 2401 se

148 2436 551 2508 imperfectum
576 2452 590 2504 ;
624 2441 683 2491 et
714 2452 950 2491 rursum
982 2436 1174 2492 sciens
1206 2452 1267 2492 se
1297 2453 1413 2493 non
1442 2436 1656 2492 habere
1682 2452 1781 2490 vo-

140 2525 424 2581 luntatem
451 2525 757 2597 peccandi,
787 2525 1057 2596 quamvis
1088 2530 1285 2597 peccet
1305 2525 1535 2594 nolens,
1558 2525 1698 2580 dicit
1718 2539 1781 2580 se

142 2615 483 2686 perfectum.
519 2614 818 2671 Perfectus
848 2618 938 2671 est
988 2613 1089 2687 qui
1122 2632 1293 2671 suam
1326 2631 1441 2670 non
1486 2612 1782 2670 erubescit

136 2702 659 2774 imperfectionem.

206 2791 489 2863 Sequitur
512 2808 526 2847 :
559 2795 630 2847 Et
656 2792 707 2847 si
727 2792 864 2862 quid
894 2791 1064 2846 aliter
1090 2792 1305 2863 sapitis,
1340 2794 1482 2858 etc.;
1509 2791 1564 2845 id
1588 2795 1697 2857 est,
1731 2790 1781 2847 si

128 2878 356 2952 aliquid
389 2879 503 2935 alia
533 2879 755 2935 ratione
786 2880 941 2935 Deus
969 2879 1133 2934 vobis
1159 2878 1451 2944 revelavit,
1484 2884 1550 2934 ut
1572 2880 1641 2933 ad
1666 2879 1783 2934 cul-

124 2972 254 3023 tum
279 2968 540 3023 melioris
561 2966 1016 3023 conversationis
1038 2968 1337 3039 pertinens
1357 2966 1656 3038 cogitetis;
1678 2968 1781 3024 Dei

120 3056 379 3130 cogitate
411 3058 654 3126 donum,
690 3071 764 3111 ne
793 3055 1104 3111 inﬂemini.

205 3146 284 3200 Et
314 3160 390 3199 ne
419 3144 515 3199 hic
561 3143 813 3200 oriretur
861 3144 1263 3216 praesumptio,
1313 3148 1370 3199 et
1415 3147 1721 3216 putaretur
1750 3160 1784 3198 a

122 3233 246 3288 Deo
274 3232 599 3289 revelatum
633 3233 789 3305 quod
820 3249 936 3288 non
986 3238 1111 3289 erat
1163 3233 1292 3289 ideo
1340 3233 1635 3304 subjecit:
1689 3233 1780 3289 Ve-

123 3330 447 3379 rumtamen
474 3322 547 3378 ad
576 3322 718 3394 quod
745 3325 1015 3391 venimus,
1047 3328 1111 3378 ut
1140 3323 1283 3378 idem
1308 3326 1614 3394 sapiamus.
1663 3327 1783 3378 Hoc

126 3415 241 3478 est,
278 3427 396 3467 non
429 3416 592 3468 extra
620 3411 883 3484 regulam
927 3411 1252 3484 disciplinae
1308 3428 1510 3485 sapere
1548 3412 1609 3466 in
1642 3428 1780 3467 con-

124 3498 460 3555 versatione
489 3500 624 3556 fidei
656 3517 670 3567 ;
698 3502 799 3556 sed
831 3500 941 3556 hoc
989 3516 1213 3572 sapere,
1265 3502 1421 3571 quod
1468 3517 1781 3557 commune

126 3589 226 3660 sit,
285 3593 348 3644 et
404 3589 739 3660 honestum,
800 3590 860 3644 in
908 3589 1201 3662 Evangelii
1245 3590 1501 3646 veritate.
1549 3590 1777 3645 Aliter:

127 3678 195 3733 Et
222 3677 275 3732 si
307 3682 399 3733 est
429 3677 651 3750 aliquid
682 3678 755 3733 de
784 3677 895 3733 hoc
935 3678 1085 3751 ipso,
1136 3679 1290 3750 quod
1339 3694 1447 3733 nos
1496 3679 1775 3749 diximus,

128 3766 283 3838 quod
317 3783 418 3822 vos
450 3765 620 3822 aliter
649 3765 972 3838 accipiatis,
1015 3766 1281 3837 sapiatis,
1339 3772 1398 3822 et
1438 3767 1779 3839 intelligetis

128 3856 367 3911 concedi
422 3855 609 3910 vobis.
671 3855 818 3925 Ergo
876 3855 977 3925 qui
1036 3856 1274 3926 perfecti
1321 3856 1486 3925 estis,
1544 3856 1775 3911 etiamsi

129 3943 265 4013 quid
296 3942 501 3998 minus
532 3942 786 4014 perfecte
814 3942 1043 4014 sapitis,
1076 3942 1379 3998 humiliter
1423 3948 1773 4015 exspectate,

127 4036 181 4087 et
208 4049 242 4087 a
276 4033 392 4087 Deo
424 4031 685 4104 poscite:
720 4030 846 4103 ipse
876 4030 1033 4086 enim
1066 4035 1256 4102 potest
1286 4030 1538 4086 revelare
1570 4032 1776 4086 ambu-

128 4118 410 4175 lantibus.
443 4120 513 4175 Et
543 4120 673 4176 ideo
704 4118 908 4177 subdit
941 4136 953 4173 :
993 4122 1385 4175 Verumtamen
1414 4121 1494 4175 ad
1538 4119 1597 4174 id
1638 4118 1777 4191 quod

126 4209 493 4279 pervenimus,
528 4212 588 4263 ut
619 4208 765 4265 idem
815 4209 1119 4277 sapiamus.
1162 4208 1313 4275 Quid
1360 4213 1452 4265 est
1499 4209 1571 4264 ad
1618 4210 1775 4280 quod

129 4297 550 4368 pervenimus?
592 4296 845 4367 Scilicet,
901 4302 966 4352 ut
1010 4313 1138 4369 quas
1187 4302 1340 4353 retro
1390 4301 1531 4353 sunt
1576 4297 1779 4353 oblivi-

130 4390 376 4452 scentes,
408 4384 479 4441 ad
513 4385 708 4458 priora
734 4386 1071 4442 tendamus.
1102 4389 1221 4441 Hoc
1251 4385 1408 4441 enim
1439 4386 1534 4440 hic
1566 4385 1776 4458 repetit

132 4472 373 4531 dicendo
408 4492 421 4530 :
452 4476 517 4531 In
542 4490 602 4531 eo
632 4474 992 4530 ambulemus.
1028 4476 1113 4530 Ita
1133 4472 1576 4531 ambulantibus
1616 4474 1770 4545 quod

132 4563 288 4619 deest
316 4561 631 4618 revelatur.

1883 663 2200 714 verterunt.
3524 728 3525 731 η

1958 748 2263 819 Sequitur:
2298 748 2452 802 Nunc
2488 752 2681 801 autem
2739 753 2790 800 et
2848 745 2984 815 ﬂens
3027 740 3167 803 dico,
3219 742 3330 792 etc.
3382 736 3530 793 Nota

1886 842 2107 908 quanta
2137 836 2195 890 in
2227 852 2292 891 eo
2314 839 2438 891 erat
2462 834 2713 889 dilectio.
2738 832 2864 889 Non
2888 830 3079 886 solum
3103 843 3242 883 suos
3264 825 3530 894 instruit,

1886 926 1984 981 sed
2018 931 2323 981 extraneos
2355 924 2547 980 deflet.
2579 926 2624 977 A
2644 924 2814 992 cujus
2831 916 3225 976 sollicitudine
3246 915 3418 986 longe
3438 913 3530 968 di-

1888 1020 2066 1079 stant,
2098 1015 2198 1085 qui
2230 1015 2355 1070 suis
2386 1012 2788 1085 pereuntibus,
2820 1010 3094 1081 gaudent.

1958 1106 2112 1170 Quos
2143 1104 2316 1159 deflet
2337 1102 2571 1173 exponit
2595 1117 2607 1155 :
2633 1101 2907 1164 inimicos,
2933 1096 3143 1168 inquit,
3165 1097 3342 1151 crucis
3366 1093 3528 1149 Chri-

1884 1194 1977 1247 sti.
2008 1191 2096 1261 Hi,
2131 1193 2231 1263 qui
2264 1191 2587 1247 secundum
2620 1187 3019 1259 Evangelium,
3048 1184 3345 1240 Christum
3394 1198 3527 1237 nas-

1886 1280 2139 1347 sibilem,
2175 1286 2231 1336 et
2259 1277 2707 1351 impassibilem,
2739 1274 3314 1345 incircumscriptum
3346 1275 3403 1326 et
3440 1271 3531 1325 lo-

1886 1368 2092 1435 calam,
2107 1375 2389 1424 aeternum
2408 1373 2466 1425 et
2487 1364 2865 1436 temporalem
2886 1380 3001 1419 non
3022 1361 3381 1433 intelligunt.
3406 1358 3529 1413 Ali-

1885 1462 2019 1513 ter:
2058 1458 2331 1512 lnimicos
2377 1456 2568 1511 crucis
2617 1453 2858 1521 Christi,
2914 1452 3014 1523 qui
3066 1456 3167 1506 aut
3227 1453 3526 1505 mortuum

1886 1563 2020 1601 eum
2052 1564 2167 1602 non
2199 1546 2464 1611 credunt,
2497 1549 2599 1599 aut
2626 1559 2841 1615 purum
2896 1540 3191 1597 hominem
3236 1554 3371 1593 eum
3422 1553 3527 1608 pu-

1886 1640 2079 1691 tantes
2105 1652 2257 1701 esse,
2290 1650 2520 1689 crucem
2553 1634 2683 1704 ejus
2711 1632 3000 1698 derident,
3031 1645 3158 1700 quas
3189 1626 3349 1683 salus
3382 1626 3532 1681 facta

1888 1728 1977 1781 est
2002 1722 2279 1779 hominis.

1956 1812 2233 1884 Sequitur
2259 1828 2271 1868 :
2307 1813 2547 1881 Quorum
2572 1810 2699 1881 ﬁnis
2723 1810 3011 1865 interitus:
3034 1805 3090 1861 id
3114 1808 3226 1875 est,
3250 1803 3531 1859 falsorum

1889 1902 2307 1974 apostolorum,
2341 1906 2398 1957 et
2429 1900 2831 1955 haereticorum
2854 1915 2867 1965 ;
2890 1895 3031 1968 quia
3060 1899 3261 1951 sancto
3309 1891 3528 1964 Spiritu

1890 1996 2013 2047 erat
2053 1991 2328 2062 repletus,
2362 1990 2492 2044 ideo
2522 1992 2760 2044 noverat
2790 1986 2920 2041 illos
2968 1986 3438 2057 perseveraturos
3470 1980 3530 2034 in

1888 2080 2065 2149 malo,
2099 2081 2255 2151 quod
2285 2077 2415 2135 aliis
2446 2092 2619 2134 nosse
2651 2093 2767 2133 non
2798 2076 2974 2131 datur
2999 2090 3014 2141 ;
3038 2073 3285 2143 ideoque
3306 2067 3533 2125 occulta

1889 2185 2005 2224 non
2028 2168 2374 2238 judicemus.

1959 2257 2237 2329 Sequitur
2268 2274 2281 2312 :
2312 2259 2565 2327 Quorum
2596 2257 2736 2311 Deus
2764 2256 2969 2309 venter.
3001 2254 3189 2317 Quare
3218 2249 3371 2305 Deus
3401 2262 3535 2302 ven-

1892 2347 2022 2401 ter?
2051 2347 2198 2411 Quia
2228 2350 2464 2418 propter
2493 2345 2690 2401 cibum
2740 2342 3174 2415 praedicabant;
3217 2338 3337 2393 sive
3394 2335 3533 2408 quia

1889 2435 2073 2490 Deum
2104 2434 2376 2489 delectari
2408 2435 2465 2489 in
2496 2433 2759 2489 ciborum
2790 2431 3143 2486 mundorum
3167 2425 3533 2499 perceptione

1889 2523 2222 2579 credebant.
2259 2522 2514 2578 Gloriam
2571 2538 2706 2576 vero
2765 2519 3013 2575 dicimus
3074 2519 3130 2571 in
3190 2515 3529 2585 confusione,

1889 2612 2029 2683 quia
2058 2612 2118 2667 in
2150 2611 2440 2683 pudendis
2464 2609 2742 2666 membris
2773 2606 3195 2680 gloriabantur,
3227 2607 3284 2659 et
3311 2603 3382 2657 de
3412 2601 3529 2668 bis,

1889 2703 1986 2773 qui
2011 2706 2230 2757 terrena
2256 2700 2496 2772 sapiunt,
2549 2700 2796 2771 ideoque
2848 2698 2909 2751 in
2957 2693 3177 2751 carnali
3225 2689 3532 2748 circumci-

1889 2791 2054 2847 sione
2086 2790 2403 2845 confidunt.

1960 2879 2237 2950 Sequitur
2268 2895 2280 2932 :
2314 2879 2506 2933 Nostra
2539 2880 2723 2933 autem
2750 2874 3107 2940 conversatio,
3132 2875 3241 2928 etc.
3264 2872 3345 2926 Ac
3370 2869 3419 2926 si
3449 2867 3534 2924 di-

1891 2972 1985 3023 cat
2016 2985 2029 3023 :
2063 2967 2106 3022 0
2137 2966 2559 3037 Philippenses,
2587 2970 2763 3020 tanta)
2793 2962 3031 3020 cautelae
3064 2960 3279 3033 fuistis,
3312 2964 3379 3015 ut
3416 2975 3531 3014 non

1891 3055 2020 3112 sitis
2046 3072 2080 3110 a
2110 3056 2276 3111 falsis
2293 3054 2545 3124 seducti,
2570 3055 2670 3110 sed
2699 3054 3006 3108 nobiscum
3028 3046 3451 3108 conversemini
3473 3050 3535 3103 in

1890 3144 2217 3201 caelis.Nota
2236 3144 2390 3214 quod
2418 3142 2477 3197 in
2499 3157 2671 3197 carne
2692 3146 2799 3208 est,
2822 3140 2921 3211 qui
2942 3157 3005 3196 se
3025 3140 3166 3194 dicit
3184 3138 3452 3194 habitare
3472 3136 3533 3191 in

1894 3232 2074 3300 cmlis,
2102 3232 2381 3303 quoniam
2401 3229 2582 3286 aliubi
2605 3230 2975 3286 detinebatur
2993 3243 3188 3295 carne,
3211 3225 3391 3282 aliubi
3412 3229 3536 3280 erat

1815 3305 1860 3375 C
1895 3325 2107 3377 mente.
2134 3321 2281 3376 Nota
2301 3320 2457 3392 quod
2479 3336 2591 3391 pax
2612 3318 2797 3391 (1191)
2820 3318 2933 3374 ista
2957 3333 3070 3373 non
3092 3321 3181 3371 est
3201 3313 3491 3370 malorum
3515 3330 3531 3381 ;

1890 3410 2020 3467 ideo
2042 3409 2356 3465 videndum
2381 3414 2472 3464 est
2496 3413 2557 3463 ut
2571 3406 3349 3477 taliafaciamus,loquamur
3368 3407 3425 3457 et
3445 3418 3539 3457 co-

1890 3499 2167 3571 gitemus,
2197 3515 2323 3571 quae
2354 3497 2434 3553 illi
2468 3501 2812 3570 congruant.

1960 3589 2239 3660 Sequitur
2270 3606 2282 3643 :
2322 3588 2468 3645 Unde
2493 3589 2681 3652 etiam,
2710 3590 2845 3653 etc.,
2877 3584 2935 3640 id
2966 3588 3074 3650 est,
3107 3584 3177 3638 de
3229 3582 3393 3638 caalo.
3451 3581 3532 3637 Ibi

1889 3678 2045 3734 enim
2077 3678 2358 3734 ascendit.
2394 3678 2531 3732 Inde
2574 3680 2887 3731 venturum
2936 3690 3070 3729 eum
3120 3672 3415 3728 credimus
3463 3671 3533 3727 ad

1889 3766 2221 3837 exemplum
2240 3764 2572 3838 populi,qui
2585 3763 2955 3836 exspectabat
2973 3762 3535 3833 sacerdotem,uteg-

1888 3856 2186 3910 rederetur
2202 3855 2273 3909 de
2287 3855 2508 3910 sanctis
2522 3858 2883 3909 sanctorum.
2908 3855 3088 3918 Quem
3112 3851 3139 3905 ?
3154 3851 3258 3919 Qui
3268 3852 3533 3922 reforma-

1890 3943 1990 4007 bit,
2010 3947 2116 3997 etc.
2139 3943 2203 3996 Id
2217 3942 2433 4014 est,qui
2448 3941 2805 4013 resurgendo
2820 3957 2981 4012 spem
2996 3940 3099 3994 ded
3110 3940 3151 3993 it
3166 3938 3530 4011 resurgendi,

1888 4030 2167 4102 quoniam
2186 4031 2337 4100 quod
2359 4029 2714 4085 habemusin
2738 4028 3156 4100 spe,celebrata
3168 4028 3537 4082 resurrectio-

1888 4135 1959 4174 ne
1971 4118 2323 4174 habebimus
2337 4117 2393 4172 in
2414 4134 2502 4172 re:
2523 4116 2739 4187 quando
2754 4116 2990 4171 mortale
3003 4115 3189 4169 induet
3200 4117 3531 4171 immortali-

1886 4211 2189 4275 tatem,etc.
2213 4208 2261 4277 (Ι
2284 4206 2403 4262 Cor.
2428 4223 2521 4276 xv,
2542 4207 2654 4276 53).
2681 4207 2750 4260 Et
2780 4220 2852 4259 ne
2880 4203 3177 4259 difﬁderes
3198 4203 3269 4258 de
3290 4203 3530 4275 pulvero

1886 4294 2186 4352 hominem
2220 4298 2710 4360 resurrecturum,
2744 4291 2959 4365 adjecit
2983 4310 2995 4347 :
3020 4290 3330 4346 Secundum
3347 4306 3536 4362 opera-

1885 4385 2238 4456 tionem,qua
2257 4382 2639 4455 potuit(1192)
2665 4382 2772 4438 sibi
2797 4382 3065 4453 subjicere
3111 4382 3317 4435 omnia.
3371 4380 3535 4435 Tunc

1884 4473 2041 4528 enim
2072 4471 2621 4544 eritconﬁguratio,
2656 4471 2891 4544 quando
2916 4468 3139 4525 similes
3170 4467 3353 4525 eﬂ'ecti
3382 4468 3533 4524 vide-

1885 4561 2060 4616 bimus
2089 4576 2212 4616 eum
2240 4563 2406 4617 sicuti
2434 4570 2517 4616 est
2546 4561 2591 4631 (Ι
2616 4562 2775 4618 Ιοαη.
2798 4577 2882 4628 in,
2913 4559 2989 4631 2).

192 4652 381 4723 (1089)
412 4650 737 4723 Sequitur:
800 4650 1103 4705 lmitatores
1159 4650 1270 4705 mei
1316 4652 1502 4715 estote,
1552 4647 1610 4703 id
1648 4651 1765 4720 est,
1799 4665 1856 4735 ι)
1955 4649 2414 4720 Sequitur(CAp.
2441 4648 2811 4721 1V.):Itaque,
2834 4651 3041 4719 fratres
3060 4648 3174 4702 mei
3201 4648 3532 4712 charissimi,

132 4737 384 4810 illorum,
418 4756 544 4812 quae
575 4754 703 4812 ago,
734 4736 823 4794 vel
855 4738 1058 4794 doceo.

198 4827 512 4900 Sequitur:
545 4826 610 4881 Et
638 4826 914 4882 observate
940 4840 1049 4894 eos,
1083 4828 1195 4882 etc.
1227 4824 1309 4881 De
1355 4841 1421 4881 eo
1452 4825 1605 4897 quod
1660 4825 1773 4881 du-

137 4913 357 4983 pliciter
384 4914 598 4971 dicitur
637 4914 981 4984 observare;
1015 4913 1102 4971 vel
1152 4914 1225 4970 ad
1281 4913 1659 4983 imitandum,
1711 4918 1776 4970 ut

137 4999 223 5057 hic
255 5028 271 5062 ;
300 5003 391 5059 vel
424 5004 495 5058 ad
528 5003 873 5074 cavendum,
907 5008 973 5059 nt
1001 5003 1074 5059 ad
1103 4994 1433 5060 Remanos:
1489 5003 1775 5059 Observate

136 5103 215 5145 eos
242 5094 338 5164 qui
390 5089 776 5160 dissensiones,
832 5100 883 5147 et
936 5091 1274 5164 offendicula
1322 5094 1537 5163 faciunt
1593 5093 1769 5164 (Rom.

145 5193 275 5248 xvn,
307 5180 421 5253 17).

1886 4743 2083 4794 etc.De
2100 4753 2165 4793 eo
2180 4738 2336 4810 quod
2357 4735 2449 4792 his
2461 4737 2653 4792 verbis
2666 4742 3017 4808 commonet,
3040 4735 3181 4791 utin
3195 4735 3400 4790 eadem
3420 4735 3535 4791 fide

1887 4832 2185 4895 maneant;
2202 4826 2357 4898 quod
2373 4825 2498 4882 ﬁeri
2512 4841 2627 4880 non
2644 4825 2980 4896 potest,nisi
2995 4839 3174 4881 unam
3187 4822 3534 4879 charitatem

1883 4916 2205 4973 habeant.0
2221 4914 2649 4989 Philippenses,
2682 4912 2733 4970 si
2748 4913 2858 4967 hoc
2877 4911 3154 4976 feceritis,
3177 4911 3338 4968 eritis
3357 4910 3541 4985 gloria

1884 5010 1941 5061 et
1963 5021 2176 5062 corona
2198 5021 2361 5073 mea;
2386 5005 2574 5080 gloria
2599 5004 2658 5058 in
2682 5002 2993 5075 praesenti,-
3017 5014 3231 5055 corona
3249 4998 3309 5052 in
3323 5000 3539 5055 futuro.

1885 5096 1949 5151 In
1973 5095 2264 5151 bonorum
2298 5110 2557 5171 namque
2579 5091 2920 5150 auditorum
2952 5088 3229 5164 provectu
3259 5088 3543 5157 gaudium

1882 5189 1972 5242 est
2001 5183 2475 5258 praedicatorum.
