3974 5358
464 380 584 443 603

1490 390 1831 453 ATTONIS
1876 392 2456 460 VERCELLENSIS
2503 399 2856 463 EPISCOPI
3717 409 3807 471 604

466 514 2108 610 prudentiaminvitat,utsicutinoperibusEvangeliipro-
2137 535 2188 603 Α
2230 530 2573 587 exhortatio.
2607 533 2751 588 Cum
2785 534 2939 589 enim
2971 534 3281 591 immineat
3312 534 3447 591 finis
3478 536 3744 610 cujusque,
3766 550 3811 598 et

464 604 739 671 fecerant,
776 608 1119 678 proﬁcerent
1146 616 1201 664 et
1242 610 1297 665 in
1351 612 1612 679 scientia,
1666 618 1721 669 et
1774 615 1919 670 bene
1969 616 2111 670 dicit

463 692 724 765 idipsum
758 713 959 768 sapere
994 698 1049 751 in
1083 699 1351 768 Domino,
1384 701 1443 755 id
1476 706 1582 770 est,
1621 719 1745 772 qua:
1778 704 1927 759 circa
1952 704 2110 759 Chri-

456 788 617 838 stum
650 786 869 855 scripta
901 792 1057 853 sunt,
1092 795 1245 843 recte
1279 791 1535 845 sentiant
1564 796 1619 846 et
1649 792 1998 863 intelligant.

523 872 996 943 Sequitur:Rogo
1018 878 1183 931 etiam
1204 886 1271 943 te,
1314 883 1423 934 etc.
1466 879 1544 933 De
1566 896 1631 934 eo
1679 882 1829 950 quod
1878 882 2104 936 Germa-

454 977 558 1013 nus
591 962 772 1033 (1131)
807 966 1110 1035 proprium
1145 984 1356 1022 nomen
1389 974 1532 1033 erat,
1564 985 1789 1039 compar
1839 987 1968 1025 vero
2018 971 2106 1025 di-

456 1050 717 1119 gnitatis,
743 1053 893 1109 sicut
915 1056 1346 1126 Epaphroditus
1366 1056 1579 1111 dicitur
1600 1060 1897 1114 commilito
1920 1061 2104 1114 Pauli.

458 1139 604 1194 Nota
624 1143 777 1211 quod
802 1160 914 1197 non
943 1144 1101 1211 dicit,
1126 1145 1367 1215 impero.
1396 1146 1499 1200 Ubi
1519 1146 1894 1201 instruuntur
1917 1149 2109 1202 docto-

455 1243 569 1296 res,
605 1235 668 1282 ut
689 1230 871 1286 bonos
886 1234 1181 1289 auditores
1208 1233 1554 1305 alloquendo
1580 1236 1767 1307 magis
1792 1254 1968 1307 quam
1992 1237 2104 1291 im-

456 1320 712 1388 perando
738 1320 1000 1376 doceant.
1028 1322 1253 1378 Etbene
1277 1323 1419 1379 dicit
1443 1343 1455 1391 ;
1484 1342 1601 1395 qua:
1632 1342 1842 1379 mecum
1891 1327 2105 1380 labora-

455 1412 651 1461 verunt
681 1409 740 1461 in
791 1412 1105 1480 Evangelia,
1168 1411 1253 1466 vel
1303 1415 1618 1483 operando,
1666 1413 1751 1466 vel
1803 1415 2102 1469 docendo:

454 1495 713 1551 decendo
746 1498 1015 1554 videlicet
1047 1516 1157 1554 non
1192 1500 1249 1554 in
1282 1501 1441 1565 viris,
1479 1502 1576 1555 sed
1604 1502 1659 1555 in
1692 1502 1924 1557 feminis
1952 1528 1965 1567 ;
1990 1520 2102 1558 non

453 1584 510 1637 in
536 1584 809 1653 Ecclesia,
843 1589 942 1643 sed
977 1588 1033 1641 in
1068 1589 1259 1643 domo.
1296 1590 1429 1643 Cum
1467 1592 1735 1645 Clemente
1791 1597 1843 1645 et
1891 1593 2106 1647 caeteris

450 1672 787 1743 adjutoribus
807 1680 963 1730 meis.
992 1676 1260 1731 Clemens
1283 1677 1391 1731 iste
1417 1694 1484 1732 ex
1507 1678 1854 1749 philosopho
1878 1696 2103 1751 magnae

454 1763 727 1818 doctrinm
760 1764 849 1818 vir
878 1765 1005 1834 fuit,
1042 1766 1260 1836 quique
1313 1766 1586 1821 Romanm
1639 1768 1907 1823 Ecclesiae
1960 1786 2105 1840 pras-

454 1851 786 1922 tuit(1195).
822 1854 888 1907 Et
908 1854 1056 1908 bene
1086 1854 1264 1909 dicit:
1298 1860 1548 1925 Quorum
1586 1859 1817 1911 nomina
1863 1862 1992 1912 sunt
2044 1859 2103 1912 in

2221 620 2458 690 diesjud
2472 622 2585 686 icii,
2607 623 2776 678 debet
2796 623 2964 678 nobis
2978 640 3105 679 esse
3119 624 3470 695 properatio,
3495 627 3709 683 utbonis
3722 648 3808 685 mo-

2222 708 2386 765 ribus
2421 727 2749 781 magnaque
2782 713 3067 768 modestia
3096 713 3367 767 vivamus
3396 729 3409 767 :
3436 713 3549 768 sive
3580 717 3699 786 quia
3726 723 3803 774 Do~

2220 801 2405 853 minus
2430 816 2605 871 prope
2634 805 2713 856 est
2744 802 2995 856 omnibus
3026 804 3411 857 invocantibus
3460 820 3514 858 se
3552 808 3605 858 in
3632 811 3807 863 veritate

2222 889 2396 949 (Psal.
2430 905 2611 956 chiv,
2647 891 2755 961 18),
2790 907 2904 945 non
2938 891 3162 945 debetis
3192 907 3325 945 esse
3350 892 3570 946 solliciti
3596 894 3658 949 de
3677 896 3806 952 rebus

2221 977 2561 1044 mundanis,
2596 979 2733 1049 quia
2762 984 2817 1033 et
2839 979 3037 1034 omnia
3060 980 3395 1035 necessaria
3415 982 3573 1037 vobis
3594 993 3805 1052 procurat

2218 1065 2392 1132 Deus,
2426 1073 2481 1121 et
2514 1068 2755 1123 meliora
2786 1069 2841 1122 in
2866 1068 2964 1123 illa
2984 1069 3122 1133 vita,
3147 1086 3274 1139 quin
3299 1070 3498 1124 futura
3515 1076 3801 1129 estzeterna:

2221 1156 2361 1221 sive,
2396 1156 2574 1212 nolite
2605 1157 2809 1213 timere
2841 1164 3279 1229 persequentes,
3314 1158 3622 1230 quiajuxta
3646 1167 3710 1215 est
3734 1165 3802 1217 Do-

2214 1247 2399 1299 minus
2442 1247 2527 1300 his
2583 1264 2676 1316 (μη
2740 1248 3003 1303 brzlulalo
3064 1256 3193 1303 sunt
3247 1248 3411 1303 corde
3454 1250 3612 1319 (Psal.
3655 1268 3799 1322 xxxm,

2218 1334 2325 1403 19).

2286 1426 2561 1495 Sequitur
2590 1444 2602 1481 :
2636 1426 2738 1480 Sed
2769 1428 2829 1480 in
2858 1428 3008 1481 omni
3055 1428 3324 1492 oratione,
3380 1431 3491 1482 etc.
3542 1425 3705 1483 Oratio
3737 1438 3795 1485 est

2217 1526 2319 1580 pro
2341 1512 2760 1582 adipiscendis,
2785 1530 2911 1584 quae
2928 1530 3265 1585 speramus;
3292 1515 3793 1588 obsecrationes.pro

2214 1600 2466 1670 peccatis
2491 1601 2911 1672 prieteritis,vel
2938 1603 3327 1673 przesentibus
3350 1620 3363 1658 :
3386 1606 3678 1674 gratiarum
3694 1612 3785 1659 sunt

2212 1691 2468 1755 actiones,
2504 1689 2707 1745 laudes
2740 1708 2843 1761 pro
2874 1690 3099 1746 collatis
3129 1692 3455 1759 beneﬁciis,
3489 1708 3608 1763 quae
3649 1694 3788 1748 omnia

2213 1777 2271 1832 in
2302 1780 2495 1833 missa:
2528 1779 2719 1834 ofﬁcio
2752 1782 3143 1835 continentur.

2287 1868 2565 1939 Sequitur
2597 1885 2611 1923 :
2652 1870 2944 1925 Petiliones
2971 1876 3185 1937 vestrm,
3210 1875 3350 1936 etc.,
3374 1871 3433 1925 id
3456 1874 3562 1939 est,
3586 1871 3668 1941 qui
3690 1872 3789 1942 petit

453 1938 595 2030 libro
619 1940 766 2030 vitm,
791 1945 856 1996 ut
875 1958 980 2030 nec
1002 1943 1409 2013 referat(t196)
1434 1946 1587 2014 quod
1612 1962 1725 1999 non
1749 1946 2099 2018 sintscripta
2132 1938 2177 1971 D
2209 1957 2349 2012 talia
2372 1938 2548 2029 petat,
2577 1975 2705 2029 qua;
2728 1958 2957 2013 ﬁdelem
2982 1963 3175 2030 petere
3195 1960 3367 2014 decet
3390 1938 3789 2030 ﬁuntquin-nota

453 2026 512 2082 in
539 2026 645 2083 hac
668 2028 1031 2100 Epistola.De
1054 2048 1119 2086 eo
1133 2032 1284 2102 quod
1310 2032 1489 2103 hujus
1512 2032 1886 2105 libriMoyses
1903 2035 2093 2103 (Exod.

452 2132 589 2182 xvn,
624 2118 731 2187 14),
764 2123 821 2173 et
854 2119 1028 2174 David
1062 2120 1239 2190 (Psal.
1292 2139 1480 2188 xxx1x,
1512 2123 1583 2189 8;
1629 2140 1815 2177 vani.
1870 2124 1961 2193 29)
2011 2123 2096 2179 fa—

450 2204 613 2259 ciunt
642 2207 1015 2278 mentionem,
1051 2214 1107 2262 et
1145 2209 1407 2264 Salvator
1454 2211 1511 2264 in
1562 2210 1870 2281 Evangelio
1914 2213 2092 2278 (Joan.

448 2309 542 2356 xx,
576 2295 686 2360 30;
718 2312 831 2365 χχι,
864 2297 993 2367 25);
1034 2298 1129 2367 qui
1163 2297 1317 2351 enim
1379 2315 1441 2353 se
1498 2304 1553 2353 et
1610 2299 1756 2354 olios
1805 2300 2094 2355 monendo

450 2381 701 2448 salvant,
733 2385 1030 2455 adjutores
1062 2385 1311 2457 apostoli
1346 2391 1502 2442 sunt.

523 2473 705 2543 (1197)
738 2473 817 2527 De
848 2474 1092 2545 spiritali
1152 2491 1283 2530 vero
1333 2477 1834 2533 commendatione
1883 2477 2095 2533 transit
2142 2532 2145 2535 ,

452 2560 523 2615 ad
555 2561 883 2632 generalem
915 2564 1397 2630 admonitionem,
1419 2582 1553 2620 cum
1574 2566 1751 2622 dicit:
1785 2566 2018 2623 Gaudete
2033 2569 2089 2622 in

451 2652 703 2717 Domino,
738 2657 846 2707 etc.
881 2652 960 2708 De
992 2669 1057 2708 eo
1089 2656 1243 2724 quod
1276 2653 1443 2710 lzetus
1492 2656 1796 2726 apostolus
1826 2656 1883 2711 in
1907 2659 2093 2728 operi-

448 2739 581 2806 bus,
598 2744 653 2794 et
673 2740 785 2795 fide
806 2758 1006 2797 eorum
1031 2742 1102 2797 ad
1126 2744 1309 2814 (1168)
1333 2742 1633 2798 cumulum
1653 2745 1851 2815 gaudii
1874 2751 2091 2815 monet,

448 2832 512 2882 ut
542 2830 838 2901 gaudeant
867 2835 924 2885 et
953 2831 1086 2903 ipsi.
1146 2832 1255 2887 Sed
1301 2833 1400 2887 ubi
1426 2834 1453 2886 ?
1482 2837 1548 2888 In
1574 2835 1839 2890 Domino:
1896 2836 1952 2889 id
1984 2840 2093 2901 est,

448 2934 566 2972 non
601 2919 657 2973 in
693 2921 933 2985 mundo,
968 2924 1024 2974 et
1049 2937 1164 2976 non
1196 2938 1298 2991 per
1327 2923 1511 2992 (1199)
1542 2922 1844 2978 intervalla
1874 2929 2094 2995 tempo-

452 3022 608 3071 rum,
633 3013 697 3062 ut
718 3008 956 3079 quidam
984 3034 996 3076 ;
1020 3010 1119 3064 sed
1143 3027 1371 3082 semper,
1397 3012 1451 3065 id
1482 3016 1588 3079 est,
1614 3012 1671 3065 in
1696 3013 2009 3083 prosperis,
2039 3018 2096 3069 et

452 3094 510 3149 in
543 3096 819 3165 adversis,
854 3103 909 3152 et
937 3097 996 3152 in
1029 3098 1251 3155 caeteris
1287 3117 1414 3172 qua:
1446 3101 1515 3156 de
1544 3100 1637 3156 his
1666 3101 1779 3156 dici
1812 3101 2020 3157 solent.

518 3186 792 3257 Sequitur
824 3204 836 3242 :
868 3187 1124 3243 Modestia
1156 3198 1349 3257 vestra,
1382 3194 1491 3246 etc.
1529 3195 1605 3245 De
1650 3207 1715 3245 eo
1766 3192 1919 3261 quod
1971 3208 2095 3248 mo-

2208 2051 2346 2101 sunt
2376 2046 2492 2101 Deo
2523 2063 2650 2117 qum
2682 2047 2912 2116 agimus
2946 2066 2958 2115 ;
2992 2051 3048 2103 et
3076 2048 3502 2103 innotescenda
3531 2047 3621 2102 tali
3648 2048 3785 2113 modo,

2208 2140 2272 2217 ut
2303 2135 2580 2203 diximus,
2612 2135 2752 2191 talia
2777 2137 2896 2192 sint
2926 2154 3053 2208 quae
3080 2136 3237 2192 fideli
3257 2137 3494 2207 etjusto
3515 2136 3789 2190 conveniant

2204 2223 2346 2261 VlI‘O.

2275 2296 2585 2368 Sequitur:
2621 2303 2749 2352 Pax
2778 2299 2894 2363 Dei,
2927 2301 3035 2352 etc.
3066 2298 3146 2353 De
3176 2314 3242 2353 eo
3274 2298 3433 2370 quod
3483 2296 3787 2351 vehementer

2204 2390 2261 2440 et
2290 2390 2455 2441 acute
2485 2386 2592 2441 hoc
2614 2385 2870 2457 positum
2894 2391 3003 2442 est.
3026 2386 3171 2441 Cum
3194 2387 3357 2441 enim
3380 2403 3491 2457 pax
3509 2385 3600 2441 Dei
3622 2384 3782 2439 venerit

2204 2474 2261 2528 in
2294 2491 2422 2542 nos,
2455 2479 2633 2530 Deum
2664 2475 3095 2547 intelligemus;
3128 2481 3183 2531 et
3211 2493 3351 2531 cum
3386 2480 3561 2530 Deum
3614 2472 3781 2528 intelle-

2202 2563 2480 2631 xerimus,
2514 2564 2658 2620 nihil
2689 2564 3015 2633 dissonum,
3047 2564 3135 2621 vel
3167 2580 3439 2637 pravum,
3471 2564 3611 2620 sicut
3638 2567 3779 2627 antea,

2205 2653 2508 2721 faciemus,
2544 2654 2644 2709 sed
2676 2654 2756 2709 ita
2786 2660 2958 2709 erunt
2978 2656 3177 2710 omnia
3200 2659 3431 2727 pacata,
3459 2659 3522 2709 ut
3540 2651 3779 2709 nobiscum

2204 2742 2396 2798 omnis
2419 2747 2616 2799 noster
2628 2742 3068 2799 sitintellectus.
3093 2747 3213 2800 Pax
3230 2744 3394 2800 enim
3414 2744 3615 2813 estjam
3637 2740 3777 2811 quies-

2204 2848 2331 2887 cere
2360 2836 2416 2887 et
2446 2831 2818 2887 securitatem
2852 2832 3084 2889 habere.
3118 2834 3305 2897 Quam
3340 2836 3536 2903 pacem
3558 2831 3685 2885 Deus
3708 2843 3779 2881 no-

2205 2922 2297 2976 bis
2318 2920 2543 2988 tribuit,
2568 2938 2700 2976 cum
2709 2922 2835 2991 jam
2849 2922 3041 2978 omnis
3062 2922 3401 2978 intellectus
3414 2921 3686 2977 nobiscum
3703 2920 3775 2971 est.

2205 3010 2309 3073 Qui
2342 3010 2497 3065 enim
2532 3011 2716 3065 Deum
2748 3009 3042 3080 intelligit,
3076 3012 3274 3066 omnia
3312 3009 3609 3081 intelligit;
3637 3012 3775 3060 stom-

2208 3098 2304 3155 nia
2335 3099 2737 3170 intelligendo,
2771 3115 2973 3171 pacem
3003 3099 3105 3155 Dei
3136 3100 3333 3168 habet,
3370 3116 3472 3172 per
3523 3112 3674 3168 quam
3709 3108 3775 3145 cor

2208 3195 2265 3243 et
2293 3188 2490 3244 omnia
2520 3186 2711 3243 cordis
2741 3187 3019 3244 interiora
3048 3190 3482 3244 custodiuntur.
3513 3186 3641 3241 Nota
3664 3178 3771 3253 quod

449 3274 635 3329 destia
655 3274 892 3341 dicitur,
924 3292 989 3331 eo
1021 3278 1177 3348 quod
1209 3282 1403 3333 teneat
1432 3279 1694 3332 modum.
1726 3277 1906 3334 Valde
1936 3280 2092 3335 enim
2124 3278 2165 3344 C
2207 3278 2284 3334 ail
2312 3279 2635 3333 :Petitiones
2660 3286 2849 3333 vestrm
2879 3279 3239 3334 innotescunt.
3285 3278 3419 3333 Haec
3466 3273 3650 3331 notitia
3670 3267 3770 3324 assi-

448 3363 516 3417 ad
553 3363 828 3419 meritum
862 3365 1070 3420 futurae
1099 3366 1227 3420 vita:
1260 3366 1531 3438 pertinet,
1566 3367 1615 3421 si
1648 3367 1909 3423 modeste
1937 3368 2093 3424 viva-

448 3468 601 3506 mus.
634 3454 705 3507 Et
737 3454 794 3507 in
826 3455 1078 3508 omnibus
1107 3454 1268 3521 dicit,
1303 3455 1360 3509 id
1384 3460 1491 3521 est,
1526 3459 1644 3509 tam
1667 3455 1885 3512 Judazis
1916 3474 2092 3528 quam

446 3540 763 3611 gentilibus
793 3543 1302 3613 persequentibus,
1337 3548 1401 3599 ut
1430 3544 1715 3599 modestia
1742 3549 1935 3601 vestra
1964 3563 2095 3602 con-

454 3632 771 3685 vertantur.

518 3718 829 3789 Sequitur:
864 3721 1126 3775 Dominus
1161 3736 1331 3792 prope
1355 3726 1457 3791 est,
1489 3726 1600 3778 etc.
1635 3722 1845 3795 Magna
1861 3729 1950 3781 est
1970 3724 2094 3781 haec

448 3902 620 3971 esset,
655 3914 727 3971 an
759 3896 998 3971 femina,
1033 3897 1355 3971 ambigitur
1379 3916 1391 3967 ;
1417 3916 1552 3971 nam
1584 3900 1849 3971 quaedam
1881 3917 2093 3957 manu-

450 3969 666 4039 scripta
696 3968 913 4023 habent
959 3968 1233 4025 Evodium
1282 3970 1517 4026 nomine
1562 3968 1926 4027 masculino:
1978 3974 2094 4027 im-

491 4058 651 4115 ressa
680 4057 835 4115 vero,
869 4046 923 4115 et
974 4041 1090 4095 fere
1142 4042 1342 4115 omnia
1386 4044 1784 4115 manuscripta
1836 4044 2093 4098 Euodzam

491 4058 651 4095 ressa
680 4058 835 4107 vero,
869 4058 923 4095 et
974 4058 1090 4095 lere
1142 4058 1342 4096 omnia
1386 4058 1784 4115 manuscripta
1836 4058 2093 4098 buoazam

446 4058 970 4186 iiabentfeminino
1001 4109 1637 4182 nomine,E~3m8iav.Alii
1670 4114 1869 4169 volunt
1902 4115 2093 4186 Synti-

450 4184 595 4238 chen
627 4185 817 4238 virum
854 4185 1053 4251 fuisse,
1087 4201 1323 4239 uxorem
1358 4186 1657 4240 Evodiam.
1710 4184 1980 4240 Attamen
2037 4190 2092 4240 in

450 4254 857 4325 Martyrologio
890 4255 947 4309 in
981 4272 1225 4310 numero
1256 4262 1592 4311 sanctarum
1624 4257 1967 4321 mulierum,
2000 4257 2096 4312 die

451 4344 567 4382 χχιι
591 4326 751 4397 Julii,
786 4327 1057 4398 Syntiche
1089 4333 1442 4383 recensetur.
1476 4327 1660 4390 Quare
1680 4328 1827 4383 duas
1850 4327 2094 4384 feminas

454 4398 636 4452 fuisse
669 4398 1035 4469 communior
1065 4403 1152 4452 est
1182 4398 1403 4469 opinio.

525 4469 707 4538 (1194)
742 4468 1139 4540 communiter
1170 4467 1363 4524 tamen
1397 4485 1510 4523 non
1536 4467 2093 4540 majusculalittera,

455 4556 580 4610 quae
606 4539 903 4613 proprium
924 4556 1135 4594 nomen
1152 4540 1440 4613 designat,
1461 4539 1816 4613 impressum
1830 4541 2095 4597 videmus

448 4627 712 4683 germani
732 4626 975 4683 nomen.

519 4651 1378 4755 De‘ho‘esanctoplura
1409 4682 1653 4738 dicenda
1682 4688 1879 4739 essent
1908 4700 2084 4755 quam
2121 4651 2167 4716 D

448 4753 518 4808 ad
554 4770 660 4807 nos
690 4753 954 4808 attineat.
989 4753 1112 4808 Non
1146 4753 1251 4809 abs
1284 4771 1343 4807 re
1374 4758 1566 4809 tamen
1600 4756 1708 4809 erit
1747 4753 1941 4811 dicere
1968 4773 2088 4811 me-

446 4824 647 4897 liorem
672 4830 891 4897 partem
914 4828 1148 4897 Patrum
1174 4831 1230 4880 et
1252 4826 1633 4897 interpretum
1660 4826 1912 4882 voluisse
1933 4828 2001 4882 de
2024 4844 2089 4881 eo

444 4895 733 4950 Clemente
765 4896 859 4967 hic
881 4896 993 4967 agi,
1021 4897 1115 4967 qui
1143 4903 1273 4967 post
1292 4895 1525 4952 sanctos
1550 4899 1757 4953 Linum
1783 4902 1839 4953 ct
1863 4897 2088 4953 Cletum

444 4971 714 5021 Romanae
736 4966 1003 5023 Ecclesia:
1027 4966 1272 5038 praefuit.
1292 4968 1895 5025 GrotiusClementem
1934 4970 2089 5024 hunc

444 5055 673 5124 merum
702 5039 1107 5124 ppensis
1128 5039 1959 5128 Ecclesiae‘presbhyterum‘cen
1977 5045 2086 5096 set.

2204 3368 2425 3422 duitate
2454 3367 2520 3420 tit
2565 3371 2622 3421 et
2678 3365 2980 3437 vigilantia
3026 3366 3337 3423 orationis.
3393 3366 3548 3421 Tunc
3598 3362 3763 3415 demum

2204 3454 2633 3512 munitionibus
2646 3454 2806 3525 pacis
2829 3471 2969 3522 suae,
2988 3471 3114 3526 quae
3137 3471 3374 3511 omnem
3389 3454 3644 3525 superent
3660 3460 3769 3539 men:

2202 3549 2342 3612 tem,
2368 3545 2468 3611 ait,
2501 3543 2762 3599 custodiet
2791 3543 2954 3599 corda
2980 3547 3179 3599 vestra.
3212 3544 3331 3600 Hoc
3373 3543 3530 3607 dicit,
3560 3537 3674 3610 quia
3700 3537 3769 3602 qui

2203 3633 2380 3689 habet
2411 3649 2545 3688 cum
2593 3632 2708 3687 Deo
2743 3648 2944 3703 pacem
2976 3633 3181 3703 (1200),
3233 3649 3351 3688 non
3398 3632 3557 3687 timet
3598 3633 3770 3680 omnem

2204 3726 2457 3779 mentem
2488 3721 2813 3777 adversam.

2246 3900 2296 3955 is
2326 3898 2612 3955 institutis
2641 3899 2963 3955 Romanam
2994 3897 3309 3954 Ecclesiam
3340 3898 3534 3953 tidisse
3552 3888 3766 3967 scribtml-

2246 3917 2296 3955 is
2326 3917 2612 3955 institutis
2641 3917 2963 3955 nomanam
2994 3917 3309 3954 ecclesiam
3340 3917 3534 3953 nuisse
3552 3917 3766 3967 acnuam-

2204 3917 2453 4026 Fiuﬁnus
2485 3971 2603 4025 imo
2635 3970 2963 4042 apostolum
2995 3974 3232 4042 Petrum
3262 3969 3377 4042 sibi
3407 3969 3554 4042 hunc
3586 3960 3767 4042 elegisse

2204 4025 2601 4098 successorem
2629 4025 2819 4115 tr‘adit.
2851 4044 2909 4096 In
2928 4041 3471 4115 Constitutionibus,
3494 4037 3528 4091 1.
3551 4025 3768 4115 vini—6,1}

2204 4115 2400 4183 gimus
2427 4119 2693 4167 sanctum
2729 4113 2939 4167 Linum
2972 4130 3005 4167 a
3035 4118 3234 4167 sancto
3278 4111 3455 4167 Paulo
3485 4106 3765 4183 ordinatum-

2205 4182 2457 4240 Sanctus
2479 4184 2845 4258 Epiphanius
2875 4200 3007 4258 vero
3025 4184 3182 4239 hunc
3205 4187 3429 4258 putata
3452 4184 3600 4258 Petro
3618 4182 3663 4251 in
3680 4182 3765 4258 ςρξς

2206 4272 2447 4326 scopum
2478 4248 2809 4309 Romanum
2839 4255 3110 4323 electum,
3145 4248 3351 4325 sp'onte
3372 4255 3515 4326 hanc
3538 4248 3764 4326 dimisisti}

2204 4309 2572 4399 dignitatem.
2603 4342 2779 4397 quam
2813 4309 2948 4397 post
2972 4309 3308 4402 Sanctorum
3331 4309 3466 4402 iLini
3493 4325 3545 4402 et
3568 4309 3763 4402 Anacleti

2206 4384 2452 4453 mortem
2480 4384 2775 4453 resumere
2809 4384 3044 4453 coactus
3074 4402 3181 4453 est.
3213 4397 3343 4452 Haec
3375 4392 3557 4469 op_ini0
3584 4384 3763 4469 V9189}

2208 4468 2589 4541 scriptoribus
2618 4469 3009 4541 amplectitur,
3060 4474 3129 4541 ut
3173 4472 3374 4523 sancto
3412 4456 3761 4541 ‘PetronLiuttS:

2206 4533 2346 4597 Lino
2368 4540 2701 4605 Anacletus,
2720 4533 3002 4595 Anacleto
3018 4540 3282 4595 Clemens
3304 4533 3638 4605 successerit.
3656 4533 3761 4605 ιξωιρ

2204 4588 2545 4676 Εἰὲὲῖεὶῖᾇῐξ
2554 4588 3281 4684 ’ὑόἒιῖῐίξιῖιῖἶόςῖἕᾶὶῖῖζ
3304 4588 3517 4684 Ili"???
3535 4588 3760 4684 ,ΕιξέθῖὲῨ

2202 4701 2283 4753 ιιι,
2318 4685 2371 4750 3,
2424 4685 2475 4745 4,
2509 4675 2599 4750 21,
2648 4684 2790 4738 llist.
2843 4675 3014 4737 Ecclﬁ
3042 4682 3185 4737 Vide
3236 4682 3473 4737 Calmet.
3518 4675 3636 4753 dict-
3666 4676 3757 4753 εξῇ

2199 4735 2411 4831 sane.
2436 4735 2502 4831 fa,
2534 4735 2911 4810 cassae;
2930 4735 3757 4831 ςιιυλμέέωιςέιίφἰερηεηιίειξρε

2200 4807 2691 4901 attagenam;
2708 4807 3053 4901 asapia:
3070 4826 3127 4880 in
3164 4821 3592 4901 antiquissimo“
3618 4807 3757 4901 ορξὶέξεξ

2241 4878 2445 4951 esset
2464 4878 2527 4952 in
2542 4878 2985 4953 ’Ῠξίοέιὶόῆἐιέ
2996 4878 3052 4952 Ε
3061 4878 3338 4953 egestati
3355 4878 3594 4965 capituli
3640 4878 3758 4935 tabu-

2223 4986 2451 5130 316113.96)
2481 5043 2548 5130 ‘ln
2590 5040 2718 5130 cod.
2748 5039 2829 5094 ita
2862 5037 3078 5130 legitur
3196 5054 3296 5120 uec
3314 5025 3757 5130 referaaiffﬂfg
