3974 5358
130 424 239 487 ωδ

648 423 1065 487 EXPOSITIO
1109 426 1189 487 IN
1234 423 1665 487 EPISTOLAS
1709 422 1967 486 PAULI.
2003 454 2079 468 —
2106 422 2186 484 IN
2220 422 2469 485 EPIST.
2514 424 2617 483 AD
2661 422 2995 483 PHILIPP.

3407 421 3525 483 606

197 558 375 629 (1201)
405 559 481 614 De
506 566 699 615 caetero
728 563 949 629 fratres,
979 564 1084 615 etc.
1120 559 1265 625 Quid
1301 564 1391 616 est
1420 561 1491 614 de
1521 558 1765 613 caetero?
1796 557 1851 623 Α
1883 573 1998 611 non
2045 560 2133 611 est
2181 557 2291 611 nisi
2342 574 2563 623 eorum,
2606 574 2754 629 quas
2803 554 3165 611 abundantia
3223 572 3335 609 non
3396 571 3525 611 cor-

129 646 265 715 Nisi,
294 651 604 718 postquam
633 648 852 719 cogniti
881 649 1045 715 estis,
1068 650 1149 704 sic
1175 649 1404 717 sentite,
1431 654 1495 703 ut
1516 663 1771 718 quaecun-

128 752 225 808 que
251 740 383 790 sunt
412 752 560 802 vera,
592 736 710 790 haec
742 737 1065 808 accipiatis,
1090 746 1140 792 et
1168 739 1448 807 cogitetis?
1478 742 1611 804 Qua:
1636 741 1773 792 sunt

130 824 221 879 illa
250 824 423 878 vera?
450 827 583 889 Quas
610 825 813 895 utique
843 826 899 879 in
922 826 1228 897 Evangelio
1256 827 1412 881 dicta
1443 830 1598 881 sunt.
1624 827 1769 881 Con-

128 929 372 984 sequens
403 930 535 968 vero
562 919 671 983 est,
701 918 766 967 ut
794 931 928 969 vera
960 916 1079 970 sint
1107 926 1276 983 casta,
1309 933 1422 970 non
1456 916 1611 969 enim
1644 931 1770 969 cor-

124 1002 408 1072 rumpitur
437 1018 637 1056 verum
662 1027 676 1067 ;
710 1008 768 1056 et
799 1002 904 1056 hoc
929 1009 1156 1058 castum
1179 1009 1286 1071 est,
1313 1004 1467 1075 ῳ]οό
1502 1021 1616 1058 non
1646 1020 1769 1057 cor-

125 1090 412 1161 rumpitur
438 1108 449 1145 :
475 1091 685 1146 deinde
716 1108 843 1162 quin
876 1108 1030 1157 vera,
1070 1098 1127 1147 et
1156 1098 1319 1147 casta
1351 1099 1511 1158 sunt,
1540 1098 1597 1147 et
1625 1096 1771 1159 iusta

125 1183 263 1234 sunt.
308 1178 531 1234 Deinde
583 1184 889 1235 enumerat
935 1182 1221 1252 amabilia,
1255 1187 1311 1236 et
1370 1183 1520 1236 bona:
1578 1184 1766 1252 famae,

126 1268 380 1339 quamvis
412 1286 528 1325 non
561 1274 715 1324 amet
757 1271 1081 1325 secundum
1132 1271 1373 1339 bonum,
1408 1272 1565 1341 quod
1604 1273 1675 1325 de
1704 1288 1769 1326 eo

123 1355 403 1427 loquatur.
439 1358 581 1412 Item
631 1374 759 1429 quas
811 1359 965 1415 bonae
993 1362 1159 1429 fama:
1191 1364 1350 1427 sunt,
1386 1376 1500 1415 non
1552 1360 1771 1416 habent

118 1444 425 1513 invidiam;
461 1462 528 1501 ex
558 1448 774 1517 quibus
806 1448 1103 1513 omnibus,
1139 1448 1441 1519 superiora
1474 1450 1544 1503 ad
1577 1449 1766 1519 ipsam

116 1532 408 1596 virtutem,
434 1533 553 1588 haec
587 1534 658 1588 ad
684 1535 941 1589 fructum
965 1535 1200 1590 virtutis
1233 1536 1543 1607 pertinent.
1569 1536 1768 1591 Virtus

117 1619 259 1676 enim
290 1627 387 1677 est
413 1638 609 1677 amare
642 1639 788 1687 vera,
820 1628 989 1689 casta,
1014 1624 1193 1693 justo,
1220 1634 1429 1694 sancta,
1456 1629 1513 1681 et
1544 1626 1767 1680 fructus

114 1708 344 1765 virtutis
374 1715 483 1778 est,
517 1712 790 1767 amabilia
822 1717 873 1768 et
919 1714 1076 1770 bona
1117 1720 1299 1783 famae.
1335 1714 1467 1769 ldeo
1498 1714 1619 1769 base
1651 1715 1767 1770 duo

113 1798 412 1870 subjungit
434 1817 446 1854 :
471 1801 536 1855 Si
567 1817 672 1870 qua
700 1802 903 1869 virtus,
923 1804 973 1857 si
1001 1818 1109 1877 qua
1140 1803 1296 1867 laus;
1325 1804 1427 1857 sed
1466 1803 1621 1858 sicut
1652 1820 1767 1859 non

112 1904 141 1942 a
167 1888 335 1943 nobis
379 1889 587 1958 virtus,
621 1890 703 1944 ita
747 1906 853 1946 nec
905 1895 1105 1947 nostra
1150 1890 1301 1955 laus,
1336 1894 1435 1947 sed
1470 1893 1592 1947 Dei.
1630 1898 1766 1950 ch
1795 1928 1841 1993 Β

110 1978 370 2047 cogitate;
403 1978 605 2049 utique
634 1995 761 2049 quas
787 1979 889 2034 illa
908 1980 1049 2048 sint,
1071 1996 1191 2051 qua
1216 1981 1501 2051 didicistis,
1545 1998 1637 2036 me
1667 1984 1764 2036 do-

112 2069 280 2120 cente.
330 2066 610 2137 Sequitur
642 2085 654 2122 :
693 2072 756 2122 Et
784 2068 1065 2139 accepistis
1097 2088 1114 2123 :
1147 2086 1357 2124 rursus
1411 2070 1566 2126 unde
1614 2087 1762 2126 acce-

113 2150 277 2223 pistis,
328 2154 563 2210 audistis
612 2160 666 2210 et
710 2156 966 2211 vidistis?
1012 2157 1075 2213 Id
1123 2162 1212 2212 est
1252 2158 1481 2214 audistis
1532 2175 1600 2213 ex
1647 2176 1760 2226 me,

115 2241 311 2297 vidistis
347 2244 406 2297 in
436 2259 543 2298 me.
566 2243 697 2299 Haec
727 2244 889 2314 dicit,
925 2246 1063 2316 quia
1089 2263 1205 2301 non
1230 2251 1457 2302 tantum
1487 2247 1760 2318 monitor,

120 2331 201 2385 sed
256 2333 594 2403 exemplum
648 2334 758 2388 fuit
813 2333 993 2389 totius
1053 2335 1210 2389 boni.
1268 2335 1589 2404 Sequitur:
1635 2337 1762 2391 Haec

118 2421 261 2488 agite.
297 2422 585 2493 Superius
617 2423 839 2477 dixerat
864 2441 875 2478 :
900 2426 1171 2493 Cogitate,-
1206 2442 1318 2479 non
1350 2425 1507 2479 enim
1541 2425 1762 2480 sufﬁcit

113 2508 250 2563 bona
280 2510 561 2581 cogitatio
596 2511 818 2583 absque
849 2513 1076 2568 actione
1107 2514 1313 2583 (1202).

172 2597 452 2668 Sequitur
477 2617 489 2655 :
518 2602 579 2654 Et
606 2602 744 2656 Deus
771 2603 925 2673 pacis
954 2604 1060 2657 erit
1092 2604 1388 2657 vobiscum.
1421 2601 1571 2657 Nota
1601 2604 1758 2674 quod

108 2683 211 2739 hoc
242 2688 551 2758 praemium
573 2689 1052 2762 Philippensibus
1078 2691 1328 2746 maxime
1356 2692 1757 2747 necessarium

107 2779 246 2842 erat,
283 2776 339 2829 id
377 2782 486 2847 est,
518 2782 583 2833 ut
614 2795 818 2833 omnes
850 2797 1033 2834 unum
1083 2780 1387 2846 sentirent,
1420 2798 1485 2836 ac
1518 2798 1620 2852 per
1652 2781 1758 2835 hoc

102 2862 284 2918 Deum
322 2868 484 2936 pacis
525 2872 846 2922 amatorem
868 2860 1063 2939 ‘atque
1094 2870 1391 2923 doctorem
1423 2885 1622 2924 secum
1655 2869 1757 2923 ha-

97 2951 329 3007 herent.

165 3042 361 3112 (1203)
392 3045 669 3114 Sequitur
701 3060 713 3098 :
749 3044 978 3100 Gavisus
1019 3061 1142 3099 sum
1188 3053 1374 3100 autem
1421 3049 1481 3100 in
1531 3049 1758 3103 Domino

88 3131 475 3198 vehementer,
509 3136 639 3199 etc.;
685 3133 742 3187 id
789 3138 897 3199 est,
931 3136 1256 3204 reﬂoruistis
1289 3134 1425 3188 ﬂore
1456 3135 1594 3190 boni
1623 3152 1756 3209 ope-

83 3219 193 3280 ris,
220 3235 411 3290 quem
445 3237 559 3276 non
583 3220 791 3276 oblivio
823 3223 1156 3289 arefecerat,
1190 3224 1289 3277 sed
1323 3224 1625 3295 occupatio
1650 3226 1757 3280 im-

88 3307 392 3379 pedierat;
427 3313 483 3363 et
511 3309 640 3365 ideo
672 3310 873 3366 subdit
907 3327 919 3367 :
956 3311 1212 3383 Occupati
1242 3315 1391 3367 enim
1419 3316 1609 3368 eratis.

164 3396 455 3468 Sequitur
483 3415 495 3452 :
520 3403 643 3454 Non
672 3403 834 3471 quasi
867 3405 1085 3472 propter
1122 3403 1436 3473 penuriam,
1470 3408 1578 3458 etc.
1606 3403 1751 3458 Sub-

100 3486 379 3541 auditur:
407 3491 470 3541 ut
500 3504 586 3558 ea,
613 3505 739 3560 quas
770 3489 914 3544 mihi
941 3495 1079 3545 sunt
1111 3492 1459 3559 necessaria,
1481 3492 1751 3548 mittatis.

102 3577 166 3630 Et
198 3580 293 3631 est
325 3592 568 3632 sensus:
595 3577 719 3633 Non
750 3577 878 3634 ideo
910 3580 1062 3648 dico,
1094 3580 1304 3651 inquit,
1328 3586 1551 3651 propter
1576 3598 1749 3653 penu-

96 3665 282 3724 riam;
314 3680 427 3719 non
479 3665 635 3720 enim
667 3665 794 3722 volo
827 3683 929 3739 pro
964 3684 1055 3721 me
1086 3669 1353 3725 sentiatis
1397 3669 1455 3723 id
1505 3671 1659 3739 quod
1695 3676 1753 3726 et

99 3756 229 3808 ante
260 3753 628 3822 sentiebatis,
652 3759 716 3810 ut
741 3755 884 3810 mihi
911 3758 1249 3823 mitteretis;
1285 3763 1386 3813 aut
1411 3759 1565 3829 quod
1595 3777 1751 3814 nunc

96 3842 242 3909 volo,
278 3846 345 3897 ut
374 3843 644 3911 mittatis,
680 3849 915 3916 propter
944 3847 1248 3916 penuriam
1284 3846 1432 3901 dico.
1468 3847 1560 3901 Sic
1593 3848 1749 3902 enim

99 3936 296 4001 postea
349 3931 430 3986 ait
472 3949 484 3985 :
532 3933 651 3988 Non.
698 3935 827 4003 quia
877 3949 1066 4003 quer
1124 3935 1335 4005 datum,
1385 3935 1477 3989 sed
1532 3939 1750 4006 requiro

83 4020 347 4087 fructum
386 4020 753 4076 abundantem
801 4024 857 4077 in
910 4025 1162 4079 oratione
1190 4025 1373 4091 (1204)
1420 4028 1594 4079 vestra
1640 4026 1751 4094 (ln-

100 4112 195 4177 fra
255 4126 333 4176 1v,
398 4109 515 4181 17).
577 4110 699 4166 Non
768 4128 903 4183 ergo
971 4117 1205 4183 propter
1270 4112 1526 4183 inopiam
1592 4113 1745 4169 istud

108 4213 319 4268 quaero,
365 4200 465 4252 sed
516 4203 582 4254 ut
629 4200 852 4256 fructus
903 4201 981 4256 sit
1030 4202 1339 4257 abundans
1384 4202 1442 4256 in
1491 4204 1750 4257 oratione

106 4292 314 4341 vestra.

163 4372 445 4445 Sequitur
476 4391 489 4429 :
523 4377 634 4444 Ego
675 4378 825 4430 enim
869 4376 1063 4443 didici,
1096 4380 1157 4433 in
1186 4379 1385 4450 quibus
1432 4382 1537 4434 sim
1582 4379 1745 4451 sufﬁ-

99 4463 241 4516 ciens
274 4482 295 4517 .·
326 4463 513 4518 Didici
543 4464 699 4519 enim
734 4481 860 4535 ego,
894 4468 959 4519 ut
990 4472 1298 4522 contentus
1330 4466 1441 4523 sim
1474 4469 1585 4535 his,
1619 4487 1746 4541 quae

104 4548 443 4619 habeo,etin
465 4554 679 4624 quibus
696 4554 807 4608 sim
828 4554 1211 4627 mihimetipsi
1228 4557 1525 4613 sufficiens
1540 4559 1743 4631 (1205).

1882 647 2123 717 rumpit.

1954 736 2263 807 Sequitur:
2295 738 2496 792 Omnia
2530 752 2769 807 possum,
2817 740 2927 789 etc.
2980 734 3103 789 Non
3136 751 3197 790 se
3229 734 3317 788 sui
3352 750 3531 790 causa

1883 826 1993 881 hoc
2024 842 2224 880 eorum
2259 842 2429 895 opere
2471 825 2744 895 gaudere,
2777 826 2877 879 sed
2929 824 2986 878 in
3034 824 3290 895 profectu
3323 838 3524 878 eorum

1884 915 2137 984 gaudere
2158 918 2426 969 testatur.
2451 912 2593 967 Dicit
2617 914 2820 968 beatus
2847 930 2995 985 papa
3016 911 3347 983 Gregorius,
3369 913 3523 982 quod

1884 1003 1993 1057 nisi
2030 1020 2122 1057 ars
2154 1007 2306 1057 esset
2342 1019 2509 1057 nosse
2540 1003 2858 1066 abundare,
2882 1007 2938 1056 et
2966 1001 3207 1071 esurire,
3233 1006 3289 1057 et
3322 1006 3527 1056 caetera

1882 1092 2040 1155 talia,
2076 1109 2189 1148 non
2246 1106 2595 1163 magnopere
2645 1091 2861 1144 diceret
2904 1090 3236 1161 Apostolus.
3281 1091 3409 1159 scio,
3436 1090 3526 1144 vel

1881 1180 2072 1236 didici.
2099 1181 2246 1234 Nota
2277 1180 2429 1251 quod
2462 1179 2582 1233 haec
2631 1196 2743 1233 non
2772 1179 2905 1244 sibi,
2940 1180 3041 1234 sed
3075 1180 3319 1234 Domino
3348 1178 3529 1234 ascri-

1879 1270 1999 1325 bat.
2035 1271 2264 1334 Omnia,
2298 1269 2508 1339 inquit,
2537 1285 2793 1339 possum;
2845 1284 2960 1321 non
3010 1267 3275 1338 quaedam
3311 1284 3324 1321 :
3359 1269 3419 1321 in
3446 1282 3526 1334 eo,

1877 1361 1974 1430 qui
2002 1375 2086 1413 me
2114 1360 2418 1428 confortat;
2466 1375 2579 1412 non
2638 1357 2697 1411 in
2731 1373 2841 1412 me.
2870 1362 2944 1411 De
2977 1372 3043 1410 eo
3073 1357 3227 1427 quod
3260 1355 3368 1411 iste
3398 1372 3527 1410 mo-

1878 1449 1990 1502 dus
2041 1452 2098 1501 et
2146 1446 2418 1501 ﬁdelibus
2458 1447 2779 1502 servandus
2831 1451 2942 1513 est,
2972 1446 3029 1500 id
3088 1451 3194 1512 est,
3228 1450 3292 1499 ut
3350 1461 3523 1500 suum

1880 1553 2049 1608 posse
2084 1537 2143 1590 in
2178 1536 2373 1590 divina
2405 1535 2747 1591 fortitudine
2772 1535 3075 1590 collocent.

1950 1625 2228 1696 Sequitur
2260 1643 2272 1681 :
2314 1626 2691 1679 Verumtamen
2744 1626 2876 1680 bene
2920 1625 3151 1695 fecistis,
3187 1623 3237 1676 id
3273 1627 3362 1680 est
3392 1640 3522 1694 par-

1878 1714 2083 1786 ticipes
2118 1714 2332 1782 fuistis,
2356 1712 2445 1768 vel
2477 1713 2832 1768 subvenistis
2855 1712 2995 1768 mihi
3032 1713 3089 1767 in
3124 1712 3520 1782 tribulatione,

1876 1804 2016 1874 quia
2034 1820 2147 1873 non
2168 1804 2369 1857 debuit
2392 1818 2521 1856 mea
2538 1802 2944 1873 aequanimitas
2965 1806 3217 1857 vestram
3240 1801 3524 1872 impedire

1877 1892 2226 1948 mercedem.
2251 1892 2399 1947 Nota
2430 1892 2582 1961 quod
2616 1908 2729 1946 non
2752 1896 2877 1946 erat
2897 1893 2965 1945 de
2992 1890 3229 1947 illorum
3254 1907 3520 1959 numero,

1874 1982 1973 2053 qui
2006 1997 2075 2036 ea
2105 1998 2230 2052 quas
2280 1998 2387 2035 sua
2437 1985 2577 2036 sunt
2606 1984 2905 2051 quaerunt;
2941 1979 3075 2033 dicit
3108 1979 3264 2034 enim
3313 1996 3427 2034 non
3460 1996 3522 2035 se

1874 2086 2129 2141 quaerere
2158 2070 2369 2139 datum,
2392 2071 2493 2125 sed
2528 2070 2821 2140 requirere
2848 2072 3109 2138 fructum.
3136 2068 3243 2132 Qui
3274 2072 3520 2139 possunt

1872 2159 2050 2213 istum
2085 2159 2322 2226 imitari,
2348 2158 2678 2230 gaudeant:
2704 2158 2803 2229 qui
2834 2174 2965 2213 vero
2999 2174 3114 2213 non
3146 2162 3415 2229 possunt,
3447 2158 3519 2212 de

1872 2247 2019 2303 lacte
2042 2248 2233 2302 ovium
2260 2265 2499 2303 suarum
2524 2264 2691 2302 suam
2716 2252 3048 2302 sustentent
3070 2246 3478 2302 necessitatem
3504 2263 3516 2300 :

1871 2337 1973 2391 sed
2008 2353 2119 2391 non
2158 2336 2455 2407 negligant
2485 2337 2681 2391 ovium
2710 2334 3135 2390 inﬁrmitatem.

1941 2426 2127 2495 (1206)
2158 2426 2435 2496 Sequitur
2472 2442 2483 2478 :
2518 2426 2679 2479 Scitis
2726 2428 2913 2479 autem
2956 2428 3009 2479 et
3042 2441 3149 2489 vos,
3183 2428 3291 2478 etc.
3328 2427 3404 2478 De
3452 2437 3518 2478 eo

1873 2515 2025 2585 quod
2059 2513 2153 2568 hic
2185 2520 2379 2585 aperte
2425 2513 2711 2585 exposuit,
2746 2514 2900 2583 quod
2946 2529 3124 2583 supra
3153 2512 3374 2566 dictum
3408 2516 3517 2581 est,

1868 2604 2219 2660 tribulationi
2276 2619 2412 2659 mea)
2469 2605 2929 2668 communicastis,
2974 2601 3029 2655 id
3085 2606 3191 2667 est,
3235 2600 3517 2655 auxilium

1872 2692 2250 2764 praestitistis,
2284 2692 2593 2764 praebendo
2627 2690 2974 2746 necessaria.
3000 2690 3158 2753 Quod
3192 2706 3324 2744 vero
3356 2689 3517 2757 dicit,

1868 2786 1929 2835 in
1960 2784 2175 2837 ratione
2204 2782 2323 2836 dati
2350 2790 2399 2837 et
2427 2783 2655 2852 accepti,
2691 2797 2799 2835 non
2850 2779 2932 2835 ita
2973 2778 3374 2850 accipiendum
3408 2783 3517 2847 est,

1868 2876 1933 2924 ut
1966 2871 2091 2941 ipse
2124 2870 2340 2941 aliquid
2386 2870 2610 2925 dederit
2642 2870 2739 2941 qui
2774 2869 3019 2941 accepit;
3071 2869 3170 2923 sed
3222 2884 3355 2922 cum
3390 2884 3515 2922 mu-

1869 2976 1981 3014 nus
2007 2960 2199 3029 datur,
2233 2960 2378 3013 ratio
2407 2959 2526 3013 dati
2554 2963 2644 3013 est
2673 2963 2730 3013 et
2760 2957 2995 3028 accepti.
3020 2958 3205 3021 Quam
3237 2956 3390 3011 enim
3425 2973 3517 3027 pe-

1868 3048 2101 3102 cuniam
2132 3048 2351 3103 Paulus
2396 3048 2597 3102 daret?
2624 3048 2732 3102 Sed
2767 3046 3043 3118 quoniam
3093 3046 3238 3101 ratio
3288 3046 3408 3100 dati
3457 3051 3516 3102 et

1867 3138 2084 3207 accepti
2117 3142 2204 3191 est
2241 3136 2300 3190 in
2350 3136 2619 3207 pecunia,
2654 3135 2916 3205 sequitur
2951 3152 2963 3190 :
2999 3136 3137 3202 Quia
3168 3139 3216 3190 et
3242 3135 3513 3191 Thessalo-

1865 3229 2074 3294 nicam,
2110 3231 2217 3281 etc.
2250 3227 2392 3280 Ecce
2423 3224 2679 3281 ostendit
2722 3239 2783 3278 se
2830 3224 2978 3278 scire
3022 3240 3199 3293 quam
3233 3223 3419 3278 devoti
3453 3224 3512 3279 in

1786 3294 1828 3362 α
1869 3315 2257 3370 ministrando
2290 3315 2521 3382 fuerint,
2550 3313 2600 3367 id
2629 3316 2717 3367 est
2744 3316 2807 3366 ut
2835 3328 2949 3366 non
2975 3310 3163 3366 solum
3187 3312 3342 3383 apud
3374 3328 3512 3367 suos

1862 3403 2139 3475 Apostolo
2171 3402 2528 3476 prredicanti,
2563 3402 2664 3456 sed
2708 3400 2879 3472 longe
2920 3399 3107 3472 posito
3144 3399 3509 3455 ministrave-

1864 3492 1999 3545 rint.
3344 3508 3347 3511 ί

1932 3581 2000 3635 Et
2032 3599 2102 3636 ne
2132 3581 2424 3651 videretur
2452 3580 2559 3635 hoc
2606 3579 2731 3634 ideo
2762 3579 2973 3647 dicere,
3008 3580 3074 3633 ut
3104 3577 3363 3649 accipere
3391 3577 3509 3633 vel-

1860 3669 1939 3725 let
1967 3670 2185 3741 aliquid
2222 3671 2291 3725 ab
2322 3668 2459 3739 illis,
2492 3666 2798 3739 subjunxit
2830 3684 2840 3721 :
2876 3671 2997 3728 Non
3027 3669 3159 3739 quia
3188 3682 3376 3739 qua’ro
3404 3667 3505 3722 da-

1858 3762 1995 3826 tum,
2026 3759 2117 3815 sed
2166 3760 2385 3830 requiro
2431 3760 2694 3828 fructum.
2739 3757 2865 3812 Non
2915 3772 3042 3828 ego,
3074 3756 3285 3826 inquit,
3320 3771 3507 3827 neque

1859 3848 1972 3903 ista
2004 3848 2331 3903 necessaria
2366 3846 2596 3918 requiro
2628 3864 2640 3900 :
2676 3846 2775 3901 sed
2807 3846 3060 3900 fructum
3092 3842 3503 3900 benevolentiae

1858 3940 2082 3991 VCStI‘EP.
2116 3936 2327 3990 Datum
2359 3935 2498 3988 dicit
2545 3934 2603 3988 in
2646 3951 2724 4000 re,
2761 3934 3013 3987 fructum
3064 3933 3123 3987 in
3177 3933 3501 3988 devotione.

1859 4024 2022 4079 Unde
2053 4028 2110 4078 et
2153 4023 2349 4078 subdit
2381 4041 2392 4076 :
2430 4025 2616 4077 Habeo
2644 4031 2827 4077 autem
2859 4023 3063 4088 omnia,
3097 4024 3145 4076 et
3176 4022 3411 4086 abundo,
3443 4021 3503 4077 id

1859 4119 1948 4169 est
1976 4114 2104 4168 ideo
2136 4130 2250 4166 non
2282 4111 2513 4182 requiro
2544 4111 2770 4176 datum,
2805 4108 2942 4180 quia
2972 4109 3167 4163 omnia
3197 4109 3403 4164 habeo.
3435 4110 3504 4164 Et

1859 4202 2026 4258 multi
2060 4200 2274 4257 habent
2304 4199 2520 4265 omnia,
2556 4200 2652 4254 sed
2690 4216 2803 4254 non
2837 4198 3157 4253 abundant.

1927 4292 2186 4361 Denique
2218 4289 2611 4361 prosequitur,
2636 4292 2700 4342 ut
2726 4287 2996 4343 ostendat
3025 4285 3446 4340 abundantiam
3481 4303 3495 4341 :

1858 4380 2112 4451 Reptetus
2133 4397 2256 4434 sum
2285 4380 2520 4446 acceptis
2544 4378 2615 4433 ab
2638 4376 3023 4449 Epaphrodito.
3054 4375 3134 4430 Ne
3160 4374 3325 4446 illud,
3342 4376 3497 4447 quod

1857 4470 2137 4529 abundat.
2160 4469 2415 4523 alienum
2450 4467 2547 4531 sit,
2572 4467 2714 4522 dicit
2734 4471 2789 4521 et
2810 4467 3072 4538 ipsorum
3096 4480 3245 4529 esse,
3274 4466 3373 4537 qui
3397 4465 3503 4519 mi-

1857 4562 2077 4613 serunt.
2112 4558 2386 4629 Repletus
2419 4574 2572 4623 sum,
2619 4556 2829 4627 inquit,
2873 4573 3005 4610 cum
3053 4555 3243 4627 accepi
3276 4571 3342 4610 ea
3372 4572 3499 4625 quae

103 4638 221 4695 Non
269 4642 428 4696 enim
460 4642 531 4697 ad
564 4645 865 4713 sumptum
925 4646 1155 4698 tantum
1211 4645 1318 4700 hoc
1378 4646 1745 4702 referendum
1778 4655 1825 4720 D
1857 4665 1959 4721 per
1980 4646 2439 4719 Epaphroditum
2468 4645 2730 4700 misistis.
2754 4645 2917 4699 Sicut
2937 4662 3115 4716 supra
3136 4643 3280 4698 nihil
3313 4643 3503 4713 requi-

106 4734 207 4796 est,
240 4731 342 4785 sed
376 4731 445 4785 ad
479 4731 697 4799 omnia,
731 4748 858 4802 quae
891 4732 963 4787 ab
994 4732 1106 4787 alio
1138 4733 1395 4790 exhiberi
1426 4734 1590 4790 alteri
1622 4753 1751 4808 pos-

106 4826 253 4873 sunt.
284 4819 544 4891 Denique
574 4836 687 4875 non
721 4821 791 4875 ad
827 4822 1105 4893 pecunias
1135 4827 1388 4893 tantum,
1414 4825 1513 4879 sed
1548 4826 1619 4881 ad
1653 4845 1748 4882 ne-

106 4908 353 4963 cessaria
382 4925 625 4979 quasque
656 4911 853 4982 posuit
883 4911 1057 4966 etiam
1090 4912 1217 4967 hoc.

171 4996 448 5068 Sequitur
480 5014 492 5051 :
527 4998 645 5054 Scio
689 5001 1011 5067 humiliari,
1040 5004 1151 5056 scio
1180 5010 1231 5056 et
1258 5002 1541 5059 abundare
1571 5023 1589 5060 :
1620 5006 1743 5059 abi-

111 5099 223 5155 que,
254 5090 362 5141 etc.
399 5085 704 5143 Penuriam
736 5089 877 5160 pati,
910 5106 1394 5163 quorumcunque
1434 5092 1743 5149 hominum

170 5177 188 5202 4
250 5176 347 5202 παι-ι
403 5176 543 5202 ηυδε-Α
592 5177 891 5202 ..ρ-..-Σαη
946 5180 1060 5202 ..-ΛΞ
1137 5197 1308 5202 ..--.._.
1331 5198 1421 5202 -_4,A
1448 5200 1479 5201 κέ
1545 5184 1578 5202 (Ἰ

781 5194 891 5202 σαι-κ.
946 5196 1011 5202 ε...

1859 4738 1957 4803 rit,
1981 4735 2093 4791 nisi
2127 4736 2405 4802 fructum,
2431 4734 2507 4787 ita
2539 4737 2595 4787 et
2625 4733 2739 4797 hic,
2766 4749 2899 4786 cum
2932 4733 3216 4803 repletum
3247 4748 3309 4786 se
3338 4732 3500 4800 dicit,

1859 4815 1973 4882 non
2006 4825 2063 4879 in
2098 4823 2188 4878 his
2211 4840 2338 4893 qua:
2364 4822 2547 4876 missa
2567 4826 2705 4875 sunt
2731 4821 2965 4891 gaudet,
2990 4820 3091 4875 sed
3123 4820 3178 4872 in
3203 4819 3504 4876 devotione

1857 4914 2233 4971 mittentium.
2261 4913 2329 4966 Et
2370 4913 2500 4967 odor
2528 4910 2818 4965 suavitatis
2846 4926 2957 4965 non
2992 4911 3051 4963 in
3084 4923 3143 4962 re
3173 4913 3261 4962 est
3292 4908 3505 4976 oblata,

1856 5006 1954 5060 sed
2005 5004 2064 5057 in
2113 5001 2329 5058 mentis
2362 5000 2682 5066 devotione,
2708 4997 2865 5053 sicut
2912 4994 3265 5056 sacrificium
3298 4997 3417 5053 Noe
3446 4998 3508 5055 in

1854 5095 2028 5150 odore
2076 5090 2383 5147 suavitatis
2431 5090 2647 5145 dicitur
2676 5087 2831 5159 (Gen.
2867 5106 2991 5154 vui,
3021 5087 3137 5153 21),
3172 5100 3308 5139 cum
3357 5087 3511 5147 Deus

2017 5181 2319 5202 ἸἎΙ--ι-Δ--.-
2359 5181 2410 5202 ἔα
2473 5195 2635 5202 οια..-Α
2673 5182 2721 5202 -Ι.
2758 5179 2969 5202 κλει-.--ξ

2505 5195 2635 5202 --.δλ
2673 5182 2721 5202 ΑΙ.
2758 5179 3049 5202 κλμ-.--ξκι-
3104 5188 3373 5202 “(Inani-Iv...
3432 5177 3507 5202 ῃ-
