3974 5358
468 397 586 459 607
1088 473 1094 483 λ
1485 401 1826 464 ATTONIS
1873 402 2037 464 vna)

2207 402 2457 464 JENSIS
2503 401 2855 463 EPISCOPI
3690 405 3776 471 608

470 535 574 586 aut
606 530 803 587 minus
842 533 1094 604 copiose,
1128 533 1282 589 sicut
1311 534 1552 590 solitum
1597 540 1721 591 erat
1753 536 1823 591 ab
1855 535 1936 591 eis
1967 535 2110 606 ﬁeri,
2144 543 2190 605 Α
2229 553 2263 590 a
2294 533 2642 590 criminibus
2672 532 2912 599 alienos,
2947 547 3062 587 non
3094 548 3127 587 a
3156 530 3408 603 peccatis
3437 531 3612 603 (1209).
3635 535 3781 608 Sequi-

470 619 688 674 tactum
740 621 1063 688 videbatur,
1098 627 1161 676 ut
1192 624 1631 680 reminiscentes
1681 625 1941 696 priorum
1975 640 2109 696 ope-
2222 629 2318 679 tur
2351 641 2362 678 :
2397 624 2656 678 Salutant
2702 639 2791 678 vos
2836 638 3020 678 omne:
3065 624 3291 693 fratres,
3323 623 3419 691 qui
3458 637 3641 677 mecum
3677 639 3780 699 sunt,

469 725 601 763 rum
633 709 850 764 scirent
882 727 942 764 se
965 710 1162 767 minus
1195 711 1396 767 fecisse
1427 730 1601 784 quam
1630 718 1938 784 coeperant.
1964 713 2112 767 Nota
2222 729 2414 780 carne,
2448 713 2750 767 vobiscum
2797 716 3011 765 mente.
3035 709 3303 765 Salutant
3331 725 3428 763 vos
3473 710 3626 764 etiam
3651 719 3781 771 sancti

469 797 624 868 quod
651 797 1018 870 eleemcsyna
1062 801 1237 855 hostia
1268 805 1534 868 vocatur;
1566 807 1620 856 et
1651 802 1802 856 sicut
1831 819 1864 855 a
1894 802 2112 857 sanctis
2222 801 2625 856 eminentioris
2658 800 2870 870 meriti,
2903 799 3003 853 sed
3057 799 3300 852 maxime
3323 799 3417 868 qui
3457 799 3516 853 de
3555 799 3682 853 domo
3704 802 3780 859 Ca:-

470 884 668 942 oblata
699 887 1002 958 accipitur,
1040 888 1118 943 ita
1151 906 1184 943 a
1216 889 1387 943 malis
1430 890 1625 944 oblata
1673 891 1986 962 respuitur.
2023 891 2111 944 Fi-
2220 893 2362 945 saris
2390 894 2536 945 sunt.
2561 892 2747 955 Quare
2777 889 2921 943 istos
2954 887 3287 960 specialiter
3312 887 3504 941 notat?
3530 887 3654 951 Quia
3678 891 3780 946 vole-

471 974 593 1030 nita
625 977 956 1031 narratione
989 977 1058 1031 de
1089 977 1477 1048 eleemosyna,
1507 987 1633 1034 orat
1663 996 1762 1050 pro
1794 978 1929 1034 illis.
2223 980 2321 1035 bat
2351 979 2480 1035 illos
2529 979 2836 1033 ostendere
2865 977 3222 1043 devotiores;
3260 980 3317 1030 et
3347 979 3409 1029 ut
3452 976 3530 1030 illi
3557 979 3777 1035 audientes

538 1065 723 1135 (1207)
755 1065 1033 1136 Sequitur
1078 1084 1090 1121 :
1142 1068 1281 1120 Deus
1332 1070 1516 1122 autem
1560 1083 1730 1122 meus.
1760 1072 1905 1122 Nota
1957 1067 2110 1139 quod
2223 1072 2492 1139 potentes
2527 1066 2862 1131 credidisse,
2897 1065 3141 1120 laetiores
3174 1066 3401 1129 fierent,
3428 1080 3490 1119 ac
3519 1064 3562 1119 si
3590 1065 3777 1122 diceret:

460 1153 758 1223 justorum
780 1158 868 1208 est
887 1171 994 1207 vox
1015 1154 1412 1224 ista,quorum
1437 1154 1584 1209 Deus
1608 1161 1694 1211 est
1718 1173 1817 1227 per
1837 1157 2108 1227 gratiam.
2223 1157 2410 1212 Nolite
2441 1156 2645 1212 timere
2682 1154 3060 1227 Evangelium
3105 1153 3438 1225 praedicare,
3470 1153 3522 1206 in
3552 1169 3650 1223 quo
3674 1161 3781 1210 tanta

470 1241 809 1296 Desiderium
836 1246 1076 1296 vestrum
1097 1243 1524 1315 dicit,quorum
1550 1249 1786 1299 noverat
1807 1245 1957 1299 bona
1987 1260 2114 1299 esse
2219 1246 2308 1301 vis
2349 1251 2459 1317 est,
2493 1250 2558 1300 ut
2606 1245 2662 1299 hi
2708 1244 2906 1314 etiam,
2942 1243 3039 1314 qui
3091 1241 3398 1314 superbire
3447 1247 3694 1312 poterant,
3715 1245 3782 1299 de-

468 1331 663 1385 corda.
689 1331 997 1387 Secundum
1024 1332 1247 1387 divitias
1276 1349 1412 1388 suas
1435 1332 1592 1402 dicit,
1619 1351 1731 1389 non
1762 1335 1986 1389 mundi.
2012 1334 2113 1388 Dei
2223 1335 2413 1406 posita
2443 1333 2648 1388 mundi
2689 1332 2956 1402 elatione,
2992 1330 3214 1386 humile
3247 1329 3460 1387 Christi
3490 1331 3669 1402 jugum
3695 1349 3782 1387 sus-

470 1418 682 1473 divitia;
709 1420 1001 1490 spiritales
1033 1425 1188 1476 sunt.
1214 1423 1283 1476 Et
1311 1424 1371 1476 in
1402 1424 1604 1492 gloria,
1629 1427 1684 1477 et
1716 1423 1772 1476 in
1798 1423 2028 1488 Christo,
2053 1422 2112 1475 in
2223 1425 2503 1495 ceperint.

471 1524 586 1578 quo
619 1515 756 1563 sunt
786 1526 990 1565 omnes
1021 1510 1283 1566 thesauri
1313 1511 1633 1582 sapientiae,
1662 1516 1716 1566 et
1749 1512 2003 1566 scientiae
2031 1528 2115 1566 re-
2296 1510 2492 1566 Gratia
2539 1511 2760 1566 Domini
2803 1510 2982 1563 nostri
3027 1512 3159 1562 Jesu
3205 1507 3435 1573 Christi,
3468 1512 3566 1561 etc.
3597 1508 3701 1572 Quia
3724 1509 3781 1562 di-

469 1596 708 1652 conditi.
744 1597 889 1653 Nota
920 1601 1074 1670 quod
1108 1600 1228 1655 haec
1261 1600 1581 1655 benedictio
1614 1617 1726 1655 non
1760 1606 1848 1656 est
1878 1599 2116 1655 inferior
2221 1616 2396 1654 versaa
2430 1599 2781 1670 quaestiones
2830 1602 2996 1651 erant
3025 1597 3095 1651 de
3127 1596 3378 1666 Christo,
3413 1596 3482 1649 ad
3523 1598 3781 1651 conﬁrmau-

469 1683 978 1742 benedictionibus
1009 1687 1496 1758 patriarcharum.
2223 1689 2356 1743 dam
2391 1688 2743 1743 soliditatem
2771 1685 2984 1741 Christi
3020 1685 3367 1752 divinitatis,
3402 1700 3702 1756 magnopere
3724 1703 3787 1756 po-

541 1774 818 1845 Sequitur
849 1791 862 1829 :
897 1776 1003 1830 Deo
1061 1783 1262 1842 autem,
1312 1779 1366 1830 et
1422 1778 1597 1845 Patri,
1631 1781 1737 1832 etc.
1791 1781 1902 1833 Deo
1961 1778 2114 1833 Patri
2223 1777 2334 1832 scit
2364 1776 2609 1846 gratiam
2643 1776 2768 1845 ejus
2799 1790 2927 1831 esse
2967 1791 3101 1830 cum
3145 1775 3414 1845 ipsorum
3443 1774 3641 1844 spiritu.
3671 1775 3724 1827 De
3743 1791 3782 1829 eo

471 1861 677 1934 gloria,
702 1867 758 1918 et
783 1862 840 1918 in
865 1864 1092 1920 Christo
1121 1865 1254 1920 Jesu
1283 1865 1362 1920 sit
1393 1864 1478 1919 illi
1510 1865 1691 1936 gloria
1723 1872 1955 1930 interna,
1986 1883 2113 1938 quae
2146 1916 2190 1938 η
2224 1867 2376 1936 quod
2408 1865 2595 1937 gratia
2616 1869 2725 1931 est,
2753 1881 2868 1935 qua
2899 1863 3238 1919 relaxantur
3267 1866 3500 1935 peccata
3528 1878 3673 1933 quam
3697 1879 3781 1917 cum

471 1916 506 1934 υ
544 1916 584 1917 κν
633 1916 676 1930 κ,
712 1916 754 1918 η
1123 1916 1253 1920 νη-
1284 1916 1359 1920 ---
1727 1916 1955 1930 πτ---ηυ
1993 1916 2110 1938 -ι-νν
2231 1916 2376 1936 Ἰ--νν
2408 1916 2594 1937 ο-πη
2623 1916 2725 1931 ν--ι
2761 1916 2866 1935 τνη
3457 1916 3496 1917 η
3543 1916 3558 1933 ι
3775 1916 3778 1917 ν

471 1949 656 2023 gloria
687 1953 973 2008 ambabus
1018 1954 1283 2024 personis
1313 1971 1430 2009 una
1458 1971 1593 2010 cum
1624 1954 1843 2026 Spiritu
1892 1960 2112 2021 sancto,
2146 1916 2193 1981 Β
2226 1955 2434 2026 spiritu
2463 1971 2664 2009 eorum
2697 1970 2824 2009 esse
2847 1957 3027 2024 optat,
3053 1953 3193 2023 quia
3227 1951 3480 2007 nobilior
3499 1957 3576 2006 est
3601 1951 3782 2018 interior,

469 2040 569 2110 qui
601 2045 690 2095 est
721 2058 874 2096 unus
900 2042 1072 2113 Deus,
1101 2043 1363 2098 debetur.
1388 2043 1467 2098 De
1498 2060 1562 2098 eo
1594 2044 1770 2115 quod,
1799 2043 1963 2100 finita
1993 2044 2115 2116 epi-
2226 2060 2400 2115 quam
2433 2042 2681 2098 exterior
2714 2041 2909 2096 homo.

469 2128 617 2184 stola
649 2129 706 2183 in
740 2128 930 2201 laude,
964 2131 1175 2186 transit
1203 2133 1274 2187 ad
1309 2131 1739 2187 salutationem.
2296 2135 2466 2187 Amen
2515 2132 2824 2187 conﬁrmat
2870 2130 3070 2186 omnia
3119 2146 3247 2201 quae
3308 2127 3568 2200 superius
3609 2129 3784 2193 dixerat;

539 2218 723 2289 (1208)
754 2219 1028 2290 Sequitur
1062 2237 1074 2274 :
1110 2221 1355 2276 Salutate
1382 2237 1600 2276 omnem
1629 2229 1897 2276 sanctum.
1924 2222 2113 2276 Terri-
2225 2221 2364 2292 quia
2397 2237 2563 2276 amen
2602 2219 2814 2274 dicitur
2853 2235 3044 2273 verum
3074 2236 3091 2272 :
3122 2218 3291 2274 valde
3322 2217 3476 2273 enim
3509 2217 3709 2288 impium
3731 2221 3785 2270 est

471 2306 605 2378 bile,
637 2310 791 2378 quod
827 2325 941 2364 non
975 2309 1087 2364 nisi
1128 2313 1364 2365 sanctos
1416 2309 1647 2365 salutat.
1681 2310 1924 2366 Sanctos
1956 2318 2118 2366 vocat
2226 2309 2296 2364 de
2325 2308 2474 2363 tanti
2508 2307 2769 2363 Doctoris
2796 2306 2967 2361 dictis
3000 2306 3057 2361 in
3090 2305 3287 2377 aliquo
3320 2305 3595 2361 dubitare.

749 2467 818 2547 in
852 2472 1045 2547 autog.
1081 2484 1263 2539 marg.
1297 2468 1394 2547 _h_ic
1423 2467 1636 2547 legitur
1666 2485 1790 2540 cap.
1821 2469 2017 2547 ξςδζξῐί.
2225 2472 2373 2547 tum,
2433 2467 2550 2522 sive
2584 2466 2827 2547 peccati
2885 2466 3446 2538 concupiscentiam,
3499 2481 3651 2536 quam
3697 2462 3785 2518 alibi

540 2539 723 2612 (1208)
749 2539 812 2612 In
844 2544 1041 2612 autog.
1076 2556 1260 2612 marg.
1296 2539 1390 2594 hic
1421 2539 1635 2612 legitur
1665 2539 1787 2611 cap.
1822 2539 1960 2594 XIX.
2225 2540 2400 2595 etiam
2435 2539 2755 2594 constituit.

541 2610 726 2681 (1209)
775 2611 854 2666 En
907 2610 1294 2667 differentiam
1347 2610 1502 2666 inter
1544 2610 1764 2667 crimen
1814 2616 1871 2666 et
1913 2627 2112 2683 pecca-

772 2951 1241 3047 INCIPIT
1313 2951 2137 3048 CAPITULATIO
2208 2952 2373 3046 AD
2448 2949 3340 3046 COLOSSENSES
3390 2947 3573 3038 “2””.

538 3318 588 3372 1.
625 3317 771 3384 Quia
810 3321 937 3373 orat
986 3334 1088 3390 pro
1134 3317 1239 3388 eis,
1274 3317 1612 3374 collaudans
1663 3317 1838 3373 ﬁdem
1886 3333 2108 3384 eorum,
2143 3319 2185 3386 C
2295 3318 2347 3371 4.
2379 3316 2437 3372 Si
2470 3313 2684 3371 mortui
2712 3313 2854 3370 estis
2885 3312 2956 3369 ab
2988 3312 3320 3379 elementis,
3358 3311 3495 3386 quid
3526 3309 3678 3365 adhuc
3698 3310 3788 3359 tan-

466 3404 675 3477 dignos
706 3423 805 3462 eos
843 3407 1029 3461 factos
1073 3407 1130 3460 in
1183 3411 1408 3476 partem
1459 3407 1635 3462 sortis
1685 3411 2019 3461 sanctorum
2054 3406 2113 3461 in
2224 3422 2400 3476 quam
2431 3404 2690 3461 viventes
2738 3401 3098 3458 decernitis?
3151 3402 3237 3469 Et,
3272 3418 3404 3473 qua:
3454 3414 3662 3455 sursum
3699 3397 3791 3448 sunt

466 3493 717 3560 Christo,
765 3494 825 3548 in
872 3511 988 3564 quo
1041 3495 1274 3549 condita
1322 3499 1461 3550 sunt
1507 3494 1727 3564 omnia,
1779 3494 1899 3549 sive
1949 3495 2113 3549 thro-
2225 3494 2430 3565 sapite.
2466 3497 2554 3564 Et,
2589 3491 2997 3548 mortiﬁcanda
3039 3491 3333 3558 membra,
3367 3506 3492 3562 quas
3534 3490 3651 3543 sunt
3673 3496 3794 3551 super

468 3581 548 3647 ni.
582 3584 690 3638 ϐίου
2223 3585 2459 3638 terram.
2484 3581 2571 3649 Et,
2597 3580 2963 3635 induendum
2998 3595 3214 3634 novum
3246 3578 3544 3634 hominem
3574 3592 3584 3629 :
3615 3573 3692 3628 ubi
3715 3585 3793 3624 non

536 3670 590 3724 2.
625 3669 792 3736 Quia,
832 3683 966 3724 cum
1024 3673 1221 3726 essent
1276 3670 1519 3741 inimici,
1567 3670 1918 3726 reconciliati
1978 3674 2117 3726 sunt
2225 3673 2313 3725 est
2342 3669 2577 3742 gentilis
2608 3672 2664 3724 et
2691 3669 2950 3724 Judaius.

467 3757 582 3812 Deo
613 3757 674 3812 in
709 3757 1122 3825 ministerium,
1159 3760 1313 3829 quod
1347 3758 1757 3815 absconditum
1790 3759 1896 3814 fuit
1934 3777 1967 3814 a
2009 3777 2113 3814 sae-
2293 3760 2347 3812 5.
2380 3759 2453 3814 Ut
2491 3758 2539 3815 si
2590 3759 2722 3830 quis
2771 3756 2949 3813 habet
2995 3755 3216 3829 aliquid
3266 3756 3544 3812 adversus
3585 3750 3792 3843 aliqueltl,

467 3845 637 3913 culis,
672 3850 728 3900 et
777 3846 1051 3902 docentes
1100 3863 1334 3902 omnem
1384 3847 1718 3910 hominem;
1769 3853 1825 3904 et
1872 3848 2010 3919 quia
2056 3848 2115 3903 in
2225 3847 2499 3903 dimittat.
2535 3849 2624 3916 Et,
2655 3847 2714 3901 in
2765 3845 3032 3917 psalmis,
3063 3850 3120 3900 et
3168 3844 3407 3917 hymnis
3453 3844 3637 3915 (1211).
3665 3839 3730 3903 Et,
3754 3839 3793 3886 in

467 3934 698 3990 Christo
730 3935 1059 3991 absconditi
1093 3939 1232 3991 sunt
1261 3953 1464 3992 omnes
1491 3936 1770 3992 thesauri.
2226 3938 2462 3993 nomine
2495 3936 2722 3991 Domini
2755 3934 2954 3992 omnia
2984 3934 3266 3990 facienda.
3306 3935 3399 4000 Et,
3433 3931 3676 3988 mulieres
3699 3922 3792 3978 sub-

538 4023 591 4078 3.
626 4022 699 4079 Ut
732 4041 845 4078 non
879 4023 1245 4096 decipiantur
1275 4042 1378 4097 pro
1409 4025 1796 4098 philosophia,
1821 4026 1921 4098 qui
1953 4025 2114 4082 Chri-
2225 4025 2356 4081 dites
2390 4025 2509 4081 sint
2536 4025 2696 4093 viris,
2733 4029 2789 4079 et
2817 4024 2925 4078 viri
2958 4040 3168 4078 uxores
3199 4021 3469 4094 diligant,
3502 4020 3595 4075 lilii
3622 4022 3667 4072 et
3689 4008 3794 4068 servi

469 4115 559 4168 sto
587 4111 911 4184 consepulti
947 4118 1087 4168 sunt
1132 4114 1190 4168 in
1236 4115 1547 4185 baptismo.
1584 4115 1791 4171 Delens
1821 4117 1974 4188 quod
2008 4117 2114 4170 ad-
2226 4115 2518 4170 obediant.

464 4217 699 4256 versum
731 4219 836 4259 nos
877 4207 1018 4267 erat,
1056 4202 1534 4276 chirographum.
1567 4205 1638 4258 Et
1679 4185 1855 4259 nemo
1892 4205 2117 4275 judicet
2294 4205 2347 4258 6.
2381 4201 2638 4258 Orationi
2694 4201 3035 4256 instandum
3091 4216 3193 4271 pro
3225 4213 3283 4252 se
3317 4214 3329 4253 :
3365 4202 3421 4253 et
3471 4195 3526 4250 in
3581 4185 3794 4276 sapientia

464 4290 524 4345 in
556 4291 708 4360 cibo,
742 4296 843 4346 aut
872 4291 931 4346 in
964 4296 1123 4362 potu.
1158 4274 1246 4346 Et?
1273 4307 1344 4347 ne
1377 4292 1751 4360 seducantur,
1784 4293 1842 4347 in
1875 4274 2114 4349 humili-
2225 4291 2647 4347 ambulandum
2680 4290 2752 4344 ad
2782 4306 2902 4358 eos,
2935 4289 3036 4360 qui
3067 4287 3206 4343 foris
3241 4291 3400 4354 sunt,
3425 4290 3500 4353 et,
3524 4296 3688 4339 sermo
3713 4274 3793 4332 sale

465 4381 582 4433 tate
611 4378 973 4450 angelorum.
2225 4380 2303 4436 sit
2333 4380 2628 4436 conditus.
2659 4381 2745 4449 Et,
2778 4378 2850 4433 de
2879 4376 2994 4446 his,
3020 4393 3166 4449 quos
3198 4375 3436 4431 salutat.

677 4571 880 4653 (1212)
912 4574 1116 4647 QUOS
1163 4577 1642 4639 SANCTORUM
1689 4578 2246 4729 ϐΟΜῗΕέΙΟἳῐέὶὲξ

1811 4672 1858 4727 Α

2069 4579 2245 4640 )RET
2291 4578 2752 4637 APOSTOLUS
2797 4575 3110 4638 PAULUS
3153 4574 3231 4633 IN
3278 4570 3638 4633 EPISTULA

2069 4666 2532 4729 LOSSENSES.

1811 4670 1915 4727 AD
1961 4670 2532 4728 COLOSSENSES.

538 4851 890 4923 Epaphram,
913 4868 1208 4924 quemque
1239 4851 1467 4907 ﬁdelem
1499 4850 1836 4907 ministrum
1868 4867 1936 4907 ex
1964 4851 2108 4923 ipsis
2223 4850 2341 4905 rint
2370 4850 2663 4904 mandata.
2696 4849 2765 4902 Et
2806 4846 3030 4915 Jesum,
3066 4845 3168 4917 qui
3200 4845 3413 4902 dicitur
3443 4844 3645 4915 justus.
3672 4832 3726 4890 Hi
3749 4845 3794 4885 ex

467 4955 615 5008 esse,
667 4945 723 4996 et
770 4941 1108 5014 Tycbicum,
1161 4957 1333 5014 quem
1392 4940 1810 4997 charissimum
1870 4941 2110 4996 fratrem
2221 4938 2662 4994 circumcisione
2693 4936 3008 5008 adjutores.

2889 5024 2940 5043 ,1.
2964 5022 3289 5043 __:__:_.___._.
3347 5022 3412 5043 na
3444 5020 3638 5043 “-m-..
3666 5011 3793 5043 Nam.
