3974 5358
132 282 237 340 609

635 275 1051 339 EXPOSITIO
1097 278 1172 337 IN
1220 278 1645 339 EPISTULAS
1690 274 1948 340 PAULI.
1992 312 2066 322 --
2110 278 2186 337 IN
2238 278 2485 341 EPIST.
2530 274 2632 339 AD
2676 277 2988 341 COLOSS.

3401 276 3524 339 610

1166 412 1721 473 ARGUMENTUM
1769 413 1872 471 AD
1919 413 2482 474 CULOSSENSES.

196 515 561 573 Colossenses
590 520 750 583 sunt,
773 519 829 571 et
851 516 1093 585 hi,sicut
1115 515 1763 583 Laodicenses,Asiani.
1794 517 1852 584 Α
1882 516 2193 589 Archippo,
2229 516 2329 588 qui
2360 522 2417 572 et
2448 517 2842 573 ministerium
2874 519 2933 572 in
2974 533 3071 572 eos
3103 517 3343 589 accepit.
3376 521 3522 590 Ergo

131 611 191 661 Et
216 603 320 675 ipsi
378 604 652 674 praeventi
702 604 887 674 (1213)
944 608 1111 659 erant
1149 620 1183 658 a
1240 603 1765 677 pseudoapostolis.

133 696 235 752 Nec
254 693 324 748 ad
345 708 445 748 eos
468 692 715 748 accessit
736 692 862 764 ipse
885 692 1199 764 Apostolus
1218 711 1231 759 ;
1257 694 1356 749 sed
1385 694 1492 749 hos
1514 710 1616 766 per
1636 692 1767 765 Epi-

131 782 322 840 stolam
383 780 708 853 recorrigit.
783 780 1106 837 Audierant
1176 782 1332 838 enim
1389 782 1631 837 verbum
1692 783 1765 837 ab

192 921 372 991 (1213)
403 927 465 978 In
498 923 626 979 cod.
656 923 961 991 praebendi.

193 993 371 1066 (1214)
394 993 543 1049 Loco
568 992 772 1065 Epheso
800 992 1112 1066 legendum
1137 995 1381 1052 fortasse
1401 995 1471 1051 ab
1495 996 1766 1051 Onesimo.

135 1064 335 1147 scilicet
366 1081 469 1147 per
498 1064 693 1147 quem,
721 1070 777 1120 et
805 1064 1119 1147 Tychicum
1146 1066 1335 1147 missa
1366 1072 1455 1122 est
1487 1066 1766 1147 Epistola.

135 1136 237 1201 Vel,
269 1136 428 1209 quod
459 1136 687 1209 veritati
713 1136 898 1209 magis
921 1143 1380 1193 consentaneum
1417 1136 1656 1204 est,loco
1678 1139 1768 1202 ab,

137 1207 547 1288 legendum_et_:
569 1213 638 1288 ut
655 1207 887 1288 legatur
914 1226 926 1263 :
958 1210 1165 1288 scribit
1177 1212 1274 1288 eis,
1294 1218 1345 1265 et
1366 1210 1619 1288 Epheso_:
1642 1210 1769 1265 dum

131 1276 273 1353 enim
304 1276 398 1353 hs
426 1276 993 1353 Epistolasfalterave
1026 1281 1097 1353 ad
1132 1276 1534 1353 Philippenses
1564 1285 1768 1353 Roma,

131 1354 177 1405 et
204 1350 257 1403 in
300 1348 557 1406 vinculis
587 1348 840 1423 scriptae,
888 1356 946 1407 et
976 1352 1169 1407 missa:
1212 1348 1561 1409 censentur:
1598 1351 1771 1408 sicuti

1878 605 2195 677 Apostolus
2218 607 2345 677 jam
2381 605 2595 677 ligatus
2618 605 2821 661 scribit
2849 606 2933 661 eis
2963 606 3033 660 ab
3061 605 3287 677 Epheso
3318 607 3519 678 (1214).

1972 712 2213 783 Explicit
2242 711 2313 767 ad
2346 711 2681 783 Colossenses
2708 714 2914 783 scripta
2942 710 3009 765 de
3040 712 3225 767 Roma.
3258 711 3426 767 Habet

2394 799 2580 839 versus
2613 782 2670 838 C.
2715 783 2772 837 C.
2820 784 3001 839 VIII.

1879 925 1951 979 de
1981 922 2089 979 hac
2113 924 2487 996 peculiariter
2509 924 2724 996 legitur
2742 940 2930 996 pauca
2956 928 3084 996 post
3102 926 3279 996 verba
3304 925 3363 981 in
3395 926 3521 981 cod.

1881 999 2081 1050 nostro
2110 994 2223 1050 ibi:
2256 998 2460 1066 scripta
2490 994 2769 1051 de'Roma'.
2804 994 2971 1059 Quod
2993 995 3153 1051 nullo
3186 998 3358 1052 modo
3389 1014 3522 1053 cum

1878 1066 1974 1138 his
2005 1066 2217 1138 verbis,
2248 1068 2316 1121 ab
2346 1067 2550 1138 Epheso
2572 1066 2869 1122 conciliari
2903 1071 3117 1138 posset.
3154 1067 3214 1121 Id
3245 1084 3376 1123 vero
3407 1068 3524 1124 cla-

1879 1137 2003 1192 rius
2034 1136 2287 1211 elucebit
2306 1136 2497 1211 exghis
2520 1155 2647 1211 quas
2680 1139 2852 1211 paulo
2875 1136 3119 1193 inferius
3152 1138 3521 1211 habenturin

1879 1225 1947 1281 ea
1976 1209 2151 1281 verba
2180 1208 2467 1281 Epistolis,
2511 1208 2721 1281 bisqui
2764 1212 2892 1267 sunt
2923 1211 3151 1266 Colossis
3180 1252 3197 1280 ,
3229 1209 3331 1265 ubi
3361 1227 3523 1267 men-

1880 1280 2019 1363 dose
2042 1280 2101 1335 in
2124 1279 2488 1363 argumentis
2508 1279 2902 1353 Epistolarum
2926 1281 3209 1354 scriptum
3233 1282 3299 1338 ab
3320 1282 3525 1354 Epheso

1881 1352 2204 1407 adinveniri
2229 1352 2529 1407 asseritur.

653 1644 1117 1739 INCIPIT
1178 1645 1790 1741 EPISTULA
1858 1646 2023 1740 AD
2096 1645 3008 1741 COLOSSENSES.

684 1954 1208 2011 ARGUMENTUM.

186 2043 562 2100 Colossenses
593 2040 1069 2116 pseudoapostoli
1124 2048 1380 2100 evertere
1410 2045 1772 2111 nitebantur,

130 2138 185 2187 ut
211 2136 346 2205 post
379 2131 847 2204 praedicationem
878 2134 1158 2205 Epaphrze
1189 2133 1307 2189 sive
1335 2133 1772 2207 Archippi,phi-

133 2221 441 2293 losophicis
469 2221 968 2293 disputationibus
1000 2222 1294 2278 irretirent
1329 2222 1771 2294 simplicitatem

131 2310 334 2366 mentis
369 2325 592 2365 eorum.
651 2313 937 2367 Admonet
984 2309 1299 2382 Apostolus
1349 2326 1420 2365 ne
1452 2318 1687 2383 sperent
1712 2310 1772 2365 in

123 2397 449 2453 rationibus
482 2399 928 2466 elementorum,
971 2398 1187 2471 quibus
1216 2398 1385 2469 quasi
1416 2401 1776 2471 gubernatur

119 2486 229 2540 vita
256 2486 543 2542 humana.
578 2486 797 2542 Idcirco
828 2487 938 2542 hoc
978 2486 1291 2559 Apostolus
1322 2504 1424 2559 per
1451 2486 1771 2558 Epistolam

120 2573 396 2630 hortatur
427 2580 485 2630 et
535 2577 831 2641 admonet,
864 2592 936 2631 ne
994 2575 1209 2631 alicubi
1240 2579 1445 2647 preter
1472 2576 1773 2631 Christum

116 2662 383 2734 aliquam
416 2680 579 2736 spem
600 2680 727 2720 esse
752 2667 1113 2736 putarent,et
1134 2664 1544 2736 deciperentur
1564 2664 1772 2735 (1215).

180 2799 200 2871 (
209 2800 356 2854 CAP.
391 2798 457 2869 1.)
491 2798 701 2854 Paulus
734 2799 1010 2869 apostolus
1062 2798 1267 2853 Christi
1292 2799 1419 2853 Jesu
1448 2813 1548 2869 per
1578 2798 1773 2853 volun-

1797 1960 1845 2023 B
1878 1973 2024 2013 cere.
2061 1958 2129 2012 Et
2158 1957 2215 2011 in
2248 1957 2456 2028 primis
2479 1956 2652 2012 ﬁdem
2675 1972 2874 2012 eorum
2902 1972 3175 2028 magnam
3205 1957 3440 2014 audisse
3464 1975 3526 2015 se

1882 2046 2102 2101 laudat.
2134 2045 2349 2100 Deinde
2373 2045 2647 2100 admonet
2667 2062 2765 2101 eos
2784 2062 2854 2100 ne
2876 2045 3419 2118 perphilosophiam
3437 2048 3524 2103 vel

1882 2134 2027 2207 legis
2058 2133 2436 2190 caeremonias
2469 2135 2846 2190 seducantur.

1951 2225 2166 2279 Sanctis
2194 2226 2245 2278 et
2274 2222 2528 2291 fidelibus
2570 2223 2842 2293 fratribus
2890 2224 2949 2277 in
2980 2222 3196 2279 Christo
3223 2225 3348 2279 Jesu
3380 2227 3528 2281 Gra-

1882 2313 1964 2368 tia
1992 2313 2145 2367 vobis
2174 2314 2226 2366 et
2250 2327 2369 2381 pas:
2397 2326 2437 2366 a
2467 2311 2571 2365 Deo
2624 2312 2785 2365 Patre
2810 2314 3016 2365 nostro.
3076 2310 3201 2365 Non
3232 2312 3426 2367 omnis
3459 2313 3526 2367 fi-

1882 2400 2027 2455 delis
2059 2405 2147 2455 est
2168 2403 2432 2466 sanctus,
2457 2398 2596 2469 quia
2628 2402 2874 2470 possunt
2900 2398 3076 2453 etiam
3098 2398 3526 2471 catechumeni,

1882 2505 1950 2545 ex
1980 2505 2045 2543 eo
2077 2489 2229 2559 quod
2260 2486 2487 2543 Christo
2510 2487 2775 2553 credunt,
2798 2485 2998 2542 fideles
3021 2485 3156 2553 dici,
3182 2503 3297 2541 non
3330 2492 3525 2543 tamen

1882 2577 2068 2632 sancti
2089 2580 2227 2630 sunt
2250 2592 2351 2647 per
2368 2576 2729 2647 baptismum
2762 2573 3296 2639 sanctificati.Quod
3327 2580 3525 2631 tamen

1883 2663 2127 2736 intelligi
2159 2670 2217 2719 et
2247 2663 2416 2719 aliter
2436 2662 2646 2717 melius
2678 2667 2888 2734 potest,
2911 2662 2969 2717 id
2994 2667 3080 2718 est
3106 2668 3169 2718 ut
3189 2668 3424 2719 sanctos
3447 2664 3527 2719 di-

1883 2758 1977 2808 cat
2007 2753 2357 2816 sacerdotes,
2398 2757 2454 2807 et
2506 2751 2810 2806 ministros
2840 2750 3129 2821 Ecclesia,
3162 2751 3362 2807 ﬁdeles
3394 2770 3525 2808 vero

1884 2845 2150 2896 eceteram
2198 2839 2457 2895 fidelium
2509 2839 2968 2894 multitudinem.
3030 2840 3253 2896 Gratias
3312 2844 3545 2912 agimus

104 2891 279 2943 tatem
343 2889 442 2942 Dei
495 2891 545 2941 et
603 2886 916 2943 Timotheus
974 2886 1176 2958 frater.
1211 2887 1275 2941 In
1326 2885 1458 2941 aliis
1506 2886 1776 2957 Epistolis

100 2976 446 3039 Sosthenes
476 2979 534 3030 et
571 2973 880 3047 Sylvanus,
903 2974 1196 3030 interdum
1219 2979 1277 3029 et
1298 2973 1664 3041 Timotheus,
1689 2990 1777 3029 as-

96 3062 410 3119 sumitur.
445 3063 508 3117 In
540 3066 793 3135 quatuor
834 3067 1063 3119 tantum
1123 3062 1490 3128 Timotheus,
1523 3062 1663 3134 quia
1688 3060 1777 3118 vel

99 3152 329 3209 eodem
381 3154 660 3222 tempore,
713 3151 802 3207 vel
859 3155 1142 3224 praesente
1200 3150 1505 3207 Timotheo
1558 3154 1776 3206 caeteras

102 3256 366 3314 quoque
388 3239 614 3295 dictatas
648 3240 975 3304 sunt.Quod
1006 3239 1226 3312 duplici
1247 3257 1317 3295 ex
1345 3256 1524 3296 causa
1553 3239 1775 3295 factum

108 3330 390 3402 ponitur,
422 3332 488 3384 ut
511 3332 569 3384 et
593 3328 852 3401 Epistola
881 3330 1161 3401 majorem
1194 3328 1436 3385 haberet
1465 3328 1779 3384 auctorita-
1809 3321 1852 3387 C

113 3423 259 3486 tem,
297 3434 431 3488 quae
482 3433 597 3472 non
659 3418 732 3472 ab
781 3433 897 3471 uno
957 3417 1344 3484 scribebatur,
1378 3420 1435 3473 et
1459 3416 1598 3488 quia
1624 3415 1786 3472 nulla

1882 2930 1987 2984 Deo
2017 2931 2067 2982 et
2094 2929 2251 2982 Patri
2282 2928 2504 2982 Domini
2544 2930 2723 2983 nostri
2767 2928 2893 2983 Jesu
2937 2928 3163 2994 Christi,
3193 2946 3402 3001 semper
3426 2948 3527 3001 pro

1882 3017 2033 3071 vobis
2061 3020 2296 3072 orantes.
2330 3017 2372 3070 A
2406 3014 2679 3070 laudibus
2710 3014 2807 3069 Dei
2842 3014 3065 3086 incipit,
3094 3017 3247 3087 quod
3277 3017 3413 3071 talia
3442 3018 3527 3073 eis

1884 3106 2205 3173 donaverit,
2239 3121 2366 3176 quae
2395 3103 2640 3159 inferius
2670 3102 3063 3158 continentur.

1952 3193 2241 3249 Audientes
2285 3193 2446 3264 ﬁdem
2502 3198 2746 3249 vestram
2784 3193 2846 3247 in
2899 3192 3113 3248 Christo
3138 3196 3290 3249 Jesu.
3327 3193 3394 3248 Et
3423 3192 3531 3249 hoc

1891 3282 1961 3338 ad
1995 3280 2429 3337 distinctionem
2459 3281 2909 3354 diligentissime
2939 3281 3197 3353 positum
3232 3285 3359 3337 est:
3393 3285 3535 3337 sunt

1892 3371 2107 3443 quippe
2134 3370 2331 3442 plures
2360 3370 2581 3438 ﬁdeles,
2631 3372 2732 3427 sed
2767 3387 2881 3426 non
2914 3370 2973 3424 in
3019 3369 3248 3426 Christo
3277 3370 3437 3426 Jesu.
3469 3372 3534 3427 Et

117 3506 425 3563 aemulatio
456 3509 581 3561 erat
608 3504 667 3560 in
700 3505 1044 3577 Apostolo,si
1070 3505 1211 3577 quid
1245 3506 1390 3561 forte
1411 3504 1508 3560 illo
1532 3505 1785 3562 dictante

118 3594 251 3650 aliis
285 3593 550 3665 Spiritus
580 3600 819 3649 sanctus
843 3593 1255 3665 suggessisset,
1280 3594 1503 3664 absque
1533 3593 1652 3649 ulla
1681 3593 1783 3648 tri-

119 3683 285 3739 stitia
320 3682 580 3738 addebat
605 3680 822 3736 Paulus
849 3681 905 3736 in
940 3681 1174 3746 litteris,
1208 3698 1354 3753 quas
1390 3681 1669 3750 dictabat,
1702 3698 1788 3738 se-

116 3774 391 3827 cundum
427 3771 509 3838 id,
542 3771 697 3841 quod
720 3770 846 3842 ipse
868 3770 1187 3825 Corinthiis
1210 3770 1576 3841 praecepit,ut
1604 3770 1654 3825 si
1676 3770 1787 3825 alio

121 3861 520 3932 prophetante
550 3858 649 3913 alii
701 3858 877 3914 fuerit
932 3857 1249 3913 revelatum
1290 3859 1334 3926 (Ι
1379 3857 1499 3915 Cor.
1527 3875 1641 3926 xxv,
1675 3858 1786 3930 30),

118 3953 318 4005 taceat
353 3947 453 4003 ille
486 3947 585 4020 qui
618 3947 782 4019 prius
804 3946 1306 4019 prophetabat.lta
1336 3952 1392 4001 et
1411 3946 1535 4018 ipse
1557 3962 1790 4019 quoque

124 4041 495 4108 praeceptum
527 4052 698 4091 suum
725 4050 897 4107 opere
929 4034 1291 4107 complebat:
1316 4038 1372 4090 et
1398 4039 1633 4107 propter
1651 4052 1792 4107 pau-

122 4142 207 4197 ca,
244 4143 386 4199 qua:
420 4124 516 4180 alii
542 4123 906 4193 addiderant,
933 4129 1309 4196 suggerentes
1334 4129 1399 4180 ut
1418 4125 1636 4191 sua,ita
1654 4124 1793 4181 alte-

124 4216 249 4272 rius
283 4229 530 4287 quoque
560 4213 736 4268 verba
770 4212 1203 4285 praescribebat.

190 4350 316 4415 His,
353 4348 455 4419 qui
482 4353 611 4401 sunt
659 4344 907 4401 Colossis.
943 4343 1337 4411 Colossenses,
1386 4344 1539 4401 sicut
1566 4348 1622 4401 et
1655 4345 1791 4401 Lao-

123 4438 430 4502 dicenses,
454 4438 594 4490 sunt
611 4432 1155 4489 Asiani.Audierant
1176 4433 1332 4488 enim
1349 4434 1590 4488 verbum
1612 4434 1795 4489 Evan-

123 4525 263 4597 gelii
300 4525 382 4580 ab
415 4522 728 4595 Archippo,
762 4521 861 4594 qui
895 4525 951 4577 et
990 4521 1383 4577 ministerium
1415 4520 1474 4575 in
1523 4521 1607 4577 eis
1634 4538 1792 4578 acce-

123 4614 233 4685 pit.
265 4612 394 4668 Nec
426 4612 497 4667 ad
529 4611 638 4667 hos
670 4614 991 4666 accesserat
1024 4610 1149 4681 ipse
1174 4608 1494 4682 apostolus,
1519 4610 1617 4665 sed
1653 4611 1793 4666 scri-

1892 3460 2259 3532 dilectionem,
2292 3477 2455 3531 quam
2486 3460 2697 3515 habetis
2726 3461 2788 3515 in
2842 3467 3052 3514 sanctos
3082 3475 3283 3514 omnes.
3318 3463 3534 3516 Notan-

1895 3551 2035 3605 dum
2068 3565 2209 3605 sane
2239 3549 2415 3620 quod,
2449 3549 2601 3604 sicut
2638 3546 2971 3604 Corinthios
2993 3546 3243 3603 subliter
3271 3548 3341 3603 de
3371 3552 3535 3604 tena-

1895 3637 2063 3692 citate
2094 3636 2574 3708 reprehendit,ita
2603 3641 2659 3691 et
2688 3636 2800 3692 isto
2823 3637 2893 3692 de
2922 3635 3188 3708 largitate
3210 3636 3536 3693 dilectionis

1896 3724 2222 3780 collaudat:
2279 3724 2543 3796 probatio
2604 3724 2822 3796 quippe
2879 3722 3213 3779 dilectionis
3258 3724 3537 3781 exhibitio

1897 3811 2088 3883 cperis
2114 3816 2220 3867 est.

1966 3900 2194 3969 Propter
2221 3914 2371 3969 spem
2426 3913 2545 3968 qua:
2571 3898 2812 3968 reposita
2865 3903 2945 3953 est
2993 3900 3144 3953 vobis
3172 3902 3233 3953 in
3261 3898 3437 3954 ccelis.
3466 3900 3539 3954 Ac

1898 3988 1947 4042 si
1979 3987 2170 4043 dicat:
2203 3985 2430 4049 Quanto
2461 3985 2616 4041 enim
2668 3985 2922 4058 amplius
2976 3987 3153 4041 Deum
3199 3986 3443 4058 diligitis
3470 3987 3542 4042 de

1900 4074 2080 4142 caelis,
2112 4080 2276 4131 tanto
2308 4074 2564 4147 amplius
2613 4075 2893 4147 proximis
2920 4075 3072 4131 bona
3101 4075 3443 4147 impenditis
3480 4074 3541 4130 in

1896 4164 2090 4228 terris,
2122 4181 2187 4220 eo
2244 4165 2398 4236 quod
2456 4163 2575 4221 illic
2604 4181 2706 4220 vos
2760 4163 3157 4220 thesaurizare
3204 4163 3416 4229 nostis,
3445 4163 3546 4219 ubi

1898 4255 2051 4309 tinea
2079 4270 2190 4310 non
2218 4255 2521 4326 corrumpit
2566 4256 2619 4309 et
2658 4254 2756 4309 ubi
2808 4255 2964 4325 fures
2991 4270 3101 4309 non
3130 4252 3415 4325 eﬂ‘odiunt,
3445 4268 3545 4310 nec

1898 4344 2164 4413 furantur
2193 4343 2405 4414 (Matth.
2433 4359 2512 4409 vx,
2541 4343 2654 4414 20).
2690 4340 2693 4345 λ

1974 4432 2151 4499 Quam
2178 4430 2412 4486 audistis
2441 4433 2501 4486 in
2530 4432 2695 4488 verba
2742 4433 2997 4489 veritatis
3036 4431 3346 4504 Evangelii.
3380 4432 3544 4496 Quod

1904 4519 2067 4591 prius
2098 4518 2321 4574 dixerat
2362 4520 2605 4574 verbum
2650 4521 2936 4589 veritatis,
2995 4520 3103 4576 hoc
3135 4522 3266 4592 post
3296 4520 3546 4590 repetiit,

1903 4608 2208 4681 Evangelii.
2242 4608 2389 4674 Quia
2444 4623 2642 4663 revera
2680 4608 2844 4664 nulla
2895 4608 3010 4664 alia
3052 4607 3385 4681 praedicatio
3414 4624 3550 4665 vera

123 4702 244 4773 psit
274 4702 407 4768 eis;
452 4717 567 4756 non
591 4702 662 4755 ab
694 4700 943 4773 Epheso,
968 4703 1034 4754 ut
1056 4698 1334 4754 mendose
1354 4698 1414 4753 in
1431 4700 1796 4771 argumentis
1825 4696 1871 4760 Ι)
1902 4702 2011 4769 est,
2044 4698 2156 4752 nisi
2190 4713 2315 4768 quae
2348 4695 2587 4752 fulcitur
2614 4696 2909 4769 Evangelii
2942 4696 3304 4753 auctoritate.

125 4789 530 4863 Epistolarum
548 4789 830 4860 scriptum
857 4788 1170 4859 invenitur,
1197 4788 1296 4843 sed
1312 4804 1347 4843 a
1368 4788 1553 4843 Roma
1578 4788 1648 4844 de
1674 4804 1797 4844 car-

196 4931 397 5003 (1215)
421 4930 542 5003 Hoc
571 4934 988 5003 argumentum
1014 4929 1105 5003 (ut
1123 4928 1443 5003 unicuique
1472 4947 1646 4986 suum
1680 4934 1796 5003 tra-

126 4998 435 5075 damusia
455 5002 585 5075 divo
607 4998 1063 5069 A‘mbrosio,sive
1078 5002 1148 5075 die
1163 4998 1380 5075 Hilario
1396 5002 1514 5058 fere
1534 5003 1605 5058 de
1622 5001 1794 5075 verbo

128 5076 201 5155 ad
232 5072 921 5155 verbum‘desummptum'
950 5075 1059 5128 est.
1092 5074 1225 5155 βενε
1253 5072 1703 5155 d_i_cimus,_quia
1734 5072 1794 5128 in

123 5145 367 5217 aliquot
392 5144 583 5200 verbis
637 5142 962 5217 differentia
1020 5149 1110 5217 est
1134 5160 1147 5198 :
1168 5216 1173 5217 γ
1195 5142 1417 5199 scilicet
1447 5142 1633 5217 in'his
1664 5161 1794 5217 qua:

126 5218 211 5272 ita
224 5214 422 5272 habet
445 5221 634 5271 textus
659 5217 773 5271 divi
798 5214 1124 5271 Ambrosii:
1152 5216 1436 5270 irretirent
1459 5214 1796 5283 simplicita-

122 5292 237 5343 tem
267 5288 482 5342 mentis
513 5303 718 5358 eorum,
748 5304 818 5343 ne
864 5294 1183 5358 spernerent
1226 5288 1468 5343 rationes
1497 5290 1792 5346 elemento-

1978 4786 2127 4855 Quod
2150 4785 2397 4857 pervenit
2444 4784 2513 4840 ad
2568 4790 2659 4840 vos
2709 4786 2850 4840 sicut
2876 4791 2928 4839 et
2976 4786 3035 4839 in
3067 4783 3320 4839 universo
3348 4783 3554 4841 mundo

1901 4948 2045 5007 rum,
2108 4927 2357 5007 legitur:
2418 4928 2681 4985 Admouet
2737 4925 3176 5007 Apostoluanef:
3230 4930 3456 5007 sperent
3504 4927 3565 5007 in

1901 4992 2629 5069 orationes'elementoram,
2659 4992 2857 5069 quibus
2883 5000 3075 5121 ἔπαθέ,
3111 4998 3224 5049 etc.
3250 4992 3366 5049 Ubi
3388 4995 3569 5053 moni-

1902 5082 2025 5121 tnm
2057 5089 2130 5121 ne
2153 5074 2370 5121 soerent
2411 5071 2671 5121 Anontoli
2731 5075 2839 5121 est.
2932 5062 3337 5121 mandandum
3372 5074 3568 5121 autem

1902 5082 2028 5131 tum
2057 5089 2130 5128 ne
2153 5074 2379 5143 sperent
2411 5062 2683 5143 Apostoli'
2731 5075 2845 5143 est.
2883 5062 3337 5143 Emendandum
3372 5074 3568 5143 autem

1903 5147 2094 5203 visum
2127 5137 2216 5198 est
2244 5142 2385 5196 illud
2410 5137 2529 5208 nec,
2562 5148 2619 5199 et
2646 5141 2961 5213 legendum
2983 5156 3073 5213 ne,
3098 5137 3328 5213 decoris
3350 5139 3574 5213 scilicet

1903 5213 2195 5275 sermonis
2216 5213 2424 5284 gratia.
2451 5203 2596 5269 Illud
2622 5203 2820 5276 etiam,
2844 5212 2906 5285 in
2925 5203 3573 5285 orationes,‘legendum

1902 5280 2283 5358 censuimu§,_
2298 5286 2359 5358 in
2386 5285 2717 5341 rationibus.
2751 5281 2901 5358 Quid
2925 5282 3093 5358 enim
3126 5280 3430 5358 orationes
3445 5280 3575 5358 ele-
