3974 5358
121 426 225 486 613

628 418 1036 482 EXPOSITIO
1082 422 1158 481 IN
1210 421 1634 482 EPISTULAS
1682 416 1940 480 PAULI.
1997 453 2071 463 —-
2116 423 2187 479 IN
2234 419 2483 481 EPIST.
2530 422 2631 481 AD
2677 420 2993 482 COLOSS.

3399 422 3520 481 614

124 562 248 619 tem,
271 552 664 608 hereditatem
689 553 801 608 dici
824 553 882 606 in
910 553 1226 624 Scripturis
1243 552 1461 607 sanctis
1485 554 1750 621 frequen-
1779 553 1828 615 Α
1861 557 2077 622 imago,
2103 553 2242 622 quia
2271 553 2340 607 de
2372 552 2471 608 illo
2505 569 2776 624 expressa
2806 557 2915 607 est.
2952 553 3051 607 Est
3076 554 3229 607 enim
3256 569 3519 609 necessa-

123 652 216 701 tur
244 642 574 697 invenimus
594 644 801 711 (1219).

186 733 289 802 Qui
315 733 521 803 eripuit
556 747 655 786 nos
702 731 767 785 de
812 734 1070 801 potestate
1099 732 1470 786 tenebrarum.
1518 726 1763 781 Liberati

124 823 268 879 enim
306 821 379 875 de
409 820 742 875 conditione
786 819 1180 885 tenebrarum,
1206 819 1312 873 hoc
1344 824 1452 883 est,
1486 817 1634 873 eruti
1693 817 1764 870 de

122 913 395 983 potestate
425 909 867 964 immundorum
899 907 1211 979 spirituum
1258 912 1315 961 et
1353 907 1625 961 societate
1654 904 1764 957 ini-

125 1014 385 1072 quorum,
418 1015 453 1052 a
478 998 695 1068 quibus
747 995 1155 1051 detinebamur
1193 1011 1259 1049 ex
1295 995 1527 1067 proprio
1559 992 1766 1047 delicto

122 1089 244 1144 Adm
292 1088 499 1154 (1220),
554 1086 652 1157 qui
706 1088 794 1140 est
849 1089 1011 1155 pater
1056 1083 1317 1138 omnium
1377 1083 1765 1154 peccantium,

124 1174 383 1231 translati
416 1190 623 1229 sumus
655 1189 757 1245 per
786 1172 956 1227 ﬁdem
993 1172 1053 1226 in
1089 1188 1333 1243 regnum
1362 1171 1593 1226 caeleste
1639 1168 1771 1224 Filii

130 1266 234 1333 Dei,
268 1264 424 1318 sicut
455 1264 880 1333 consequenter
909 1262 1198 1332 adjungit.

184 1355 245 1408 Et
270 1351 567 1408 transtulit
617 1366 711 1407 nos
741 1352 801 1404 in
830 1365 1064 1418 regnum
1092 1350 1225 1405 Filii
1260 1351 1544 1404 charitalis
1592 1349 1771 1418 (1221)

122 1458 238 1498 sua.
286 1440 366 1495 Ut
414 1440 743 1495 ostenderet
792 1438 961 1493 nobis
994 1454 1110 1509 quo
1169 1454 1365 1493 amore
1418 1437 1614 1510 diligit
1661 1453 1770 1491 nos

125 1533 291 1599 Deus,
324 1528 565 1600 quando
596 1526 864 1582 attollens
896 1543 1002 1582 nos
1038 1527 1108 1581 de
1139 1526 1256 1581 imo
1290 1527 1513 1591 tartari,
1548 1524 1777 1580 induxit

130 1621 181 1674 in
214 1617 398 1673 caelos
426 1633 557 1671 cum
592 1632 725 1670 vero
758 1614 900 1669 Filio
928 1632 1057 1669 suo.
1090 1617 1216 1669 lam
1249 1615 1401 1669 enim
1431 1631 1633 1668 omnes
1663 1631 1780 1667 cre-

120 1710 342 1775 dentes,
377 1708 479 1778 qui
528 1706 641 1761 tixa
688 1709 883 1759 mente
940 1704 1129 1758 devoti
1191 1708 1347 1765 sunt.
1399 1707 1677 1758 exeuntes
1708 1702 1780 1756 de

118 1795 353 1861 saeculo,
386 1796 533 1850 duce
578 1794 788 1849 dextrze
841 1793 1025 1863 partis
1077 1792 1301 1864 angelo,
1336 1792 1692 1846 inducantur
1721 1790 1780 1844 in

1871 639 1956 693 ria
1988 640 2331 712 similitudo,
2384 660 2494 697 non
2547 650 2740 697 tamen
2792 641 3114 713 aequalitas,
3148 642 3286 711 quia
3335 642 3523 698 multa

1873 728 2087 782 desunt
2117 731 2299 797 (1225)
2332 731 2594 802 imagini,
2629 749 2753 801 quae
2784 732 2987 785 insunt
3018 730 3099 784 illi
3132 731 3236 789 rei.
3288 731 3357 785 de
3406 748 3523 802 qua

1875 833 2147 887 expressa
2178 824 2267 873 est
2322 819 2427 874 Ubi
2471 820 2796 891 aequalitas,
2854 820 3129 875 continuo
3178 819 3521 888 similitudo,

1876 921 1990 959 non
2020 907 2295 961 continuo
2326 907 2542 979 imago,
2571 907 2727 962 velut
2760 910 2815 962 in
2849 910 3079 962 duobus
3111 908 3231 963 ovis
3263 908 3523 980 paribus,

1878 994 2015 1063 quia
2037 996 2686 1067 inestaequalitasjnest
2707 1001 2761 1051 et
2784 996 3142 1061 similitudo;
3166 1013 3527 1068 qurecunque

1878 1082 2033 1137 enim
2062 1085 2278 1138 adsunt
2302 1086 2420 1149 uni,
2444 1086 2658 1138 adsunt
2679 1090 2734 1139 et
2756 1085 2917 1139 alteri
2937 1085 3162 1157 :imago
3195 1091 3388 1140 tamen
3412 1102 3527 1141 non

1880 1176 1987 1236 est,
2025 1173 2161 1241 quia
2207 1178 2480 1228 neutrum
2528 1174 2598 1227 de
2646 1173 2826 1228 altero
2878 1190 3215 1243 expressum
3261 1179 3367 1229 est.
3419 1173 3530 1230 Ubi

1881 1259 2348 1331 similitudo,non
2382 1262 2657 1316 continuo
2682 1263 3014 1332 imago,non
3047 1264 3320 1316 continuo
3342 1280 3531 1333 mqua-

1884 1348 2047 1416 litas;
2082 1366 2253 1404 omne
2286 1351 2503 1421 quippe
2551 1366 2722 1405 ovum
2773 1351 2930 1404 omni
2981 1367 3105 1419 ovo,
3140 1350 3196 1404 in
3242 1357 3529 1421 quantum

1885 1454 2056 1492 ovum
2090 1443 2198 1507 est,
2243 1439 2435 1493 simile
2469 1445 2576 1504 est,
2612 1439 2710 1491 sed
2745 1455 2916 1492 ovum
2966 1439 3237 1509 perdicis,
3273 1439 3540 1510 quamvis

1886 1527 1943 1580 in
1978 1533 2259 1595 quantum
2293 1544 2461 1581 ovum
2496 1532 2602 1595 est,
2639 1528 2831 1582 simile
2875 1528 2952 1582 sit
3000 1545 3103 1580 ovo
3146 1527 3396 1597 gallinae,
3432 1545 3540 1583 nec

1889 1616 2081 1687 imago
2114 1620 2307 1669 tamen
2338 1618 2465 1685 ejus
2495 1620 2600 1683 est,
2636 1615 2772 1686 quia
2802 1632 2915 1669 non
2949 1617 3020 1669 de
3067 1616 3165 1671 illo
3196 1634 3537 1687 expressum

1890 1711 2005 1770 est;
2052 1721 2153 1759 nec
2202 1704 2441 1775 zequale,
2478 1704 2615 1775 quia
2644 1709 2699 1759 et
2730 1706 2902 1759 breve
2934 1708 3043 1771 est,
3075 1709 3131 1759 et
3160 1705 3398 1761 alterius
3447 1722 3542 1777 ge-

1894 1798 2049 1849 neris
2081 1794 2696 1849 animantium.Potest
2727 1810 2862 1865 ergo
2885 1810 3013 1848 esse
3039 1793 3239 1865 aliqua
3269 1795 3546 1866 imago,iu

119 1886 356 1954 coelum,
390 1883 545 1956 quod
577 1887 709 1938 ante
741 1881 951 1936 victam
984 1886 1226 1935 mortem
1278 1896 1622 1935 concessum
1666 1894 1780 1933 non
1812 1926 1859 1989 B
1893 1900 2007 1954 qua
2040 1883 2116 1937 sit
2146 1884 2322 1938 etiam
2355 1883 2678 1954 aequalitas,
2714 1887 2777 1936 ut
2809 1883 2867 1937 in
2902 1884 3261 1953 parentibus,
3316 1889 3372 1938 et
3414 1883 3551 1938 filiis

216 1980 224 1989 .
272 1973 321 1989 ι,
456 1972 495 1989 ..
634 1969 757 1989 ηερε
796 1969 913 1989 _7_.7
957 1970 1101 1989 ____,
1141 1968 1182 1989 Α,
1226 1968 1427 1989 ,εΗ-Λ
1482 1967 1780 1989 ,,η,,,,μ,
1896 1973 1906 1983 .
2074 1974 2105 1989 .,
2225 1975 2233 1982 .
2394 1988 2399 1989 7
2471 1972 2481 1981 .
2570 1988 2577 1989 7
2738 1971 2774 1989 .,
2824 1976 2859 1989 7.
2906 1988 2909 1989 7
2958 1988 2967 1989 7
3182 1988 3185 1989 7
3294 1976 3304 1989 ,
3379 1972 3390 1989 ,

118 1973 408 2030 erat.Nnn
439 1971 606 2037 dixit,
634 1969 761 2024 Filii
793 1969 915 2036 sui;
950 1970 1103 2039 quod
1138 1968 1187 2024 si
1217 1968 1450 2029 diceret.
1482 1967 1784 2023 verissime

120 2064 371 2129 diceret;
406 2060 907 2133 quemadmodum
935 2059 1076 2129 quia
1106 2074 1254 2129 saepe
1286 2058 1451 2128 dixit,
1483 2056 1785 2112 verissime

122 2151 278 2217 dixit,
314 2150 425 2205 sed
457 2151 538 2204 ait
571 2167 582 2204 :
614 2149 749 2203 Filii
776 2148 1071 2203 charitritis
1101 2162 1236 2203 suae.
1284 2146 1466 2201 Filius
1512 2162 1648 2219 ergo
1698 2150 1786 2201 est

127 2241 297 2296 etiam
336 2239 593 2310 Spiritus
642 2242 901 2303 sanctus,
935 2239 983 2291 si
1018 2254 1132 2291 non
1164 2241 1252 2291 est
1280 2236 1339 2290 in
1371 2235 1472 2289 illa
1502 2235 1785 2289 Trinitate

130 2330 390 2384 charitas
418 2328 538 2395 Dei,
572 2326 683 2381 nisi
710 2326 964 2397 Spiritus
997 2330 1237 2381 sanctus
1269 2341 1280 2378 :
1317 2326 1471 2396 quod
1504 2325 1551 2380 si
1585 2324 1789 2378 absur-

130 2418 419 2475 dissimns
469 2420 577 2483 est,
629 2419 831 2481 restat,
868 2419 931 2469 ut
970 2430 1083 2469 non
1123 2414 1284 2469 solus
1315 2413 1393 2469 ibi
1427 2414 1503 2469 sit
1533 2413 1787 2468 Charitas

127 2507 385 2579 Spiritus
418 2509 677 2571 sanctus,
713 2504 814 2559 sed
846 2508 1079 2575 propter
1105 2502 1223 2568 illa,
1258 2504 1329 2557 de
1376 2502 1591 2573 quibus
1642 2500 1788 2555 satis

126 2595 388 2652 disserui
441 2594 643 2662 (1222),
680 2595 910 2665 proprie
957 2592 1038 2647 sic
1086 2596 1339 2647 vocetur.
1386 2592 1547 2654 Quod
1594 2594 1787 2644 autem

120 2686 356 2740 dictum
388 2683 632 2750 est,Filii
659 2683 951 2736 charilatis
975 2680 1267 2747 suae,nihil
1300 2680 1459 2735 aliud
1490 2679 1787 2749 intelliga-

116 2780 440 2845 tur,quam
473 2772 601 2826 Filii
637 2771 1050 2842 sui,postremo
1081 2771 1259 2840 (1223)
1286 2768 1626 2824 substantia:
1649 2784 1787 2821 suae.

114 2863 401 2918 Charitas
433 2861 648 2932 quippe
680 2859 1019 2929 Patris,qua3
1050 2858 1108 2911 in
1140 2864 1351 2912 natura
1375 2857 1503 2927 ejus
1533 2862 1620 2911 est
1643 2857 1791 2910 inef-

112 2952 400 3008 fabiliter
431 2948 706 3020 simplici,
752 2948 900 3001 nihil
945 2952 1033 3002 est
1081 2947 1260 3013 aliud,
1296 2963 1471 3016 quam
1510 2946 1637 3015 ejus
1668 2946 1797 3015 ipsa

112 3047 358 3097 natura
382 3043 559 3109 atque
590 3036 941 3100 substantia,
976 3041 1038 3090 ut
1065 3051 1217 3106 saepe
1242 3036 1367 3104 jam
1414 3034 1689 3099 diximus,
1741 3036 1797 3086 et

106 3146 284 3201 saepe
322 3127 535 3183 iterare
568 3142 681 3180 non
714 3125 891 3197 piget.
923 3127 1000 3178 Ac
1031 3140 1132 3195 per
1162 3124 1270 3177 hoc
1298 3122 1477 3177 Filius
1499 3121 1798 3176 charitatis

101 3220 160 3289 ej
176 3234 256 3272 us
295 3215 503 3270 nullus
536 3219 628 3271 est
659 3214 831 3282 alius,
864 3229 1041 3285 quam
1074 3212 1173 3284 qui
1204 3213 1274 3266 de
1300 3210 1632 3266 substantia
1670 3211 1797 3280 ejus

104 3311 205 3365 est
235 3303 506 3377 genitus.

181 3398 256 3452 In
294 3408 408 3465 quo
438 3393 696 3448 habemus
727 3390 1148 3461 redemptionem
1178 3390 1384 3461 (1224),
1418 3390 1799 3445 remissionem

105 3492 499 3561 peccatorum.
534 3487 598 3536 In
657 3476 777 3535 hac
810 3479 1205 3550 redemptione
1232 3485 1513 3549 tanquam
1546 3478 1798 3549 pretium

110 3593 224 3650 pro
276 3571 462 3628 nobis
509 3571 682 3625 datus
728 3574 816 3623 est
861 3568 1102 3639 sanguis
1150 3567 1387 3631 Christi,
1422 3583 1537 3638 quo
1564 3572 1798 3636 accepto

114 3660 415 3720 diabolus
446 3676 559 3713 non
592 3657 811 3712 ditatus
842 3656 1056 3721 est,sed
1088 3656 1404 3726 ligatus,ut
1434 3672 1540 3710 nos
1571 3655 1641 3709 ab
1673 3655 1800 3723 ejus

116 3752 394 3810 nexibus
452 3746 828 3803 solveremur.
880 3744 1166 3799 Remissio
1218 3744 1374 3798 enim
1428 3746 1797 3815 peccatorum

119 3842 364 3896 liberos
398 3852 504 3891 nos
540 3833 693 3901 facit,
731 3838 794 3887 ut
822 3831 1049 3885 liberati
1088 3830 1570 3898 debitis,obnoxii
1617 3830 1800 3883 teneri

116 3947 240 3986 non
280 3926 625 4000 possimus:
652 3938 787 3976 nam
820 3920 944 3975 sine
977 3920 1087 3974 fide
1117 3919 1331 3974 Christi
1357 3919 1554 3974 nullus
1578 3923 1673 4002 est
1694 3918 1805 3973 sal-

122 4026 333 4074 vatus.

192 4110 312 4175 Qui
344 4112 430 4159 est
460 4105 640 4170 imago
669 4102 768 4154 Dei
797 4100 1113 4153 invisibilis.
1148 4103 1367 4169 Imago,
1392 4102 1448 4152 et
1475 4097 1797 4168 equalitas,

116 4203 173 4253 et
207 4192 561 4252 similitudo
594 4188 1009 4260 distinguenda
1040 4192 1198 4254 sunt,
1224 4188 1362 4258 quia
1388 4186 1484 4241 ubi
1518 4186 1805 4258 imago,ut

118 4292 210 4341 est
242 4286 310 4340 in
351 4280 621 4353 speculo,
656 4279 932 4333 continuo
965 4277 1310 4342 similitudo,
1365 4293 1479 4330 non
1526 4276 1800 4331 continuo

119 4372 478 4447 mqualitas,
526 4374 590 4423 ut
630 4372 719 4422 est
760 4366 818 4419 in
862 4366 986 4419 ovis
1034 4364 1291 4435 paribus.
1333 4364 1441 4419 Ubi
1482 4364 1802 4436 aequalitas,

121 4464 433 4520 continuo
464 4456 810 4521 similitudo,
834 4470 949 4508 non
982 4454 1258 4508 continuo
1290 4454 1617 4525 imago.Ubi
1644 4453 1805 4508 simi-

118 4553 484 4621 litudo,non
504 4546 776 4602 continuo
799 4543 1011 4615 imago,
1038 4560 1151 4597 non
1174 4543 1451 4597 continuo
1475 4543 1805 4614 aequalitas,

1894 1973 2189 2026 invenitur
2222 1975 2434 2043 imago,
2468 1972 2525 2025 in
2560 1988 2675 2042 qua
2706 1971 2783 2026 sit
2812 1976 2865 2025 et
2897 1970 3223 2040 inqualitas,
3256 1976 3312 2025 et
3346 1970 3550 2025 simili-

1895 2062 2057 2128 tudo,
2093 2060 2140 2115 si
2174 2059 2544 2114 intervallum
2580 2061 2857 2130 temporis
2888 2059 3197 2124 defuisset;
3234 2076 3366 2113 nam
3390 2064 3445 2113 et
3475 2060 3545 2115 de

1896 2155 2134 2221 parente
2162 2166 2437 2219 expressa
2468 2153 2557 2203 est
2586 2148 2910 2203 similitudo
2944 2147 3139 2210 filii,ut
3172 2153 3324 2203 recte
3350 2149 3542 2220 imago

1896 2238 2140 2306 dicatur,
2176 2242 2230 2291 et
2260 2242 2447 2307 potest
2481 2254 2607 2291 esse
2638 2241 2820 2305 tanta,
2855 2240 2919 2291 ut
2949 2241 3102 2291 recte
3123 2237 3296 2291 etiam
3322 2237 3549 2291 dicatur

1896 2325 2217 2397 inqualitas,
2252 2326 2367 2379 nisi
2400 2327 2552 2396 quod
2590 2342 2799 2397 parens
2832 2331 3090 2396 tempore
3139 2326 3427 2395 praecedit.
3476 2330 3552 2380 Ex

1897 2432 2012 2486 quo
2047 2414 2392 2485 intelligitur
2422 2414 2810 2485 aequalitatem
2843 2413 3157 2484 aliquando
3200 2431 3313 2468 non
3364 2414 3558 2469 solum

1899 2504 2345 2559 similitudinem
2371 2504 2707 2573 habere,sed
2744 2502 2921 2557 etiam
2956 2502 3470 2574 imaginem,quod
3495 2503 3553 2558 in

1900 2593 2198 2664 superiore
2230 2591 2493 2663 exemplo
2527 2591 2967 2645 manifestatum
2998 2596 3104 2646 est.
3154 2592 3349 2645 Potest
3378 2591 3551 2645 etiam

1902 2681 2214 2752 aliquando
2232 2697 2359 2736 esse
2378 2680 2700 2735 similitudo
2733 2685 2787 2735 et
2810 2679 3412 2751 aequalitas,quamvis
3436 2697 3549 2735 non

1903 2772 1980 2825 sit
2014 2772 2225 2840 imago,
2256 2776 2319 2824 ut
2352 2771 2421 2824 de
2452 2772 2574 2824 ovis
2606 2768 2843 2840 paribus
2875 2768 3150 2823 diximus.
3182 2769 3373 2823 Potest
3396 2773 3452 2823 et
3472 2769 3549 2823 si-

1908 2859 2260 2922 militudo,et
2290 2859 2781 2929 imago,quamvis
2819 2874 2939 2912 non
2974 2858 3051 2912 sit
3080 2856 3551 2928 aequalitasmtin

1907 2947 2141 3019 speculo
2174 2947 2759 3002 ostendimus.Potest
2788 2951 2842 3001 et
2874 2946 3335 3014 similitudo,ubi
3360 2964 3555 3017 (equa-

1908 3037 2124 3097 litas,et
2156 3037 2346 3106 imago
2382 3035 2636 3103 sit,sicut
2667 3036 2737 3090 de
2767 3036 2902 3090 filiis
2946 3036 3560 3104 commemoravimus,

1909 3130 2145 3194 excepto
2176 3128 2577 3195 tempore,quo
2607 3124 2939 3195 praecedunt
2962 3129 3259 3194 parentes;
3295 3124 3379 3179 sic
3402 3126 3558 3180 enim

1908 3212 2190 3285 aequalem
2222 3212 2504 3285 syllabam
2528 3212 2758 3285 syllaba:
2783 3212 3055 3277 dicimus,
3086 3213 3353 3282 quamvis
3377 3213 3561 3269 altera

1826 3290 1868 3357 C
1910 3302 2213 3378 praecedat,
2244 3301 2425 3357 altera
2453 3303 2868 3372 subsequatur.
2907 3302 2968 3355 In
3000 3301 3115 3356 Deo
3155 3305 3375 3368 autem,
3425 3303 3563 3373 quia

1910 3391 2455 3463 conditiotemporis
2472 3395 2661 3456 vacat;
2692 3406 2804 3444 non
2826 3389 2980 3443 enim
3002 3394 3190 3461 potest
3210 3394 3363 3445 recte
3382 3390 3565 3445 videri

1914 3485 2062 3537 Deus
2093 3482 2152 3535 in
2182 3487 2440 3552 tempore
2470 3496 2777 3551 generasse
2808 3477 3048 3546 Filium;
3086 3495 3185 3550 per
3217 3495 3389 3550 quem
3422 3495 3561 3534 con-

1909 3571 2057 3625 didit
2086 3574 2376 3640 tempora;
2411 3584 2770 3638 consequens
2801 3572 2908 3635 est,
2943 3572 3008 3622 ut
3035 3585 3146 3622 non
3193 3568 3384 3623 solum
3415 3569 3563 3622 ima-

1910 3676 1980 3731 go
2013 3661 2139 3728 ejus
2174 3659 2270 3723 sit,
2299 3657 2433 3725 quia
2463 3658 2533 3712 de
2567 3657 2660 3712 illo
2692 3661 2799 3722 est,
2826 3661 2883 3711 et
2913 3656 3403 3727 similitudo,quia
3424 3657 3570 3712 ima-

1910 3766 1981 3820 go
2014 3754 2123 3813 est,
2156 3748 2255 3802 sed
2287 3747 2461 3801 etiam
2492 3746 2788 3815 mqualitas
2817 3751 2999 3813 tanta,
3036 3750 3098 3800 ut
3140 3763 3245 3801 nec
3286 3746 3563 3818 temporis

1912 3835 2280 3891 intervallum
2314 3835 2729 3905 impedimento
2766 3835 2861 3887 sit.

1984 3924 2384 3993 Primogenilus
2415 3924 2592 3976 omnis
2625 3926 2906 3976 creaturae.
2944 3927 3087 3976 Ante
3119 3940 3353 3977 omnem
3402 3941 3563 3979 crea-

1915 4018 2103 4067 turam
2138 4010 2399 4080 genitum
2429 4009 2663 4074 Filium,
2718 4027 2832 4063 non
2883 4015 3142 4063 creatum
3192 4015 3457 4080 testatur,
3494 4018 3561 4067 ut

1913 4105 2237 4157 secerneret
2267 4098 2628 4153 nativitatem
2663 4098 2791 4168 ejus
2824 4115 2856 4150 a
2887 4103 3164 4152 creatura:
3216 4100 3460 4155 factura.
3494 4101 3564 4156 Et

1915 4197 1979 4246 ut
2005 4191 2112 4244 hoc
2146 4188 2378 4261 penitus
2413 4186 2709 4253 clarescat,
2744 4186 3011 4256 subjecit.

1989 4281 2128 4347 Quia
2158 4280 2217 4333 in
2248 4280 2361 4348 ipso
2391 4276 2607 4331 condita
2636 4281 2765 4330 sunt
2797 4276 3047 4329 universa
3097 4277 3156 4329 in
3201 4276 3354 4330 ccelis
3404 4280 3457 4332 et
3510 4278 3569 4332 in

1916 4380 2089 4438 terra,
2125 4368 2366 4423 visibilia
2396 4374 2445 4421 et
2476 4366 2811 4421 invisibilia.
2844 4364 2962 4419 Hoc
2995 4369 3085 4419 est
3125 4365 3277 4434 quod
3328 4382 3573 4438 evange-

1915 4459 2050 4513 lista
2077 4458 2330 4512 Joannes
2364 4456 2421 4509 in
2456 4454 2742 4525 principio
2778 4452 3067 4525 Evangelii
3093 4454 3205 4523 sui,
3242 4472 3315 4525 IV,
3340 4455 3550 4519 3,testa

1914 4553 2028 4614 tur,
2066 4546 2265 4600 dicens
2295 4562 2307 4598 ε
2346 4546 2541 4599 Omnia
2568 4560 2665 4614 per
2694 4545 2876 4614 ipsum
2905 4543 3052 4616 facta
3086 4547 3294 4613 sunt,et
3318 4545 3439 4599 sine
3462 4547 3577 4615 ipso
3628 4572 3635 4577 -

119 4649 186 4699 ut
238 4646 345 4697 est
408 4637 468 4692 in
518 4636 640 4691 ovis
683 4632 894 4689 diversi
944 4631 1192 4705 generis,
1236 4638 1302 4686 ut
1345 4632 1403 4687 in
1448 4632 1683 4702 speculo
1715 4637 1805 4688 est
1838 4658 1883 4721 Β
1914 4639 2121 4708 factum
2150 4638 2228 4689 est
2256 4632 2490 4687 nihil.Si
2515 4632 2669 4687 enim
2695 4631 2838 4686 nihil
2863 4636 3265 4687 creaturarum
3300 4632 3425 4687 sine
3447 4632 3574 4703 ipso

198 4819 413 4895 (1219)
446 4814 537 4871 Uti
570 4814 723 4895 inter
748 4818 953 4871 caetera
983 4812 1361 4885 plurima,ubi
1392 4814 1570 4869 Josue
1601 4818 1814 4871 terram

125 4890 345 4949 divisit
382 4890 444 4942 in
477 4893 714 4942 sortem.

202 4964 416 5037 (1220)
449 4961 672 5037 Tamen;
698 4962 937 5037 proprio,
972 4976 1135 5037 quam
1176 4974 1246 5037 ea:
1275 4958 1472 5037 delieto
1516 4958 1675 5037 Adae,
1720 4960 1815 5028 qui

127 5031 937 5109 estpater,‘etc.,habetdivus
956 5031 1301 5109 Ambrosius
1321 5031 1376 5109 in
1397 5031 1810 5109 hunctextum:

132 5101 312 5164 Unde
347 5102 443 5159 vel
473 5120 541 5158 ex
569 5104 790 5173 proprio
836 5106 884 5158 et
934 5102 1128 5157 delicto
1174 5103 1309 5158 Adae
1359 5102 1692 5171 legendum,
1728 5101 1813 5173 vel

131 5187 392 5236 tantum
428 5176 498 5249 de
532 5172 764 5249 peccato
796 5174 1085 5250 originali,
1119 5175 1274 5246 quod
1302 5174 1361 5250 in
1393 5172 1811 5250 omnesqhomi-

1925 4812 2338 4887 terpretatione
2356 4808 2741 4887 intelligatur,
2772 4810 2909 4862 Filii
2931 4810 3259 4887 substantiw
3278 4823 3426 4875 sua};
3445 4810 3579 4882 quia

1925 4884 2105 4944 chdrit
2126 4901 2167 4939 rs
2201 4884 2411 4946 Patris,
2443 4886 2501 4935 et
2529 4886 2754 4944 caetera,
2789 4897 2912 4949 quae
2945 4885 3289 4950 sequuntur.

1994 4958 2177 5031 (1224)
2227 4954 2671 5031 Redemptionem
2713 4967 2814 5021 per
2859 4954 3187 5031 sanguinem
3238 4951 3358 5031 ejus
3410 4951 3586 5031 habet

1921 5020 2166 5103 vulglu
2198 5032 2355 5103 textu
2391 5020 2584 5103 tamen
2608 5020 3048 5103 pefsqngyineni
3068 5024 3186 5103 ejus
3210 5037 3322 5073 non
3345 5020 3584 5103 legitur,

1963 5093 2191 5158 uaihvis
2219 5101 2287 5153 de
2316 5096 2600 5167 sanguine
2654 5093 2864 5167 Christi
2899 5094 3184 5167 intextus
3224 5093 3588 5167 expositione

1946 5162 2024 5230 iat
2056 5170 2295 5226 mentio.
2330 5162 2507 5222 Divus
2542 5165 2882 5250 Ambrosius
2904 5166 3079 5245 etiam
3114 5162 3279 5250 divus
3302 5162 3588 5250 (int-3:503-
