3974 5358
496 435 614 498 Siti

1512 435 1849 495 ATTONIS
1895 432 2482 495 VERCELLENSIS
2531 433 2887 496 EPISCOPI
3726 442 3813 503 616

494 569 710 625 factum
744 574 851 636 est,
887 571 1043 640 patet
1076 567 1349 640 profecto,
1383 567 1520 638 quia
1552 567 1676 639 ipse
1721 571 1986 623 creatura
2024 581 2139 620 non
2170 564 2225 630 Α
2255 564 2547 637 pium,per
2575 569 2726 637 quod
2759 567 2909 625 facta
2952 569 3092 621 sunt
3136 566 3353 637 omnia,
3382 567 3750 640 primogenitus
3772 574 3813 629 in

493 663 601 727 est,
635 674 738 730 per
766 673 940 728 quem
972 656 1163 712 omnis
1194 659 1462 711 creatura
1493 657 1643 710 facta
1671 661 1777 711 est.
1811 656 1919 710 Sed
1954 654 2140 709 scien-

492 747 631 802 dum
666 746 806 818 quia
833 745 1113 815 quidquid
1144 761 1245 816 per
1273 743 1441 799 illum
1474 746 1692 800 factum
1726 743 1999 811 creditur,
2040 758 2143 814 per

488 833 655 888 illum
688 833 906 905 regitur
930 838 987 888 et
1004 832 1695 887 continetur.Secundum
1730 847 1963 886 carnem
1981 830 2141 885 omni

490 921 823 979 rationabili
855 928 1134 977 creatura
1156 921 1385 992 primus
1407 920 1647 976 effectus
1659 924 1763 976 est.
1791 918 2142 990 Primogeni-

487 1017 603 1083 tus,
636 1011 841 1082 inquit,
876 1028 990 1066 non
1022 1010 1213 1083 primo
1243 1014 1566 1075 creatus,ut
1594 1008 1824 1079 genitus
1856 1024 1958 1078 per
1977 1010 2141 1061 natu-

487 1118 635 1172 ram,
687 1104 746 1156 et
792 1100 1020 1172 primus
1068 1098 1454 1170 perpetuitate
1501 1097 1792 1152 credatur.
1836 1094 1941 1151 Vel
1985 1109 2137 1151 certe

478 1190 885 1263 primogenitus
913 1205 985 1244 ex
1010 1188 1247 1244 mortuis
1278 1186 1734 1258 (Infra,18),quia
1765 1185 1991 1258 primus
2014 1184 2138 1255 ipse

487 1278 826 1335 resurrexit.
861 1278 929 1332 Et
960 1280 1023 1331 ut
1052 1276 1311 1347 apertius
1340 1276 1718 1346 tradat,qua,
1742 1277 1798 1328 et
1824 1277 2040 1343 quanta
2063 1271 2140 1326 sit

486 1368 745 1440 potentia
776 1365 902 1421 Filii
936 1366 1257 1421 secundum
1292 1356 1679 1433 divinitatem,
1712 1361 1966 1418 ostendit
2007 1378 2136 1432 qua

484 1473 588 1529 per
617 1457 809 1528 ipsum
843 1454 988 1523 sint;
1025 1455 1082 1509 id
1113 1458 1220 1518 est,
1251 1454 1458 1520 throni,
1507 1451 1928 1517 dominationes,
1971 1450 2132 1522 prin—

483 1546 713 1619 cipatus,
762 1547 1044 1617 potestates
1091 1560 1110 1597 :
1157 1544 1346 1598 omnia
1396 1558 1491 1613 per
1536 1542 1733 1613 ipsum,
1794 1548 1846 1595 et
1903 1541 1964 1596 in
2019 1540 2135 1610 ipso

480 1639 665 1691 creata
693 1637 820 1690 sunt
850 1651 869 1689 :
899 1636 948 1689 et
980 1635 1095 1704 ipse
1122 1636 1201 1688 est
1228 1636 1361 1686 ante
1387 1645 1594 1697 omnes,
1628 1633 1678 1684 et
1707 1630 1898 1684 omnia
1927 1630 1988 1683 in
2020 1630 2134 1699 ipso

480 1728 748 1781 constant.
783 1722 856 1778 Ut
883 1722 1127 1793 proinde
1158 1719 1395 1776 omnino
1423 1718 1620 1774 minus
1652 1717 1797 1773 nihil
1829 1717 1888 1772 in
1920 1734 1985 1773 eo
2008 1734 2130 1773 cre-

481 1813 654 1868 datur
682 1827 829 1879 asse,
853 1826 1027 1882 quam
1053 1808 1221 1865 estin
1248 1810 1428 1865 Patre.
1466 1809 1527 1863 Et
1546 1807 1659 1879 ipse
1675 1815 1754 1862 est
1772 1814 1895 1862 ante
1924 1822 2130 1862 omnes.

480 1901 539 1957 Si
573 1906 679 1971 est,
712 1900 853 1972 quia
883 1898 976 1954 hic
1004 1898 1167 1993 solus
1219 1898 1295 1993 de
1341 1897 1505 1993 Patre
1532 1900 1671 1993 'Deo
1715 1901 1888 1952 natus
1919 1900 2027 1993 est,
2062 1895 2132 1950 de
2163 1928 2210 1993 Β

481 1990 744 2062 ingenita
773 1988 977 2059 utique
1009 1985 1339 2042 substantia
1376 1985 1496 2041 Dei.
1532 1985 1661 2040 Hac
1692 1990 1888 2040 autem
1920 1983 2130 2039 virtute

480 2080 629 2150 ejus,
663 2094 790 2149 qua
821 2076 1253 2149 generationem
1285 2074 1479 2141 habet,
1505 2074 1560 2129 id
1593 2078 1701 2141 est,
1735 2078 1952 2129 caetera
1979 2089 2131 2130 crea-

478 2173 622 2222 tura
653 2184 685 2222 a
719 2167 885 2221 Patre
915 2165 1323 2229 substiterunt,
1386 2180 1500 2219 non
1551 2167 1615 2217 ut
1658 2162 1993 2217 communio
2044 2162 2128 2217 eis

480 2255 822 2311 substantia
843 2255 920 2309 sit
939 2270 1072 2309 cum
1095 2254 1288 2320 eo,sed
1316 2269 1384 2307 ex
1408 2251 1765 2315 nihilo,nutu
1798 2250 1888 2303 Dei
1916 2250 2126 2315 Patris,

480 2343 623 2399 Filio
636 2342 1181 2415 caperunt.Throni
1198 2340 1354 2397 enim
1376 2339 1477 2394 illa
1497 2340 1733 2410 agmina
1755 2344 1894 2393 sunt
1908 2342 2124 2405 vocata,

478 2432 690 2503 quibus
715 2432 785 2487 ad
810 2430 1194 2486 exercendum
1212 2428 1498 2498 judicium
1525 2444 1754 2498 semper
1777 2432 1924 2481 Deus
1948 2427 2129 2481 omni-

477 2523 684 2590 potens
715 2516 1157 2588 prasidet.Quia
1178 2516 1334 2571 enim
1366 2515 1608 2570 thronos
1638 2514 1840 2570 Latino
1862 2530 2129 2569 sermone

477 2606 730 2662 dicimus
762 2607 952 2672 sedes,
984 2602 1179 2659 throni
1210 2603 1351 2658 dicti
1378 2608 1516 2658 sunt
1545 2603 1625 2670 hi,
1660 2603 1756 2674 qui
1790 2609 1951 2658 tanta
1985 2603 2126 2657 divi-

479 2696 683 2751 nitatis
712 2694 900 2766 gratia
930 2692 1248 2763 replentur,
1283 2697 1347 2747 ut
1377 2692 1434 2746 in
1466 2691 1549 2746 eis
1576 2692 1860 2747 Dominus
1906 2692 2125 2761 sedeat,

477 2788 533 2839 et
565 2800 666 2855 per
695 2799 792 2837 eos
822 2798 931 2837 sua
951 2779 1177 2852 judicia
1207 2782 1499 2836 decernat.
1537 2780 1697 2835 Unde
1733 2786 1789 2836 et
1819 2779 2131 2835 Psalmista

477 2872 658 2927 dicit:
694 2871 849 2927 Sedes
877 2886 1040 2941 super
1076 2871 1355 2936 thronum,
1406 2871 1503 2940 qui
1540 2870 1761 2940 judicas
1807 2872 2129 2939 (equitatem

479 2962 644 3033 (Psat.
678 2979 755 3027 1x,
787 2962 864 3030 5).
897 2959 1058 3023 Quod
1090 2976 1220 3014 vero
1253 2958 1407 3027 ait,et
1436 2960 1623 3012 omnia
1646 2961 1705 3012 in
1735 2960 1850 3029 ipso
1875 2962 2128 3014 constant

478 3050 559 3105 ita
589 3049 1034 3121 intelligendum
1068 3052 1156 3103 est
1189 3065 1201 3102 :
1237 3046 1374 3119 quia
1405 3048 1531 3102 sine
1560 3065 1626 3103 eo
1659 3048 1801 3101 nihil
1836 3046 2125 3117 sunt,nisi

476 3139 632 3194 enim
664 3138 799 3193 huic
845 3137 1059 3192 fuerint
1089 3136 1345 3204 subdita,
1379 3152 1571 3192 errore
1602 3136 1769 3192 devia
1798 3136 1965 3208 quasi
1997 3152 2125 3207 per-

477 3227 681 3283 ditioni
716 3228 856 3282 fient
885 3226 1152 3282 obnoxia.

2251 654 2459 724 gratia,
2496 672 2598 725 pro
2629 671 2694 710 eo
2729 656 2879 724 quod
2913 659 3044 710 ante
3076 672 3278 710 omnes
3309 660 3533 711 sanctos
3572 663 3816 717 resurrexit

2252 758 2285 796 a
2315 742 2585 810 mortuis,
2616 748 2674 799 et
2704 743 2926 799 devicta
2963 748 3147 799 morte
3184 744 3309 813 jam
3358 749 3553 815 regnat
3589 746 3641 800 in
3683 748 3812 806 caelis.

2249 830 2504 893 Quorum
2565 832 2812 887 fratrum
2872 837 3024 887 recte
3072 831 3492 903 primogenitus
3542 836 3812 906 appellatur-

2250 920 2388 991 quia
2418 936 2622 977 omnes
2654 919 3166 995 adoptionis’tilios
3199 919 3373 976 etiam
3404 920 3527 977 illos
3556 923 3641 993 qui
3682 924 3817 981 incar-

2247 1008 2501 1065 nationis
2530 1010 2658 1079 ejus
2691 1014 2957 1081 tempora
2989 1009 3299 1077 nascendo,
3346 1018 3729 1081 praecesserunt
3758 1016 3812 1069 di-

2247 1097 2467 1169 gnitate
2498 1098 2894 1170 pragreditur.

2326 1188 2389 1242 Ut
2413 1188 2484 1241 sit
2510 1188 2570 1241 in
2598 1188 2855 1243 omnibus
2875 1189 2992 1258 ipse
3017 1188 3322 1257 primatum
3343 1198 3543 1243 tenens.
3572 1188 3693 1251 Quia
3714 1191 3815 1246 vide-

2247 1274 2404 1340 licet,
2438 1275 2592 1330 sicut
2626 1292 2726 1347 per
2755 1275 3116 1331 divinitatem
3141 1274 3578 1348 principium,et
3604 1284 3744 1349 caput
3758 1286 3816 1335 est

2246 1362 2608 1434 angelorum,
2650 1364 2734 1419 ita
2786 1366 2843 1419 et
2895 1380 2997 1435 per
3045 1363 3476 1435 susceptionem
3501 1367 3671 1421 carnis
3696 1360 3814 1439 capul

2244 1456 2335 1509 est
2363 1454 2628 1508 omnium
2659 1452 2966 1509 hominum
2988 1452 3325 1509 electorum.

2315 1542 2456 1609 Quia
2510 1542 2571 1598 in
2632 1544 2746 1613 ipso
2810 1542 3137 1613 complacuit
3191 1544 3444 1597 omnium
3492 1543 3811 1613 plenitudinem

2242 1630 2574 1699 inhabitare,
2606 1638 2657 1685 et
2681 1648 2779 1703 per
2807 1647 2933 1687 eum
2962 1631 3317 1686 reconcitiare
3360 1634 3547 1686 omnia
3589 1635 3640 1687 in
3672 1634 3808 1703 ipsum.

2243 1718 2458 1774 Plenus
2490 1718 2705 1790 quippe
2736 1723 2861 1774 erat
2889 1718 3171 1774 Dominus
3203 1718 3424 1791 Spiritu
3461 1720 3810 1791 sancto,plcnul

2242 1807 2428 1879 gratia
2475 1812 2532 1862 et
2579 1808 2818 1863 veritate
2866 1808 3050 1879 (Joan.
3086 1826 3124 1873 Ι,
3161 1809 3248 1879 14)
3285 1825 3297 1863 :
3332 1809 3405 1863 de
3434 1809 3596 1880 cujus
3630 1809 3812 1880 plenitu-

2241 1896 2376 1952 dine
2408 1912 2513 1952 nos
2542 1912 2745 1953 omnes
2759 1897 2927 1967 juxta
2947 1897 3189 1953 modum
3211 1901 3426 1953 nostra
3448 1897 3738 1969 capacitatis
3753 1913 3812 1954 ac-

2241 1984 2502 2056 cepimus
2534 2002 2547 2040 :
2584 1984 2721 2056 quia
2754 1987 3056 2056 unicuique
3099 1994 3352 2041 nostrum
3396 1986 3525 2041 data
3565 1990 3635 2041 est
3668 1989 3809 2055 gratia,

2237 2073 2536 2129 secundum
2558 2089 2879 2130 mensuram
2909 2075 3221 2130 donationis
3246 2074 3459 2130 Christi
3473 2074 3661 2146 (Ephes.
3681 2092 3738 2143 ιν,
3758 2075 3807 2143 7).

2243 2167 2319 2217 De
2349 2162 2473 2218 solo
2504 2179 2756 2235 namque
2784 2163 3103 2219 mediatore
3127 2164 3223 2218 Dei
3246 2168 3301 2218 et
3328 2162 3623 2219 hominum
3644 2162 3809 2217 homine

2236 2252 2376 2307 Josu
2426 2251 2655 2307 Christo
2696 2252 2808 2306 dici
2861 2252 3049 2322 potuit
3082 2267 3095 2307 :
3128 2252 3190 2306 Et
3218 2253 3517 2321 requiescet
3558 2267 3695 2321 super
3726 2266 3809 2305 etin

2235 2340 2480 2407 Spiritus
2527 2340 2783 2400 Domini;
2833 2339 3070 2410 Spiritus
3115 2341 3428 2411 Sapientiae
3474 2345 3523 2396 et
3566 2340 3809 2397 intellectus.

2238 2426 2477 2497 Spiritus
2538 2429 2763 2483 consilii
2810 2433 2861 2483 et
2908 2428 3278 2499 fortitudinis,
3351 2429 3581 2500 Spiritus
3637 2430 3810 2483 scientia

2238 2524 2291 2571 et
2318 2517 2563 2586 pietatis,
2594 2526 2643 2572 et
2674 2518 2901 2587 replevit
2947 2533 3073 2572 eum
3122 2516 3368 2588 Spiritus
3415 2519 3618 2573 timoris
3658 2517 3811 2570 Domini

2237 2604 2362 2674 (lsa.
2401 2622 2463 2673 ιι,
2494 2606 2549 2671 2,
2583 2605 2659 2675 3).
2691 2604 2906 2660 Omnes
2935 2621 3068 2661 vero
3099 2605 3284 2660 sancti
3318 2622 3441 2660 non
3473 2604 3809 2676 plenitudinem

2236 2692 2490 2761 Spiritus
2520 2694 2665 2763 ejus,
2686 2693 2786 2748 sed
2820 2694 2889 2748 de
2917 2692 3278 2764 plenitudine
3308 2693 3464 2761 ejus,
3496 2688 3811 2763 quantumille

2237 2782 2433 2849 donat,
2451 2782 2761 2852 accipiunt.
2793 2783 2938 2847 Quia
2966 2782 3071 2837 alii
3094 2797 3198 2853 per
3218 2781 3495 2853 Spiritum
3521 2783 3670 2836 datur
3690 2793 3811 2835 servm

2236 2870 2545 2941 sapientiae,
2590 2871 2697 2925 alii
2751 2886 2928 2926 sermo
2991 2871 3234 2925 scientia
3289 2869 3587 2924 secundum
3634 2867 3811 2924 eumdem

2236 2958 2527 3031 Spiritum,
2578 2960 2745 3014 alteri
2791 2960 2925 3029 ﬁdes
2972 2961 3033 3013 in
3074 2958 3256 3014 eodem
3307 2958 3539 3030 Spiritu,
3569 2957 3666 3013 alii
3685 2959 3809 3026 gratia
3904 2994 3905 3045 1

2236 3050 2532 3103 sanitatem
2567 3050 2626 3102 in
2657 3063 2763 3103 uno
2794 3047 3033 3119 Spiritu,
3066 3048 3174 3103 alii
3201 3049 3451 3119 operatio
3469 3049 3719 3109 virtutum,
3744 3043 3810 3096 alii
3904 3088 3905 3105 η

2235 3137 2537 3208 prophetia,
2569 3138 2681 3192 alii
2707 3136 2957 3191 discretio
2988 3137 3423 3207 spirituum,alii
3447 3136 3804 3205 generalingua-

2237 3242 2380 3290 rum,
2411 3226 2517 3280 alii
2546 3226 2929 3296 interpretatio
2959 3240 3272 3280 sermonum
3300 3243 3318 3279 :
3351 3226 3475 3280 Hac
3502 3228 3665 3280 autem
3684 3220 3807 3278 omnia

546 3319 613 3371 Et
642 3319 754 3388 ipse
780 3320 859 3371 est
887 3319 1048 3386 caput
1079 3315 1324 3387 corporis
1355 3314 1630 3370 Ecclesiae.
1659 3313 1921 3369 Ecclesia
1952 3318 2128 3384 caput
2157 3295 2199 3361 (ἶ
2237 3318 2500 3386 cperatur
2528 3331 2673 3368 unus
2701 3295 2861 3384 atque
2890 3313 3034 3368 idem
3063 3314 3322 3385 Spiritus,
3368 3313 3611 3369 dividens
3645 3307 3811 3379 singulis
3904 3330 3905 3393 ξ

478 3411 567 3460 est
587 3405 872 3471 Christus,
897 3403 945 3458 si
968 3408 1163 3458 tamen
1186 3419 1392 3457 omnes
1432 3420 1613 3457 unum
1653 3402 1907 3457 sentiant
1928 3402 2125 3457 cales-

476 3500 586 3558 tes,
620 3498 676 3547 et
705 3492 939 3556 terreni,
972 3496 1036 3545 ut
1065 3491 1183 3545 sint
1211 3490 1484 3558 Ecclesia,
1520 3490 1624 3544 hoc
1658 3490 1948 3557 est,unius
1972 3490 2123 3545 ﬁdei.

479 3583 539 3638 Si
572 3580 889 3653 quominus
920 3579 1168 3633 truncati
1192 3578 1399 3649 capite,
1434 3578 1541 3633 hoc
1571 3585 1677 3645 est,
1710 3578 1973 3633 omnium
2001 3596 2126 3634 cor-

479 3685 712 3742 porum,
740 3667 916 3723 totius
961 3665 1219 3739 corporis
1249 3667 1453 3737 (1226),
1489 3666 1542 3720 id
1566 3671 1655 3720 est
1674 3682 1707 3721 a
1727 3672 1983 3722 creatore
2020 3684 2127 3723 suo

480 3756 748 3829 sejuncti,
784 3756 1038 3810 amentia
1067 3754 1317 3824 quadam
1359 3759 1414 3809 et
1462 3754 1713 3809 vanitate
1744 3755 2124 3824 bacchantur,

480 3844 778 3910 Quomodo
831 3844 987 3899 enim
1020 3847 1196 3914 caput
1227 3842 1481 3913 plurima
1511 3842 1620 3897 sibi
1657 3842 1831 3898 habet
1863 3845 2128 3901 membra

480 3931 851 4005 subjecta,ita
879 3937 935 3987 et
960 3931 1241 3987 Dominus
1272 3936 1469 3987 noster
1496 3934 1669 3987 Jesus
1698 3931 2124 3999 Christus,cum

479 4024 557 4079 sit
582 4026 756 4095 caput
784 4019 1065 4089 Ecclesia,
1101 4020 1276 4075 habet
1303 4020 1571 4076 membra
1590 4036 1688 4076 eos
1719 4038 1923 4078 omnes
1945 4023 2042 4093 qui
2066 4023 2123 4078 in

476 4110 734 4167 Ecclesia
756 4113 1202 4182 congregantur.

550 4202 657 4269 Qui
685 4208 761 4255 est
782 4200 1140 4271 principium,
1188 4199 1585 4270 primogenitus
1636 4215 1707 4255 ex
1754 4202 2009 4256 mortuis.
2064 4201 2123 4256 Id

474 4294 581 4357 est,
615 4306 718 4361 per
746 4288 942 4360 ipsum
973 4288 1165 4343 denuo
1195 4286 1549 4359 negligentia
1576 4288 1832 4358 quadam
1865 4289 2015 4343 facta
2037 4305 2125 4344 ca-

476 4380 627 4434 duca
658 4376 1027 4432 reformando.
1051 4376 1386 4443 fuerunt,ne
1406 4376 1478 4431 ad
1503 4375 1780 4446 injuriam
1804 4378 1930 4447 ejus
1953 4377 2124 4449 perti-

477 4466 714 4535 neret,si
746 4481 894 4537 opus
918 4466 1045 4536 ejus
1074 4480 1175 4535 per
1205 4462 1455 4519 alterum
1476 4464 1870 4520 instauratum
1894 4465 2120 4535 fuisset;

2233 3412 2398 3474 prout
2428 3403 2542 3458 vult
2573 3403 2617 3473 (ι
2647 3402 2767 3457 Cor.
2800 3418 2902 3463 x11,
2935 3402 3103 3473 8-11).
3140 3402 3287 3467 Quia
3331 3418 3473 3473 ergo
3520 3403 3586 3457 de
3628 3398 3809 3471 plenitn-
3904 3400 3905 3467 l

2238 3493 2370 3547 dine
2401 3490 2719 3547 conditoris
2750 3490 2933 3545 nostri
2958 3507 3071 3545 non
3097 3490 3510 3561 quiddam,sed
3534 3504 3682 3546 omne
3699 3483 3813 3557 quid-

2238 3580 2377 3651 quid
2410 3578 2547 3634 boni
2579 3579 2883 3645 habemus,
2908 3580 3590 3649 accepimus,curandum
3618 3588 3811 3632 summo-

2238 3685 2371 3741 pere
2402 3674 2511 3735 est,
2545 3684 2615 3723 ne
2640 3668 2929 3738 quispiam
2961 3668 3033 3721 de
3062 3684 3170 3723 sua
3217 3685 3279 3723 se
3326 3668 3480 3724 bona
3523 3666 3732 3727 actione,
3755 3658 3813 3714 vel

2238 3758 2584 3829 cogitatione
2614 3757 2885 3812 incautus
2917 3754 3173 3822 extollat,
3207 3773 3298 3823 ne,
3332 3756 3381 3812 si
3418 3758 3661 3828 ingratus
3686 3749 3813 3821 largi-

2233 3848 2345 3903 tori
2378 3845 2743 3912 remanserit,
2778 3846 2981 3916 perdat
3012 3845 3228 3899 bonum
3263 3845 3419 3915 quod
3453 3843 3671 3915 accepit.

2306 3934 2611 4004 Paciﬁcans
2638 3950 2737 4005 per
2762 3936 3087 4004 sanguinem
3129 3934 3307 3988 crucis
3352 3935 3495 4004 ejus,
3524 3936 3624 3988 sive
3655 3943 3754 4003 qua:
3773 3928 3813 3980 in

2234 4026 2416 4090 terris,
2446 4025 2563 4079 sive
2591 4038 2719 4094 quae
2748 4025 2809 4078 in
2844 4023 2998 4078 caelis
3038 4026 3189 4077 sunt.
3247 4022 3618 4077 Paciﬁcantur
3659 4016 3811 4089 quippe

2233 4129 2363 4184 qua
2394 4113 2451 4166 in
2485 4110 2647 4166 oculis
2678 4118 2837 4176 sunt,
2856 4127 2989 4166 cum
3022 4110 3099 4177 id,
3128 4111 3283 4181 quod
3307 4110 3367 4165 in
3401 4109 3613 4182 angelis
3638 4108 3809 4178 lapsum

2233 4206 2343 4268 est,
2392 4215 2461 4256 ex
2506 4198 2844 4253 hominibus
2894 4199 3175 4254 redditur.
3234 4199 3634 4255 lnstaurantur
3670 4198 3810 4251 autem

2234 4306 2357 4360 qua
2386 4287 2447 4343 in
2478 4287 2653 4343 terris
2681 4290 2837 4357 sunt,
2870 4303 3005 4342 cum
3048 4287 3161 4360 ipsi
3215 4287 3505 4353 homines,
3532 4285 3624 4358 qui
3649 4280 3810 4355 prede-

2232 4378 2432 4444 gtinati
2483 4379 2621 4432 sunt
2668 4375 2726 4429 in
2770 4379 3045 4431 aternam
3078 4375 3279 4442 vitam,
3311 4394 3346 4433 a
3374 4370 3727 4445 corruptionis
3749 4380 3810 4420 ve-

2232 4470 2449 4522 tustate
2480 4464 2935 4520 innovantur.Ac
2967 4464 3052 4519 sic
3083 4480 3185 4536 per
3213 4463 3357 4520 illud
3389 4461 3666 4537 singulare
3682 4454 3808 4513 sacri-

422 4616 425 4619 ,
478 4560 544 4611 ut
571 4554 863 4627 quomodo
898 4557 1030 4608 ante
1061 4569 1263 4608 omnes
1286 4557 1460 4609 natus
1493 4557 1602 4623 est,
1634 4553 1718 4609 sic
1748 4554 1956 4609 iterum
1989 4559 2123 4611 ante
2229 4554 2450 4624 licium,
2483 4553 2543 4608 in
2574 4568 2690 4623 quo
2721 4552 3002 4608 Mediator
3031 4556 3119 4609 est
3146 4551 3653 4623 immolatus,quod
3674 4557 3803 4601 unum

477 4660 681 4700 omnes
711 4642 936 4714 primus
980 4645 1133 4697 esset
1182 4657 1249 4696 ex
1291 4642 1714 4698 resurrectione
1759 4648 2123 4701 mortuorum
2154 4663 2201 4727 D
2229 4643 2289 4698 in
2346 4642 2472 4715 lege
2528 4640 2724 4695 multa
2785 4640 3033 4695 victima
3093 4642 3443 4714 ﬁgurabant,
3502 4636 3803 4727 paciiicantur

476 4733 706 4789 reddita
737 4730 982 4803 pristina
1010 4730 1306 4785 vita.Ante
1336 4730 1534 4786 omnia
1563 4730 1718 4786 enim
1752 4736 1924 4787 natus
1946 4738 2034 4788 est
2054 4734 2125 4789 de

476 4827 611 4893 Deo,
640 4825 705 4876 ut
735 4824 946 4876 cuncta
976 4823 1215 4887 crearet,
1248 4837 1374 4892 qua
1408 4835 1520 4874 non
1554 4824 1739 4875 erant.
1775 4821 1989 4877 Iterum
2029 4838 2125 4878 ac-

475 4916 642 4983 cepta
666 4925 839 4966 carne
869 4910 940 4964 de
976 4908 1207 4980 Virgine
1232 4912 1405 4963 natus
1425 4912 1610 4978 est,ut
1637 4911 2124 4980 peccatum,quod

474 5017 543 5056 ex
598 4998 823 5071 virgine
868 4998 984 5052 Eva
1031 4998 1347 5052 intraverat
1392 4996 1451 5050 in
1503 4997 1814 5061 mundum,
1847 4997 2123 5054 aboleret.

476 5088 659 5142 Natus
689 5102 844 5159 ergo,
878 5090 934 5142 et
964 5092 1230 5141 mortuus
1253 5085 1587 5151 resurrexit,
1621 5088 1686 5138 ut
1715 5096 1841 5155 qua
1869 5085 2123 5156 primum

477 5176 705 5242 fecerat,
739 5180 939 5247 postea
966 5174 1177 5230 iterum
1210 5177 1513 5242 recrearet,
1547 5172 1684 5244 quia
1721 5189 1824 5243 per
1870 5190 2123 5231 errorem

480 5265 703 5294 run-ann}
730 5264 883 5294 πηιΙηῦ
921 5268 1145 5294 ΜΛυ-ιηη
1206 5266 1266 5294 ,τι
1301 5277 1533 5294 anmnnn
1577 5261 1633 5294 in
1687 5261 1842 5294 Ληκῇῖ
1889 5263 2000 5294 υἷι..
2049 5264 2123 5294 ηἶῦ

2233 4731 2488 4787 coelestia
2518 4746 2652 4785 cum
2686 4728 3140 4797 terrestribus,et
3168 4729 3464 4785 terrestria
3483 4744 3607 4784 cum
3626 4717 3805 4781 caelesti-

2234 4820 2365 4875 bus.
2399 4819 2686 4888 Quoniam,
2716 4816 2868 4872 sicut
2898 4817 3051 4873 idem
3091 4818 3405 4890 Apostolus
3451 4817 3603 4882 dicit,
3646 4816 3694 4868 in
3729 4811 3804 4880 ipso

2233 4909 2575 4979 complacuit,
2608 4921 2824 4961 omnem
2854 4905 3261 4977 plenitudinem
3308 4906 3622 4971 inhabitare,
3663 4905 3707 4957 et
3736 4910 3805 4969 ριν

2233 5013 2357 5053 eum
2408 4996 2766 5052 reconciliare
2821 4996 3008 5050 omnia
3049 4997 3110 5049 in
3164 4997 3365 5067 ipsum,
3427 4994 3697 5067 paciﬁcans
3735 4997 3805 5057 ριν

2231 5087 2567 5156 sanguinem
2594 5085 2775 5139 crucis
2804 5084 2938 5154 ejus,
2970 5084 3084 5137 sive
3116 5098 3235 5154 qua
3283 5086 3343 5139 in
3390 5084 3542 5141 terris
3578 5080 3704 5142 sunt,
3728 5073 3805 5128 sive

2233 5190 2358 5245 quae
2389 5176 2448 5229 in
2476 5174 2643 5228 catis.
2679 5171 2793 5227 Pax
2822 5172 2934 5227 ista
2962 5172 3257 5243 pracellit,
3290 5172 3437 5228 sicut
3463 5170 3716 5241 scriptum
3744 5160 3803 5215 esi

2234 5261 2439 5294 [οι-ξιξ..
2495 5276 2548 5294 τυ

2600 5260 2655 5294 ἿΧ
2709 5275 2938 5294 nmnom
3002 5258 3359 5294 ininllnnlnm
3414 5273 3591 5294 nonnn
3636 5249 3741 5294 aniri
3782 5260 3803 5294 Ι
