  <div class='ocr_page' id='page_1' title='image "/cluster/home/n/w/nwhite01/storage/ocr_20150623/134/hvd.32044015471741/306.png"; bbox 0 0 3974 5358; ppageno 0'>
   <div class='ocr_carea' id='block_1_1' title="bbox 149 425 251 483">
    <p class='ocr_par' dir='ltr' id='par_1_1' title="bbox 149 425 251 483">
     <span class='ocr_line' id='line_1_1' title="bbox 149 425 251 483; baseline -0.049 -1"><span class='ocrx_word' id='word_1_1' title='bbox 149 425 251 483; x_wconf 86' lang='grc'>61⁵1</span> 
     </span>
    </p>
   </div>
   <div class='ocr_carea' id='block_1_2' title="bbox 672 416 2991 485">
    <p class='ocr_par' dir='ltr' id='par_1_2' title="bbox 672 416 2991 485">
     <span class='ocr_line' id='line_1_2' title="bbox 672 416 2991 485; baseline 0 -4"><span class='ocrx_word' id='word_1_2' title='bbox 672 422 1083 483; x_wconf 85' lang='lat' dir='ltr'>EXPOSITIO</span> <span class='ocrx_word' id='word_1_3' title='bbox 1127 422 1205 481; x_wconf 89' lang='lat' dir='ltr'><strong>IN</strong></span> <span class='ocrx_word' id='word_1_4' title='bbox 1254 418 1675 480; x_wconf 70' lang='lat' dir='ltr'>EPISTULAS</span> <span class='ocrx_word' id='word_1_5' title='bbox 1724 416 2077 477; x_wconf 86' lang='lat' dir='ltr'>PAULl.—</span> <span class='ocrx_word' id='word_1_6' title='bbox 2110 417 2185 477; x_wconf 85' lang='lat' dir='ltr'>IN</span> <span class='ocrx_word' id='word_1_7' title='bbox 2236 420 2481 482; x_wconf 88' lang='lat' dir='ltr'>EPIST.</span> <span class='ocrx_word' id='word_1_8' title='bbox 2529 424 2631 481; x_wconf 87' lang='lat' dir='ltr'>AD</span> <span class='ocrx_word' id='word_1_9' title='bbox 2676 423 2991 485; x_wconf 90' lang='lat' dir='ltr'>COLOSS.</span> 
     </span>
    </p>
   </div>
   <div class='ocr_carea' id='block_1_3' title="bbox 3409 428 3529 486">
    <p class='ocr_par' dir='ltr' id='par_1_3' title="bbox 3409 428 3529 486">
     <span class='ocr_line' id='line_1_3' title="bbox 3409 428 3529 486; baseline 0.017 -2"><span class='ocrx_word' id='word_1_10' title='bbox 3409 428 3529 486; x_wconf 76' lang='lat'>618</span> 
     </span>
    </p>
   </div>
   <div class='ocr_carea' id='block_1_4' title="bbox 148 549 3527 629">
    <p class='ocr_par' dir='ltr' id='par_1_4' title="bbox 148 549 3527 629">
     <span class='ocr_line' id='line_1_4' title="bbox 148 549 3527 629; baseline 0.001 -19"><span class='ocrx_word' id='word_1_11' title='bbox 148 553 426 610; x_wconf 88' lang='lat' dir='ltr'>cordando</span> <span class='ocrx_word' id='word_1_12' title='bbox 485 553 788 609; x_wconf 88' lang='lat' dir='ltr'>nobiscum</span> <span class='ocrx_word' id='word_1_13' title='bbox 822 556 849 609; x_wconf 83' lang='lat'><strong><em>?</em></strong></span> <span class='ocrx_word' id='word_1_14' title='bbox 879 556 1023 610; x_wconf 87' lang='lat' dir='ltr'>Nam</span> <span class='ocrx_word' id='word_1_15' title='bbox 1056 554 1141 609; x_wconf 86' lang='lat' dir='ltr'>ibi</span> <span class='ocrx_word' id='word_1_16' title='bbox 1182 570 1413 625; x_wconf 81' lang='lat' dir='ltr'>semper</span> <span class='ocrx_word' id='word_1_17' title='bbox 1440 556 1528 607; x_wconf 89' lang='lat' dir='ltr'>est</span> <span class='ocrx_word' id='word_1_18' title='bbox 1559 569 1688 623; x_wconf 77' lang='lat' dir='ltr'>pax,</span> <span class='ocrx_word' id='word_1_19' title='bbox 1721 555 1778 605; x_wconf 90' lang='lat' dir='ltr'>et</span> <span class='ocrx_word' id='word_1_20' title='bbox 1806 551 1859 615; x_wconf 82' lang='grc' dir='ltr'><strong>Α</strong></span> <span class='ocrx_word' id='word_1_21' title='bbox 1890 549 1976 603; x_wconf 88' lang='lat' dir='ltr'>vel</span> <span class='ocrx_word' id='word_1_22' title='bbox 2034 551 2299 623; x_wconf 87' lang='lat' dir='ltr'>exempla</span> <span class='ocrx_word' id='word_1_23' title='bbox 2356 570 2469 609; x_wconf 91' lang='lat' dir='ltr'>non</span> <span class='ocrx_word' id='word_1_24' title='bbox 2501 556 2851 625; x_wconf 82' lang='lat' dir='ltr'>deciperent,</span> <span class='ocrx_word' id='word_1_25' title='bbox 2889 558 2988 612; x_wconf 89' lang='lat' dir='ltr'>sed</span> <span class='ocrx_word' id='word_1_26' title='bbox 3021 557 3267 613; x_wconf 85' lang='lat' dir='ltr'>ﬁrmiter</span> <span class='ocrx_word' id='word_1_27' title='bbox 3297 575 3423 629; x_wconf 68' lang='lat' dir='ltr'>qua:</span> <span class='ocrx_word' id='word_1_28' title='bbox 3456 560 3527 615; x_wconf 89' lang='lat' dir='ltr'>ab</span> 
     </span>
    </p>
   </div>
   <div class='ocr_carea' id='block_1_5' title="bbox 146 643 1773 710">
    <p class='ocr_par' dir='ltr' id='par_1_5' title="bbox 146 643 1773 710">
     <span class='ocr_line' id='line_1_5' title="bbox 146 643 1773 710; baseline -0.002 -13"><span class='ocrx_word' id='word_1_29' title='bbox 146 646 283 698; x_wconf 89' lang='lat' dir='ltr'>inter</span> <span class='ocrx_word' id='word_1_30' title='bbox 312 660 373 697; x_wconf 88' lang='lat' dir='ltr'>se</span> <span class='ocrx_word' id='word_1_31' title='bbox 396 643 682 698; x_wconf 82' lang='lat' dir='ltr'>universis</span> <span class='ocrx_word' id='word_1_32' title='bbox 704 644 1195 700; x_wconf 77' lang='lat' dir='ltr'>intellectualibus</span> <span class='ocrx_word' id='word_1_33' title='bbox 1228 644 1530 710; x_wconf 85' lang='lat' dir='ltr'>creaturis,</span> <span class='ocrx_word' id='word_1_34' title='bbox 1553 648 1607 695; x_wconf 89' lang='lat' dir='ltr'>et</span> <span class='ocrx_word' id='word_1_35' title='bbox 1641 658 1773 694; x_wconf 89' lang='lat' dir='ltr'>cum</span> 
     </span>
    </p>
   </div>
   <div class='ocr_carea' id='block_1_6' title="bbox 143 733 1775 805">
    <p class='ocr_par' dir='ltr' id='par_1_6' title="bbox 143 733 1775 805">
     <span class='ocr_line' id='line_1_6' title="bbox 143 733 1775 805; baseline 0 -18"><span class='ocrx_word' id='word_1_36' title='bbox 143 750 236 788; x_wconf 86' lang='lat' dir='ltr'>suo</span> <span class='ocrx_word' id='word_1_37' title='bbox 278 738 582 798; x_wconf 89' lang='lat' dir='ltr'>creatore;</span> <span class='ocrx_word' id='word_1_38' title='bbox 619 750 744 803; x_wconf 58' lang='lat' dir='ltr'>quae</span> <span class='ocrx_word' id='word_1_39' title='bbox 779 751 886 804; x_wconf 85' lang='lat' dir='ltr'>pax</span> <span class='ocrx_word' id='word_1_40' title='bbox 936 733 1234 805; x_wconf 63' lang='lat' dir='ltr'>praecellit,</span> <span class='ocrx_word' id='word_1_41' title='bbox 1285 738 1348 785; x_wconf 87' lang='lat' dir='ltr'>ut</span> <span class='ocrx_word' id='word_1_42' title='bbox 1396 733 1617 785; x_wconf 88' lang='lat' dir='ltr'>dictum</span> <span class='ocrx_word' id='word_1_43' title='bbox 1666 736 1775 787; x_wconf 87' lang='lat' dir='ltr'>est.</span> 
     </span>
    </p>
   </div>
   <div class='ocr_carea' id='block_1_7' title="bbox 144 820 1777 892">
    <p class='ocr_par' dir='ltr' id='par_1_7' title="bbox 144 820 1777 892">
     <span class='ocr_line' id='line_1_7' title="bbox 144 820 1777 892; baseline -0.004 -15"><span class='ocrx_word' id='word_1_44' title='bbox 144 837 365 877; x_wconf 87' lang='lat' dir='ltr'>omnem</span> <span class='ocrx_word' id='word_1_45' title='bbox 399 820 754 875; x_wconf 85' lang='lat' dir='ltr'>intellectum</span> <span class='ocrx_word' id='word_1_46' title='bbox 784 840 797 889; x_wconf 86' lang='lat'><strong>;</strong></span> <span class='ocrx_word' id='word_1_47' title='bbox 834 824 933 877; x_wconf 89' lang='lat' dir='ltr'>sed</span> <span class='ocrx_word' id='word_1_48' title='bbox 983 822 1183 892; x_wconf 81' lang='lat' dir='ltr'>utique</span> <span class='ocrx_word' id='word_1_49' title='bbox 1216 827 1501 885; x_wconf 79' lang='lat' dir='ltr'>nostrum,</span> <span class='ocrx_word' id='word_1_50' title='bbox 1537 836 1649 873; x_wconf 90' lang='lat' dir='ltr'>non</span> <span class='ocrx_word' id='word_1_51' title='bbox 1683 835 1777 872; x_wconf 89' lang='lat' dir='ltr'>eo-</span> 
     </span>
    </p>
   </div>
   <div class='ocr_carea' id='block_1_8' title="bbox 145 910 1775 980">
    <p class='ocr_par' dir='ltr' id='par_1_8' title="bbox 145 910 1775 980">
     <span class='ocr_line' id='line_1_8' title="bbox 145 910 1775 980; baseline -0.003 -16"><span class='ocrx_word' id='word_1_52' title='bbox 145 926 281 975; x_wconf 87' lang='lat' dir='ltr'>rum,</span> <span class='ocrx_word' id='word_1_53' title='bbox 320 910 420 979; x_wconf 91' lang='lat' dir='ltr'>qui</span> <span class='ocrx_word' id='word_1_54' title='bbox 460 926 692 980; x_wconf 86' lang='lat' dir='ltr'>semper</span> <span class='ocrx_word' id='word_1_55' title='bbox 718 910 915 965; x_wconf 87' lang='lat' dir='ltr'>vident</span> <span class='ocrx_word' id='word_1_56' title='bbox 946 912 1146 965; x_wconf 85' lang='lat' dir='ltr'>faciem</span> <span class='ocrx_word' id='word_1_57' title='bbox 1180 910 1366 965; x_wconf 77' lang='lat' dir='ltr'>Patris</span> <span class='ocrx_word' id='word_1_58' title='bbox 1396 910 1604 979; x_wconf 81' lang='lat' dir='ltr'>(Matth.</span> <span class='ocrx_word' id='word_1_59' title='bbox 1639 924 1775 971; x_wconf 76' lang='lat' dir='ltr'>xm,</span> 
     </span>
    </p>
   </div>
   <div class='ocr_carea' id='block_1_9' title="bbox 146 997 1777 1070">
    <p class='ocr_par' dir='ltr' id='par_1_9' title="bbox 146 997 1777 1070">
     <span class='ocr_line' id='line_1_9' title="bbox 146 997 1777 1070; baseline -0.002 -17"><span class='ocrx_word' id='word_1_60' title='bbox 146 1002 237 1068; x_wconf 84' lang='grc'>10).</span> <span class='ocrx_word' id='word_1_61' title='bbox 289 998 469 1052; x_wconf 89' lang='lat' dir='ltr'>Nobis</span> <span class='ocrx_word' id='word_1_62' title='bbox 525 1006 719 1054; x_wconf 88' lang='lat' dir='ltr'>autem</span> <span class='ocrx_word' id='word_1_63' title='bbox 779 1004 1266 1070; x_wconf 77' lang='lat' dir='ltr'>quantuscunque</span> <span class='ocrx_word' id='word_1_64' title='bbox 1317 1000 1393 1053; x_wconf 87' lang='lat' dir='ltr'>sit</span> <span class='ocrx_word' id='word_1_65' title='bbox 1450 997 1777 1052; x_wconf 86' lang='lat' dir='ltr'>intellectus</span> 
     </span>
    </p>
   </div>
   <div class='ocr_carea' id='block_1_10' title="bbox 144 1088 1776 1158">
    <p class='ocr_par' dir='ltr' id='par_1_10' title="bbox 144 1088 1776 1158">
     <span class='ocr_line' id='line_1_10' title="bbox 144 1088 1776 1158; baseline -0.001 -18"><span class='ocrx_word' id='word_1_66' title='bbox 144 1088 452 1151; x_wconf 87' lang='lat' dir='ltr'>humanus,</span> <span class='ocrx_word' id='word_1_67' title='bbox 489 1104 557 1141; x_wconf 81' lang='lat' dir='ltr'>ex</span> <span class='ocrx_word' id='word_1_68' title='bbox 589 1093 749 1158; x_wconf 87' lang='lat' dir='ltr'>parte</span> <span class='ocrx_word' id='word_1_69' title='bbox 781 1088 1027 1154; x_wconf 83' lang='lat' dir='ltr'>scimus,</span> <span class='ocrx_word' id='word_1_70' title='bbox 1059 1094 1115 1141; x_wconf 86' lang='lat' dir='ltr'>et</span> <span class='ocrx_word' id='word_1_71' title='bbox 1148 1088 1410 1141; x_wconf 81' lang='lat' dir='ltr'>videmus</span> <span class='ocrx_word' id='word_1_72' title='bbox 1442 1103 1544 1157; x_wconf 91' lang='lat' dir='ltr'>per</span> <span class='ocrx_word' id='word_1_73' title='bbox 1573 1102 1776 1157; x_wconf 89' lang='lat' dir='ltr'>specu-</span> 
     </span>
    </p>
   </div>
   <div class='ocr_carea' id='block_1_11' title="bbox 142 1176 1775 1248">
    <p class='ocr_par' dir='ltr' id='par_1_11' title="bbox 142 1176 1775 1248">
     <span class='ocr_line' id='line_1_11' title="bbox 142 1176 1775 1248; baseline -0.002 -17"><span class='ocrx_word' id='word_1_74' title='bbox 142 1178 287 1240; x_wconf 88' lang='lat' dir='ltr'>lum:</span> <span class='ocrx_word' id='word_1_75' title='bbox 328 1177 386 1229; x_wconf 92' lang='lat' dir='ltr'>in</span> <span class='ocrx_word' id='word_1_76' title='bbox 410 1176 714 1248; x_wconf 56' lang='lat' dir='ltr'>aenigmate</span> <span class='ocrx_word' id='word_1_77' title='bbox 747 1178 793 1247; x_wconf 92' lang='grc'>(1</span> <span class='ocrx_word' id='word_1_78' title='bbox 822 1178 941 1232; x_wconf 84' lang='lat' dir='ltr'>Cor.</span> <span class='ocrx_word' id='word_1_79' title='bbox 968 1194 1088 1241; x_wconf 83' lang='lat' dir='ltr'>xm,</span> <span class='ocrx_word' id='word_1_80' title='bbox 1126 1178 1230 1246; x_wconf 60' lang='lat'>12,.</span> <span class='ocrx_word' id='word_1_81' title='bbox 1256 1178 1397 1231; x_wconf 89' lang='lat' dir='ltr'>Cum</span> <span class='ocrx_word' id='word_1_82' title='bbox 1421 1192 1553 1230; x_wconf 87' lang='lat' dir='ltr'>vero</span> <span class='ocrx_word' id='word_1_83' title='bbox 1584 1191 1775 1245; x_wconf 64' lang='lat' dir='ltr'>aequa-</span> 
     </span>
    </p>
   </div>
   <div class='ocr_carea' id='block_1_12' title="bbox 147 1264 1775 1337">
    <p class='ocr_par' dir='ltr' id='par_1_12' title="bbox 147 1264 1775 1337">
     <span class='ocr_line' id='line_1_12' title="bbox 147 1264 1775 1337; baseline -0.002 -18"><span class='ocrx_word' id='word_1_84' title='bbox 147 1267 214 1319; x_wconf 88' lang='lat' dir='ltr'>les</span> <span class='ocrx_word' id='word_1_85' title='bbox 238 1264 465 1335; x_wconf 82' lang='lat' dir='ltr'>angelis</span> <span class='ocrx_word' id='word_1_86' title='bbox 498 1265 595 1319; x_wconf 89' lang='lat' dir='ltr'>Dei</span> <span class='ocrx_word' id='word_1_87' title='bbox 620 1266 925 1330; x_wconf 83' lang='lat' dir='ltr'>fuerimus,</span> <span class='ocrx_word' id='word_1_88' title='bbox 946 1265 1615 1337; x_wconf 84' lang='lat' dir='ltr'>tunc,quemadmodum</span> <span class='ocrx_word' id='word_1_89' title='bbox 1644 1264 1775 1334; x_wconf 86' lang='lat' dir='ltr'>ipsi.</span> 
     </span>
    </p>
   </div>
   <div class='ocr_carea' id='block_1_13' title="bbox 144 1353 1773 1426">
    <p class='ocr_par' dir='ltr' id='par_1_13' title="bbox 144 1353 1773 1426">
     <span class='ocr_line' id='line_1_13' title="bbox 144 1353 1773 1426; baseline -0.001 -19"><span class='ocrx_word' id='word_1_90' title='bbox 144 1354 435 1408; x_wconf 76' lang='lat' dir='ltr'>m&#39;debimus</span> <span class='ocrx_word' id='word_1_91' title='bbox 463 1354 609 1426; x_wconf 81' lang='lat' dir='ltr'>facie</span> <span class='ocrx_word' id='word_1_92' title='bbox 639 1354 708 1407; x_wconf 86' lang='lat' dir='ltr'>ad</span> <span class='ocrx_word' id='word_1_93' title='bbox 739 1353 1126 1423; x_wconf 73' lang='lat' dir='ltr'>faciemUbid.)</span> <span class='ocrx_word' id='word_1_94' title='bbox 1158 1371 1169 1407; x_wconf 94' lang='lat'>:</span> <span class='ocrx_word' id='word_1_95' title='bbox 1202 1360 1543 1423; x_wconf 88' lang='lat' dir='ltr'>tantamque</span> <span class='ocrx_word' id='word_1_96' title='bbox 1574 1369 1773 1423; x_wconf 88' lang='lat' dir='ltr'>pacem</span> 
     </span>
    </p>
   </div>
   <div class='ocr_carea' id='block_1_14' title="bbox 141 1441 1777 1514">
    <p class='ocr_par' dir='ltr' id='par_1_14' title="bbox 141 1441 1777 1514">
     <span class='ocr_line' id='line_1_14' title="bbox 141 1441 1777 1514; baseline -0.001 -18"><span class='ocrx_word' id='word_1_97' title='bbox 141 1443 481 1497; x_wconf 82' lang='lat' dir='ltr'>habebimus</span> <span class='ocrx_word' id='word_1_98' title='bbox 511 1459 649 1514; x_wconf 89' lang='lat' dir='ltr'>erga</span> <span class='ocrx_word' id='word_1_99' title='bbox 678 1459 798 1512; x_wconf 90' lang='lat' dir='ltr'>eos,</span> <span class='ocrx_word' id='word_1_100' title='bbox 818 1447 1096 1514; x_wconf 83' lang='lat' dir='ltr'>quantam</span> <span class='ocrx_word' id='word_1_101' title='bbox 1121 1443 1298 1513; x_wconf 87' lang='lat' dir='ltr'>etipsi</span> <span class='ocrx_word' id='word_1_102' title='bbox 1335 1459 1470 1513; x_wconf 88' lang='lat' dir='ltr'>erga</span> <span class='ocrx_word' id='word_1_103' title='bbox 1494 1459 1619 1504; x_wconf 87' lang='lat' dir='ltr'>nos.</span> <span class='ocrx_word' id='word_1_104' title='bbox 1639 1441 1777 1512; x_wconf 91' lang='lat' dir='ltr'>quia</span> 
     </span>
    </p>
   </div>
   <div class='ocr_carea' id='block_1_15' title="bbox 138 1530 1773 1602">
    <p class='ocr_par' dir='ltr' id='par_1_15' title="bbox 138 1530 1773 1602">
     <span class='ocr_line' id='line_1_15' title="bbox 138 1530 1773 1602; baseline -0.001 -17"><span class='ocrx_word' id='word_1_105' title='bbox 138 1536 366 1585; x_wconf 87' lang='lat' dir='ltr'>tantum</span> <span class='ocrx_word' id='word_1_106' title='bbox 401 1546 499 1585; x_wconf 90' lang='lat' dir='ltr'>eos</span> <span class='ocrx_word' id='word_1_107' title='bbox 532 1530 800 1585; x_wconf 89' lang='lat' dir='ltr'>dilecturi</span> <span class='ocrx_word' id='word_1_108' title='bbox 824 1548 1050 1585; x_wconf 92' lang='lat' dir='ltr'>sumus.</span> <span class='ocrx_word' id='word_1_109' title='bbox 1069 1538 1357 1602; x_wconf 86' lang='lat' dir='ltr'>quantum</span> <span class='ocrx_word' id='word_1_110' title='bbox 1372 1531 1443 1585; x_wconf 86' lang='lat' dir='ltr'>ab</span> <span class='ocrx_word' id='word_1_111' title='bbox 1465 1530 1548 1584; x_wconf 91' lang='lat' dir='ltr'>eis</span> <span class='ocrx_word' id='word_1_112' title='bbox 1571 1530 1773 1600; x_wconf 89' lang='lat' dir='ltr'>dilige-</span> 
     </span>
    </p>
   </div>
   <div class='ocr_carea' id='block_1_16' title="bbox 138 1618 1776 1691">
    <p class='ocr_par' dir='ltr' id='par_1_16' title="bbox 138 1618 1776 1691">
     <span class='ocr_line' id='line_1_16' title="bbox 138 1618 1776 1691; baseline 0 -19"><span class='ocrx_word' id='word_1_113' title='bbox 138 1636 277 1673; x_wconf 91' lang='lat' dir='ltr'>mur.</span> <span class='ocrx_word' id='word_1_114' title='bbox 320 1620 522 1691; x_wconf 84' lang='lat' dir='ltr'>Itaque</span> <span class='ocrx_word' id='word_1_115' title='bbox 554 1636 664 1690; x_wconf 85' lang='lat' dir='ltr'>pax</span> <span class='ocrx_word' id='word_1_116' title='bbox 713 1636 914 1674; x_wconf 90' lang='lat' dir='ltr'>eorum</span> <span class='ocrx_word' id='word_1_117' title='bbox 964 1625 1103 1674; x_wconf 87' lang='lat' dir='ltr'>nota</span> <span class='ocrx_word' id='word_1_118' title='bbox 1162 1619 1328 1674; x_wconf 89' lang='lat' dir='ltr'>nobis</span> <span class='ocrx_word' id='word_1_119' title='bbox 1377 1619 1505 1683; x_wconf 91' lang='lat' dir='ltr'>erit,</span> <span class='ocrx_word' id='word_1_120' title='bbox 1555 1618 1691 1689; x_wconf 91' lang='lat' dir='ltr'>quia</span> <span class='ocrx_word' id='word_1_121' title='bbox 1720 1624 1776 1673; x_wconf 91' lang='lat' dir='ltr'>et</span> 
     </span>
    </p>
   </div>
   <div class='ocr_carea' id='block_1_17' title="bbox 136 1700 1773 1780">
    <p class='ocr_par' dir='ltr' id='par_1_17' title="bbox 136 1700 1773 1780">
     <span class='ocr_line' id='line_1_17' title="bbox 136 1700 1773 1780; baseline -0.001 -18"><span class='ocrx_word' id='word_1_122' title='bbox 136 1712 339 1763; x_wconf 84' lang='lat' dir='ltr'>nostra</span> <span class='ocrx_word' id='word_1_123' title='bbox 368 1710 525 1775; x_wconf 88' lang='lat' dir='ltr'>talis,</span> <span class='ocrx_word' id='word_1_124' title='bbox 562 1725 626 1762; x_wconf 92' lang='lat' dir='ltr'>ae</span> <span class='ocrx_word' id='word_1_125' title='bbox 656 1713 822 1763; x_wconf 83' lang='lat' dir='ltr'>tanta</span> <span class='ocrx_word' id='word_1_126' title='bbox 852 1700 979 1775; x_wconf 84' lang='lat' dir='ltr'>erit,</span> <span class='ocrx_word' id='word_1_127' title='bbox 1018 1726 1118 1762; x_wconf 84' lang='lat' dir='ltr'>nec</span> <span class='ocrx_word' id='word_1_128' title='bbox 1133 1708 1417 1780; x_wconf 68' lang='lat' dir='ltr'>praecellet</span> <span class='ocrx_word' id='word_1_129' title='bbox 1447 1714 1585 1762; x_wconf 91' lang='lat' dir='ltr'>tune</span> <span class='ocrx_word' id='word_1_130' title='bbox 1606 1707 1773 1762; x_wconf 91' lang='lat' dir='ltr'>intel-</span> 
     </span>
    </p>
   </div>
   <div class='ocr_carea' id='block_1_18' title="bbox 136 1797 1776 1867">
    <p class='ocr_par' dir='ltr' id='par_1_18' title="bbox 136 1797 1776 1867">
     <span class='ocr_line' id='line_1_18' title="bbox 136 1797 1776 1867; baseline -0.001 -16"><span class='ocrx_word' id='word_1_131' title='bbox 136 1800 346 1851; x_wconf 87' lang='lat' dir='ltr'>lectum</span> <span class='ocrx_word' id='word_1_132' title='bbox 378 1802 667 1852; x_wconf 88' lang='lat' dir='ltr'>nostrum.</span> <span class='ocrx_word' id='word_1_133' title='bbox 728 1798 825 1851; x_wconf 92' lang='lat' dir='ltr'>Dei</span> <span class='ocrx_word' id='word_1_134' title='bbox 877 1814 1007 1851; x_wconf 91' lang='lat' dir='ltr'>vero</span> <span class='ocrx_word' id='word_1_135' title='bbox 1038 1814 1167 1865; x_wconf 79' lang='lat' dir='ltr'>pax,</span> <span class='ocrx_word' id='word_1_136' title='bbox 1206 1814 1331 1867; x_wconf 70' lang='lat' dir='ltr'>qua:</span> <span class='ocrx_word' id='word_1_137' title='bbox 1380 1797 1495 1850; x_wconf 92' lang='lat' dir='ltr'>illic</span> <span class='ocrx_word' id='word_1_138' title='bbox 1522 1802 1609 1850; x_wconf 90' lang='lat' dir='ltr'>est</span> <span class='ocrx_word' id='word_1_139' title='bbox 1639 1812 1776 1866; x_wconf 86' lang='lat' dir='ltr'>erga</span> 
     </span>
    </p>
   </div>
   <div class='ocr_carea' id='block_1_19' title="bbox 133 1884 1775 1955">
    <p class='ocr_par' dir='ltr' id='par_1_19' title="bbox 133 1884 1775 1955">
     <span class='ocr_line' id='line_1_19' title="bbox 133 1884 1775 1955; baseline -0.001 -15"><span class='ocrx_word' id='word_1_140' title='bbox 133 1903 241 1952; x_wconf 86' lang='lat' dir='ltr'>eos,</span> <span class='ocrx_word' id='word_1_141' title='bbox 273 1890 339 1940; x_wconf 89' lang='lat' dir='ltr'>et</span> <span class='ocrx_word' id='word_1_142' title='bbox 367 1890 631 1955; x_wconf 83' lang='lat' dir='ltr'>nostrum</span> <span class='ocrx_word' id='word_1_143' title='bbox 665 1890 717 1940; x_wconf 89' lang='lat' dir='ltr'>et</span> <span class='ocrx_word' id='word_1_144' title='bbox 750 1884 1359 1939; x_wconf 89' lang='lat' dir='ltr'>illorumintellectum</span> <span class='ocrx_word' id='word_1_145' title='bbox 1390 1886 1515 1939; x_wconf 90' lang='lat' dir='ltr'>sine</span> <span class='ocrx_word' id='word_1_146' title='bbox 1548 1884 1775 1939; x_wconf 82' lang='lat' dir='ltr'>dubita-</span> 
     </span>
    </p>
   </div>
   <div class='ocr_carea' id='block_1_20' title="bbox 134 1973 1776 2046">
    <p class='ocr_par' dir='ltr' id='par_1_20' title="bbox 134 1973 1776 2046">
     <span class='ocr_line' id='line_1_20' title="bbox 134 1973 1776 2046; baseline 0 -19"><span class='ocrx_word' id='word_1_147' title='bbox 134 1976 278 2028; x_wconf 88' lang='lat' dir='ltr'>tione</span> <span class='ocrx_word' id='word_1_148' title='bbox 340 1973 657 2046; x_wconf 66' lang='lat' dir='ltr'>praecellit;</span> <span class='ocrx_word' id='word_1_149' title='bbox 702 1975 773 2028; x_wconf 86' lang='lat' dir='ltr'>de</span> <span class='ocrx_word' id='word_1_150' title='bbox 804 1975 929 2045; x_wconf 90' lang='lat' dir='ltr'>ipso</span> <span class='ocrx_word' id='word_1_151' title='bbox 964 1975 1178 2046; x_wconf 88' lang='lat' dir='ltr'>quippe</span> <span class='ocrx_word' id='word_1_152' title='bbox 1211 1976 1377 2029; x_wconf 89' lang='lat' dir='ltr'>beata</span> <span class='ocrx_word' id='word_1_153' title='bbox 1405 1979 1493 2027; x_wconf 89' lang='lat' dir='ltr'>est</span> <span class='ocrx_word' id='word_1_154' title='bbox 1522 1973 1776 2027; x_wconf 89' lang='lat' dir='ltr'>rationa-</span> 
     </span>
    </p>
   </div>
   <div class='ocr_carea' id='block_1_21' title="bbox 133 2062 1777 2135">
    <p class='ocr_par' dir='ltr' id='par_1_21' title="bbox 133 2062 1777 2135">
     <span class='ocr_line' id='line_1_21' title="bbox 133 2062 1777 2135; baseline -0.001 -17"><span class='ocrx_word' id='word_1_155' title='bbox 133 2062 256 2118; x_wconf 86' lang='lat' dir='ltr'>bilis</span> <span class='ocrx_word' id='word_1_156' title='bbox 288 2068 587 2129; x_wconf 87' lang='lat' dir='ltr'>creatura,</span> <span class='ocrx_word' id='word_1_157' title='bbox 638 2080 998 2135; x_wconf 64' lang='lat' dir='ltr'>quaecunque</span> <span class='ocrx_word' id='word_1_158' title='bbox 1048 2064 1215 2117; x_wconf 88' lang='lat' dir='ltr'>beata</span> <span class='ocrx_word' id='word_1_159' title='bbox 1240 2071 1364 2129; x_wconf 89' lang='lat' dir='ltr'>est;</span> <span class='ocrx_word' id='word_1_160' title='bbox 1401 2080 1513 2117; x_wconf 88' lang='lat' dir='ltr'>non</span> <span class='ocrx_word' id='word_1_161' title='bbox 1553 2064 1677 2133; x_wconf 89' lang='lat' dir='ltr'>ipse</span> <span class='ocrx_word' id='word_1_162' title='bbox 1707 2064 1777 2117; x_wconf 89' lang='lat' dir='ltr'>de</span> 
     </span>
    </p>
   </div>
   <div class='ocr_carea' id='block_1_22' title="bbox 132 2152 1776 2222">
    <p class='ocr_par' dir='ltr' id='par_1_22' title="bbox 132 2152 1776 2222">
     <span class='ocr_line' id='line_1_22' title="bbox 132 2152 1776 2222; baseline 0 -17"><span class='ocrx_word' id='word_1_163' title='bbox 132 2152 241 2207; x_wconf 89' lang='lat' dir='ltr'>illa.</span> <span class='ocrx_word' id='word_1_164' title='bbox 280 2152 450 2206; x_wconf 90' lang='lat' dir='ltr'>Unde</span> <span class='ocrx_word' id='word_1_165' title='bbox 480 2153 803 2207; x_wconf 90' lang='lat' dir='ltr'>secundum</span> <span class='ocrx_word' id='word_1_166' title='bbox 864 2153 971 2207; x_wconf 90' lang='lat' dir='ltr'>hoc</span> <span class='ocrx_word' id='word_1_167' title='bbox 1031 2152 1241 2207; x_wconf 88' lang='lat' dir='ltr'>melius</span> <span class='ocrx_word' id='word_1_168' title='bbox 1293 2153 1576 2222; x_wconf 82' lang='lat' dir='ltr'>accipitur</span> <span class='ocrx_word' id='word_1_169' title='bbox 1621 2153 1776 2222; x_wconf 91' lang='lat' dir='ltr'>quod</span> 
     </span>
    </p>
   </div>
   <div class='ocr_carea' id='block_1_23' title="bbox 133 2241 1775 2313">
    <p class='ocr_par' dir='ltr' id='par_1_23' title="bbox 133 2241 1775 2313">
     <span class='ocr_line' id='line_1_23' title="bbox 133 2241 1775 2313; baseline 0.001 -21"><span class='ocrx_word' id='word_1_170' title='bbox 133 2241 417 2313; x_wconf 79' lang='lat' dir='ltr'>scriptum</span> <span class='ocrx_word' id='word_1_171' title='bbox 451 2246 560 2307; x_wconf 91' lang='lat' dir='ltr'>est,</span> <span class='ocrx_word' id='word_1_172' title='bbox 593 2258 704 2310; x_wconf 60' lang='grc' dir='ltr'>βίη</span> <span class='ocrx_word' id='word_1_173' title='bbox 740 2244 851 2308; x_wconf 77' lang='lat' dir='ltr'>Dei,</span> <span class='ocrx_word' id='word_1_174' title='bbox 910 2259 1025 2312; x_wconf 66' lang='lat' dir='ltr'>qua:</span> <span class='ocrx_word' id='word_1_175' title='bbox 1072 2243 1317 2311; x_wconf 69' lang='lat' dir='ltr'>pra’celit</span> <span class='ocrx_word' id='word_1_176' title='bbox 1370 2258 1585 2295; x_wconf 86' lang='lat' dir='ltr'>omnem</span> <span class='ocrx_word' id='word_1_177' title='bbox 1617 2241 1775 2295; x_wconf 90' lang='lat' dir='ltr'>intel-</span> 
     </span>
    </p>
   </div>
   <div class='ocr_carea' id='block_1_24' title="bbox 140 2329 1775 2400">
    <p class='ocr_par' dir='ltr' id='par_1_24' title="bbox 140 2329 1775 2400">
     <span class='ocr_line' id='line_1_24' title="bbox 140 2329 1775 2400; baseline 0.001 -19"><span class='ocrx_word' id='word_1_178' title='bbox 140 2332 345 2395; x_wconf 68' lang='lat' dir='ltr'>lectum,</span> <span class='ocrx_word' id='word_1_179' title='bbox 376 2336 441 2384; x_wconf 92' lang='lat' dir='ltr'>ut</span> <span class='ocrx_word' id='word_1_180' title='bbox 475 2331 529 2383; x_wconf 91' lang='lat' dir='ltr'>in</span> <span class='ocrx_word' id='word_1_181' title='bbox 564 2348 629 2384; x_wconf 91' lang='lat' dir='ltr'>eo</span> <span class='ocrx_word' id='word_1_182' title='bbox 662 2332 813 2400; x_wconf 84' lang='lat' dir='ltr'>quod</span> <span class='ocrx_word' id='word_1_183' title='bbox 850 2330 1014 2395; x_wconf 82' lang='lat' dir='ltr'>dixit,</span> <span class='ocrx_word' id='word_1_184' title='bbox 1048 2347 1282 2395; x_wconf 86' lang='lat' dir='ltr'>onmem,</span> <span class='ocrx_word' id='word_1_185' title='bbox 1318 2348 1421 2385; x_wconf 91' lang='lat' dir='ltr'>nec</span> <span class='ocrx_word' id='word_1_186' title='bbox 1455 2331 1578 2400; x_wconf 90' lang='lat' dir='ltr'>ipse</span> <span class='ocrx_word' id='word_1_187' title='bbox 1610 2329 1775 2383; x_wconf 86' lang='lat' dir='ltr'>intel-</span> 
     </span>
    </p>
   </div>
   <div class='ocr_carea' id='block_1_25' title="bbox 136 2418 1775 2489">
    <p class='ocr_par' dir='ltr' id='par_1_25' title="bbox 136 2418 1775 2489">
     <span class='ocr_line' id='line_1_25' title="bbox 136 2418 1775 2489; baseline 0.001 -18"><span class='ocrx_word' id='word_1_188' title='bbox 136 2418 308 2474; x_wconf 87' lang='lat' dir='ltr'>lectus</span> <span class='ocrx_word' id='word_1_189' title='bbox 344 2424 681 2473; x_wconf 89' lang='lat' dir='ltr'>sanctorum</span> <span class='ocrx_word' id='word_1_190' title='bbox 715 2419 1055 2489; x_wconf 85' lang='lat' dir='ltr'>angelorum</span> <span class='ocrx_word' id='word_1_191' title='bbox 1109 2436 1235 2474; x_wconf 88' lang='lat' dir='ltr'>esse</span> <span class='ocrx_word' id='word_1_192' title='bbox 1269 2420 1453 2488; x_wconf 87' lang='lat' dir='ltr'>possit</span> <span class='ocrx_word' id='word_1_193' title='bbox 1482 2425 1775 2489; x_wconf 79' lang='lat' dir='ltr'>exceptus,</span> 
     </span>
    </p>
   </div>
   <div class='ocr_carea' id='block_1_26' title="bbox 131 2508 1776 2581">
    <p class='ocr_par' dir='ltr' id='par_1_26' title="bbox 131 2508 1776 2581">
     <span class='ocr_line' id='line_1_26' title="bbox 131 2508 1776 2581; baseline 0.001 -21"><span class='ocrx_word' id='word_1_194' title='bbox 131 2509 222 2561; x_wconf 88' lang='lat' dir='ltr'>sed</span> <span class='ocrx_word' id='word_1_195' title='bbox 263 2509 361 2563; x_wconf 88' lang='lat' dir='ltr'>Dei</span> <span class='ocrx_word' id='word_1_196' title='bbox 397 2508 601 2577; x_wconf 88' lang='lat' dir='ltr'>solius,</span> <span class='ocrx_word' id='word_1_197' title='bbox 640 2524 828 2579; x_wconf 89' lang='lat' dir='ltr'>neque</span> <span class='ocrx_word' id='word_1_198' title='bbox 860 2508 1013 2563; x_wconf 89' lang='lat' dir='ltr'>enim</span> <span class='ocrx_word' id='word_1_199' title='bbox 1074 2514 1130 2562; x_wconf 90' lang='lat' dir='ltr'>et</span> <span class='ocrx_word' id='word_1_200' title='bbox 1176 2509 1361 2581; x_wconf 89' lang='lat' dir='ltr'>ipsius</span> <span class='ocrx_word' id='word_1_201' title='bbox 1415 2508 1776 2562; x_wconf 88' lang='lat' dir='ltr'>intellectum</span> 
     </span>
    </p>
   </div>
   <div class='ocr_carea' id='block_1_27' title="bbox 124 2597 667 2667">
    <p class='ocr_par' dir='ltr' id='par_1_27' title="bbox 124 2597 667 2667">
     <span class='ocr_line' id='line_1_27' title="bbox 124 2597 667 2667; baseline 0 -16"><span class='ocrx_word' id='word_1_202' title='bbox 124 2612 231 2666; x_wconf 85' lang='lat' dir='ltr'>pax</span> <span class='ocrx_word' id='word_1_203' title='bbox 266 2598 398 2667; x_wconf 91' lang='lat' dir='ltr'>ejus</span> <span class='ocrx_word' id='word_1_204' title='bbox 423 2597 667 2653; x_wconf 83' lang='lat' dir='ltr'>excellit.</span> 
     </span>
    </p>
   </div>
   <div class='ocr_carea' id='block_1_28' title="bbox 192 2712 1782 2783">
    <p class='ocr_par' dir='ltr' id='par_1_28' title="bbox 192 2712 1782 2783">
     <span class='ocr_line' id='line_1_28' title="bbox 192 2712 1782 2783; baseline -0.001 -16"><span class='ocrx_word' id='word_1_205' title='bbox 192 2714 256 2768; x_wconf 80' lang='lat' dir='ltr'>Et</span> <span class='ocrx_word' id='word_1_206' title='bbox 290 2730 381 2768; x_wconf 90' lang='lat' dir='ltr'>vos</span> <span class='ocrx_word' id='word_1_207' title='bbox 440 2731 563 2768; x_wconf 83' lang='lat' dir='ltr'>eum</span> <span class='ocrx_word' id='word_1_208' title='bbox 608 2715 793 2768; x_wconf 80' lang='lat' dir='ltr'>essetis</span> <span class='ocrx_word' id='word_1_209' title='bbox 851 2713 1146 2783; x_wconf 78' lang='lat' dir='ltr'>aliquando</span> <span class='ocrx_word' id='word_1_210' title='bbox 1196 2714 1448 2777; x_wconf 79' lang='lat' dir='ltr'>alienati,</span> <span class='ocrx_word' id='word_1_211' title='bbox 1482 2717 1533 2767; x_wconf 86' lang='lat' dir='ltr'>et</span> <span class='ocrx_word' id='word_1_212' title='bbox 1564 2712 1782 2765; x_wconf 86' lang='lat' dir='ltr'>inimici</span> 
     </span>
    </p>
   </div>
   <div class='ocr_carea' id='block_1_29' title="bbox 118 2801 1781 2873">
    <p class='ocr_par' dir='ltr' id='par_1_29' title="bbox 118 2801 1781 2873">
     <span class='ocr_line' id='line_1_29' title="bbox 118 2801 1781 2873; baseline -0.001 -18"><span class='ocrx_word' id='word_1_213' title='bbox 118 2818 288 2857; x_wconf 86' lang='lat' dir='ltr'>sensu</span> <span class='ocrx_word' id='word_1_214' title='bbox 324 2804 379 2855; x_wconf 89' lang='lat' dir='ltr'>in</span> <span class='ocrx_word' id='word_1_215' title='bbox 436 2804 690 2873; x_wconf 76' lang='lat' dir='ltr'>operibus</span> <span class='ocrx_word' id='word_1_216' title='bbox 749 2803 943 2864; x_wconf 87' lang='lat' dir='ltr'>malis;</span> <span class='ocrx_word' id='word_1_217' title='bbox 990 2819 1137 2855; x_wconf 83' lang='lat' dir='ltr'>nunc</span> <span class='ocrx_word' id='word_1_218' title='bbox 1181 2810 1362 2855; x_wconf 85' lang='lat' dir='ltr'>autem</span> <span class='ocrx_word' id='word_1_219' title='bbox 1409 2801 1781 2855; x_wconf 76' lang='lat' dir='ltr'>reconciliavit</span> 
     </span>
    </p>
   </div>
   <div class='ocr_carea' id='block_1_30' title="bbox 119 2889 1779 2963">
    <p class='ocr_par' dir='ltr' id='par_1_30' title="bbox 119 2889 1779 2963">
     <span class='ocr_line' id='line_1_30' title="bbox 119 2889 1779 2963; baseline -0.002 -17"><span class='ocrx_word' id='word_1_220' title='bbox 119 2894 175 2946; x_wconf 81' lang='lat' dir='ltr'>in</span> <span class='ocrx_word' id='word_1_221' title='bbox 210 2907 443 2963; x_wconf 85' lang='lat' dir='ltr'>corpore</span> <span class='ocrx_word' id='word_1_222' title='bbox 480 2893 673 2945; x_wconf 87' lang='lat' dir='ltr'>carnis</span> <span class='ocrx_word' id='word_1_223' title='bbox 717 2892 834 2960; x_wconf 83' lang='lat' dir='ltr'>ejus</span> <span class='ocrx_word' id='word_1_224' title='bbox 875 2907 974 2960; x_wconf 88' lang='lat' dir='ltr'>per</span> <span class='ocrx_word' id='word_1_225' title='bbox 1015 2895 1265 2945; x_wconf 84' lang='lat' dir='ltr'>mortem.</span> <span class='ocrx_word' id='word_1_226' title='bbox 1327 2889 1504 2952; x_wconf 89' lang='lat' dir='ltr'>Quale</span> <span class='ocrx_word' id='word_1_227' title='bbox 1560 2890 1779 2944; x_wconf 88' lang='lat' dir='ltr'>donum</span> 
     </span>
    </p>
   </div>
   <div class='ocr_carea' id='block_1_31' title="bbox 112 2978 1781 3050">
    <p class='ocr_par' dir='ltr' id='par_1_31' title="bbox 112 2978 1781 3050">
     <span class='ocr_line' id='line_1_31' title="bbox 112 2978 1781 3050; baseline -0.002 -16"><span class='ocrx_word' id='word_1_228' title='bbox 112 2982 218 3035; x_wconf 89' lang='lat' dir='ltr'>Dei</span> <span class='ocrx_word' id='word_1_229' title='bbox 258 2982 341 3035; x_wconf 89' lang='lat' dir='ltr'>sit</span> <span class='ocrx_word' id='word_1_230' title='bbox 369 2996 505 3050; x_wconf 88' lang='lat' dir='ltr'>erga</span> <span class='ocrx_word' id='word_1_231' title='bbox 536 2984 761 3049; x_wconf 79' lang='lat' dir='ltr'>gentes,</span> <span class='ocrx_word' id='word_1_232' title='bbox 783 2984 1088 3045; x_wconf 88' lang='lat' dir='ltr'>memorat,</span> <span class='ocrx_word' id='word_1_233' title='bbox 1108 2984 1171 3032; x_wconf 92' lang='lat' dir='ltr'>ut</span> <span class='ocrx_word' id='word_1_234' title='bbox 1203 2979 1470 3032; x_wconf 88' lang='lat' dir='ltr'>ostendat</span> <span class='ocrx_word' id='word_1_235' title='bbox 1501 2994 1597 3031; x_wconf 91' lang='lat' dir='ltr'>eos</span> <span class='ocrx_word' id='word_1_236' title='bbox 1616 2978 1781 3032; x_wconf 51' lang='lat' dir='ltr'>debi-</span> 
     </span>
    </p>
   </div>
   <div class='ocr_carea' id='block_1_32' title="bbox 109 3066 1781 3137">
    <p class='ocr_par' dir='ltr' id='par_1_32' title="bbox 109 3066 1781 3137">
     <span class='ocr_line' id='line_1_32' title="bbox 109 3066 1781 3137; baseline -0.002 -12"><span class='ocrx_word' id='word_1_237' title='bbox 109 3075 281 3125; x_wconf 89' lang='lat' dir='ltr'>tores</span> <span class='ocrx_word' id='word_1_238' title='bbox 337 3084 465 3122; x_wconf 86' lang='lat' dir='ltr'>esse</span> <span class='ocrx_word' id='word_1_239' title='bbox 525 3066 773 3121; x_wconf 89' lang='lat' dir='ltr'>multum</span> <span class='ocrx_word' id='word_1_240' title='bbox 825 3067 883 3119; x_wconf 90' lang='lat' dir='ltr'>in</span> <span class='ocrx_word' id='word_1_241' title='bbox 934 3066 1253 3137; x_wconf 85' lang='lat' dir='ltr'>gratiarum</span> <span class='ocrx_word' id='word_1_242' title='bbox 1306 3066 1635 3121; x_wconf 86' lang='lat' dir='ltr'>actionibus</span> <span class='ocrx_word' id='word_1_243' title='bbox 1668 3066 1781 3121; x_wconf 88' lang='lat' dir='ltr'>Deo</span> 
     </span>
    </p>
   </div>
   <div class='ocr_carea' id='block_1_33' title="bbox 107 3155 1779 3227">
    <p class='ocr_par' dir='ltr' id='par_1_33' title="bbox 107 3155 1779 3227">
     <span class='ocr_line' id='line_1_33' title="bbox 107 3155 1779 3227; baseline -0.002 -15"><span class='ocrx_word' id='word_1_244' title='bbox 107 3160 217 3227; x_wconf 88' lang='lat' dir='ltr'>qui</span> <span class='ocrx_word' id='word_1_245' title='bbox 256 3174 397 3211; x_wconf 92' lang='lat' dir='ltr'>cum</span> <span class='ocrx_word' id='word_1_246' title='bbox 432 3155 664 3210; x_wconf 88' lang='lat' dir='ltr'>alienati</span> <span class='ocrx_word' id='word_1_247' title='bbox 696 3160 751 3209; x_wconf 91' lang='lat' dir='ltr'>et</span> <span class='ocrx_word' id='word_1_248' title='bbox 784 3155 1007 3209; x_wconf 90' lang='lat' dir='ltr'>inimici</span> <span class='ocrx_word' id='word_1_249' title='bbox 1054 3172 1342 3221; x_wconf 88' lang='lat' dir='ltr'>essemus,</span> <span class='ocrx_word' id='word_1_250' title='bbox 1376 3155 1619 3210; x_wconf 90' lang='lat' dir='ltr'>consilio</span> <span class='ocrx_word' id='word_1_251' title='bbox 1653 3172 1779 3224; x_wconf 91' lang='lat' dir='ltr'>suo,</span> 
     </span>
    </p>
   </div>
   <div class='ocr_carea' id='block_1_34' title="bbox 104 3243 1781 3320">
    <p class='ocr_par' dir='ltr' id='par_1_34' title="bbox 104 3243 1781 3320">
     <span class='ocr_line' id='line_1_34' title="bbox 104 3243 1781 3320; baseline -0.002 -19"><span class='ocrx_word' id='word_1_252' title='bbox 104 3265 220 3320; x_wconf 87' lang='lat' dir='ltr'>per</span> <span class='ocrx_word' id='word_1_253' title='bbox 254 3246 417 3317; x_wconf 91' lang='lat' dir='ltr'>quod</span> <span class='ocrx_word' id='word_1_254' title='bbox 432 3246 681 3299; x_wconf 78' lang='lat' dir='ltr'>decrevit</span> <span class='ocrx_word' id='word_1_255' title='bbox 702 3244 939 3299; x_wconf 85' lang='lat' dir='ltr'>visitare</span> <span class='ocrx_word' id='word_1_256' title='bbox 957 3261 1142 3317; x_wconf 87' lang='lat' dir='ltr'>genus</span> <span class='ocrx_word' id='word_1_257' title='bbox 1160 3244 1505 3309; x_wconf 86' lang='lat' dir='ltr'>humanum,</span> <span class='ocrx_word' id='word_1_258' title='bbox 1528 3243 1781 3299; x_wconf 89' lang='lat' dir='ltr'>visitavit</span> 
     </span>
    </p>
   </div>
   <div class='ocr_carea' id='block_1_35' title="bbox 105 3332 1779 3404">
    <p class='ocr_par' dir='ltr' id='par_1_35' title="bbox 105 3332 1779 3404">
     <span class='ocr_line' id='line_1_35' title="bbox 105 3332 1779 3404; baseline -0.002 -13"><span class='ocrx_word' id='word_1_259' title='bbox 105 3342 163 3391; x_wconf 89' lang='lat' dir='ltr'>et</span> <span class='ocrx_word' id='word_1_260' title='bbox 199 3334 607 3389; x_wconf 85' lang='lat' dir='ltr'>reconciliavit</span> <span class='ocrx_word' id='word_1_261' title='bbox 638 3334 693 3387; x_wconf 91' lang='lat' dir='ltr'>in</span> <span class='ocrx_word' id='word_1_262' title='bbox 728 3350 966 3404; x_wconf 90' lang='lat' dir='ltr'>corpore</span> <span class='ocrx_word' id='word_1_263' title='bbox 999 3334 1193 3387; x_wconf 85' lang='lat' dir='ltr'>carnis</span> <span class='ocrx_word' id='word_1_264' title='bbox 1222 3334 1349 3402; x_wconf 86' lang='lat' dir='ltr'>ejus</span> <span class='ocrx_word' id='word_1_265' title='bbox 1381 3359 1394 3399; x_wconf 83' lang='lat'><strong>;</strong></span> <span class='ocrx_word' id='word_1_266' title='bbox 1428 3338 1484 3386; x_wconf 89' lang='lat' dir='ltr'>et</span> <span class='ocrx_word' id='word_1_267' title='bbox 1517 3332 1779 3387; x_wconf 89' lang='lat' dir='ltr'>ideoista</span> 
     </span>
    </p>
   </div>
   <div class='ocr_carea' id='block_1_36' title="bbox 101 3421 1773 3495">
    <p class='ocr_par' dir='ltr' id='par_1_36' title="bbox 101 3421 1773 3495">
     <span class='ocr_line' id='line_1_36' title="bbox 101 3421 1773 3495; baseline -0.004 -14"><span class='ocrx_word' id='word_1_268' title='bbox 101 3425 323 3481; x_wconf 83' lang='lat' dir='ltr'>omnia</span> <span class='ocrx_word' id='word_1_269' title='bbox 349 3422 633 3495; x_wconf 70' lang='lat' dir='ltr'>praestitit,</span> <span class='ocrx_word' id='word_1_270' title='bbox 670 3441 739 3477; x_wconf 92' lang='lat' dir='ltr'>ne</span> <span class='ocrx_word' id='word_1_271' title='bbox 787 3423 915 3492; x_wconf 86' lang='lat' dir='ltr'>ejus</span> <span class='ocrx_word' id='word_1_272' title='bbox 948 3423 1294 3477; x_wconf 83' lang='lat' dir='ltr'>beneficium</span> <span class='ocrx_word' id='word_1_273' title='bbox 1336 3421 1564 3475; x_wconf 88' lang='lat' dir='ltr'>irritum</span> <span class='ocrx_word' id='word_1_274' title='bbox 1600 3422 1773 3476; x_wconf 85' lang='lat' dir='ltr'>facia-</span> 
     </span>
    </p>
   </div>
   <div class='ocr_carea' id='block_1_37' title="bbox 112 3511 1773 3583">
    <p class='ocr_par' dir='ltr' id='par_1_37' title="bbox 112 3511 1773 3583">
     <span class='ocr_line' id='line_1_37' title="bbox 112 3511 1773 3583; baseline -0.004 -14"><span class='ocrx_word' id='word_1_275' title='bbox 112 3531 281 3579; x_wconf 87' lang='lat' dir='ltr'>mus,</span> <span class='ocrx_word' id='word_1_276' title='bbox 320 3518 379 3566; x_wconf 90' lang='lat' dir='ltr'>et</span> <span class='ocrx_word' id='word_1_277' title='bbox 399 3513 607 3566; x_wconf 84' lang='lat' dir='ltr'>iterum</span> <span class='ocrx_word' id='word_1_278' title='bbox 632 3512 824 3566; x_wconf 88' lang='lat' dir='ltr'>simus</span> <span class='ocrx_word' id='word_1_279' title='bbox 848 3511 1093 3575; x_wconf 89' lang='lat' dir='ltr'>inimici,</span> <span class='ocrx_word' id='word_1_280' title='bbox 1127 3512 1277 3565; x_wconf 89' lang='lat' dir='ltr'>sicut</span> <span class='ocrx_word' id='word_1_281' title='bbox 1308 3512 1773 3583; x_wconf 90' lang='lat' dir='ltr'>quondam,cum</span> 
     </span>
    </p>
   </div>
   <div class='ocr_carea' id='block_1_38' title="bbox 112 3600 1778 3672">
    <p class='ocr_par' dir='ltr' id='par_1_38' title="bbox 112 3600 1778 3672">
     <span class='ocr_line' id='line_1_38' title="bbox 112 3600 1778 3672; baseline -0.003 -14"><span class='ocrx_word' id='word_1_282' title='bbox 112 3605 168 3658; x_wconf 91' lang='lat' dir='ltr'>in</span> <span class='ocrx_word' id='word_1_283' title='bbox 208 3601 397 3657; x_wconf 90' lang='lat' dir='ltr'>idolis</span> <span class='ocrx_word' id='word_1_284' title='bbox 424 3602 550 3656; x_wconf 88' lang='lat' dir='ltr'>etin</span> <span class='ocrx_word' id='word_1_285' title='bbox 567 3600 841 3672; x_wconf 90' lang='lat' dir='ltr'>operibus</span> <span class='ocrx_word' id='word_1_286' title='bbox 866 3601 1083 3671; x_wconf 89' lang='lat' dir='ltr'>iniquis</span> <span class='ocrx_word' id='word_1_287' title='bbox 1108 3600 1353 3654; x_wconf 82' lang='lat' dir='ltr'>fuerant.</span> <span class='ocrx_word' id='word_1_288' title='bbox 1378 3602 1778 3655; x_wconf 85' lang='lat' dir='ltr'>Adoraverunt</span> 
     </span>
    </p>
   </div>
   <div class='ocr_carea' id='block_1_39' title="bbox 113 3688 1771 3759">
    <p class='ocr_par' dir='ltr' id='par_1_39' title="bbox 113 3688 1771 3759">
     <span class='ocr_line' id='line_1_39' title="bbox 113 3688 1771 3759; baseline -0.004 -11"><span class='ocrx_word' id='word_1_289' title='bbox 113 3694 279 3748; x_wconf 90' lang='lat' dir='ltr'>enim</span> <span class='ocrx_word' id='word_1_290' title='bbox 317 3706 494 3759; x_wconf 81' lang='lat' dir='ltr'>Opera</span> <span class='ocrx_word' id='word_1_291' title='bbox 522 3706 629 3744; x_wconf 89' lang='lat' dir='ltr'>sua</span> <span class='ocrx_word' id='word_1_292' title='bbox 660 3706 786 3759; x_wconf 71' lang='lat' dir='ltr'>qua:</span> <span class='ocrx_word' id='word_1_293' title='bbox 820 3690 1101 3743; x_wconf 88' lang='lat' dir='ltr'>fecerunt.</span> <span class='ocrx_word' id='word_1_294' title='bbox 1137 3688 1524 3743; x_wconf 76' lang='lat' dir='ltr'>Misericordia</span> <span class='ocrx_word' id='word_1_295' title='bbox 1556 3694 1771 3755; x_wconf 89' lang='lat' dir='ltr'>autem,</span> 
     </span>
    </p>
   </div>
   <div class='ocr_carea' id='block_1_40' title="bbox 112 3778 1774 3852">
    <p class='ocr_par' dir='ltr' id='par_1_40' title="bbox 112 3778 1774 3852">
     <span class='ocr_line' id='line_1_40' title="bbox 112 3778 1774 3852; baseline -0.004 -16"><span class='ocrx_word' id='word_1_296' title='bbox 112 3788 169 3836; x_wconf 92' lang='lat' dir='ltr'>et</span> <span class='ocrx_word' id='word_1_297' title='bbox 234 3778 613 3852; x_wconf 86' lang='lat' dir='ltr'>providentia</span> <span class='ocrx_word' id='word_1_298' title='bbox 668 3778 765 3832; x_wconf 86' lang='lat' dir='ltr'>Dei</span> <span class='ocrx_word' id='word_1_299' title='bbox 796 3778 1097 3849; x_wconf 85' lang='lat' dir='ltr'>requisivit</span> <span class='ocrx_word' id='word_1_300' title='bbox 1144 3795 1260 3846; x_wconf 92' lang='lat' dir='ltr'>eos,</span> <span class='ocrx_word' id='word_1_301' title='bbox 1296 3783 1358 3831; x_wconf 92' lang='lat' dir='ltr'>ut</span> <span class='ocrx_word' id='word_1_302' title='bbox 1388 3778 1641 3847; x_wconf 84' lang='lat' dir='ltr'>gratuito</span> <span class='ocrx_word' id='word_1_303' title='bbox 1675 3778 1774 3832; x_wconf 77' lang='lat' dir='ltr'>Dei</span> 
     </span>
    </p>
   </div>
   <div class='ocr_carea' id='block_1_41' title="bbox 114 3866 1772 3941">
    <p class='ocr_par' dir='ltr' id='par_1_41' title="bbox 114 3866 1772 3941">
     <span class='ocr_line' id='line_1_41' title="bbox 114 3866 1772 3941; baseline -0.002 -17"><span class='ocrx_word' id='word_1_304' title='bbox 114 3869 383 3941; x_wconf 84' lang='lat' dir='ltr'>gratiam</span> <span class='ocrx_word' id='word_1_305' title='bbox 419 3872 933 3938; x_wconf 85' lang='lat' dir='ltr'>consequerentur,</span> <span class='ocrx_word' id='word_1_306' title='bbox 955 3867 1262 3921; x_wconf 87' lang='lat' dir='ltr'>redeuntes</span> <span class='ocrx_word' id='word_1_307' title='bbox 1278 3867 1343 3920; x_wconf 87' lang='lat' dir='ltr'>ad</span> <span class='ocrx_word' id='word_1_308' title='bbox 1378 3883 1511 3920; x_wconf 90' lang='lat' dir='ltr'>eum</span> <span class='ocrx_word' id='word_1_309' title='bbox 1546 3866 1605 3919; x_wconf 88' lang='lat' dir='ltr'>in</span> <span class='ocrx_word' id='word_1_310' title='bbox 1638 3883 1772 3920; x_wconf 91' lang='lat' dir='ltr'>con-</span> 
     </span>
    </p>
   </div>
   <div class='ocr_carea' id='block_1_42' title="bbox 112 3954 1773 4025">
    <p class='ocr_par' dir='ltr' id='par_1_42' title="bbox 112 3954 1773 4025">
     <span class='ocr_line' id='line_1_42' title="bbox 112 3954 1773 4025; baseline -0.002 -13"><span class='ocrx_word' id='word_1_311' title='bbox 112 3959 379 4014; x_wconf 88' lang='lat' dir='ltr'>scientia</span> <span class='ocrx_word' id='word_1_312' title='bbox 410 3956 651 4019; x_wconf 89' lang='lat' dir='ltr'>munda,</span> <span class='ocrx_word' id='word_1_313' title='bbox 686 3955 827 4010; x_wconf 89' lang='lat' dir='ltr'>utin</span> <span class='ocrx_word' id='word_1_314' title='bbox 859 3956 950 4010; x_wconf 89' lang='lat' dir='ltr'>die</span> <span class='ocrx_word' id='word_1_315' title='bbox 973 3955 1205 4025; x_wconf 90' lang='lat' dir='ltr'>judicii,</span> <span class='ocrx_word' id='word_1_316' title='bbox 1231 3956 1369 4009; x_wconf 92' lang='lat' dir='ltr'>dum</span> <span class='ocrx_word' id='word_1_317' title='bbox 1404 3954 1773 4009; x_wconf 89' lang='lat' dir='ltr'>nihilerroris</span> 
     </span>
    </p>
   </div>
   <div class='ocr_carea' id='block_1_43' title="bbox 109 4044 1773 4115">
    <p class='ocr_par' dir='ltr' id='par_1_43' title="bbox 109 4044 1773 4115">
     <span class='ocr_line' id='line_1_43' title="bbox 109 4044 1773 4115; baseline -0.002 -14"><span class='ocrx_word' id='word_1_318' title='bbox 109 4049 334 4103; x_wconf 90' lang='lat' dir='ltr'>veteris</span> <span class='ocrx_word' id='word_1_319' title='bbox 370 4046 727 4101; x_wconf 80' lang='lat' dir='ltr'>inveniretur</span> <span class='ocrx_word' id='word_1_320' title='bbox 756 4044 813 4098; x_wconf 90' lang='lat' dir='ltr'>in</span> <span class='ocrx_word' id='word_1_321' title='bbox 839 4045 1493 4115; x_wconf 88' lang='lat' dir='ltr'>his,adcorporarentur</span> <span class='ocrx_word' id='word_1_322' title='bbox 1530 4044 1773 4097; x_wconf 89' lang='lat' dir='ltr'>creatori</span> 
     </span>
    </p>
   </div>
   <div class='ocr_carea' id='block_1_44' title="bbox 108 4132 1772 4206">
    <p class='ocr_par' dir='ltr' id='par_1_44' title="bbox 108 4132 1772 4206">
     <span class='ocr_line' id='line_1_44' title="bbox 108 4132 1772 4206; baseline -0.002 -16"><span class='ocrx_word' id='word_1_323' title='bbox 108 4154 236 4203; x_wconf 91' lang='lat' dir='ltr'>suo,</span> <span class='ocrx_word' id='word_1_324' title='bbox 276 4135 411 4206; x_wconf 90' lang='lat' dir='ltr'>qui,</span> <span class='ocrx_word' id='word_1_325' title='bbox 447 4140 511 4187; x_wconf 93' lang='lat' dir='ltr'>ut</span> <span class='ocrx_word' id='word_1_326' title='bbox 562 4134 862 4204; x_wconf 90' lang='lat' dir='ltr'>prodesset</span> <span class='ocrx_word' id='word_1_327' title='bbox 893 4134 1151 4187; x_wconf 89' lang='lat' dir='ltr'>humano</span> <span class='ocrx_word' id='word_1_328' title='bbox 1184 4132 1399 4204; x_wconf 83' lang='lat' dir='ltr'>generi,</span> <span class='ocrx_word' id='word_1_329' title='bbox 1434 4133 1772 4187; x_wconf 86' lang='lat' dir='ltr'>incarnatus</span> 
     </span>
    </p>
   </div>
   <div class='ocr_carea' id='block_1_45' title="bbox 107 4222 1769 4289">
    <p class='ocr_par' dir='ltr' id='par_1_45' title="bbox 107 4222 1769 4289">
     <span class='ocr_line' id='line_1_45' title="bbox 107 4222 1769 4289; baseline -0.002 -10"><span class='ocrx_word' id='word_1_330' title='bbox 107 4224 287 4279; x_wconf 90' lang='lat' dir='ltr'>homo</span> <span class='ocrx_word' id='word_1_331' title='bbox 328 4224 520 4278; x_wconf 89' lang='lat' dir='ltr'>factus</span> <span class='ocrx_word' id='word_1_332' title='bbox 552 4229 659 4289; x_wconf 88' lang='lat' dir='ltr'>est,</span> <span class='ocrx_word' id='word_1_333' title='bbox 695 4226 758 4276; x_wconf 87' lang='lat' dir='ltr'>ut</span> <span class='ocrx_word' id='word_1_334' title='bbox 786 4222 845 4276; x_wconf 92' lang='lat' dir='ltr'>in</span> <span class='ocrx_word' id='word_1_335' title='bbox 879 4239 1052 4277; x_wconf 91' lang='lat' dir='ltr'>carne</span> <span class='ocrx_word' id='word_1_336' title='bbox 1082 4240 1190 4277; x_wconf 90' lang='lat' dir='ltr'>sua</span> <span class='ocrx_word' id='word_1_337' title='bbox 1221 4222 1473 4277; x_wconf 88' lang='lat' dir='ltr'>vinceret</span> <span class='ocrx_word' id='word_1_338' title='bbox 1504 4226 1769 4276; x_wconf 89' lang='lat' dir='ltr'>mortem.</span> 
     </span>
    </p>
   </div>
   <div class='ocr_carea' id='block_1_46' title="bbox 171 4348 1771 4418">
    <p class='ocr_par' dir='ltr' id='par_1_46' title="bbox 171 4348 1771 4418">
     <span class='ocr_line' id='line_1_46' title="bbox 171 4348 1771 4418; baseline -0.001 -13"><span class='ocrx_word' id='word_1_339' title='bbox 171 4349 464 4405; x_wconf 73' lang='lat' dir='ltr'>Exhibere</span> <span class='ocrx_word' id='word_1_340' title='bbox 504 4364 590 4401; x_wconf 87' lang='lat' dir='ltr'>vos</span> <span class='ocrx_word' id='word_1_341' title='bbox 637 4352 866 4417; x_wconf 80' lang='lat' dir='ltr'>sanctos,</span> <span class='ocrx_word' id='word_1_342' title='bbox 916 4356 965 4400; x_wconf 89' lang='lat' dir='ltr'>et</span> <span class='ocrx_word' id='word_1_343' title='bbox 996 4348 1397 4410; x_wconf 80' lang='lat' dir='ltr'>immaculatos,</span> <span class='ocrx_word' id='word_1_344' title='bbox 1438 4353 1487 4402; x_wconf 88' lang='lat' dir='ltr'>et</span> <span class='ocrx_word' id='word_1_345' title='bbox 1536 4350 1771 4418; x_wconf 82' lang='lat' dir='ltr'>irrepre-</span> 
     </span>
    </p>
   </div>
   <div class='ocr_carea' id='block_1_47' title="bbox 102 4435 1772 4506">
    <p class='ocr_par' dir='ltr' id='par_1_47' title="bbox 102 4435 1772 4506">
     <span class='ocr_line' id='line_1_47' title="bbox 102 4435 1772 4506; baseline -0.001 -15"><span class='ocrx_word' id='word_1_346' title='bbox 102 4435 426 4493; x_wconf 78' lang='lat' dir='ltr'>hensibiles</span> <span class='ocrx_word' id='word_1_347' title='bbox 456 4452 641 4491; x_wconf 87' lang='lat' dir='ltr'>coram</span> <span class='ocrx_word' id='word_1_348' title='bbox 682 4436 817 4506; x_wconf 87' lang='lat' dir='ltr'>ipos.</span> <span class='ocrx_word' id='word_1_349' title='bbox 879 4436 1021 4489; x_wconf 90' lang='lat' dir='ltr'>Ecce</span> <span class='ocrx_word' id='word_1_350' title='bbox 1080 4436 1137 4489; x_wconf 91' lang='lat' dir='ltr'>in</span> <span class='ocrx_word' id='word_1_351' title='bbox 1192 4436 1404 4506; x_wconf 89' lang='lat' dir='ltr'>quibus</span> <span class='ocrx_word' id='word_1_352' title='bbox 1456 4437 1772 4490; x_wconf 87' lang='lat' dir='ltr'>virtutibus</span> 
     </span>
    </p>
   </div>
   <div class='ocr_carea' id='block_1_48' title="bbox 103 4524 1769 4596">
    <p class='ocr_par' dir='ltr' id='par_1_48' title="bbox 103 4524 1769 4596">
     <span class='ocr_line' id='line_1_48' title="bbox 103 4524 1769 4596; baseline 0 -17"><span class='ocrx_word' id='word_1_353' title='bbox 103 4533 227 4583; x_wconf 87' lang='lat' dir='ltr'>vult</span> <span class='ocrx_word' id='word_1_354' title='bbox 258 4543 374 4582; x_wconf 90' lang='lat' dir='ltr'>eos</span> <span class='ocrx_word' id='word_1_355' title='bbox 404 4542 531 4580; x_wconf 89' lang='lat' dir='ltr'>esse</span> <span class='ocrx_word' id='word_1_356' title='bbox 564 4525 910 4595; x_wconf 90' lang='lat' dir='ltr'>conspicuos</span> <span class='ocrx_word' id='word_1_357' title='bbox 943 4524 1204 4596; x_wconf 87' lang='lat' dir='ltr'>gentium</span> <span class='ocrx_word' id='word_1_358' title='bbox 1239 4525 1598 4594; x_wconf 75' lang='lat' dir='ltr'>prazdicator.</span> <span class='ocrx_word' id='word_1_359' title='bbox 1624 4526 1769 4579; x_wconf 89' lang='lat' dir='ltr'>San-</span> 
     </span>
    </p>
   </div>
   <div class='ocr_carea' id='block_1_49' title="bbox 106 4610 1773 4679">
    <p class='ocr_par' dir='ltr' id='par_1_49' title="bbox 106 4610 1773 4679">
     <span class='ocr_line' id='line_1_49' title="bbox 106 4610 1773 4679; baseline -0.002 -11"><span class='ocrx_word' id='word_1_360' title='bbox 106 4616 283 4671; x_wconf 88' lang='lat' dir='ltr'>ctitas</span> <span class='ocrx_word' id='word_1_361' title='bbox 320 4616 576 4669; x_wconf 71' lang='lat' dir='ltr'>refertur</span> <span class='ocrx_word' id='word_1_362' title='bbox 605 4613 675 4667; x_wconf 91' lang='lat' dir='ltr'>ad</span> <span class='ocrx_word' id='word_1_363' title='bbox 701 4611 1026 4667; x_wconf 86' lang='lat' dir='ltr'>castitatem</span> <span class='ocrx_word' id='word_1_364' title='bbox 1054 4630 1065 4679; x_wconf 91' lang='lat'><strong>;</strong></span> <span class='ocrx_word' id='word_1_365' title='bbox 1101 4610 1497 4665; x_wconf 86' lang='lat' dir='ltr'>immaculatio</span> <span class='ocrx_word' id='word_1_366' title='bbox 1529 4612 1597 4665; x_wconf 87' lang='lat' dir='ltr'>ad</span> <span class='ocrx_word' id='word_1_367' title='bbox 1632 4611 1773 4665; x_wconf 87' lang='lat' dir='ltr'>inte-</span> 
     </span>
    </p>
   </div>
   <div class='ocr_carea' id='block_1_50' title="bbox 107 4699 1774 4775">
    <p class='ocr_par' dir='ltr' id='par_1_50' title="bbox 107 4699 1774 4775">
     <span class='ocr_line' id='line_1_50' title="bbox 107 4699 1774 4775; baseline -0.003 -17"><span class='ocrx_word' id='word_1_368' title='bbox 107 4705 438 4775; x_wconf 85' lang='lat' dir='ltr'>gritatem;</span> <span class='ocrx_word' id='word_1_369' title='bbox 500 4699 1091 4771; x_wconf 88' lang='lat' dir='ltr'>irreprehensibilitas</span> <span class='ocrx_word' id='word_1_370' title='bbox 1151 4700 1221 4753; x_wconf 88' lang='lat' dir='ltr'>ad</span> <span class='ocrx_word' id='word_1_371' title='bbox 1266 4700 1674 4770; x_wconf 85' lang='lat' dir='ltr'>prudentiam;</span> <span class='ocrx_word' id='word_1_372' title='bbox 1712 4704 1774 4753; x_wconf 92' lang='lat' dir='ltr'>ut</span> 
     </span>
    </p>
   </div>
   <div class='ocr_carea' id='block_1_51' title="bbox 107 4789 1774 4862">
    <p class='ocr_par' dir='ltr' id='par_1_51' title="bbox 107 4789 1774 4862">
     <span class='ocr_line' id='line_1_51' title="bbox 107 4789 1774 4862; baseline -0.002 -16"><span class='ocrx_word' id='word_1_373' title='bbox 107 4799 313 4848; x_wconf 89' lang='lat' dir='ltr'>essent</span> <span class='ocrx_word' id='word_1_374' title='bbox 377 4790 885 4862; x_wconf 84' lang='lat' dir='ltr'>irrprehensibiles</span> <span class='ocrx_word' id='word_1_375' title='bbox 932 4791 987 4844; x_wconf 89' lang='lat' dir='ltr'>in</span> <span class='ocrx_word' id='word_1_376' title='bbox 1050 4790 1238 4844; x_wconf 85' lang='lat' dir='ltr'>medio</span> <span class='ocrx_word' id='word_1_377' title='bbox 1300 4789 1550 4844; x_wconf 89' lang='lat' dir='ltr'>nationis</span> <span class='ocrx_word' id='word_1_378' title='bbox 1591 4807 1774 4861; x_wconf 68' lang='lat' dir='ltr'>pravae</span> 
     </span>
    </p>
   </div>
   <div class='ocr_carea' id='block_1_52' title="bbox 106 4878 1775 4952">
    <p class='ocr_par' dir='ltr' id='par_1_52' title="bbox 106 4878 1775 4952">
     <span class='ocr_line' id='line_1_52' title="bbox 106 4878 1775 4952; baseline -0.002 -17"><span class='ocrx_word' id='word_1_379' title='bbox 106 4888 284 4952; x_wconf 89' lang='lat' dir='ltr'>atque</span> <span class='ocrx_word' id='word_1_380' title='bbox 324 4896 632 4951; x_wconf 62' lang='lat' dir='ltr'>perversae,</span> <span class='ocrx_word' id='word_1_381' title='bbox 666 4885 723 4934; x_wconf 90' lang='lat' dir='ltr'>et</span> <span class='ocrx_word' id='word_1_382' title='bbox 754 4879 1015 4933; x_wconf 87' lang='lat' dir='ltr'>lucerent</span> <span class='ocrx_word' id='word_1_383' title='bbox 1044 4878 1196 4932; x_wconf 87' lang='lat' dir='ltr'>inter</span> <span class='ocrx_word' id='word_1_384' title='bbox 1227 4894 1325 4931; x_wconf 86' lang='lat' dir='ltr'>eos</span> <span class='ocrx_word' id='word_1_385' title='bbox 1368 4894 1539 4948; x_wconf 89' lang='lat' dir='ltr'>opere</span> <span class='ocrx_word' id='word_1_386' title='bbox 1590 4878 1775 4931; x_wconf 87' lang='lat' dir='ltr'>virtu-</span> 
     </span>
    </p>
   </div>
   <div class='ocr_carea' id='block_1_53' title="bbox 105 4966 1776 5037">
    <p class='ocr_par' dir='ltr' id='par_1_53' title="bbox 105 4966 1776 5037">
     <span class='ocr_line' id='line_1_53' title="bbox 105 4966 1776 5037; baseline -0.002 -13"><span class='ocrx_word' id='word_1_387' title='bbox 105 4976 255 5037; x_wconf 89' lang='lat' dir='ltr'>tum,</span> <span class='ocrx_word' id='word_1_388' title='bbox 298 4969 461 5024; x_wconf 88' lang='lat' dir='ltr'>sicut</span> <span class='ocrx_word' id='word_1_389' title='bbox 484 4966 795 5022; x_wconf 86' lang='lat' dir='ltr'>luminaria</span> <span class='ocrx_word' id='word_1_390' title='bbox 817 4969 871 5021; x_wconf 93' lang='lat' dir='ltr'>in</span> <span class='ocrx_word' id='word_1_391' title='bbox 894 4968 1262 5022; x_wconf 82' lang='lat' dir='ltr'>firmamento</span> <span class='ocrx_word' id='word_1_392' title='bbox 1282 4966 1428 5021; x_wconf 75' lang='lat' dir='ltr'>cccli.</span> <span class='ocrx_word' id='word_1_393' title='bbox 1446 4967 1776 5021; x_wconf 86' lang='lat' dir='ltr'>Notandum</span> 
     </span>
    </p>
   </div>
   <div class='ocr_carea' id='block_1_54' title="bbox 107 5055 1778 5130">
    <p class='ocr_par' dir='ltr' id='par_1_54' title="bbox 107 5055 1778 5130">
     <span class='ocr_line' id='line_1_54' title="bbox 107 5055 1778 5130; baseline -0.004 -16"><span class='ocrx_word' id='word_1_394' title='bbox 107 5061 264 5130; x_wconf 85' lang='lat' dir='ltr'>quod</span> <span class='ocrx_word' id='word_1_395' title='bbox 302 5058 595 5113; x_wconf 85' lang='lat' dir='ltr'>alienatos</span> <span class='ocrx_word' id='word_1_396' title='bbox 634 5076 666 5112; x_wconf 88' lang='lat' dir='ltr'>a</span> <span class='ocrx_word' id='word_1_397' title='bbox 698 5063 809 5112; x_wconf 89' lang='lat' dir='ltr'>Deo</span> <span class='ocrx_word' id='word_1_398' title='bbox 844 5059 901 5111; x_wconf 90' lang='lat' dir='ltr'>in</span> <span class='ocrx_word' id='word_1_399' title='bbox 948 5058 1227 5127; x_wconf 87' lang='lat' dir='ltr'>operibus</span> <span class='ocrx_word' id='word_1_400' title='bbox 1262 5056 1433 5111; x_wconf 86' lang='lat' dir='ltr'>malis</span> <span class='ocrx_word' id='word_1_401' title='bbox 1465 5055 1778 5127; x_wconf 80' lang='lat' dir='ltr'>aliquando</span> 
     </span>
    </p>
   </div>
   <div class='ocr_carea' id='block_1_55' title="bbox 110 5145 1777 5198">
    <p class='ocr_par' dir='ltr' id='par_1_55' title="bbox 110 5145 1777 5198">
     <span class='ocr_line' id='line_1_55' title="bbox 110 5145 1777 5198; baseline 0.002 -6"><span class='ocrx_word' id='word_1_402' title='bbox 110 5164 240 5192; x_wconf 65' lang='lat' dir='ltr'>essm</span> <span class='ocrx_word' id='word_1_403' title='bbox 276 5147 521 5194; x_wconf 57' lang='lat' dir='ltr'>dixerit-</span> <span class='ocrx_word' id='word_1_404' title='bbox 558 5163 669 5194; x_wconf 85' lang='lat' dir='ltr'>non</span> <span class='ocrx_word' id='word_1_405' title='bbox 704 5149 818 5194; x_wconf 82' lang='lat' dir='ltr'>iam</span> <span class='ocrx_word' id='word_1_406' title='bbox 856 5152 992 5196; x_wconf 84' lang='lat' dir='ltr'>tunc</span> <span class='ocrx_word' id='word_1_407' title='bbox 1054 5146 1290 5196; x_wconf 81' lang='lat' dir='ltr'>mmndo</span> <span class='ocrx_word' id='word_1_408' title='bbox 1324 5145 1435 5196; x_wconf 88' lang='lat' dir='ltr'>ista</span> <span class='ocrx_word' id='word_1_409' title='bbox 1465 5146 1777 5198; x_wconf 76' lang='lat' dir='ltr'>scribebat.</span> 
     </span>
    </p>
   </div>
   <div class='ocr_carea' id='block_1_56' title="bbox 1886 640 3074 711">
    <p class='ocr_par' dir='ltr' id='par_1_56' title="bbox 1886 640 3074 711">
     <span class='ocr_line' id='line_1_56' title="bbox 1886 640 3074 711; baseline 0.008 -21"><span class='ocrx_word' id='word_1_410' title='bbox 1886 640 2162 708; x_wconf 77' lang='lat' dir='ltr'>Apostolo</span> <span class='ocrx_word' id='word_1_411' title='bbox 2189 643 2515 711; x_wconf 73' lang='lat' dir='ltr'>audierant,</span> <span class='ocrx_word' id='word_1_412' title='bbox 2548 645 2745 699; x_wconf 88' lang='lat' dir='ltr'>futura</span> <span class='ocrx_word' id='word_1_413' title='bbox 2775 647 3074 701; x_wconf 89' lang='lat' dir='ltr'>crederent</span> 
     </span>
    </p>
   </div>
   <div class='ocr_carea' id='block_1_57' title="bbox 1956 730 3526 807">
    <p class='ocr_par' dir='ltr' id='par_1_57' title="bbox 1956 730 3526 807">
     <span class='ocr_line' id='line_1_57' title="bbox 1956 730 3526 807; baseline 0.006 -27"><span class='ocrx_word' id='word_1_414' title='bbox 1956 730 1995 780; x_wconf 83' lang='lat' dir='ltr'><strong><em>A</em></strong></span> <span class='ocrx_word' id='word_1_415' title='bbox 2027 744 2124 791; x_wconf 84' lang='lat' dir='ltr'>spe</span> <span class='ocrx_word' id='word_1_416' title='bbox 2160 732 2464 798; x_wconf 71' lang='lat' dir='ltr'>Evangelii,</span> <span class='ocrx_word' id='word_1_417' title='bbox 2525 733 2664 802; x_wconf 88' lang='lat' dir='ltr'>quod</span> <span class='ocrx_word' id='word_1_418' title='bbox 2694 734 2949 788; x_wconf 81' lang='lat' dir='ltr'>audistis.</span> <span class='ocrx_word' id='word_1_419' title='bbox 3007 734 3179 805; x_wconf 91' lang='lat' dir='ltr'>Spem</span> <span class='ocrx_word' id='word_1_420' title='bbox 3217 735 3526 807; x_wconf 88' lang='lat' dir='ltr'>Evangelii,</span> 
     </span>
    </p>
   </div>
   <div class='ocr_carea' id='block_1_58' title="bbox 1889 816 3525 896">
    <p class='ocr_par' dir='ltr' id='par_1_58' title="bbox 1889 816 3525 896">
     <span class='ocr_line' id='line_1_58' title="bbox 1889 816 3525 896; baseline 0.007 -29"><span class='ocrx_word' id='word_1_421' title='bbox 1889 816 2001 869; x_wconf 91' lang='lat' dir='ltr'>nisi</span> <span class='ocrx_word' id='word_1_422' title='bbox 2036 820 2132 887; x_wconf 89' lang='lat' dir='ltr'>qui</span> <span class='ocrx_word' id='word_1_423' title='bbox 2168 821 2490 874; x_wconf 90' lang='lat' dir='ltr'>secundum</span> <span class='ocrx_word' id='word_1_424' title='bbox 2524 823 2716 891; x_wconf 87' lang='lat' dir='ltr'>ipsum</span> <span class='ocrx_word' id='word_1_425' title='bbox 2749 823 2964 888; x_wconf 86' lang='lat' dir='ltr'>vivunt,</span> <span class='ocrx_word' id='word_1_426' title='bbox 3000 823 3211 877; x_wconf 87' lang='lat' dir='ltr'>habere</span> <span class='ocrx_word' id='word_1_427' title='bbox 3242 840 3357 878; x_wconf 88' lang='lat' dir='ltr'>non</span> <span class='ocrx_word' id='word_1_428' title='bbox 3391 841 3525 896; x_wconf 89' lang='lat' dir='ltr'>pos-</span> 
     </span>
    </p>
   </div>
   <div class='ocr_carea' id='block_1_59' title="bbox 1888 910 3529 983">
    <p class='ocr_par' dir='ltr' id='par_1_59' title="bbox 1888 910 3529 983">
     <span class='ocr_line' id='line_1_59' title="bbox 1888 910 3529 983; baseline 0.007 -27"><span class='ocrx_word' id='word_1_429' title='bbox 1888 912 2061 959; x_wconf 78' lang='lat' dir='ltr'>sunt:</span> <span class='ocrx_word' id='word_1_430' title='bbox 2118 910 2441 963; x_wconf 88' lang='lat' dir='ltr'>secundum</span> <span class='ocrx_word' id='word_1_431' title='bbox 2499 912 2650 980; x_wconf 92' lang='lat' dir='ltr'>quod</span> <span class='ocrx_word' id='word_1_432' title='bbox 2709 912 2819 965; x_wconf 86' lang='lat' dir='ltr'>alio</span> <span class='ocrx_word' id='word_1_433' title='bbox 2874 912 2994 966; x_wconf 91' lang='lat' dir='ltr'>loco</span> <span class='ocrx_word' id='word_1_434' title='bbox 3028 913 3179 966; x_wconf 90' lang='lat' dir='ltr'>idem</span> <span class='ocrx_word' id='word_1_435' title='bbox 3215 912 3529 983; x_wconf 81' lang='lat' dir='ltr'>Apostolus</span> 
     </span>
    </p>
   </div>
   <div class='ocr_carea' id='block_1_60' title="bbox 1887 994 3531 1071">
    <p class='ocr_par' dir='ltr' id='par_1_60' title="bbox 1887 994 3531 1071">
     <span class='ocr_line' id='line_1_60' title="bbox 1887 994 3531 1071; baseline 0.006 -24"><span class='ocrx_word' id='word_1_436' title='bbox 1887 994 2079 1049; x_wconf 91' lang='lat' dir='ltr'>dicit:</span> <span class='ocrx_word' id='word_1_437' title='bbox 2134 996 2193 1050; x_wconf 88' lang='lat' dir='ltr'>Si</span> <span class='ocrx_word' id='word_1_438' title='bbox 2250 1001 2397 1053; x_wconf 86' lang='lat' dir='ltr'>enim</span> <span class='ocrx_word' id='word_1_439' title='bbox 2449 1002 2804 1069; x_wconf 87' lang='lat' dir='ltr'>complantati</span> <span class='ocrx_word' id='word_1_440' title='bbox 2842 1003 3112 1071; x_wconf 75' lang='lat' dir='ltr'>fuerimus</span> <span class='ocrx_word' id='word_1_441' title='bbox 3168 1002 3531 1057; x_wconf 79' lang='lat' dir='ltr'>similitudini</span> 
     </span>
    </p>
   </div>
   <div class='ocr_carea' id='block_1_61' title="bbox 1888 1087 3524 1162">
    <p class='ocr_par' dir='ltr' id='par_1_61' title="bbox 1888 1087 3524 1162">
     <span class='ocr_line' id='line_1_61' title="bbox 1888 1087 3524 1162; baseline 0.006 -26"><span class='ocrx_word' id='word_1_442' title='bbox 1888 1087 2074 1139; x_wconf 88' lang='lat' dir='ltr'>mortis</span> <span class='ocrx_word' id='word_1_443' title='bbox 2098 1087 2237 1155; x_wconf 85' lang='lat' dir='ltr'>ejus,</span> <span class='ocrx_word' id='word_1_444' title='bbox 2259 1089 2492 1142; x_wconf 71' lang='lat' dir='ltr'>simulet</span> <span class='ocrx_word' id='word_1_445' title='bbox 2517 1091 2930 1144; x_wconf 76' lang='lat' dir='ltr'>resurrectionis</span> <span class='ocrx_word' id='word_1_446' title='bbox 2951 1091 3339 1160; x_wconf 73' lang='lat' dir='ltr'>erimus(ltom.</span> <span class='ocrx_word' id='word_1_447' title='bbox 3356 1092 3524 1162; x_wconf 76' lang='lat' dir='ltr'>v1,5).</span> 
     </span>
    </p>
   </div>
   <div class='ocr_carea' id='block_1_62' title="bbox 1962 1174 3528 1251">
    <p class='ocr_par' dir='ltr' id='par_1_62' title="bbox 1962 1174 3528 1251">
     <span class='ocr_line' id='line_1_62' title="bbox 1962 1174 3528 1251; baseline 0.006 -24"><span class='ocrx_word' id='word_1_448' title='bbox 1962 1174 2110 1239; x_wconf 77' lang='lat' dir='ltr'>Quod</span> <span class='ocrx_word' id='word_1_449' title='bbox 2162 1176 2529 1244; x_wconf 71' lang='lat' dir='ltr'>praedicatum</span> <span class='ocrx_word' id='word_1_450' title='bbox 2581 1187 2657 1231; x_wconf 84' lang='lat' dir='ltr'>est</span> <span class='ocrx_word' id='word_1_451' title='bbox 2712 1180 2772 1231; x_wconf 87' lang='lat' dir='ltr'>in</span> <span class='ocrx_word' id='word_1_452' title='bbox 2802 1180 3058 1233; x_wconf 86' lang='lat' dir='ltr'>universa</span> <span class='ocrx_word' id='word_1_453' title='bbox 3096 1190 3367 1245; x_wconf 82' lang='lat' dir='ltr'>creatura,</span> <span class='ocrx_word' id='word_1_454' title='bbox 3401 1195 3528 1251; x_wconf 72' lang='lat' dir='ltr'>quae</span> 
     </span>
    </p>
   </div>
   <div class='ocr_carea' id='block_1_63' title="bbox 1883 1263 3529 1339">
    <p class='ocr_par' dir='ltr' id='par_1_63' title="bbox 1883 1263 3529 1339">
     <span class='ocr_line' id='line_1_63' title="bbox 1883 1263 3529 1339; baseline 0.005 -24"><span class='ocrx_word' id='word_1_455' title='bbox 1883 1263 1982 1315; x_wconf 86' lang='lat' dir='ltr'>sub</span> <span class='ocrx_word' id='word_1_456' title='bbox 2010 1264 2143 1316; x_wconf 65' lang='lat' dir='ltr'>caelo</span> <span class='ocrx_word' id='word_1_457' title='bbox 2200 1269 2294 1318; x_wconf 88' lang='lat' dir='ltr'>est.</span> <span class='ocrx_word' id='word_1_458' title='bbox 2324 1266 2526 1320; x_wconf 90' lang='lat' dir='ltr'>Omnis</span> <span class='ocrx_word' id='word_1_459' title='bbox 2582 1272 2857 1320; x_wconf 69' lang='lat' dir='ltr'>creaturae</span> <span class='ocrx_word' id='word_1_460' title='bbox 2908 1268 3143 1321; x_wconf 88' lang='lat' dir='ltr'>nomine</span> <span class='ocrx_word' id='word_1_461' title='bbox 3201 1274 3406 1339; x_wconf 88' lang='lat' dir='ltr'>potest,</span> <span class='ocrx_word' id='word_1_462' title='bbox 3471 1273 3529 1324; x_wconf 87' lang='lat' dir='ltr'>et</span> 
     </span>
    </p>
   </div>
   <div class='ocr_carea' id='block_1_64' title="bbox 1887 1351 3525 1426">
    <p class='ocr_par' dir='ltr' id='par_1_64' title="bbox 1887 1351 3525 1426">
     <span class='ocr_line' id='line_1_64' title="bbox 1887 1351 3525 1426; baseline 0.005 -23"><span class='ocrx_word' id='word_1_463' title='bbox 1887 1351 2059 1404; x_wconf 87' lang='lat' dir='ltr'>debet</span> <span class='ocrx_word' id='word_1_464' title='bbox 2090 1352 2281 1406; x_wconf 82' lang='lat' dir='ltr'>omnis</span> <span class='ocrx_word' id='word_1_465' title='bbox 2314 1354 2471 1407; x_wconf 87' lang='lat' dir='ltr'>natio</span> <span class='ocrx_word' id='word_1_466' title='bbox 2503 1356 2763 1425; x_wconf 84' lang='lat' dir='ltr'>gentium</span> <span class='ocrx_word' id='word_1_467' title='bbox 2823 1356 3134 1426; x_wconf 86' lang='lat' dir='ltr'>designari.</span> <span class='ocrx_word' id='word_1_468' title='bbox 3193 1362 3339 1411; x_wconf 83' lang='lat' dir='ltr'>Ante</span> <span class='ocrx_word' id='word_1_469' title='bbox 3370 1357 3525 1411; x_wconf 90' lang='lat' dir='ltr'>enim</span> 
     </span>
    </p>
   </div>
   <div class='ocr_carea' id='block_1_65' title="bbox 1885 1439 3528 1517">
    <p class='ocr_par' dir='ltr' id='par_1_65' title="bbox 1885 1439 3528 1517">
     <span class='ocr_line' id='line_1_65' title="bbox 1885 1439 3528 1517; baseline 0.005 -25"><span class='ocrx_word' id='word_1_470' title='bbox 1885 1439 2108 1495; x_wconf 89' lang='lat' dir='ltr'>dictum</span> <span class='ocrx_word' id='word_1_471' title='bbox 2144 1442 2329 1496; x_wconf 80' lang='lat' dir='ltr'>fuerat</span> <span class='ocrx_word' id='word_1_472' title='bbox 2350 1460 2384 1497; x_wconf 87' lang='lat' dir='ltr'>a</span> <span class='ocrx_word' id='word_1_473' title='bbox 2405 1443 2644 1497; x_wconf 90' lang='lat' dir='ltr'>Domino</span> <span class='ocrx_word' id='word_1_474' title='bbox 2676 1444 2975 1514; x_wconf 87' lang='lat' dir='ltr'>apostolis,</span> <span class='ocrx_word' id='word_1_475' title='bbox 2994 1460 3063 1499; x_wconf 89' lang='lat' dir='ltr'>ne</span> <span class='ocrx_word' id='word_1_476' title='bbox 3079 1446 3138 1499; x_wconf 89' lang='lat' dir='ltr'>in</span> <span class='ocrx_word' id='word_1_477' title='bbox 3156 1446 3249 1500; x_wconf 89' lang='lat' dir='ltr'>via</span> <span class='ocrx_word' id='word_1_478' title='bbox 3265 1446 3528 1517; x_wconf 88' lang='lat' dir='ltr'>gentium</span> 
     </span>
    </p>
   </div>
   <div class='ocr_carea' id='block_1_66' title="bbox 1884 1526 3533 1606">
    <p class='ocr_par' dir='ltr' id='par_1_66' title="bbox 1884 1526 3533 1606">
     <span class='ocr_line' id='line_1_66' title="bbox 1884 1526 3533 1606; baseline 0.005 -26"><span class='ocrx_word' id='word_1_479' title='bbox 1884 1526 2037 1582; x_wconf 86' lang='lat' dir='ltr'>irent</span> <span class='ocrx_word' id='word_1_480' title='bbox 2071 1530 2287 1598; x_wconf 73' lang='lat' dir='ltr'>Watth.</span> <span class='ocrx_word' id='word_1_481' title='bbox 2321 1549 2380 1595; x_wconf 70' lang='grc' dir='ltr'>κ,</span> <span class='ocrx_word' id='word_1_482' title='bbox 2412 1532 2487 1601; x_wconf 84' lang='grc'>5).</span> <span class='ocrx_word' id='word_1_483' title='bbox 2524 1532 2728 1587; x_wconf 88' lang='lat' dir='ltr'>Postea</span> <span class='ocrx_word' id='word_1_484' title='bbox 2758 1548 2889 1587; x_wconf 91' lang='lat' dir='ltr'>vero</span> <span class='ocrx_word' id='word_1_485' title='bbox 2912 1534 3150 1604; x_wconf 88' lang='lat' dir='ltr'>jussum</span> <span class='ocrx_word' id='word_1_486' title='bbox 3180 1539 3269 1588; x_wconf 90' lang='lat' dir='ltr'>est</span> <span class='ocrx_word' id='word_1_487' title='bbox 3299 1539 3363 1587; x_wconf 90' lang='lat' dir='ltr'>ut</span> <span class='ocrx_word' id='word_1_488' title='bbox 3390 1551 3533 1606; x_wconf 76' lang='lat' dir='ltr'>prae-</span> 
     </span>
    </p>
   </div>
   <div class='ocr_carea' id='block_1_67' title="bbox 1887 1618 3527 1694">
    <p class='ocr_par' dir='ltr' id='par_1_67' title="bbox 1887 1618 3527 1694">
     <span class='ocr_line' id='line_1_67' title="bbox 1887 1618 3527 1694; baseline 0.004 -24"><span class='ocrx_word' id='word_1_489' title='bbox 1887 1618 2149 1672; x_wconf 89' lang='lat' dir='ltr'>dicarent</span> <span class='ocrx_word' id='word_1_490' title='bbox 2179 1620 2555 1691; x_wconf 88' lang='lat' dir='ltr'>Evangelium</span> <span class='ocrx_word' id='word_1_491' title='bbox 2588 1621 2747 1675; x_wconf 91' lang='lat' dir='ltr'>omni</span> <span class='ocrx_word' id='word_1_492' title='bbox 2780 1627 3053 1676; x_wconf 74' lang='lat' dir='ltr'>creaturas</span> <span class='ocrx_word' id='word_1_493' title='bbox 3086 1625 3254 1693; x_wconf 88' lang='lat' dir='ltr'>(Mac.</span> <span class='ocrx_word' id='word_1_494' title='bbox 3288 1624 3527 1694; x_wconf 70' lang='lat' dir='ltr'>xv1,15).</span> 
     </span>
    </p>
   </div>
   <div class='ocr_carea' id='block_1_68' title="bbox 1956 1708 3531 1781">
    <p class='ocr_par' dir='ltr' id='par_1_68' title="bbox 1956 1708 3531 1781">
     <span class='ocr_line' id='line_1_68' title="bbox 1956 1708 3531 1781; baseline 0.004 -22"><span class='ocrx_word' id='word_1_495' title='bbox 1956 1708 2121 1776; x_wconf 82' lang='lat' dir='ltr'>Cujus</span> <span class='ocrx_word' id='word_1_496' title='bbox 2182 1710 2357 1776; x_wconf 80' lang='lat' dir='ltr'>factus</span> <span class='ocrx_word' id='word_1_497' title='bbox 2412 1726 2536 1763; x_wconf 87' lang='lat' dir='ltr'>sum</span> <span class='ocrx_word' id='word_1_498' title='bbox 2579 1726 2671 1779; x_wconf 88' lang='lat' dir='ltr'>ego</span> <span class='ocrx_word' id='word_1_499' title='bbox 2731 1711 3005 1780; x_wconf 80' lang='lat' dir='ltr'>Apostolus</span> <span class='ocrx_word' id='word_1_500' title='bbox 3034 1712 3239 1781; x_wconf 78' lang='lat'>(1228),</span> <span class='ocrx_word' id='word_1_501' title='bbox 3275 1720 3326 1766; x_wconf 91' lang='lat' dir='ltr'>et</span> <span class='ocrx_word' id='word_1_502' title='bbox 3355 1713 3531 1766; x_wconf 86' lang='lat' dir='ltr'>mini-</span> 
     </span>
    </p>
   </div>
   <div class='ocr_carea' id='block_1_69' title="bbox 1883 1797 3529 1869">
    <p class='ocr_par' dir='ltr' id='par_1_69' title="bbox 1883 1797 3529 1869">
     <span class='ocr_line' id='line_1_69' title="bbox 1883 1797 3529 1869; baseline 0.004 -21"><span class='ocrx_word' id='word_1_503' title='bbox 1883 1797 2012 1858; x_wconf 88' lang='lat' dir='ltr'>ster,</span> <span class='ocrx_word' id='word_1_504' title='bbox 2073 1798 2173 1865; x_wconf 84' lang='lat' dir='ltr'>qui</span> <span class='ocrx_word' id='word_1_505' title='bbox 2228 1814 2375 1850; x_wconf 85' lang='lat' dir='ltr'>nunc</span> <span class='ocrx_word' id='word_1_506' title='bbox 2430 1798 2634 1866; x_wconf 84' lang='lat' dir='ltr'>gaudeo</span> <span class='ocrx_word' id='word_1_507' title='bbox 2694 1800 2753 1852; x_wconf 86' lang='lat' dir='ltr'>in</span> <span class='ocrx_word' id='word_1_508' title='bbox 2812 1799 3158 1869; x_wconf 84' lang='lat' dir='ltr'>passionibus</span> <span class='ocrx_word' id='word_1_509' title='bbox 3210 1816 3307 1869; x_wconf 88' lang='lat' dir='ltr'>pro</span> <span class='ocrx_word' id='word_1_510' title='bbox 3363 1801 3529 1854; x_wconf 84' lang='lat' dir='ltr'>vobis.</span> 
     </span>
    </p>
   </div>
   <div class='ocr_carea' id='block_1_70' title="bbox 1889 1884 3532 1957">
    <p class='ocr_par' dir='ltr' id='par_1_70' title="bbox 1889 1884 3532 1957">
     <span class='ocr_line' id='line_1_70' title="bbox 1889 1884 3532 1957; baseline 0.005 -22"><span class='ocrx_word' id='word_1_511' title='bbox 1889 1885 1946 1936; x_wconf 92' lang='lat' dir='ltr'>In</span> <span class='ocrx_word' id='word_1_512' title='bbox 1985 1884 2481 1955; x_wconf 89' lang='lat' dir='ltr'>tribulationibus,</span> <span class='ocrx_word' id='word_1_513' title='bbox 2542 1904 2687 1957; x_wconf 87' lang='lat' dir='ltr'>quas</span> <span class='ocrx_word' id='word_1_514' title='bbox 2749 1888 3102 1957; x_wconf 89' lang='lat' dir='ltr'>patiebatur,</span> <span class='ocrx_word' id='word_1_515' title='bbox 3158 1887 3415 1942; x_wconf 87' lang='lat' dir='ltr'>exultare</span> <span class='ocrx_word' id='word_1_516' title='bbox 3470 1903 3532 1943; x_wconf 86' lang='lat' dir='ltr'>se</span> 
     </span>
    </p>
   </div>
   <div class='ocr_carea' id='block_1_71' title="bbox 1889 1973 3530 2045">
    <p class='ocr_par' dir='ltr' id='par_1_71' title="bbox 1889 1973 3530 2045">
     <span class='ocr_line' id='line_1_71' title="bbox 1889 1973 3530 2045; baseline 0.004 -20"><span class='ocrx_word' id='word_1_517' title='bbox 1889 1973 2119 2039; x_wconf 83' lang='lat' dir='ltr'>fatetur,</span> <span class='ocrx_word' id='word_1_518' title='bbox 2154 1974 2291 2044; x_wconf 90' lang='lat' dir='ltr'>quia</span> <span class='ocrx_word' id='word_1_519' title='bbox 2322 1976 2645 2045; x_wconf 90' lang='lat' dir='ltr'>profectum</span> <span class='ocrx_word' id='word_1_520' title='bbox 2679 1993 2852 2030; x_wconf 87' lang='lat' dir='ltr'>suum</span> <span class='ocrx_word' id='word_1_521' title='bbox 2884 1977 3039 2030; x_wconf 90' lang='lat' dir='ltr'>videt</span> <span class='ocrx_word' id='word_1_522' title='bbox 3064 1976 3121 2029; x_wconf 90' lang='lat' dir='ltr'>in</span> <span class='ocrx_word' id='word_1_523' title='bbox 3147 1977 3257 2030; x_wconf 86' lang='lat' dir='ltr'>[ide</span> <span class='ocrx_word' id='word_1_524' title='bbox 3286 1978 3530 2032; x_wconf 92' lang='lat' dir='ltr'>creden-</span> 
     </span>
    </p>
   </div>
   <div class='ocr_carea' id='block_1_72' title="bbox 1890 2061 3526 2134">
    <p class='ocr_par' dir='ltr' id='par_1_72' title="bbox 1890 2061 3526 2134">
     <span class='ocr_line' id='line_1_72' title="bbox 1890 2061 3526 2134; baseline 0.002 -19"><span class='ocrx_word' id='word_1_525' title='bbox 1890 2061 2059 2115; x_wconf 90' lang='lat' dir='ltr'>tium.</span> <span class='ocrx_word' id='word_1_526' title='bbox 2093 2062 2217 2115; x_wconf 86' lang='lat' dir='ltr'>Non</span> <span class='ocrx_word' id='word_1_527' title='bbox 2240 2068 2327 2117; x_wconf 89' lang='lat' dir='ltr'>est</span> <span class='ocrx_word' id='word_1_528' title='bbox 2357 2064 2513 2118; x_wconf 90' lang='lat' dir='ltr'>enim</span> <span class='ocrx_word' id='word_1_529' title='bbox 2539 2064 2730 2119; x_wconf 89' lang='lat' dir='ltr'>inanis</span> <span class='ocrx_word' id='word_1_530' title='bbox 2755 2064 3074 2133; x_wconf 86' lang='lat' dir='ltr'>tribulatio,</span> <span class='ocrx_word' id='word_1_531' title='bbox 3107 2065 3341 2134; x_wconf 88' lang='lat' dir='ltr'>quando</span> <span class='ocrx_word' id='word_1_532' title='bbox 3371 2082 3526 2133; x_wconf 90' lang='lat' dir='ltr'>eum,</span> 
     </span>
    </p>
   </div>
   <div class='ocr_carea' id='block_1_73' title="bbox 1886 2152 3530 2223">
    <p class='ocr_par' dir='ltr' id='par_1_73' title="bbox 1886 2152 3530 2223">
     <span class='ocr_line' id='line_1_73' title="bbox 1886 2152 3530 2223; baseline 0.003 -20"><span class='ocrx_word' id='word_1_533' title='bbox 1886 2167 1989 2221; x_wconf 91' lang='lat' dir='ltr'>pro</span> <span class='ocrx_word' id='word_1_534' title='bbox 2020 2166 2133 2220; x_wconf 91' lang='lat' dir='ltr'>quo</span> <span class='ocrx_word' id='word_1_535' title='bbox 2163 2154 2400 2221; x_wconf 83' lang='lat' dir='ltr'>patitur,</span> <span class='ocrx_word' id='word_1_536' title='bbox 2429 2153 2678 2223; x_wconf 88' lang='lat' dir='ltr'>acquirit</span> <span class='ocrx_word' id='word_1_537' title='bbox 2707 2152 2778 2206; x_wconf 89' lang='lat' dir='ltr'>ad</span> <span class='ocrx_word' id='word_1_538' title='bbox 2809 2152 3006 2207; x_wconf 87' lang='lat' dir='ltr'>vitam.</span> <span class='ocrx_word' id='word_1_539' title='bbox 3041 2154 3195 2217; x_wconf 88' lang='lat' dir='ltr'>Quas</span> <span class='ocrx_word' id='word_1_540' title='bbox 3230 2154 3530 2223; x_wconf 90' lang='lat' dir='ltr'>passiones</span> 
     </span>
    </p>
   </div>
   <div class='ocr_carea' id='block_1_74' title="bbox 1885 2239 3530 2313">
    <p class='ocr_par' dir='ltr' id='par_1_74' title="bbox 1885 2239 3530 2313">
     <span class='ocr_line' id='line_1_74' title="bbox 1885 2239 3530 2313; baseline 0.004 -22"><span class='ocrx_word' id='word_1_541' title='bbox 1885 2239 2113 2294; x_wconf 77' lang='lat' dir='ltr'>Christo</span> <span class='ocrx_word' id='word_1_542' title='bbox 2136 2239 2274 2293; x_wconf 91' lang='lat' dir='ltr'>dicit</span> <span class='ocrx_word' id='word_1_543' title='bbox 2303 2240 2523 2309; x_wconf 83' lang='lat' dir='ltr'>inferri,</span> <span class='ocrx_word' id='word_1_544' title='bbox 2558 2243 2725 2309; x_wconf 90' lang='lat' dir='ltr'>cujus</span> <span class='ocrx_word' id='word_1_545' title='bbox 2750 2242 2951 2312; x_wconf 88' lang='lat' dir='ltr'>utique</span> <span class='ocrx_word' id='word_1_546' title='bbox 2980 2242 3305 2297; x_wconf 89' lang='lat' dir='ltr'>doctrinam</span> <span class='ocrx_word' id='word_1_547' title='bbox 3336 2258 3530 2313; x_wconf 89' lang='lat' dir='ltr'>perse-</span> 
     </span>
    </p>
   </div>
   <div class='ocr_carea' id='block_1_75' title="bbox 1888 2328 3530 2400">
    <p class='ocr_par' dir='ltr' id='par_1_75' title="bbox 1888 2328 3530 2400">
     <span class='ocr_line' id='line_1_75' title="bbox 1888 2328 3530 2400; baseline 0.002 -21"><span class='ocrx_word' id='word_1_548' title='bbox 1888 2333 2165 2397; x_wconf 91' lang='lat' dir='ltr'>quuntur,</span> <span class='ocrx_word' id='word_1_549' title='bbox 2220 2333 2282 2381; x_wconf 91' lang='lat' dir='ltr'>ut</span> <span class='ocrx_word' id='word_1_550' title='bbox 2316 2328 2565 2397; x_wconf 80' lang='lat' dir='ltr'>perfidos</span> <span class='ocrx_word' id='word_1_551' title='bbox 2596 2333 2793 2399; x_wconf 88' lang='lat' dir='ltr'>gravet</span> <span class='ocrx_word' id='word_1_552' title='bbox 2821 2329 3139 2400; x_wconf 89' lang='lat' dir='ltr'>impietatis</span> <span class='ocrx_word' id='word_1_553' title='bbox 3175 2347 3295 2384; x_wconf 66' lang='lat' dir='ltr'>suae</span> <span class='ocrx_word' id='word_1_554' title='bbox 3348 2332 3530 2400; x_wconf 81' lang='grc'>(1259)</span> 
     </span>
    </p>
   </div>
   <div class='ocr_carea' id='block_1_76' title="bbox 1889 2415 3530 2487">
    <p class='ocr_par' dir='ltr' id='par_1_76' title="bbox 1889 2415 3530 2487">
     <span class='ocr_line' id='line_1_76' title="bbox 1889 2415 3530 2487; baseline 0.004 -19"><span class='ocrx_word' id='word_1_555' title='bbox 1889 2415 2249 2478; x_wconf 75' lang='lat' dir='ltr'>crudelitate,</span> <span class='ocrx_word' id='word_1_556' title='bbox 2284 2422 2339 2470; x_wconf 86' lang='lat' dir='ltr'>et</span> <span class='ocrx_word' id='word_1_557' title='bbox 2385 2416 2653 2471; x_wconf 87' lang='lat' dir='ltr'>tidelibus</span> <span class='ocrx_word' id='word_1_558' title='bbox 2712 2418 2808 2471; x_wconf 90' lang='lat' dir='ltr'>Dei</span> <span class='ocrx_word' id='word_1_559' title='bbox 2852 2418 3122 2487; x_wconf 68' lang='lat' dir='ltr'>praedicet</span> <span class='ocrx_word' id='word_1_560' title='bbox 3164 2418 3530 2485; x_wconf 87' lang='lat' dir='ltr'>charitatem,</span> 
     </span>
    </p>
   </div>
   <div class='ocr_carea' id='block_1_77' title="bbox 1889 2504 3525 2578">
    <p class='ocr_par' dir='ltr' id='par_1_77' title="bbox 1889 2504 3525 2578">
     <span class='ocr_line' id='line_1_77' title="bbox 1889 2504 3525 2578; baseline 0.003 -20"><span class='ocrx_word' id='word_1_561' title='bbox 1889 2506 2057 2573; x_wconf 86' lang='lat' dir='ltr'>cujus</span> <span class='ocrx_word' id='word_1_562' title='bbox 2089 2504 2270 2559; x_wconf 86' lang='lat' dir='ltr'>Filius</span> <span class='ocrx_word' id='word_1_563' title='bbox 2302 2522 2453 2559; x_wconf 88' lang='lat' dir='ltr'>nunc</span> <span class='ocrx_word' id='word_1_564' title='bbox 2486 2505 2935 2576; x_wconf 90' lang='lat' dir='ltr'>usqueinjurias</span> <span class='ocrx_word' id='word_1_565' title='bbox 2958 2507 3177 2577; x_wconf 88' lang='lat' dir='ltr'>patitur</span> <span class='ocrx_word' id='word_1_566' title='bbox 3200 2524 3303 2578; x_wconf 91' lang='lat' dir='ltr'>pro</span> <span class='ocrx_word' id='word_1_567' title='bbox 3337 2508 3525 2563; x_wconf 88' lang='lat' dir='ltr'>nobis.</span> 
     </span>
    </p>
   </div>
   <div class='ocr_carea' id='block_1_78' title="bbox 1959 2594 3535 2667">
    <p class='ocr_par' dir='ltr' id='par_1_78' title="bbox 1959 2594 3535 2667">
     <span class='ocr_line' id='line_1_78' title="bbox 1959 2594 3535 2667; baseline 0.003 -20"><span class='ocrx_word' id='word_1_568' title='bbox 1959 2596 2034 2647; x_wconf 72' lang='lat' dir='ltr'>Et</span> <span class='ocrx_word' id='word_1_569' title='bbox 2064 2594 2331 2665; x_wconf 85' lang='lat' dir='ltr'>adimpleo</span> <span class='ocrx_word' id='word_1_570' title='bbox 2360 2610 2443 2662; x_wconf 88' lang='lat' dir='ltr'>ea,</span> <span class='ocrx_word' id='word_1_571' title='bbox 2493 2610 2616 2666; x_wconf 69' lang='lat' dir='ltr'>qua:</span> <span class='ocrx_word' id='word_1_572' title='bbox 2663 2594 2859 2649; x_wconf 79' lang='lat' dir='ltr'>desunt</span> <span class='ocrx_word' id='word_1_573' title='bbox 2884 2598 3209 2667; x_wconf 86' lang='lat' dir='ltr'>passionum</span> <span class='ocrx_word' id='word_1_574' title='bbox 3242 2596 3445 2651; x_wconf 77' lang='lat' dir='ltr'>Christi</span> <span class='ocrx_word' id='word_1_575' title='bbox 3474 2598 3535 2651; x_wconf 85' lang='lat' dir='ltr'>in</span> 
     </span>
    </p>
   </div>
   <div class='ocr_carea' id='block_1_79' title="bbox 1888 2684 3530 2755">
    <p class='ocr_par' dir='ltr' id='par_1_79' title="bbox 1888 2684 3530 2755">
     <span class='ocr_line' id='line_1_79' title="bbox 1888 2684 3530 2755; baseline 0.001 -18"><span class='ocrx_word' id='word_1_576' title='bbox 1888 2699 2055 2737; x_wconf 85' lang='lat' dir='ltr'>carne</span> <span class='ocrx_word' id='word_1_577' title='bbox 2114 2699 2252 2748; x_wconf 85' lang='lat' dir='ltr'>mea,</span> <span class='ocrx_word' id='word_1_578' title='bbox 2306 2700 2408 2753; x_wconf 87' lang='lat' dir='ltr'>pro</span> <span class='ocrx_word' id='word_1_579' title='bbox 2464 2699 2690 2754; x_wconf 80' lang='lat' dir='ltr'>corpore</span> <span class='ocrx_word' id='word_1_580' title='bbox 2745 2687 2883 2753; x_wconf 87' lang='lat' dir='ltr'>ejus,</span> <span class='ocrx_word' id='word_1_581' title='bbox 2942 2684 3081 2755; x_wconf 90' lang='lat' dir='ltr'>quod</span> <span class='ocrx_word' id='word_1_582' title='bbox 3136 2688 3212 2739; x_wconf 89' lang='lat' dir='ltr'>est</span> <span class='ocrx_word' id='word_1_583' title='bbox 3268 2686 3530 2739; x_wconf 82' lang='lat' dir='ltr'>Ecclesia.</span> 
     </span>
    </p>
   </div>
   <div class='ocr_carea' id='block_1_80' title="bbox 1889 2772 3532 2829">
    <p class='ocr_par' dir='ltr' id='par_1_80' title="bbox 1889 2772 3532 2829">
     <span class='ocr_line' id='line_1_80' title="bbox 1889 2772 3532 2829; baseline 0.002 -3"><span class='ocrx_word' id='word_1_584' title='bbox 1889 2773 1959 2826; x_wconf 86' lang='lat' dir='ltr'>Et</span> <span class='ocrx_word' id='word_1_585' title='bbox 1985 2777 2071 2826; x_wconf 88' lang='lat' dir='ltr'>est</span> <span class='ocrx_word' id='word_1_586' title='bbox 2103 2789 2348 2826; x_wconf 84' lang='lat' dir='ltr'>sensus:</span> <span class='ocrx_word' id='word_1_587' title='bbox 2382 2772 2653 2827; x_wconf 90' lang='lat' dir='ltr'>Christus</span> <span class='ocrx_word' id='word_1_588' title='bbox 2686 2790 2717 2827; x_wconf 85' lang='lat' dir='ltr'>a</span> <span class='ocrx_word' id='word_1_589' title='bbox 2740 2772 2880 2827; x_wconf 90' lang='lat' dir='ltr'>solis</span> <span class='ocrx_word' id='word_1_590' title='bbox 2910 2773 3129 2827; x_wconf 69' lang='lat' dir='ltr'>Judazis</span> <span class='ocrx_word' id='word_1_591' title='bbox 3154 2775 3443 2829; x_wconf 89' lang='lat' dir='ltr'>adductus</span> <span class='ocrx_word' id='word_1_592' title='bbox 3461 2775 3532 2828; x_wconf 89' lang='lat' dir='ltr'>ad</span> 
     </span>
    </p>
   </div>
   <div class='ocr_carea' id='block_1_81' title="bbox 1892 2861 3535 2933">
    <p class='ocr_par' dir='ltr' id='par_1_81' title="bbox 1892 2861 3535 2933">
     <span class='ocr_line' id='line_1_81' title="bbox 1892 2861 3535 2933; baseline 0.002 -19"><span class='ocrx_word' id='word_1_593' title='bbox 1892 2866 2137 2915; x_wconf 89' lang='lat' dir='ltr'>mortem</span> <span class='ocrx_word' id='word_1_594' title='bbox 2171 2866 2259 2914; x_wconf 88' lang='lat' dir='ltr'>est</span> <span class='ocrx_word' id='word_1_595' title='bbox 2292 2878 2304 2926; x_wconf 91' lang='lat'><strong>;</strong></span> <span class='ocrx_word' id='word_1_596' title='bbox 2336 2877 2440 2930; x_wconf 87' lang='lat' dir='ltr'>ego</span> <span class='ocrx_word' id='word_1_597' title='bbox 2474 2879 2575 2930; x_wconf 93' lang='lat' dir='ltr'>pro</span> <span class='ocrx_word' id='word_1_598' title='bbox 2611 2861 2863 2916; x_wconf 87' lang='lat' dir='ltr'>Ecclesia</span> <span class='ocrx_word' id='word_1_599' title='bbox 2894 2863 3042 2931; x_wconf 84' lang='lat' dir='ltr'>ejus,</span> <span class='ocrx_word' id='word_1_600' title='bbox 3076 2867 3131 2917; x_wconf 90' lang='lat' dir='ltr'>et</span> <span class='ocrx_word' id='word_1_601' title='bbox 3163 2880 3196 2916; x_wconf 87' lang='lat' dir='ltr'>a</span> <span class='ocrx_word' id='word_1_602' title='bbox 3222 2862 3459 2933; x_wconf 71' lang='lat' dir='ltr'>Judazis,</span> <span class='ocrx_word' id='word_1_603' title='bbox 3479 2867 3535 2917; x_wconf 88' lang='lat' dir='ltr'>et</span> 
     </span>
    </p>
   </div>
   <div class='ocr_carea' id='block_1_82' title="bbox 1892 2948 3533 3020">
    <p class='ocr_par' dir='ltr' id='par_1_82' title="bbox 1892 2948 3533 3020">
     <span class='ocr_line' id='line_1_82' title="bbox 1892 2948 3533 3020; baseline 0.002 -18"><span class='ocrx_word' id='word_1_604' title='bbox 1892 2967 1925 3002; x_wconf 88' lang='lat' dir='ltr'>a</span> <span class='ocrx_word' id='word_1_605' title='bbox 1955 2948 2247 3017; x_wconf 85' lang='lat' dir='ltr'>gentibus.</span> <span class='ocrx_word' id='word_1_606' title='bbox 2283 2949 2549 3003; x_wconf 79' lang='lat' dir='ltr'>Christus</span> <span class='ocrx_word' id='word_1_607' title='bbox 2582 2949 2877 3003; x_wconf 88' lang='lat' dir='ltr'>inchoavit</span> <span class='ocrx_word' id='word_1_608' title='bbox 2908 2952 3259 3020; x_wconf 89' lang='lat' dir='ltr'>passionem,</span> <span class='ocrx_word' id='word_1_609' title='bbox 3282 2969 3397 3007; x_wconf 93' lang='lat' dir='ltr'>non</span> <span class='ocrx_word' id='word_1_610' title='bbox 3423 2952 3533 3005; x_wconf 87' lang='lat' dir='ltr'>im-</span> 
     </span>
    </p>
   </div>
   <div class='ocr_carea' id='block_1_83' title="bbox 1892 3036 3533 3107">
    <p class='ocr_par' dir='ltr' id='par_1_83' title="bbox 1892 3036 3533 3107">
     <span class='ocr_line' id='line_1_83' title="bbox 1892 3036 3533 3107; baseline 0.004 -18"><span class='ocrx_word' id='word_1_611' title='bbox 1892 3037 2068 3107; x_wconf 89' lang='lat' dir='ltr'>plevit</span> <span class='ocrx_word' id='word_1_612' title='bbox 2095 3054 2106 3101; x_wconf 94' lang='lat'>;</span> <span class='ocrx_word' id='word_1_613' title='bbox 2143 3037 2241 3090; x_wconf 88' lang='lat' dir='ltr'>sed</span> <span class='ocrx_word' id='word_1_614' title='bbox 2274 3036 2331 3089; x_wconf 92' lang='lat' dir='ltr'>in</span> <span class='ocrx_word' id='word_1_615' title='bbox 2367 3054 2605 3107; x_wconf 89' lang='lat' dir='ltr'>corpore</span> <span class='ocrx_word' id='word_1_616' title='bbox 2628 3055 2752 3105; x_wconf 91' lang='lat' dir='ltr'>suo,</span> <span class='ocrx_word' id='word_1_617' title='bbox 2789 3038 2843 3091; x_wconf 89' lang='lat' dir='ltr'>id</span> <span class='ocrx_word' id='word_1_618' title='bbox 2878 3044 2987 3103; x_wconf 91' lang='lat' dir='ltr'>est,</span> <span class='ocrx_word' id='word_1_619' title='bbox 3020 3040 3076 3093; x_wconf 93' lang='lat' dir='ltr'>in</span> <span class='ocrx_word' id='word_1_620' title='bbox 3108 3040 3363 3095; x_wconf 77' lang='lat' dir='ltr'>Ecclesia</span> <span class='ocrx_word' id='word_1_621' title='bbox 3379 3056 3533 3095; x_wconf 87' lang='lat' dir='ltr'>nunc</span> 
     </span>
    </p>
   </div>
   <div class='ocr_carea' id='block_1_84' title="bbox 1893 3124 3531 3196">
    <p class='ocr_par' dir='ltr' id='par_1_84' title="bbox 1893 3124 3531 3196">
     <span class='ocr_line' id='line_1_84' title="bbox 1893 3124 3531 3196; baseline 0.004 -18"><span class='ocrx_word' id='word_1_622' title='bbox 1893 3124 2264 3196; x_wconf 89' lang='lat' dir='ltr'>adimpletur,</span> <span class='ocrx_word' id='word_1_623' title='bbox 2297 3126 2437 3179; x_wconf 89' lang='lat' dir='ltr'>dum</span> <span class='ocrx_word' id='word_1_624' title='bbox 2458 3143 2560 3195; x_wconf 90' lang='lat' dir='ltr'>pro</span> <span class='ocrx_word' id='word_1_625' title='bbox 2581 3126 2742 3181; x_wconf 85' lang='lat' dir='ltr'>vobis</span> <span class='ocrx_word' id='word_1_626' title='bbox 2771 3126 3043 3196; x_wconf 89' lang='lat' dir='ltr'>patimur,</span> <span class='ocrx_word' id='word_1_627' title='bbox 3073 3133 3137 3181; x_wconf 89' lang='lat' dir='ltr'>ut</span> <span class='ocrx_word' id='word_1_628' title='bbox 3164 3146 3264 3183; x_wconf 90' lang='lat' dir='ltr'>vos</span> <span class='ocrx_word' id='word_1_629' title='bbox 3287 3130 3531 3183; x_wconf 73' lang='lat' dir='ltr'>mdifice-</span> 
     </span>
    </p>
   </div>
   <div class='ocr_carea' id='block_1_85' title="bbox 1894 3213 3534 3289">
    <p class='ocr_par' dir='ltr' id='par_1_85' title="bbox 1894 3213 3534 3289">
     <span class='ocr_line' id='line_1_85' title="bbox 1894 3213 3534 3289; baseline 0.002 -21"><span class='ocrx_word' id='word_1_630' title='bbox 1894 3231 2051 3279; x_wconf 90' lang='lat' dir='ltr'>mus,</span> <span class='ocrx_word' id='word_1_631' title='bbox 2084 3214 2236 3267; x_wconf 90' lang='lat' dir='ltr'>sicut</span> <span class='ocrx_word' id='word_1_632' title='bbox 2264 3218 2322 3267; x_wconf 92' lang='lat' dir='ltr'>et</span> <span class='ocrx_word' id='word_1_633' title='bbox 2352 3213 2467 3279; x_wconf 90' lang='lat' dir='ltr'>ille,</span> <span class='ocrx_word' id='word_1_634' title='bbox 2501 3215 2600 3284; x_wconf 91' lang='lat' dir='ltr'>qui</span> <span class='ocrx_word' id='word_1_635' title='bbox 2637 3214 2792 3285; x_wconf 90' lang='lat' dir='ltr'>prior</span> <span class='ocrx_word' id='word_1_636' title='bbox 2817 3232 3027 3286; x_wconf 88' lang='lat' dir='ltr'>passus</span> <span class='ocrx_word' id='word_1_637' title='bbox 3060 3222 3166 3281; x_wconf 89' lang='lat' dir='ltr'>est,</span> <span class='ocrx_word' id='word_1_638' title='bbox 3199 3216 3534 3289; x_wconf 88' lang='lat' dir='ltr'>relinquens</span> 
     </span>
    </p>
   </div>
   <div class='ocr_carea' id='block_1_86' title="bbox 1813 3287 3337 3376">
    <p class='ocr_par' dir='ltr' id='par_1_86' title="bbox 1813 3287 3337 3376">
     <span class='ocr_line' id='line_1_86' title="bbox 1813 3287 3337 3376; baseline 0.004 -23"><span class='ocrx_word' id='word_1_639' title='bbox 1813 3287 1854 3353; x_wconf 89' lang='lat' dir='ltr'>C</span> <span class='ocrx_word' id='word_1_640' title='bbox 1894 3302 2061 3357; x_wconf 91' lang='lat' dir='ltr'>nobis</span> <span class='ocrx_word' id='word_1_641' title='bbox 2093 3301 2443 3373; x_wconf 84' lang='lat' dir='ltr'>exemplum,</span> <span class='ocrx_word' id='word_1_642' title='bbox 2481 3308 2543 3356; x_wconf 91' lang='lat' dir='ltr'>ut</span> <span class='ocrx_word' id='word_1_643' title='bbox 2575 3320 2891 3374; x_wconf 88' lang='lat' dir='ltr'>sequamur</span> <span class='ocrx_word' id='word_1_644' title='bbox 2918 3305 3162 3376; x_wconf 87' lang='lat' dir='ltr'>vestigia</span> <span class='ocrx_word' id='word_1_645' title='bbox 3192 3308 3337 3375; x_wconf 87' lang='lat' dir='ltr'>ejus.</span> 
     </span>
    </p>
   </div>
   <div class='ocr_carea' id='block_1_87' title="bbox 1960 3392 3534 3464">
    <p class='ocr_par' dir='ltr' id='par_1_87' title="bbox 1960 3392 3534 3464">
     <span class='ocr_line' id='line_1_87' title="bbox 1960 3392 3534 3464; baseline 0.002 -19"><span class='ocrx_word' id='word_1_646' title='bbox 1960 3392 2123 3458; x_wconf 81' lang='lat' dir='ltr'>Cuius</span> <span class='ocrx_word' id='word_1_647' title='bbox 2151 3393 2331 3461; x_wconf 83' lang='lat' dir='ltr'>factus</span> <span class='ocrx_word' id='word_1_648' title='bbox 2373 3408 2493 3444; x_wconf 76' lang='lat' dir='ltr'>sum</span> <span class='ocrx_word' id='word_1_649' title='bbox 2523 3408 2618 3461; x_wconf 86' lang='lat' dir='ltr'>ego</span> <span class='ocrx_word' id='word_1_650' title='bbox 2637 3394 2896 3447; x_wconf 83' lang='lat' dir='ltr'>minister</span> <span class='ocrx_word' id='word_1_651' title='bbox 2919 3394 3215 3447; x_wconf 81' lang='lat' dir='ltr'>secundum</span> <span class='ocrx_word' id='word_1_652' title='bbox 3237 3395 3534 3464; x_wconf 81' lang='lat' dir='ltr'>dispensa-</span> 
     </span>
    </p>
   </div>
   <div class='ocr_carea' id='block_1_88' title="bbox 1888 3482 3530 3551">
    <p class='ocr_par' dir='ltr' id='par_1_88' title="bbox 1888 3482 3530 3551">
     <span class='ocr_line' id='line_1_88' title="bbox 1888 3482 3530 3551; baseline 0.001 -16"><span class='ocrx_word' id='word_1_653' title='bbox 1888 3484 2089 3535; x_wconf 83' lang='lat' dir='ltr'>tionem</span> <span class='ocrx_word' id='word_1_654' title='bbox 2120 3482 2235 3547; x_wconf 83' lang='lat' dir='ltr'>Dei,</span> <span class='ocrx_word' id='word_1_655' title='bbox 2267 3498 2337 3551; x_wconf 89' lang='lat' dir='ltr'>qu</span> <span class='ocrx_word' id='word_1_656' title='bbox 2362 3498 2407 3534; x_wconf 72' lang='lat'>83</span> <span class='ocrx_word' id='word_1_657' title='bbox 2437 3482 2569 3535; x_wconf 82' lang='lat' dir='ltr'>data</span> <span class='ocrx_word' id='word_1_658' title='bbox 2598 3486 2675 3534; x_wconf 88' lang='lat' dir='ltr'>est</span> <span class='ocrx_word' id='word_1_659' title='bbox 2705 3482 2851 3535; x_wconf 83' lang='lat' dir='ltr'>mihi</span> <span class='ocrx_word' id='word_1_660' title='bbox 2880 3485 2937 3536; x_wconf 87' lang='lat' dir='ltr'>in</span> <span class='ocrx_word' id='word_1_661' title='bbox 2981 3483 3145 3536; x_wconf 86' lang='lat' dir='ltr'>vobis.</span> <span class='ocrx_word' id='word_1_662' title='bbox 3195 3482 3530 3537; x_wconf 88' lang='lat' dir='ltr'>Ministrum</span> 
     </span>
    </p>
   </div>
   <div class='ocr_carea' id='block_1_89' title="bbox 1888 3570 3536 3642">
    <p class='ocr_par' dir='ltr' id='par_1_89' title="bbox 1888 3570 3536 3642">
     <span class='ocr_line' id='line_1_89' title="bbox 1888 3570 3536 3642; baseline 0.001 -19"><span class='ocrx_word' id='word_1_663' title='bbox 1888 3572 2107 3625; x_wconf 84' lang='lat' dir='ltr'>factum</span> <span class='ocrx_word' id='word_1_664' title='bbox 2142 3587 2269 3624; x_wconf 88' lang='lat' dir='ltr'>esse</span> <span class='ocrx_word' id='word_1_665' title='bbox 2329 3586 2389 3625; x_wconf 89' lang='lat' dir='ltr'>se</span> <span class='ocrx_word' id='word_1_666' title='bbox 2421 3570 2713 3641; x_wconf 79' lang='lat' dir='ltr'>Evangelii</span> <span class='ocrx_word' id='word_1_667' title='bbox 2756 3571 2906 3626; x_wconf 91' lang='lat' dir='ltr'>inter</span> <span class='ocrx_word' id='word_1_668' title='bbox 2965 3576 3164 3642; x_wconf 83' lang='lat' dir='ltr'>gentes</span> <span class='ocrx_word' id='word_1_669' title='bbox 3223 3589 3257 3626; x_wconf 88' lang='lat' dir='ltr'>a</span> <span class='ocrx_word' id='word_1_670' title='bbox 3287 3571 3403 3626; x_wconf 88' lang='lat' dir='ltr'>Deo</span> <span class='ocrx_word' id='word_1_671' title='bbox 3434 3588 3536 3642; x_wconf 92' lang='lat' dir='ltr'>per</span> 
     </span>
    </p>
   </div>
   <div class='ocr_carea' id='block_1_90' title="bbox 1887 3658 3530 3732">
    <p class='ocr_par' dir='ltr' id='par_1_90' title="bbox 1887 3658 3530 3732">
     <span class='ocr_line' id='line_1_90' title="bbox 1887 3658 3530 3732; baseline 0.001 -18"><span class='ocrx_word' id='word_1_672' title='bbox 1887 3660 2183 3714; x_wconf 88' lang='lat' dir='ltr'>Christum</span> <span class='ocrx_word' id='word_1_673' title='bbox 2221 3676 2351 3713; x_wconf 89' lang='lat' dir='ltr'>cum</span> <span class='ocrx_word' id='word_1_674' title='bbox 2394 3660 2605 3713; x_wconf 80' lang='lat' dir='ltr'>fiducia</span> <span class='ocrx_word' id='word_1_675' title='bbox 2636 3658 2917 3730; x_wconf 91' lang='lat' dir='ltr'>loquitur,</span> <span class='ocrx_word' id='word_1_676' title='bbox 2952 3665 3015 3714; x_wconf 91' lang='lat' dir='ltr'>ut</span> <span class='ocrx_word' id='word_1_677' title='bbox 3044 3660 3390 3732; x_wconf 82' lang='lat' dir='ltr'>mysterium</span> <span class='ocrx_word' id='word_1_678' title='bbox 3419 3678 3530 3715; x_wconf 66' lang='lat' dir='ltr'>coa-</span> 
     </span>
    </p>
   </div>
   <div class='ocr_carea' id='block_1_91' title="bbox 1888 3748 3528 3819">
    <p class='ocr_par' dir='ltr' id='par_1_91' title="bbox 1888 3748 3528 3819">
     <span class='ocr_line' id='line_1_91' title="bbox 1888 3748 3528 3819; baseline 0.001 -16"><span class='ocrx_word' id='word_1_679' title='bbox 1888 3754 2053 3819; x_wconf 84' lang='lat' dir='ltr'>ptum</span> <span class='ocrx_word' id='word_1_680' title='bbox 2087 3766 2119 3802; x_wconf 93' lang='lat' dir='ltr'>a</span> <span class='ocrx_word' id='word_1_681' title='bbox 2151 3748 2417 3813; x_wconf 90' lang='lat' dir='ltr'>Domino,</span> <span class='ocrx_word' id='word_1_682' title='bbox 2478 3765 2580 3818; x_wconf 90' lang='lat' dir='ltr'>per</span> <span class='ocrx_word' id='word_1_683' title='bbox 2632 3748 2907 3804; x_wconf 87' lang='lat' dir='ltr'>idoneum</span> <span class='ocrx_word' id='word_1_684' title='bbox 2964 3750 3259 3805; x_wconf 77' lang='lat' dir='ltr'>efficacem</span> <span class='ocrx_word' id='word_1_685' title='bbox 3293 3766 3528 3812; x_wconf 86' lang='lat' dir='ltr'>servum</span> 
     </span>
    </p>
   </div>
   <div class='ocr_carea' id='block_1_92' title="bbox 1887 3836 3528 3908">
    <p class='ocr_par' dir='ltr' id='par_1_92' title="bbox 1887 3836 3528 3908">
     <span class='ocr_line' id='line_1_92' title="bbox 1887 3836 3528 3908; baseline -0.001 -16"><span class='ocrx_word' id='word_1_686' title='bbox 1887 3836 2335 3908; x_wconf 89' lang='lat' dir='ltr'>possitimpleri,</span> <span class='ocrx_word' id='word_1_687' title='bbox 2356 3837 2509 3905; x_wconf 92' lang='lat' dir='ltr'>quod</span> <span class='ocrx_word' id='word_1_688' title='bbox 2532 3836 2796 3907; x_wconf 89' lang='lat' dir='ltr'>ignotum</span> <span class='ocrx_word' id='word_1_689' title='bbox 2814 3839 2922 3892; x_wconf 90' lang='lat' dir='ltr'>fuit</span> <span class='ocrx_word' id='word_1_690' title='bbox 2954 3856 2987 3892; x_wconf 90' lang='lat' dir='ltr'>a</span> <span class='ocrx_word' id='word_1_691' title='bbox 3013 3839 3257 3894; x_wconf 71' lang='lat' dir='ltr'>saeculis.</span> <span class='ocrx_word' id='word_1_692' title='bbox 3275 3838 3528 3892; x_wconf 88' lang='lat' dir='ltr'>Etmini-</span> 
     </span>
    </p>
   </div>
   <div class='ocr_carea' id='block_1_93' title="bbox 1886 3925 3526 3999">
    <p class='ocr_par' dir='ltr' id='par_1_93' title="bbox 1886 3925 3526 3999">
     <span class='ocr_line' id='line_1_93' title="bbox 1886 3925 3526 3999; baseline 0 -20"><span class='ocrx_word' id='word_1_693' title='bbox 1886 3931 2073 3980; x_wconf 88' lang='lat' dir='ltr'>strum</span> <span class='ocrx_word' id='word_1_694' title='bbox 2106 3942 2167 3980; x_wconf 90' lang='lat' dir='ltr'>se</span> <span class='ocrx_word' id='word_1_695' title='bbox 2199 3925 2346 3979; x_wconf 82' lang='lat' dir='ltr'>sacri</span> <span class='ocrx_word' id='word_1_696' title='bbox 2381 3925 2671 3995; x_wconf 86' lang='lat' dir='ltr'>Evangelii</span> <span class='ocrx_word' id='word_1_697' title='bbox 2706 3926 3094 3995; x_wconf 87' lang='lat' dir='ltr'>factumdicit,</span> <span class='ocrx_word' id='word_1_698' title='bbox 3122 3945 3235 3982; x_wconf 91' lang='lat' dir='ltr'>non</span> <span class='ocrx_word' id='word_1_699' title='bbox 3268 3927 3526 3999; x_wconf 76' lang='lat' dir='ltr'>qualem:-</span> 
     </span>
    </p>
   </div>
   <div class='ocr_carea' id='block_1_94' title="bbox 1883 4013 3524 4085">
    <p class='ocr_par' dir='ltr' id='par_1_94' title="bbox 1883 4013 3524 4085">
     <span class='ocr_line' id='line_1_94' title="bbox 1883 4013 3524 4085; baseline 0 -15"><span class='ocrx_word' id='word_1_700' title='bbox 1883 4030 2137 4085; x_wconf 84' lang='lat' dir='ltr'>cunque,</span> <span class='ocrx_word' id='word_1_701' title='bbox 2168 4014 2269 4067; x_wconf 86' lang='lat' dir='ltr'>sed</span> <span class='ocrx_word' id='word_1_702' title='bbox 2290 4013 2591 4082; x_wconf 88' lang='lat' dir='ltr'>dequibus</span> <span class='ocrx_word' id='word_1_703' title='bbox 2616 4014 2893 4066; x_wconf 88' lang='lat' dir='ltr'>Dominus</span> <span class='ocrx_word' id='word_1_704' title='bbox 2912 4015 3131 4069; x_wconf 82' lang='lat' dir='ltr'>dixerat</span> <span class='ocrx_word' id='word_1_705' title='bbox 3157 4018 3524 4085; x_wconf 83' lang='lat' dir='ltr'>:Quis,putas,</span> 
     </span>
    </p>
   </div>
   <div class='ocr_carea' id='block_1_95' title="bbox 1881 4101 3525 4173">
    <p class='ocr_par' dir='ltr' id='par_1_95' title="bbox 1881 4101 3525 4173">
     <span class='ocr_line' id='line_1_95' title="bbox 1881 4101 3525 4173; baseline 0 -15"><span class='ocrx_word' id='word_1_706' title='bbox 1881 4109 1958 4159; x_wconf 85' lang='lat' dir='ltr'>est</span> <span class='ocrx_word' id='word_1_707' title='bbox 1990 4102 2166 4173; x_wconf 85' lang='lat' dir='ltr'>ﬁdelis</span> <span class='ocrx_word' id='word_1_708' title='bbox 2195 4117 2402 4167; x_wconf 80' lang='lat' dir='ltr'>servus,</span> <span class='ocrx_word' id='word_1_709' title='bbox 2428 4110 2480 4154; x_wconf 90' lang='lat' dir='ltr'>et</span> <span class='ocrx_word' id='word_1_710' title='bbox 2494 4101 2753 4170; x_wconf 81' lang='lat' dir='ltr'>prudens,</span> <span class='ocrx_word' id='word_1_711' title='bbox 2778 4119 2937 4171; x_wconf 88' lang='lat' dir='ltr'>quem</span> <span class='ocrx_word' id='word_1_712' title='bbox 2953 4104 3233 4157; x_wconf 85' lang='lat' dir='ltr'>constituit</span> <span class='ocrx_word' id='word_1_713' title='bbox 3264 4105 3525 4158; x_wconf 87' lang='lat' dir='ltr'>Dominus</span> 
     </span>
    </p>
   </div>
   <div class='ocr_carea' id='block_1_96' title="bbox 1881 4190 3524 4264">
    <p class='ocr_par' dir='ltr' id='par_1_96' title="bbox 1881 4190 3524 4264">
     <span class='ocr_line' id='line_1_96' title="bbox 1881 4190 3524 4264; baseline -0.001 -16"><span class='ocrx_word' id='word_1_714' title='bbox 1881 4209 2045 4264; x_wconf 81' lang='lat' dir='ltr'>super</span> <span class='ocrx_word' id='word_1_715' title='bbox 2074 4192 2353 4261; x_wconf 80' lang='lat' dir='ltr'>familiam</span> <span class='ocrx_word' id='word_1_716' title='bbox 2380 4206 2553 4259; x_wconf 87' lang='lat' dir='ltr'>suam,</span> <span class='ocrx_word' id='word_1_717' title='bbox 2586 4196 2647 4243; x_wconf 86' lang='lat' dir='ltr'>ut</span> <span class='ocrx_word' id='word_1_718' title='bbox 2703 4190 2790 4245; x_wconf 84' lang='lat' dir='ltr'>det</span> <span class='ocrx_word' id='word_1_719' title='bbox 2824 4192 2936 4246; x_wconf 87' lang='lat' dir='ltr'>illis</span> <span class='ocrx_word' id='word_1_720' title='bbox 2984 4193 3040 4244; x_wconf 88' lang='lat' dir='ltr'>in</span> <span class='ocrx_word' id='word_1_721' title='bbox 3073 4200 3313 4259; x_wconf 86' lang='lat' dir='ltr'>tempore</span> <span class='ocrx_word' id='word_1_722' title='bbox 3344 4193 3524 4246; x_wconf 84' lang='lat' dir='ltr'>tritici</span> 
     </span>
    </p>
   </div>
   <div class='ocr_carea' id='block_1_97' title="bbox 1882 4279 3519 4352">
    <p class='ocr_par' dir='ltr' id='par_1_97' title="bbox 1882 4279 3519 4352">
     <span class='ocr_line' id='line_1_97' title="bbox 1882 4279 3519 4352; baseline -0.001 -15"><span class='ocrx_word' id='word_1_723' title='bbox 1882 4298 2195 4337; x_wconf 86' lang='lat' dir='ltr'>mensuram</span> <span class='ocrx_word' id='word_1_724' title='bbox 2221 4281 2355 4347; x_wconf 83' lang='lat' dir='ltr'>(Luc</span> <span class='ocrx_word' id='word_1_725' title='bbox 2383 4297 2480 4346; x_wconf 79' lang='lat' dir='ltr'>xu,</span> <span class='ocrx_word' id='word_1_726' title='bbox 2516 4280 2624 4350; x_wconf 77' lang='grc'>42).</span> <span class='ocrx_word' id='word_1_727' title='bbox 2661 4281 2727 4333; x_wconf 89' lang='lat' dir='ltr'>Et</span> <span class='ocrx_word' id='word_1_728' title='bbox 2762 4281 3084 4334; x_wconf 84' lang='lat' dir='ltr'>notandum</span> <span class='ocrx_word' id='word_1_729' title='bbox 3116 4281 3269 4352; x_wconf 91' lang='lat' dir='ltr'>quod</span> <span class='ocrx_word' id='word_1_730' title='bbox 3297 4279 3519 4336; x_wconf 91' lang='lat' dir='ltr'>occulte</span> 
     </span>
    </p>
   </div>
   <div class='ocr_carea' id='block_1_98' title="bbox 1883 4368 3523 4443">
    <p class='ocr_par' dir='ltr' id='par_1_98' title="bbox 1883 4368 3523 4443">
     <span class='ocr_line' id='line_1_98' title="bbox 1883 4368 3523 4443; baseline -0.001 -16"><span class='ocrx_word' id='word_1_731' title='bbox 1883 4369 2159 4443; x_wconf 85' lang='lat' dir='ltr'>suggillat</span> <span class='ocrx_word' id='word_1_732' title='bbox 2189 4386 2306 4438; x_wconf 93' lang='lat' dir='ltr'>eos,</span> <span class='ocrx_word' id='word_1_733' title='bbox 2341 4369 2520 4439; x_wconf 82' lang='lat' dir='ltr'>quiex</span> <span class='ocrx_word' id='word_1_734' title='bbox 2550 4368 2993 4425; x_wconf 86' lang='lat' dir='ltr'>circumcisione</span> <span class='ocrx_word' id='word_1_735' title='bbox 3020 4370 3350 4436; x_wconf 88' lang='lat' dir='ltr'>veniebant,</span> <span class='ocrx_word' id='word_1_736' title='bbox 3377 4386 3523 4441; x_wconf 88' lang='lat' dir='ltr'>quos</span> 
     </span>
    </p>
   </div>
   <div class='ocr_carea' id='block_1_99' title="bbox 1848 4457 3526 4531">
    <p class='ocr_par' dir='ltr' id='par_1_99' title="bbox 1848 4457 3526 4531">
     <span class='ocr_line' id='line_1_99' title="bbox 1848 4457 3526 4531; baseline -0.001 -17"><span class='ocrx_word' id='word_1_737' title='bbox 1848 4496 1849 4499; x_wconf 60' lang='grc' dir='ltr'><strong>η</strong></span> <span class='ocrx_word' id='word_1_738' title='bbox 1882 4460 2163 4514; x_wconf 90' lang='lat' dir='ltr'>Dominus</span> <span class='ocrx_word' id='word_1_739' title='bbox 2194 4459 2263 4511; x_wconf 85' lang='lat' dir='ltr'>ad</span> <span class='ocrx_word' id='word_1_740' title='bbox 2301 4458 2405 4511; x_wconf 90' lang='lat' dir='ltr'>hoc</span> <span class='ocrx_word' id='word_1_741' title='bbox 2438 4474 2550 4511; x_wconf 85' lang='lat' dir='ltr'>non</span> <span class='ocrx_word' id='word_1_742' title='bbox 2583 4457 2833 4529; x_wconf 89' lang='lat' dir='ltr'>elegerat</span> <span class='ocrx_word' id='word_1_743' title='bbox 2864 4475 3030 4530; x_wconf 91' lang='lat' dir='ltr'>opus.</span> <span class='ocrx_word' id='word_1_744' title='bbox 3068 4460 3177 4514; x_wconf 92' lang='lat' dir='ltr'>Sed</span> <span class='ocrx_word' id='word_1_745' title='bbox 3210 4458 3322 4531; x_wconf 90' lang='lat' dir='ltr'>ipsi</span> <span class='ocrx_word' id='word_1_746' title='bbox 3357 4464 3526 4530; x_wconf 90' lang='lat' dir='ltr'>turpe</span> 
     </span>
    </p>
   </div>
   <div class='ocr_carea' id='block_1_100' title="bbox 1881 4547 3523 4615">
    <p class='ocr_par' dir='ltr' id='par_1_100' title="bbox 1881 4547 3523 4615">
     <span class='ocr_line' id='line_1_100' title="bbox 1881 4547 3523 4615; baseline -0.001 -12"><span class='ocrx_word' id='word_1_747' title='bbox 1881 4550 2107 4603; x_wconf 90' lang='lat' dir='ltr'>lucrum</span> <span class='ocrx_word' id='word_1_748' title='bbox 2142 4551 2427 4601; x_wconf 89' lang='lat' dir='ltr'>sectantes</span> <span class='ocrx_word' id='word_1_749' title='bbox 2459 4547 2683 4602; x_wconf 91' lang='lat' dir='ltr'>Christo</span> <span class='ocrx_word' id='word_1_750' title='bbox 2715 4548 2959 4603; x_wconf 90' lang='lat' dir='ltr'>Domino</span> <span class='ocrx_word' id='word_1_751' title='bbox 3010 4565 3125 4603; x_wconf 92' lang='lat' dir='ltr'>non</span> <span class='ocrx_word' id='word_1_752' title='bbox 3174 4548 3523 4615; x_wconf 89' lang='lat' dir='ltr'>serviebant,</span> 
     </span>
    </p>
   </div>
   <div class='ocr_carea' id='block_1_101' title="bbox 1811 4636 3525 4713">
    <p class='ocr_par' dir='ltr' id='par_1_101' title="bbox 1811 4636 3525 4713">
     <span class='ocr_line' id='line_1_101' title="bbox 1811 4636 3525 4713; baseline -0.002 -19"><span class='ocrx_word' id='word_1_753' title='bbox 1811 4650 1853 4713; x_wconf 82' lang='lat' dir='ltr'><strong>D</strong></span> <span class='ocrx_word' id='word_1_754' title='bbox 1890 4639 1988 4694; x_wconf 90' lang='lat' dir='ltr'>sed</span> <span class='ocrx_word' id='word_1_755' title='bbox 2022 4653 2128 4691; x_wconf 92' lang='lat' dir='ltr'>suo</span> <span class='ocrx_word' id='word_1_756' title='bbox 2183 4636 2389 4700; x_wconf 82' lang='lat' dir='ltr'>ventri,</span> <span class='ocrx_word' id='word_1_757' title='bbox 2444 4640 2498 4690; x_wconf 86' lang='lat' dir='ltr'>et</span> <span class='ocrx_word' id='word_1_758' title='bbox 2549 4653 2650 4707; x_wconf 92' lang='lat' dir='ltr'>per</span> <span class='ocrx_word' id='word_1_759' title='bbox 2681 4637 2879 4692; x_wconf 91' lang='lat' dir='ltr'>dulces</span> <span class='ocrx_word' id='word_1_760' title='bbox 2908 4654 3227 4704; x_wconf 90' lang='lat' dir='ltr'>sermones,</span> <span class='ocrx_word' id='word_1_761' title='bbox 3260 4643 3318 4692; x_wconf 90' lang='lat' dir='ltr'>et</span> <span class='ocrx_word' id='word_1_762' title='bbox 3349 4638 3525 4693; x_wconf 88' lang='lat' dir='ltr'>falsas</span> 
     </span>
    </p>
   </div>
   <div class='ocr_carea' id='block_1_102' title="bbox 1884 4725 3400 4792">
    <p class='ocr_par' dir='ltr' id='par_1_102' title="bbox 1884 4725 3400 4792">
     <span class='ocr_line' id='line_1_102' title="bbox 1884 4725 3400 4792; baseline -0.003 -8"><span class='ocrx_word' id='word_1_763' title='bbox 1884 4725 2315 4785; x_wconf 89' lang='lat' dir='ltr'>benedictiones</span> <span class='ocrx_word' id='word_1_764' title='bbox 2348 4726 2748 4792; x_wconf 86' lang='lat' dir='ltr'>pervertebant</span> <span class='ocrx_word' id='word_1_765' title='bbox 2777 4726 2951 4780; x_wconf 91' lang='lat' dir='ltr'>corda</span> <span class='ocrx_word' id='word_1_766' title='bbox 2981 4726 3400 4780; x_wconf 88' lang='lat' dir='ltr'>innocentium.</span> 
     </span>
    </p>
   </div>
   <div class='ocr_carea' id='block_1_103' title="bbox 1959 4812 3529 4885">
    <p class='ocr_par' dir='ltr' id='par_1_103' title="bbox 1959 4812 3529 4885">
     <span class='ocr_line' id='line_1_103' title="bbox 1959 4812 3529 4885; baseline -0.001 -14"><span class='ocrx_word' id='word_1_767' title='bbox 1959 4818 2021 4872; x_wconf 87' lang='lat' dir='ltr'>Ut</span> <span class='ocrx_word' id='word_1_768' title='bbox 2044 4814 2303 4883; x_wconf 88' lang='lat' dir='ltr'>impleam</span> <span class='ocrx_word' id='word_1_769' title='bbox 2332 4813 2563 4867; x_wconf 80' lang='lat' dir='ltr'>verbum</span> <span class='ocrx_word' id='word_1_770' title='bbox 2595 4814 2707 4867; x_wconf 88' lang='lat' dir='ltr'>Dei.</span> <span class='ocrx_word' id='word_1_771' title='bbox 2732 4813 2789 4865; x_wconf 90' lang='lat' dir='ltr'>ln</span> <span class='ocrx_word' id='word_1_772' title='bbox 2836 4812 2945 4867; x_wconf 88' lang='lat' dir='ltr'>isto</span> <span class='ocrx_word' id='word_1_773' title='bbox 2976 4815 3150 4868; x_wconf 91' lang='lat' dir='ltr'>verbo</span> <span class='ocrx_word' id='word_1_774' title='bbox 3181 4813 3370 4869; x_wconf 91' lang='lat' dir='ltr'>multa</span> <span class='ocrx_word' id='word_1_775' title='bbox 3400 4831 3529 4885; x_wconf 90' lang='lat' dir='ltr'>pro-</span> 
     </span>
    </p>
   </div>
   <div class='ocr_carea' id='block_1_104' title="bbox 1887 4901 3536 4978">
    <p class='ocr_par' dir='ltr' id='par_1_104' title="bbox 1887 4901 3536 4978">
     <span class='ocr_line' id='line_1_104' title="bbox 1887 4901 3536 4978; baseline -0.002 -17"><span class='ocrx_word' id='word_1_776' title='bbox 1887 4906 2114 4978; x_wconf 88' lang='lat' dir='ltr'>phetica</span> <span class='ocrx_word' id='word_1_777' title='bbox 2146 4902 2518 4956; x_wconf 87' lang='lat' dir='ltr'>continentur</span> <span class='ocrx_word' id='word_1_778' title='bbox 2546 4901 2721 4955; x_wconf 88' lang='lat' dir='ltr'>verba</span> <span class='ocrx_word' id='word_1_779' title='bbox 2749 4902 2820 4954; x_wconf 92' lang='lat' dir='ltr'>de</span> <span class='ocrx_word' id='word_1_780' title='bbox 2851 4904 3148 4957; x_wconf 90' lang='lat' dir='ltr'>vocatione</span> <span class='ocrx_word' id='word_1_781' title='bbox 3175 4902 3459 4970; x_wconf 87' lang='lat' dir='ltr'>gentium,</span> <span class='ocrx_word' id='word_1_782' title='bbox 3480 4908 3536 4958; x_wconf 87' lang='lat' dir='ltr'>et</span> 
     </span>
    </p>
   </div>
   <div class='ocr_carea' id='block_1_105' title="bbox 1888 4988 3538 5067">
    <p class='ocr_par' dir='ltr' id='par_1_105' title="bbox 1888 4988 3538 5067">
     <span class='ocr_line' id='line_1_105' title="bbox 1888 4988 3538 5067; baseline -0.008 -17"><span class='ocrx_word' id='word_1_783' title='bbox 1888 4991 2291 5067; x_wconf 87' lang='lat' dir='ltr'>reprobatione</span> <span class='ocrx_word' id='word_1_784' title='bbox 2324 4990 2520 5060; x_wconf 88' lang='lat' dir='ltr'>populi</span> <span class='ocrx_word' id='word_1_785' title='bbox 2542 4989 2899 5058; x_wconf 65' lang='lat' dir='ltr'>Judieorum,</span> <span class='ocrx_word' id='word_1_786' title='bbox 2933 4997 2997 5045; x_wconf 90' lang='lat' dir='ltr'>ut</span> <span class='ocrx_word' id='word_1_787' title='bbox 3022 4994 3110 5044; x_wconf 90' lang='lat' dir='ltr'>est</span> <span class='ocrx_word' id='word_1_788' title='bbox 3139 4988 3324 5043; x_wconf 89' lang='lat' dir='ltr'>illud:</span> <span class='ocrx_word' id='word_1_789' title='bbox 3362 4991 3538 5047; x_wconf 81' lang='lat' dir='ltr'>Remi.</span> 
     </span>
    </p>
   </div>
   <div class='ocr_carea' id='block_1_106' title="bbox 1889 5078 3544 5150">
    <p class='ocr_par' dir='ltr' id='par_1_106' title="bbox 1889 5078 3544 5150">
     <span class='ocr_line' id='line_1_106' title="bbox 1889 5078 3544 5150; baseline -0.003 -11"><span class='ocrx_word' id='word_1_790' title='bbox 1889 5087 2192 5145; x_wconf 85' lang='lat' dir='ltr'>niseentur,</span> <span class='ocrx_word' id='word_1_791' title='bbox 2225 5088 2273 5135; x_wconf 84' lang='lat' dir='ltr'>et</span> <span class='ocrx_word' id='word_1_792' title='bbox 2303 5082 2681 5137; x_wconf 84' lang='lat' dir='ltr'>convertentur</span> <span class='ocrx_word' id='word_1_793' title='bbox 2714 5078 2783 5131; x_wconf 89' lang='lat' dir='ltr'>ad</span> <span class='ocrx_word' id='word_1_794' title='bbox 2810 5078 3102 5133; x_wconf 84' lang='lat' dir='ltr'>Dominum</span> <span class='ocrx_word' id='word_1_795' title='bbox 3132 5078 3383 5134; x_wconf 86' lang='lat' dir='ltr'>universi</span> <span class='ocrx_word' id='word_1_796' title='bbox 3412 5082 3544 5150; x_wconf 76' lang='lat' dir='ltr'>fines</span> 
     </span>
    </p>
   </div>
   <div class='ocr_carea' id='block_1_107' title="bbox 1893 5164 3544 5200">
    <p class='ocr_par' dir='ltr' id='par_1_107' title="bbox 1893 5164 3544 5200">
     <span class='ocr_line' id='line_1_107' title="bbox 1893 5164 3544 5200; baseline 0.001 -2"><span class='ocrx_word' id='word_1_797' title='bbox 1893 5184 2052 5200; x_wconf 59' lang='grc' dir='ltr'>ιομμης</span> <span class='ocrx_word' id='word_1_798' title='bbox 2146 5173 2189 5200; x_wconf 60' lang='grc' dir='ltr'>ηδ</span> <span class='ocrx_word' id='word_1_799' title='bbox 2248 5168 2553 5200; x_wconf 44' lang='lat' dir='ltr'>&quot;nn-Iuntina“!</span> <span class='ocrx_word' id='word_1_800' title='bbox 2613 5183 2731 5200; x_wconf 59' lang='lat' dir='ltr'>an.“</span> <span class='ocrx_word' id='word_1_801' title='bbox 2786 5182 2970 5200; x_wconf 70' lang='lat' dir='ltr'>nmnno</span> <span class='ocrx_word' id='word_1_802' title='bbox 3036 5164 3273 5200; x_wconf 51' lang='lat' dir='ltr'>faenilia)</span> <span class='ocrx_word' id='word_1_803' title='bbox 3303 5170 3544 5200; x_wconf 60' lang='grc' dir='ltr'>ηΔνιθδιιμνι</span> 
     </span>
    </p>
   </div>
  </div>
