3974 5358
140 304 237 363 621

668 305 1084 368 EXPOSITIO
1130 308 1206 366 IN
1256 309 1683 369 EPISTULAS
1734 310 1982 370 PAULI.
2012 343 2082 352 --
2112 311 2189 370 IN
2236 312 2482 371 EPIS'I‘.
2532 312 2633 370 AD
2678 311 2988 371 COLOSS.

3404 310 3525 369 622

140 433 266 505 quia
299 434 534 505 agnovit
563 451 721 501 eum,
771 436 829 491 in
864 454 977 508 quo
1024 440 1279 508 perfecta
1330 440 1533 503 virtus,
1587 440 1770 510 perfc-
1801 443 1850 507 Α
1880 439 2057 509 Cujus
2088 442 2451 512 vagationem
2487 440 2695 495 melius
2718 441 3146 511 cognoscimus,
3180 442 3229 495 si
3259 441 3387 511 ejus
3418 441 3520 495 ad-

140 530 337 593 ctaquc
370 524 657 595 sapientia
690 532 795 581 est.
832 529 1131 599 Quidquid
1164 530 1316 583 enim
1352 530 1486 583 alibi
1518 546 1578 583 se
1607 536 1771 599 puta-

136 611 269 668 verit
298 613 576 684 invenire,
621 613 789 686 plene
818 616 873 669 in
927 616 1057 685 hoc,
1111 622 1167 671 et
1207 618 1438 672 abunde
1496 617 1769 673 inveniet.

140 701 273 756 Nam
309 701 447 772 quid
482 703 808 774 sapientius
849 705 1199 761 Salomone?
1228 707 1371 769 Quid
1426 706 1773 779 prudentius

139 788 392 845 Daniele?
427 792 535 857 Qui
566 793 674 847 bus
706 793 888 848 idirco
947 794 1091 849 Deus
1126 812 1238 865 pra:
1279 797 1497 850 caiteris
1542 795 1770 866 sapien-

140 879 268 934 tiam
293 879 472 947 dedit,
510 888 573 949 δὲ
607 889 809 937 notum
840 884 1051 938 faceret
1081 884 1416 939 infidelibus
1471 884 1651 938 totius
1709 901 1772 939 se

136 968 428 1038 sapientiae
468 986 595 1025 esse
627 977 943 1027 auctorem.
966 972 1222 1043 Denique
1239 973 1773 1028 Nabuchodonosor

134 1058 260 1112 dicit
282 1058 505 1113 Danieli
536 1060 835 1115 admirans
866 1078 1041 1132 super
1071 1062 1415 1133 sapientiam
1444 1063 1571 1131 ejus
1600 1080 1612 1117 :
1644 1063 1769 1117 Vere

142 1147 276 1201 Deus
308 1152 483 1202 vester
514 1151 626 1219 ipse
646 1156 724 1204 est
754 1154 900 1205 Deus
944 1156 1093 1205 vivus
1122 1161 1190 1217 et,
1223 1154 1471 1222 aperiens
1507 1154 1769 1222 mysteria

137 1236 288 1303 (Dan.
330 1253 392 1299 ιι,
427 1238 535 1303 47).
594 1238 757 1301 Quod
814 1239 1051 1310 quidem
1108 1257 1339 1295 omnem
1398 1240 1767 1295 incredulum

138 1324 267 1379 latet
299 1325 361 1379 in
385 1325 614 1381 Christo
648 1344 879 1383 omnem
911 1345 1040 1384 esse
1070 1328 1413 1400 sapientiam
1444 1347 1458 1396 ;
1492 1329 1629 1401 quia
1650 1322 1789 1384 non‘

134 1412 336 1486 legunt
365 1414 425 1468 in
457 1414 782 1488 Evangeliis
815 1417 1209 1488 astrologiam,
1251 1436 1368 1473 non
1400 1419 1457 1473 in
1489 1418 1766 1491 Apostolo

135 1505 534 1576 geometriam,
585 1522 701 1560 non
741 1506 799 1560 in
841 1511 1125 1578 propheta
1175 1507 1602 1563 arithmeticam
1661 1525 1767 1564 nec

135 1592 421 1647 musicam
459 1609 470 1647 :
497 1593 854 1665 quaeideirco
876 1596 1148 1667 despecta
1180 1597 1767 1668 suntanostris,quia

126 1683 188 1737 ad
223 1681 482 1738 salutem
516 1700 628 1738 non
665 1684 973 1756 pertinent,
1021 1688 1121 1741 sed
1180 1685 1368 1758 magis
1426 1687 1668 1741 mittunt
1704 1687 1763 1741 in

125 1787 406 1836 errorem,
437 1775 493 1826 et
522 1778 790 1828 revocant
821 1790 854 1828 a
883 1774 1019 1839 Deo,
1055 1780 1115 1829 ut
1137 1775 1275 1829 dum
1299 1774 1392 1830 his
1414 1775 1650 1830 student
1672 1793 1763 1830 ra-

129 1858 573 1916 tiocinationum
608 1862 1125 1933 disputationibus,
1159 1880 1356 1919 curam
1408 1864 1615 1918 anima:
1646 1882 1764 1920 suae

131 1965 235 2001 non
269 1948 548 2004 habeant.
583 1951 715 2014 Quae
748 1951 903 2005 enim
945 1956 1066 2007 tam
1126 1969 1259 2007 vera
1316 1953 1604 2023 sapientia
1653 1958 1763 2022 est,

129 2036 234 2092 nisi
264 2037 612 2109 cognovisse
642 2043 795 2111 quod
844 2041 1047 2111 prosit,
1108 2047 1164 2097 et
1221 2042 1555 2112 despexisse
1608 2043 1764 2115 quod

123 2126 329 2181 obsit?
357 2126 535 2182 Obest
564 2129 743 2191 enim,
776 2129 915 2200 quia
934 2129 1179 2202 impedit
1208 2131 1438 2196 animae,
1473 2148 1541 2186 ne
1563 2148 1762 2187 curam

123 2215 203 2270 sui
235 2220 398 2288 agat.
423 2217 545 2272 Non
579 2216 872 2273 immerito
904 2236 1040 2291 ergo
1055 2220 1155 2291 qui
1186 2218 1481 2274 Christum
1508 2219 1760 2292 agnovit,

124 2302 341 2359 invenit
366 2304 707 2360 thesaurum
759 2306 1056 2378 sapientiae
1114 2311 1169 2362 et
1198 2306 1491 2362 scientiae:
1526 2308 1762 2380 agnovit

128 2392 270 2447 enim
311 2393 453 2464 quid
482 2393 529 2448 ei
562 2394 639 2449 sit
672 2394 834 2462 utile,
868 2399 932 2449 ut
991 2412 1227 2451 omnem
1286 2413 1615 2453 sermonem
1673 2397 1760 2452 vel

121 2496 385 2549 sensum,
408 2481 509 2554 qui
541 2488 750 2554 praeter
777 2483 945 2539 illum
977 2489 1086 2547 est,
1118 2502 1233 2540 non
1265 2485 1457 2541 solum
1489 2504 1606 2542 non
1648 2487 1764 2541 mi-

118 2570 354 2636 remini,
386 2573 485 2627 sed
518 2572 693 2627 etiam
726 2572 1036 2628 stultitiam
1070 2575 1381 2646 deputetis.

186 2661 300 2714 Hoc
322 2665 505 2716 autem
536 2661 676 2728 dico,
707 2666 766 2715 at
797 2678 950 2717 nemo
980 2678 1069 2717 vos
1108 2663 1343 2734 decipiat
1404 2665 1460 2718 in
1520 2664 1765 2718 sublimi-

112 2752 233 2803 tate
265 2765 583 2804 sermonum
609 2750 723 2805 Hoc
757 2751 910 2816 dico,
940 2750 1151 2821 inquit,
1186 2758 1249 2805 ut
1297 2768 1465 2806 nemo
1495 2768 1596 2807 vos
1653 2751 1763 2807 cir-

113 2837 458 2893 cumveniat
478 2838 537 2892 in
550 2837 851 2892 verisimili
866 2855 1133 2893 sermone
1151 2856 1164 2904 ;
1185 2839 1593 2910 quiaveritatis
1611 2857 1764 2895 amo-

111 2940 174 2980 re
195 2927 596 2990 ducebantur,
618 2925 1131 2981 verisimilitudine
1148 2926 1279 2981 illos
1301 2927 1601 2990 timuit,ne
1620 2927 1767 2983 deci-

106 3019 438 3086 perentur;
473 3018 529 3068 et
556 3014 684 3068 ideo
719 3014 1150 3069 commendavit
1179 3014 1236 3068 in
1279 3014 1534 3081 Christo,
1594 3031 1769 3086 quem

102 3100 543 3157 dulcissimum
576 3101 871 3158 habebant
899 3102 1264 3173 thesaurum,
1288 3102 1510 3158 scilicet
1538 3103 1765 3175 sapien-

1885 527 1996 582 l‘iuc
2021 532 2087 581 ad
2126 530 2450 584 Corinthios
2492 530 2664 584 verba
2694 546 3031 599 pensamus.
3073 530 3167 582 Ait
3195 529 3389 584 enim:
3432 531 3519 585 Ve-

1880 618 2034 671 niam
2063 617 2131 671 ad
2155 634 2397 679 vos,cnm
2429 618 2796 673 Macedoniam
2815 620 3180 688 pertransiero
3203 638 3220 684 ,-
3250 634 3384 670 nam
3405 618 3515 671 Ma-

1880 705 2160 761 cedoniam
2178 708 2540 779 pertransibo.
2575 706 2729 777 Apud
2756 723 2849 761 vos
2876 707 3127 776 forsitam
3156 705 3400 775 manebo,
3433 706 3516 761 vel

1879 798 2047 849 etiam
2071 796 2315 852 hiemaho
2348 796 2490 867 (Cor.
2522 812 2638 860 xvr,
2667 797 2743 865 5).

1948 884 2099 939 Sicut
2151 901 2274 955 ergo
2331 885 2612 951 accepistis
2671 885 2957 939 Christum
3001 885 3185 939 Jesum
3224 883 3517 938 Dominum

1876 977 2144 1038 nostrum,
2170 976 2225 1027 in
2252 976 2364 1045 ipso
2394 974 2680 1028 ambulate
2734 972 2986 1039 radicati,
3018 976 3068 1027 et
3097 972 3519 1043 superadiﬁcati

1876 1061 1938 1114 in
1968 1062 2105 1132 ipso,
2134 1068 2185 1117 et
2204 1063 2324 1132 jam
2356 1063 2558 1117 ﬁrmati
2594 1062 2721 1133 ﬁde,
2750 1064 2892 1116 sicut
2922 1073 2971 1116 et
3001 1061 3288 1132 didicistis,
3336 1061 3511 1115 abun-

1874 1148 2061 1204 dantes
2083 1152 2138 1204 in
2172 1152 2267 1206 ilto
2298 1153 2357 1205 in
2384 1152 2696 1221 gratiarum
2753 1153 2979 1206 actione.
3042 1154 3158 1205 Hoc
3189 1153 3405 1215 monet,
3458 1153 3516 1205 et

1873 1237 2161 1307 hortatur,
2196 1257 2267 1295 ne
2296 1240 2520 1295 devotio
2544 1256 2741 1294 eorum
2778 1239 3162 1306 minueretur,
3193 1243 3249 1293 et
3282 1239 3510 1293 recede-

1873 1332 2003 1381 rent
2033 1344 2065 1381 a
2090 1328 2221 1398 ﬁde,
2259 1346 2433 1399 quam
2464 1329 2691 1383 fuerant
2714 1327 2989 1397 assecuti,
3008 1333 3065 1383 et
3082 1327 3275 1400 pravis
3298 1326 3515 1383 fabulis

1874 1416 2055 1471 eversi
2088 1416 2255 1472 aliter
2283 1418 2577 1472 Christum
2598 1416 2945 1488 acciperent,
2963 1434 3139 1487 quam
3163 1416 3509 1472 didicerant.

1875 1505 2044 1561 Multi
2076 1507 2230 1561 enim
2266 1510 2631 1579 corruptores
2664 1507 2799 1562 tidei
2829 1506 3217 1561 circumibant
3246 1507 3316 1561 ad
3340 1506 3512 1562 sedu-

1873 1595 2089 1650 cendos
2117 1596 2436 1667 simplices,
2467 1595 2688 1665 dolose,
2708 1600 2765 1651 et
2803 1613 2933 1650 cum
2997 1594 3370 1651 simulatione
3408 1613 3511 1649 an-

1873 1684 2210 1741 nuntiantes
2231 1684 2704 1756 Christum,quos
2716 1684 2915 1740 evitari
2940 1690 3133 1740 monet
3154 1701 3367 1756 magna
3379 1700 3510 1739 cau-

1872 1773 2008 1840 tela,
2027 1778 2091 1829 ut
2116 1774 2376 1840 stabiles,
2400 1774 2622 1829 etﬁrmi
2655 1791 2833 1845 supra
2857 1774 3303 1828 fundamentum
3327 1772 3514 1827 Trini-

1874 1862 2011 1917 tatis
2041 1880 2144 1935 spe
2176 1866 2503 1918 futurorum
2537 1863 2755 1935 gratias
2788 1862 2993 1917 uberes
3050 1866 3288 1933 agerent
3338 1878 3514 1933 super

1874 1951 2276 2007 misericordia
2297 1952 2413 2007 Dei.
2440 1952 2635 2008 Nutrit
2653 1952 2809 2006 enim
2833 1968 2951 2016 eos,
2976 1958 3039 2006 ut
3059 1967 3299 2022 capaces
3320 1955 3515 2006 essent

1874 2040 2410 2113 participandorum
2455 2041 2865 2096 thesaurorum
2898 2039 3153 2095 scientia:
3198 2045 3255 2095 et
3277 2039 3509 2112 sapien-

1873 2129 1987 2194 tiae,
2021 2130 2120 2197 qui
2152 2134 2291 2185 sunt
2320 2130 2645 2184 absconditi
2672 2130 2730 2184 in
2749 2129 3076 2197 Christo,nc
3100 2135 3509 2201 tanquamnon

1874 2218 1992 2273 sint
2010 2219 2082 2273 ad
2098 2218 2216 2273 haec
2251 2219 2461 2289 idonei,
2505 2223 2560 2273 et
2580 2217 2877 2273 verisimili
2896 2234 3162 2273 sermone
3184 2217 3506 2288 capientur,

1840 2354 1847 2363 .
1872 2312 1928 2360 et
1958 2323 1992 2360 a
2019 2306 2278 2361 veritatis
2312 2308 2517 2363 itinere
2548 2307 2814 2374 dcvient;
2842 2307 2968 2362 ideo
3000 2306 3296 2378 adjungit:

1947 2396 2127 2451 Vilcte
2161 2414 2231 2451 ne
2260 2398 2382 2467 quis
2438 2414 2528 2451 vos
2581 2396 2820 2467 decipiat
2870 2412 2971 2466 per
3006 2395 3433 2466 philosophiam,
3465 2401 3518 2449 et

1874 2486 2101 2539 inanem
2130 2486 2438 2551 fallaciam,
2470 2486 2762 2541 secundum
2802 2484 3151 2550 traditionem
3207 2483 3514 2552 hominum,

1872 2574 2166 2628 secundum
2189 2576 2455 2630 elementa
2483 2574 2698 2643 mundi,
2712 2578 2759 2628 et
2775 2590 2882 2629 non
2901 2573 3198 2651 secundumr
3220 2572 3516 2627 Christum.

1876 2662 2311 2734 Philosophiam
2345 2665 2486 2718 dicit
2514 2668 2828 2729 terrenam,
2864 2679 2966 2734 per
2995 2679 3172 2734 quam
3205 2661 3394 2717 solent
3433 2679 3519 2718 se-

1875 2751 2007 2806 duci
2042 2751 2141 2822 qui
2162 2753 2407 2823 cupiunt
2432 2751 3011 2823 prudentesjudicari
3044 2752 3103 2806 in
3127 2752 3367 2807 mundo.
3392 2752 3521 2807 Haec

1876 2840 2243 2911 argumentis
2274 2845 2330 2895 et
2353 2839 2673 2895 subtilitate
2696 2840 3080 2895 minutiarum
3126 2841 3519 2913 quorumdam

1878 2927 2267 2998 componitur,
2302 2928 2469 2999 quasi
2485 2928 2754 2999 physicas
2775 2928 3210 3001 investigaverit
3241 2929 3517 2995 rationes,

1880 3014 2041 3084 quaed
2052 3030 2145 3068 am
2163 3014 2382 3069 habens
2396 3015 2668 3081 admista,
2693 3032 2815 3086 quae
2837 3015 3206 3071 hortamenta
3221 3016 3341 3072 sint
3357 3019 3519 3072 bona:

1878 3101 2004 3156 vitae
2036 3102 2121 3157 vel
2174 3103 2524 3158 documenta
2556 3103 2997 3175 :aliquandode
3023 3105 3336 3170 mensuris,
3387 3122 3519 3160 nec-

103 3190 206 3246 tiae
244 3194 307 3245 et
339 3190 592 3245 scientiae
623 3194 792 3262 cujus
820 3192 1055 3246 nomine
1085 3192 1543 3262 etpromissione
1572 3192 1770 3247 induci
1801 3205 1844 3271 α
1884 3193 2081 3247 nonde
2097 3193 2378 3259 numeris,
2406 3193 2720 3264 aliquando
2736 3194 2804 3248 de
2825 3193 3245 3249 elementorum
3268 3193 3520 3265 qualita-

103 3284 398 3352 poterant
430 3280 487 3333 in
516 3296 792 3335 errorem.
826 3280 1164 3335 Commonet
1199 3281 1359 3336 enim
1392 3298 1463 3336 ne
1492 3280 1552 3336 in
1584 3281 1767 3337 malo-

103 3386 245 3424 rum
285 3367 624 3440 colloquiis,
658 3370 944 3425 etastutia
974 3369 1301 3442 iniquitatis
1323 3388 1533 3426 sensus
1565 3388 1770 3427 eorum

105 3458 607 3513 transduceretur
629 3475 642 3525 ;
663 3456 801 3529 quia
822 3457 1113 3527 sapientes
1131 3458 1331 3513 mundi
1348 3465 1468 3514 arte
1491 3460 1772 3530 quadam,

111 3553 165 3603 et
198 3547 484 3603 minutiis
511 3530 974 3618 disputationum
1008 3547 1234 3603 irretire
1254 3548 1515 3619 gestiunt
1544 3548 1771 3621 simpli-

110 3638 278 3692 cium
317 3635 571 3701 animas,
605 3641 669 3691 ut
698 3635 920 3690 ratione
952 3637 1385 3692 mundanarum
1416 3654 1609 3692 rerum
1633 3638 1765 3694 abs-

112 3726 370 3782 trahant
401 3741 499 3780 eos
531 3742 565 3780 a
596 3741 717 3796 spe,
752 3741 878 3796 qua:
909 3730 998 3780 est
1026 3725 1084 3779 in
1121 3724 1371 3780 Christo.

185 3817 341 3872 Nam
367 3815 469 3869 etsi
496 3829 731 3885 corpore
759 3814 1103 3884 absenssum,
1136 3814 1227 3869 sed
1249 3816 1453 3885 spiritu
1473 3815 1772 3870 vobiscum.

117 3905 257 3960 Ideo
283 3904 361 3959 de
381 3901 497 3957 illis
513 3902 775 3968 timebat,
791 3902 1067 3974 quoniam
1092 3902 1231 3973 quid
1247 3903 1331 3957 eis
1345 3903 1533 3958 adhuc
1551 3904 1778 3960 deesset

114 3995 387 4049 videbat.
412 3991 574 4047 Unde
591 3996 648 4047 et
668 3991 938 4064 sequitur
961 3990 1247 4047 :Gaudens
1257 3992 1515 4047 ctvidens
1531 3992 1779 4052 ordinem

116 4088 419 4144 vestrum;
451 4090 506 4137 et
541 4082 802 4153 suppleas
852 4081 909 4135 id
939 4080 1077 4151 quod
1132 4080 1274 4136 deest
1330 4082 1566 4137 utilitati
1593 4085 1614 4152 (
1650 4083 1775 4155 232)

117 4172 250 4243 ﬁdei
289 4180 508 4228 vestrae.
542 4171 824 4226 Cernebat
867 4169 1069 4241 utique
1119 4171 1436 4242 quamdam
1495 4171 1779 4227 fabricam

121 4259 483 4333 spiritalem,
505 4259 657 4315 sicut
674 4258 810 4314 alibi
829 4258 983 4313 decit
1001 4276 1012 4312 :
1030 4260 1127 4313 Dei
1138 4258 1427 4329 aediﬁcatio
1448 4262 1580 4315 estis
1596 4260 1643 4332 (I
1657 4259 1776 4316 Cor.

122 4368 204 4419 in,
224 4352 321 4422 9);
350 4348 479 4405 etin
502 4364 570 4404 ea
584 4348 855 4403 cernebat
869 4352 1208 4418 utrumque,
1233 4349 1457 4403 etunde
1477 4350 1778 4420 gauderet,

122 4444 177 4495 et
203 4439 374 4494 unde
406 4441 711 4509 satageret.
748 4436 1050 4509 Gaudebat
1078 4452 1143 4491 ex
1175 4453 1241 4491 eo
1272 4437 1426 4507 quod
1452 4437 1579 4507 jam
1601 4439 1780 4493 aediﬁ-

123 4527 284 4584 cium
305 4505 565 4593 videbat,
586 4505 890 4595 satagebat
906 4540 971 4578 ex
988 4540 1052 4578 eo
1076 4525 1229 4596 quod
1255 4505 1526 4596 usquead
1550 4526 1783 4581 culmen

124 4613 513 4691 perfectionis
534 4613 724 4667 adhuc
746 4613 1155 4667 aedificandum
1177 4630 1303 4668 esse
1318 4614 1622 4669 sentiebat.
1641 4615 1783 4670 Ecce

126 4704 435 4776 quomodo
454 4707 653 4757 sancto
671 4701 959 4757 desiderio
974 4702 1141 4773 quasi
1155 4703 1528 4773 vagatur.Hic
1548 4721 1784 4776 corpore

126 4791 573 4861 tenetur;illuc
626 4791 835 4863 spiritu
889 4791 1140 4846 ducitur.
1206 4792 1274 4845 Et
1296 4793 1519 4862 paterni
1564 4793 1784 4848 amoris

132 4885 419 4938 affectum
454 4880 583 4934 istis
616 4879 986 4950 praesintibus
1007 4880 1240 4936 exhibet
1264 4898 1277 4946 ;
1304 4879 1418 4935 illis
1442 4880 1785 4937 absentibus

133 4968 423 5027 ostendit.
456 4971 658 5022 Coram
692 4969 902 5041 positis
932 4968 1219 5041 impendit
1249 4985 1463 5039 opera;
1501 4971 1788 5026 audienti-

134 5061 243 5114 bus
267 5056 553 5128 exprimit
580 5063 740 5113 vota:
777 5058 1087 5114 efﬁcaciter
1106 5074 1361 5129 praesens
1392 5058 1477 5113 eis
1508 5059 1788 5130 cumqui-

134 5148 249 5205 bus
270 5151 426 5213 erat;
447 5161 552 5199 nec
564 5150 737 5203 tatem
759 5146 876 5202 illis
892 5147 1266 5214 absens,cum
1281 5147 1497 5217 quibus
1512 5166 1627 5207 non
1642 5152 1789 5205 erat.

202 5251 396 5323 (1232)
431 5249 603 5322 Vulg.
631 5269 741 5309 non
777 5253 875 5321 ita,
932 5254 1070 5309 sed:
1105 5252 1426 5323 gaudens,et
1459 5257 1646 5313 videns
1706 5269 1794 5308 or-
1876 5260 1882 5295 ³

135 5324 315 5358 [limam
346 5323 589 5358 ano-{rum
647 5331 695 5358 at
756 5325 1160 5358 Smmnmnnlum
1194 5325 1308 5358 oin-
1338 5340 1460 5358 num
1490 5329 1545 5358 ἐκ
1579 5327 1795 5358 βιαίοιη

172 5326 315 5358 {nam
346 5323 589 5358 autcf‘rnm
647 5331 695 5358 nl
756 5325 1160 5358 Svmnmnnlum
1194 5325 1308 5358 01.n-
1338 5340 1460 5358 num
1490 5329 1545 5358 ὡκ
1579 5327 1795 5358 I‘Lcn'cfn

1882 3281 2041 3336 tibus
2071 3288 2127 3337 et
2156 3282 2587 3353 quantitatibus
2610 3282 2966 3337 ordinata.ln
2990 3284 3159 3353 cujus
3182 3282 3524 3355 disputatio-

1883 3370 2056 3425 nibus
2088 3371 2185 3441 qui
2216 3370 2508 3437 inciderit,
2541 3372 2653 3442 vix,
2687 3375 2744 3427 et
2775 3389 2903 3427 raro
2935 3372 3158 3427 evadet.
3220 3372 3525 3427 Detinetur

1883 3459 2038 3514 enim
2071 3459 2490 3515 verisimilibus
2521 3460 2738 3526 causis,
2772 3466 2829 3516 et
2859 3460 3276 3517 commentitiis
3324 3462 3522 3529 rebus,

1884 3547 2031 3602 nihil
2064 3552 2185 3603 tam
2212 3565 2412 3604 verum
2428 3549 2748 3620 aestimans,
2777 3566 2951 3621 quam
2968 3549 3325 3621 conspicitur
3351 3556 3409 3605 et
3433 3550 3527 3605 in-

1884 3636 2172 3708 telligitur
2200 3637 2257 3691 in
2278 3638 2604 3694 elementis.
2627 3642 2695 3693 Et
2711 3637 2985 3710 quiaque:
3010 3639 3080 3693 ad
3097 3653 3354 3710 praesens
3366 3642 3525 3706 sunt,

1884 3731 1942 3780 et
1964 3731 2284 3781 cernuntur
2308 3726 2513 3793 oculis,
2547 3726 2748 3782 suavia
2768 3730 2825 3782 et
2845 3726 3212 3783 oblectabilia
3235 3727 3526 3794 videntur,
3590 3714 3591 3719 “

1886 3813 2221 3886 aliquantus
2244 3816 2657 3887 seducunt,qui
2680 3815 3006 3887 spiritalem
3030 3816 3315 3872 rationem
3333 3816 3527 3888 despi-

1886 3903 2171 3969 ciendam,
2195 3907 2251 3958 et
2268 3904 2570 3959 ridendam
2602 3909 2812 3975 putant
2869 3906 3275 3976 desperatione
3323 3905 3524 3973 futuri,

1886 4008 2118 4047 omnem
2143 3991 2258 4046 vim
2294 3991 2467 4047 astris
2502 3992 2871 4063 assignantes
2902 3993 3119 4047 carnali
3178 3992 3387 4049 rationi
3419 3994 3525 4048 ob-

1888 4080 2064 4147 noxii,
2096 4096 2167 4135 ne
2184 4079 2381 4152 gravia
2412 4080 2699 4135 credenda
2724 4080 2842 4135 sint
2857 4080 3086 4136 sustolli
3105 4081 3345 4151 possein
3361 4081 3523 4136 cmlo.

1887 4186 2028 4226 neve
2052 4169 2197 4224 levia
2217 4169 2412 4225 venire
2442 4169 2513 4224 ad
2543 4174 2750 4238 terras,
2784 4174 2889 4225 aut
2915 4168 3133 4241 aliquid
3182 4186 3527 4241 corporeum

1888 4260 2012 4316 sine
2030 4276 2225 4315 rerum
2268 4258 2617 4314 admistione
2632 4259 2918 4330 generari,
2951 4263 3340 4331 repugnantes
3358 4263 3529 4331 poten

1888 4348 1981 4403 tiae
2005 4364 2071 4403 ac
2096 4347 2466 4419 providentia:
2495 4347 2828 4403 Dei.Sciunt
2874 4348 3030 4403 enim
3065 4346 3177 4420 legi
3211 4348 3268 4402 in
3317 4347 3533 4404 divinis

1890 4437 2184 4492 veteribus
2217 4437 2586 4492 Hebraeorum
2607 4436 3007 4493 voluminibus
3031 4437 3218 4493 multa
3247 4444 3415 4509 gesta
3434 4455 3537 4511 per

1893 4525 2150 4597 Moysen,
2186 4542 2314 4596 quae
2347 4525 2608 4581 humana
2637 4525 2782 4580 ratio
2804 4543 2919 4603 non
2951 4526 3106 4597 capit
3132 4525 3339 4594 ;simili
3364 4526 3538 4581 modo

1893 4619 1949 4669 et
1980 4614 2037 4667 in
2072 4615 2232 4667 novis
2262 4612 2426 4669 libris
2447 4617 2598 4668 facta
2620 4631 2653 4668 a
2684 4616 2947 4685 Domino,
2981 4619 3081 4669 aut
3103 4631 3204 4685 per
3224 4614 3538 4684 apostolos,

1894 4720 2020 4774 quae
2050 4706 2333 4756 tractatus
2366 4702 2616 4757 carnalis
2638 4703 3093 4773 prohibetcrcdi.
3133 4703 3539 4773 Dicunt(l‘2.33)

1894 4808 1962 4847 ex
1986 4789 2167 4845 nihilo
2199 4790 2321 4845 fieri
2352 4789 2494 4845 nihil
2522 4808 2719 4863 posse;
2754 4795 2811 4845 et
2843 4790 3100 4845 animam
3144 4794 3245 4844 ant
3284 4780 3539 4845 initium

1895 4896 2009 4935 non
2040 4880 2272 4945 habere,
2296 4884 2399 4933 aut
2428 4896 2556 4935 esse
2587 4878 2891 4934 mortalem
2916 4898 2929 4947 ;
2964 4883 3022 4935 et
3040 4878 3322 4948 virginem
3342 4893 3547 4949 parere

1898 4987 2011 5025 non
2044 4985 2238 5041 posse,
2262 4972 2363 5022 ant
2393 4969 2442 5022 si
2484 4969 2727 5041 peperit,
2759 4972 2826 5021 ut
2856 4968 3043 5037 aiunt,
3075 4966 3237 5036 virgo
3261 4982 3379 5021 non
3414 4971 3504 5024 est
3534 4983 3549 5032 ;

1900 5062 2285 5129 Deumqueex
2308 5056 2548 5114 homine
2581 5057 2765 5124 nasci,
2793 5058 2966 5125 mori,
3022 5060 3197 5125 atque
3245 5069 3561 5132 resurgere

1902 5150 2151 5204 stultum
2174 5162 2303 5202 esse
2334 5149 2571 5204 credere
2588 5148 2921 5202 autumant.
2948 5151 3109 5201 Hanc
3133 5156 3265 5212 ergo
3286 5146 3566 5203 traditio-

1975 5255 2159 5328 (1233)
2193 5254 2253 5307 In
2287 5254 2417 5307 cod.
2469 5255 2681 5328 legitur
2710 5252 2956 5328 dicentes
2989 5273 3007 5311 ς
3038 5247 3192 5328 quod
3224 5263 3360 5303 cum
3390 5251 3573 5328 _re1a-

1903 5322 2056 5358 4ξη“ηη
2094 5322 2314 5358 mimum}
2373 5329 2427 5358 αὖ
2463 5322 2667 5358 nat-Iino
2724 5322 3159 5358 nmonﬂonr‘nm
3199 5323 3555 5358 Pann;mna
