3974 5358
498 327 612 383 623

1513 320 1841 377 ATTONIS
1894 312 2474 374 'VERCELLENSIS
2525 311 2868 370 l‘TPISCOPl
3722 317 3806 375 6%

497 473 627 511 nem
660 454 744 510 vel
766 453 1489 528 philosophiam,t‘allacem
1513 451 1822 507 etinanem
1857 447 2127 520 appellat,
2161 450 2211 512 Α
2317 453 2689 506 Abundantia
2717 450 3059 518 divinitatis,
3091 467 3264 521 quam
3299 450 3573 506 elementa
3614 469 3711 508 non
3733 455 3810 512 ha-

497 547 634 616 quia
666 561 778 599 non
813 562 846 599 a
879 545 1137 614 potentia
1159 543 1258 598 Dei
1297 543 1562 596 ordinata
1593 547 1698 605 est,
1735 539 1832 594 sed
1864 539 1935 593 ab
1957 537 2139 590 imbe-

495 633 728 688 cillitate
758 633 1217 688 ratiocinationis
1248 633 1537 693 humanae,
1560 645 1685 700 quae
1707 627 2026 700 potentiam
2043 625 2141 680 Dei

495 723 649 777 intra
671 721 972 778 scientiam
1013 738 1180 776 suam
1231 723 1506 783 coarctat,
1539 736 1610 773 ne
1656 718 1824 772 aliter
1871 716 2140 770 credatur

498 813 704 878 facere,
727 828 902 882 quam
934 811 1184 865 carnalis
1212 827 1272 865 se
1303 809 1560 864 continet
1575 807 1743 873 ratio,
1762 823 1876 877 qua
1891 803 2138 882 singulis

498 899 799 955 elementis
813 899 1135 954 divinitatis
1151 898 1543 953 diversitatem
1562 897 1844 967 deputant
1862 894 1932 948 ad
1947 893 2137 947 cultu-

499 1005 644 1054 ram,
661 993 726 1042 ut
745 986 1683 1060 obligentanimosimperitorum,
1709 985 1852 1051 nelse
1865 983 1934 1037 ad
1958 985 2136 1036 Deum

497 1095 700 1132 verum
718 1077 1048 1132 extendant.
1069 1076 1455 1139 Quamobrem
1479 1075 1793 1129 cavendam
1809 1076 2006 1127 monet
2021 1076 2137 1124 tra-

499 1167 778 1220 ditionem
803 1165 1144 1236 istam,quia
1173 1163 1376 1218 mundi
1399 1163 1608 1218 cultrix
1628 1167 1737 1226 est,
1769 1178 1882 1215 non
1898 1160 2018 1227 Dei,
2036 1160 2151 1231 qui

499 1273 652 1310 unus
692 1260 912 1320 cst,nec
937 1255 1006 1308 ad
1030 1253 1353 1322 Christum,
1378 1253 1475 1308 sed
1503 1269 1537 1306 a
1566 1249 1792 1305 Christo
1825 1247 2132 1304 abstrahit.

566 1347 707 1412 Quia
739 1346 799 1397 in
836 1347 949 1415 ipso
978 1344 1190 1397 habitat
1244 1343 1422 1396 omnis
1473 1340 1754 1411 plenitudo
1813 1338 2124 1392 Divinitatis

492 1435 868 1505 corporaliter.
891 1433 1088 1503 Neque
1114 1434 1270 1487 enim
1305 1431 1580 1486 divinitas
1595 1445 1871 1502 corporea
1892 1432 2005 1494 est;
2032 1427 2131 1481 sed

491 1525 632 1596 quia
662 1528 1030 1578 sacramenta
1062 1523 1290 1576 Veteris
1324 1519 1681 1574 Testamenti
1714 1517 1967 1589 appellat
2001 1533 2130 1570 um-

490 1614 655 1667 bram
687 1612 1014 1665 futurorum
1043 1629 1055 1675 ;
1084 1614 1316 1680 propter
1352 1609 1697 1663 umbrarum
1748 1606 2131 1677 comparatio-

491 1699 1189 1771 nem,corporaliterdixit
1210 1699 1474 1753 habitare
1501 1696 1556 1750 in
1579 1695 1806 1750 Christo
1824 1695 2132 1766 plenitudi-

493 1806 625 1846 nem
643 1787 1052 1854 divinitatis,eo
1093 1787 1246 1856 quod
1271 1787 1329 1840 in
1363 1785 1463 1840 illo
1510 1784 1868 1857 impleantur
1911 1783 2129 1850 omnia,
2161 1821 2208 1884 Β

492 1895 620 1950 quae
651 1877 768 1931 illis
788 1876 1014 1930 umbris
1039 1876 1286 1947 ﬁgurata
1308 1879 1466 1929 sunt.
1489 1875 1567 1928 Ac
1587 1874 1671 1928 sic
1698 1873 2130 1944 quodammodo

493 1966 835 2021 umbrarum
852 1963 1083 2018 illarum
1099 1965 1224 2036 ipse
1240 1964 1316 2019 sit
1337 1981 1545 2034 corpus
1565 1963 1694 2018 :hoc
1710 1963 1924 2033 estﬁgu
1935 1978 2131 2016 rarum

490 2062 546 2112 et
576 2053 1064 2128 signiﬁcationum
1087 2052 1324 2108 illarum
1348 2054 1470 2122 ipse
1483 2052 1805 2107 sitveritas.
1827 2052 1935 2105 Sed
1958 2051 2130 2105 verbo

489 2145 768 2200 translato
799 2143 1111 2215 Apostolus
1143 2160 1287 2197 usus
1339 2147 1446 2211 est,
1481 2146 1765 2211 tanquam
1796 2139 1856 2194 in
1912 2139 2129 2211 templo

490 2251 664 2288 manu
678 2234 843 2302 facto,
866 2248 979 2286 non
998 2231 1394 2302 corporaliter,
1421 2230 1522 2285 sed
1547 2229 1887 2284 umbraliter
1905 2229 2129 2284 habita-

486 2321 656 2388 verit,
686 2321 742 2375 id
774 2325 881 2386 est,
913 2320 1426 2391 praeﬁgurantibus
1459 2319 1662 2389 signis.
1685 2319 1811 2372 Nan
1841 2317 1973 2372 illas
2005 2335 2128 2373 om-

490 2427 595 2466 nes
618 2409 1070 2474 observationes,
1096 2409 1333 2462 umbras
1366 2408 1695 2462 futurorum
1728 2413 1894 2462 vocat
1950 2408 2126 2462 etiam

483 2501 616 2576 (ipso
646 2496 927 2554 translato
948 2495 1227 2552 vocabulo
1250 2496 1471 2564 (Cotoss.
1490 2496 1949 2566 11,17):summus
1972 2496 2127 2550 enim

489 2589 664 2645 Deus.
691 2587 843 2644 sicut
865 2587 1147 2657 scriptum
1171 2593 1278 2651 est,
1299 2603 1411 2640 non
1434 2586 1494 2638 in
1516 2586 1868 2640 manufactis
1891 2585 2128 2656 templis

491 2678 716 2733 habitat
741 2677 876 2747 (Act.
911 2693 1049 2742 xvn,
1081 2675 1180 2746 21:;
1214 2676 1341 2729 Isai.
1368 2691 1514 2740 LXVI,
1540 2675 1611 2745 1).
1644 2676 1759 2728 Aut
1801 2679 1954 2728 certe
2008 2691 2127 2730 cor-

483 2767 752 2839 poraliter
773 2764 992 2819 dictum
1042 2767 1149 2830 est,
1201 2763 1339 2833 quia
1394 2768 1450 2817 et
1495 2763 1552 2816 in
1613 2761 1826 2816 Christi
1885 2779 2126 2835 corpore,

491 2856 646 2928 quod
672 2853 993 2924 assumpsit
1021 2869 1086 2907 ex
1116 2851 1357 2924 virgine,
1384 2857 1669 2922 tanquam
1699 2851 1758 2904 in
1789 2852 2006 2923 templo
2029 2853 2128 2908 ha-

489 2946 639 3001 bitat
670 2944 843 3009 Deus,
865 2941 1010 2996 Hinc
1037 2945 1124 2996 est
1143 2940 1299 2996 enim
1330 2940 1483 3011 quod
1514 2940 1732 2995 Judmis
1761 2941 1995 3012 signum
2031 2960 2126 3014 pe-

489 3033 747 3091 tentibus
779 3049 912 3086 cum
963 3029 1240 3085 dixisset:
1267 3029 1467 3085 Solvite
1496 3031 1757 3100 templum
1779 3029 1895 3097 hoc,
1930 3034 1980 3085 et
2005 3040 2128 3102 post

484 3125 734 3179 triduum
774 3121 1041 3176 suscitabo
1099 3118 1238 3173 illud
1287 3119 1472 3188 (Joau.
1513 3136 1574 3184 ιι,
1610 3120 1718 3189 19),
1769 3120 2127 3192 evangelista

488 3213 628 3286 quid
658 3212 767 3266 hoc
797 3214 950 3265 esset
981 3187 1402 3278 consequenter
1422 3187 1736 3277 exponens,
1763 3209 1878 3263 ait:
1906 3187 2005 3264 Ille
2019 3228 2120 3266 au-
2155 3187 2196 3253 (ἶ

486 3307 602 3358 tem
634 3301 861 3354 dicebat
882 3299 952 3352 de
983 3297 1199 3366 templo
1225 3296 1484 3367 corporis
1502 3296 1590 3350 sui
1615 3297 1818 3368 (1234).
1852 3298 1970 3353 Hoc
1991 3315 2126 3371 ergo

485 3393 766 3447 interesse
795 3387 1152 3442 arbitramur
1172 3383 1322 3438 inter
1334 3389 1510 3454 caput
1539 3387 1595 3437 et
1615 3389 1819 3439 caetera
1844 3389 2125 3461 membra,

488 3479 642 3553 quod
666 3478 724 3532 in
758 3473 1016 3547 quolibet
1045 3471 1310 3543 quamvis
1340 3470 1628 3542 praecipuo
1652 3474 1935 3544 membro,
1968 3477 2128 3532 velut

488 3569 548 3624 in
573 3568 768 3637 aliquo
792 3575 1003 3634 magno
1034 3560 1338 3632 propheta,
1364 3564 1464 3614 aut
1495 3561 1775 3631 apostolo,
1811 3571 2127 3633 quantum-

490 3659 579 3713 vis
613 3652 933 3711 divinitatis
979 3649 1342 3718 habitet,non
1376 3655 1571 3703 tamen
1604 3649 1757 3705 sicut
1804 3652 1864 3705 in
1915 3655 2124 3725 capite,

493 3747 648 3819 quod
682 3749 769 3800 est
800 3741 1090 3805 Christus,
1161 3739 1352 3793 omnis
1410 3737 1710 3809 plenitudo
1768 3741 2122 3814 divinitatis;

493 3836 631 3908 quia
661 3839 718 3889 et
765 3833 823 3886 in
873 3834 1071 3884 nostro
1121 3845 1358 3899 corpore
1418 3829 1570 3883 inest
1615 3845 1824 3884 sensus
1874 3831 2124 3904 singulis

489 3923 792 3992 membris,
826 3921 926 3975 sed
959 3935 1073 3973 non
1097 3922 1295 3972 tantus
1327 3921 1582 3987 quantus
1615 3918 1674 3972 in
1699 3919 1906 3989 capite.

553 4017 628 4068 Et
656 4012 755 4066 esti
786 4012 845 4064 in
875 4010 971 4064 illo
1003 4007 1225 4078 repleti,
1258 4008 1354 4078 qui
1383 4014 1456 4060 est
1508 4015 1669 4076 caput
1699 4010 1878 4062 omnis
1907 4011 2124 4080 princ:-

475 4108 642 4175 patus
671 4108 724 4156 et
748 4099 1054 4171 potestatis.
1088 4097 1273 4166 Caput
1302 4100 1496 4149 autem
1531 4095 1792 4149 omnium
1825 4096 2120 4152 Christum

479 4189 832 4265 principium
865 4186 1130 4242 omnium
1157 4183 1337 4238 voluit
1359 4182 1626 4254 intelligi,
1661 4184 1812 4238 sicut
1844 4185 1970 4255 ipse
2018 4186 2116 4253 ait,

479 4297 614 4336 cum
644 4281 693 4334 ei
744 4279 964 4332 dictum
1025 4277 1176 4328 esset
1209 4288 1222 4325 :
1275 4274 1346 4326 Tu
1388 4273 1508 4342 quis
1539 4288 1595 4326 es
1619 4274 1841 4342 ’(Joan.
1874 4291 1975 4327 vm
2004 4275 2118 4348 25.)

479 4366 798 4440 Respondit
827 4364 981 4420 enim
1016 4379 1028 4416 :
1066 4362 1432 4431 Principium,
1463 4361 1601 4432 quod
1650 4364 1699 4417 et
1731 4362 1917 4432 loquor
1945 4363 2115 4420 vobis.

479 4459 672 4514 Omnia
703 4456 853 4511 enim
876 4469 974 4524 per
1020 4453 1202 4522 ipsum
1229 4452 1376 4520 facta
1399 4454 1563 4519 sunt;
1597 4457 1649 4505 et
1704 4453 1824 4506 sine
1875 4455 1991 4524 ipso
2035 4456 2116 4524 fa-

2251 543 2406 596 hent.
2440 541 2698 611 Denique
2723 543 2778 594 in
2804 541 3170 595 credentibus
3201 540 3449 612 Spiritus
3502 547 3712 598 sanctus
3750 546 3813 600 in-

2249 630 2494 696 habitat,
2530 630 2680 700 quod
2718 629 3018 684 elementis
3045 630 3280 684 concedi
3329 645 3441 684 non
3488 635 3690 700 potest;
3715 636 3815 704 quia

2247 718 2554 789 indignum
2587 724 2780 774 eratet
2810 719 3294 789 incongruum,ut
3315 717 3610 773 invisibilis
3641 721 3814 777 habita-

2249 813 2333 862 ret
2362 809 2420 862 in
2453 809 2785 863 substantia
2807 807 3045 878 visibili,
3070 812 3128 862 et
3148 806 3518 879 incorporeus
3545 808 3598 863 in
3626 809 3816 883 his,quae

2248 897 2550 952 sensibilia
2579 902 2737 951 sunt.
2771 897 3022 951 Audiant
3076 912 3228 967 ergo,
3255 903 3311 952 et
3363 897 3589 951 veniant
3624 900 3812 956 cultores

2246 1001 2471 1052 eorum,
2507 991 2564 1041 et
2595 987 2834 1041 credant
2889 985 2946 1039 in
3007 985 3257 1056 Christo,
3316 990 3380 1040 ut
3439 985 3576 1040 ﬁant
3624 990 3813 1059 majores

2248 1090 2471 1143 eorum,
2508 1092 2652 1146 quos
2687 1092 2840 1129 nunc
2865 1073 3083 1130 colunt.

2319 1164 2462 1218 Hinc
2487 1164 2612 1235 jam
2646 1165 2879 1220 Judteos
2910 1163 3503 1236 etpseudoapostolos
3523 1165 3744 1237 sugillat,
3767 1186 3814 1223 ne

2245 1252 2317 1306 ab
2348 1252 2492 1323 ipsis
2523 1253 2899 1317 seducantur,
2931 1257 2988 1307 et
3014 1253 3156 1308 dicit
3187 1270 3200 1309 :
3235 1256 3296 1308 In
3334 1270 3440 1325 quo
3471 1257 3522 1309 et
3576 1257 3816 1312 circumiri

2241 1342 2367 1394 estis
2397 1343 2806 1396 circumsicione
2825 1358 2934 1396 non
2963 1358 3133 1396 manu
3155 1342 3306 1414 facta
3329 1343 3474 1397 Hinc
3491 1345 3611 1413 jam
3642 1361 3700 1399 ne
3717 1363 3803 1400 um-

2244 1429 2365 1483 hris
2401 1430 2662 1485 Judaicis
2689 1432 3065 1498 seducantur,
3097 1431 3366 1502 adjungit
3400 1450 3413 1488 :
3446 1434 3508 1487 In
3551 1449 3650 1504 quo
3689 1436 3797 1489 etiam

2241 1520 2554 1574 circumcisi
2581 1521 2710 1574 estis
2737 1521 3150 1575 circumcisione
3177 1537 3288 1576 non
3319 1523 3716 1593 manufacta,id
3735 1531 3812 1589 est,

2242 1621 2345 1676 per
2368 1623 2544 1677 quam
2569 1612 2758 1663 totum
2790 1614 3038 1663 veterem
3074 1607 3372 1663 hominem
3405 1609 3815 1680 exspoliastis.lii

2241 1694 2734 1751 circumcidentur
2761 1697 2822 1751 in
2851 1697 3197 1768 christo,qui
3229 1703 3538 1770 amputata
3558 1700 3710 1754 totius
3735 1704 3816 1754 tra-

2239 1785 2477 1840 ditionis
2507 1785 2775 1841 humanae
2807 1787 3059 1854 cultura,
3088 1786 3670 1859 Christojunguntur,
3695 1789 3815 1843 corde

2242 1891 2356 1927 non
2393 1890 2565 1929 carne
2597 1874 3017 1944 circumcisi,id
3048 1875 3223 1942 est,in
3252 1877 3606 1948 spiritu,non
3626 1878 3676 1931 in
3694 1893 3816 1932 carne

2240 1963 2576 2030 servientes,
2611 1968 2730 2019 uta
2757 1965 3005 2020 terrenis
3046 1965 3119 2020 ad
3170 1963 3450 2030 coelestia,
3483 1966 3554 2019 ab
3603 1965 3816 2021 humanis

2241 2051 2312 2106 ad
2349 2051 2564 2123 divina,
2600 2056 2656 2108 et
2685 2054 2758 2107 ab
2787 2069 2979 2108 errore
3010 2059 3430 2110 convertantur
3457 2055 3528 2109 ad
3575 2055 3813 2109 veritatem

2312 2141 2374 2194 In
2404 2142 2794 2212 exspoliatione
2821 2144 3062 2214 corporis
3089 2145 3319 2198 carnis..
3348 2143 3476 2198 Non
3507 2144 3643 2199 duas
3668 2144 3815 2214 utique

2240 2244 2331 2283 res
2362 2229 2605 2302 intelligi
2634 2231 2836 2297 voluit,
2859 2232 3025 2302 quasi
3052 2231 3209 2286 aliud
3244 2233 3319 2287 sit
3338 2248 3497 2299 caro,
3531 2219 3675 2287 aliud
3723 2248 3810 2286 cor-

2237 2335 2350 2389 pus
2386 2321 2613 2385 carnis;
2649 2321 2748 2374 sed
2783 2323 2921 2392 quia
2949 2327 3160 2391 corpus
3193 2321 3517 2376 multarum
3551 2337 3719 2377 rerum
3742 2338 3816 2375 no-

2240 2423 2372 2462 men
2395 2413 2502 2472 est,
2537 2425 2787 2480 quarum
2820 2426 2940 2464 una
2969 2426 3100 2464 caro
3127 2415 3237 2465 est.
3296 2411 3446 2466 Nam
3480 2409 3655 2466 multa
3703 2415 3817 2478 sunt,

2237 2501 2475 2567 excepta
2499 2514 2691 2564 carne,
2721 2514 2964 2569 corpora
2995 2499 3244 2554 caelestia
3275 2504 3330 2554 et
3371 2516 3611 2572 corpora
3659 2504 3818 2555 terres-

2237 2586 2371 2638 tria.
2407 2585 2648 2656 Corpus,
2681 2588 2873 2642 carnis
2895 2587 3059 2655 dixit,
3118 2605 3182 2644 eo
3218 2589 3376 2659 quod
3410 2592 3519 2644 hoc
3574 2587 3684 2644 loco
3728 2604 3815 2644 cor-

2238 2690 2369 2744 pus,
2403 2690 2636 2730 carnem
2655 2676 2906 2746 inteltigi
2934 2676 3133 2732 voluit.
3160 2676 3324 2732 Unde
3360 2683 3421 2733 et
3451 2679 3728 2750 sequitur:
3920 2731 3921 2734 η

2310 2761 2621 2833 Consepulti
2648 2767 2709 2819 in
2731 2765 3017 2836 baptismo,
3049 2783 3109 2820 in
3139 2781 3242 2835 quo
3270 2771 3324 2821 et
3375 2768 3730 2823 resurrexistis
3749 2782 3816 2837 per

2235 2850 2397 2919 ﬁdem
2415 2853 2744 2921 operationis
2772 2854 2887 2920 Dei,
2919 2855 3014 2924 qui
3042 2856 3325 2910 suscitavit
3351 2856 3518 2911 illum
3544 2874 3577 2911 a
3619 2857 3806 2910 mortuis.
3920 2851 3921 2854 “

2238 2938 2699 2995 Resurrexerunt
2727 2947 2921 2997 autem
2945 2959 3046 3013 per
3073 2943 3248 2998 ﬁdem
3280 2943 3381 2998 Dei
3410 2961 3424 2998 :
3459 2945 3529 3000 de
3578 2961 3681 3017 quo
3731 2959 3805 2998 cre-

2235 3027 2562 3100 dunt,quod
2586 3029 2847 3102 exemplo
2867 3030 3078 3086 Christi
3102 3032 3446 3088 resucitabit
3475 3033 3604 3090 illos
3631 3049 3689 3089 ex
3706 3048 3812 3086 mor-

2234 3115 2372 3171 tuis.
2396 3116 2517 3172 lllic
2549 3117 2703 3173 enim
2735 3119 2908 3174 homo
2966 3126 3132 3176 vetus
3191 3121 3524 3192 deponitur,
3585 3127 3638 3177 et
3677 3136 3811 3176 novus

2235 3206 2558 3260 assumitur
2587 3232 2600 3274 ;
2633 3208 2884 3279 peccatis
2915 3209 3391 3282 moritur(1233),
3428 3216 3494 3267 ut
3522 3212 3662 3266 vivat
3679 3207 3808 3280 justi-

2237 3293 2355 3362 ciae,
2389 3299 2453 3349 ut
2480 3295 2705 3352 Christo
2737 3298 3012 3365 societur,
3053 3299 3471 3356 resurectionis
3533 3301 3709 3356 futura
3749 3303 3811 3350 te-

2236 3398 2380 3438 nens
2411 3384 2626 3456 pignus
2654 3387 2915 3458 exemplo
2946 3386 3281 3456 Savaltoris,
3312 3389 3416 3460 qui
3471 3387 3747 3446 resurrexit
3766 3401 3815 3440 ex

2237 3473 2504 3528 mortuis.
2539 3475 3199 3549 Resurrexistis,inquit,
3231 3479 3289 3533 in
3304 3496 3514 3535 novam
3545 3480 3814 3545 vitam,cre-

2237 3560 2438 3617 dentes
2492 3568 2549 3618 et
2603 3563 2997 3637 intelligentes
3054 3565 3214 3622 illius
3272 3583 3400 3624 esse
3457 3567 3812 3640 operationem.

2235 3649 2378 3705 Vide
2408 3655 2903 3723 quemadmodum
2932 3659 2990 3710 et
3031 3655 3125 3710 hic
3155 3673 3365 3728 corpus
3397 3658 3605 3714 Christi
3633 3657 3704 3712 eis
3747 3670 3813 3708 os-

2233 3741 2441 3807 tendit,
2475 3743 2667 3797 utista
2686 3749 3083 3810 contemnant,
3117 3745 3475 3803 cohaerentes
3506 3752 3655 3802 tanto
3681 3740 3814 3814 capiti

2236 3845 2360 3895 suo,
2396 3831 2697 3887 mediatori
2734 3833 2827 3887 Dei
2857 3838 2912 3888 et
2940 3833 3269 3902 hominum,
3323 3835 3555 3892 Christo
3599 3837 3733 3897 Jesu,
3775 3834 3814 3885 et

2233 3918 2461 3972 nullum
2493 3919 2727 3987 falsum,
2759 3921 2846 3975 vel
2879 3920 3198 3978 invalidum
3247 3925 3528 3989 medium,
3562 3941 3655 3996 per
3695 3919 3809 3992 quod

2231 4005 2346 4060 Deo
2373 4006 2719 4074 cohaereant,
2751 4010 3130 4079 requirentes.
3158 4011 3288 4067 Haec
3315 4013 3496 4085 igitur
3516 4012 3812 4073 commonet,

2230 4099 2293 4147 ut
2326 4100 2649 4165 perseveret
2679 4096 2736 4150 in
2768 4098 3269 4156 abrenuntiatione
3298 4107 3603 4174 pompze,et
3630 4095 3811 4172 praesti-

2229 4182 2338 4254 giis
2357 4184 2538 4253 (1236)
2561 4187 2789 4241 Satanae
2813 4204 2826 4241 ε
2856 4187 2955 4258 qui
2977 4188 3191 4245 idcirco
3207 4189 3620 4246 elementorum
3642 4186 3803 4245 suadet

2227 4271 2540 4344 culturam,
2573 4278 2637 4329 ut
2666 4291 2700 4329 a
2744 4281 2858 4330 Deo
2906 4282 3122 4344 avocet,
3181 4278 3493 4350 participes
3549 4274 3802 4351 apostasia

2225 4376 2343 4414 sua:
2365 4360 2563 4418 valens
2584 4364 2812 4420 efﬁcere
2828 4363 3115 4421 homines.
3145 4368 3290 4432 Quia
3309 4370 3462 4423 enim
3486 4368 3591 4423 sub
3624 4363 3804 4422 nomine

2224 4465 2330 4504 suo
2360 4450 2651 4506 culturam
2688 4453 2932 4508 suadere
2954 4470 3068 4509 non
3119 4461 3311 4526 potest
3367 4456 3650 4528 (horretur
3689 4451 3796 4509 enim

475 4553 621 4605 ctum
653 4551 730 4601 est
751 4535 1090 4609 uihitann.
1124 4557 1161 4604 1,
1193 4539 1271 4609 3).
1331 4539 1678 4594 Mirabiliter
1737 4546 1931 4596 autem
1987 4542 2116 4598 vult
2144 4559 2189 4623 D
2222 4537 2409 4608 ipsius
2440 4542 2695 4613 nomine)
2727 4543 2836 4596 sub
2867 4541 3104 4598 alterius
3163 4544 3397 4600 nomine
3451 4562 3615 4601 suam
3641 4542 3793 4598 volun-

474 4653 602 4694 esse
632 4637 841 4690 horum
871 4631 1027 4686 velut
1059 4628 1416 4683 mirabilium
1477 4632 1927 4699 contemptores,
1978 4647 2112 4686 cum

475 4744 572 4784 eos
595 4719 848 4780 ostendit
879 4736 1089 4791 corpus
1125 4719 1306 4772 factos
1339 4718 1498 4772 illius
1531 4718 1761 4788 capitis,
1811 4720 2054 4773 dicendo
2089 4737 2101 4775 :

470 4805 535 4870 Et
565 4815 690 4870 estis
716 4814 775 4866 in.
807 4811 902 4866 illo
935 4809 1149 4878 repleti,
1181 4809 1276 4878 qui
1305 4819 1380 4862 est
1409 4816 1571 4877 caput
1599 4809 1774 4862 omnis
1824 4809 2103 4879 principa-

473 4908 558 4958 tus
587 4908 641 4957 et
659 4901 960 4973 potestatis.
998 4897 1170 4951 Etest
1202 4912 1432 4961 sensus,
1466 4895 1553 4949 vel
1585 4896 1724 4949 ordo
1755 4896 2064 4950 verborum
2091 4915 2103 4952 :

470 4994 526 5048 Si
561 4991 718 5046 Illius
750 4989 991 5044 scientia
1008 4978 1342 5051 erudimini,
1372 4985 1469 5056 qui
1493 4983 1652 5037 dedit
1677 4983 1910 5038 initium
1933 4986 2108 5040 etiam

468 5078 745 5134 invisibili
777 5081 1075 5143 creaturis,
1109 5074 1248 5144 quid
1281 5073 1444 5127 vobis
1476 5073 1772 5126 conferent
1802 5073 1901 5142 qui
1960 5073 2105 5128 nihil

469 5165 719 5237 amplius
741 5164 1098 5234 intelligunt,
1124 5177 1298 5232 quam
1323 5160 1475 5230 quod
1500 5159 1740 5214 vident?
1764 5160 1900 5215 Plus
1921 5161 2106 5232 signi-

467 5255 600 5308 ﬁcat
619 5253 986 5306 credentibus
1008 5250 1336 5319 dari,quam
1367 5253 1558 5318 potest
1589 5250 1647 5301 in
1678 5247 1983 5303 elementis
2015 5250 2109 5304 de-

1197 5338 1246 5358 _'__
1303 5336 1524 5358 nL_:_L_
1568 5341 1648 5358 --ι
1719 5337 1971 5358 _-_I_L___
2028 5341 2106 5358 --Α

2222 4630 2401 4687 tatem
2437 4636 2675 4684 conatur
2707 4629 2965 4702 implere.

2284 4723 2347 4775 Et
2374 4736 2484 4788 vos,
2518 4736 2641 4773 cum
2669 4722 2854 4774 essetis
2880 4723 3090 4776 mortui
3117 4723 3177 4775 in
3232 4723 3458 4790 delictis,
3490 4727 3543 4778 et
3567 4718 3795 4794 pra’putio

2216 4811 2400 4862 carnis
2421 4812 2614 4863 vestrm
2643 4809 3044 4876 conviviﬁcavit
3067 4826 3189 4866 cum
3221 4811 3337 4866 illo.
3399 4812 3646 4866 Mortuos
3696 4803 3802 4862 dicit

2216 4898 2460 4968 gentiles
2491 4897 2708 4951 fuisse:
2736 4895 2989 4966 primum
3022 4898 3282 4968 quidem,
3308 4901 3442 4970 quia
3468 4884 3648 4972 legem
3675 4897 3800 4965 Moy-

2216 4988 2286 5051 si,
2311 5001 2440 5058 qua:
2461 4986 2529 5040 ad
2550 4985 2950 5040 testimonium
2974 4987 3108 5041 data
3137 4991 3227 5042 est
3256 4989 3554 5058 Creatoris,
3585 4993 3635 5043 et
3662 4986 3720 5040 ad
3740 4981 3800 5035 vi-

2215 5076 2294 5130 tia
2323 5075 2782 5144 condemnanda,
2807 5074 3057 5146 recipere
3081 5075 3619 5145 noluerunt;deinde
3639 5086 3800 5146 pecca-

2215 5167 2406 5218 torum
2436 5180 2676 5219 suorum
2720 5164 3149 5234 causa,indigni
3207 5172 3372 5221 erant
3391 5167 3538 5233 vita;
3598 5165 3797 5230 ideoque

2215 5252 2486 5308 discrevit
2518 5253 2624 5306 hos
2655 5269 2689 5306 a
2718 5252 2952 5320 Iudaeis,
3021 5253 3186 5322 quasi
3217 5257 3316 5324 qui
3362 5255 3569 5310 fuerint
3618 5244 3800 5307 inimici

2221 5345 2255 5358 η
2298 5342 2310 5352 σ
2433 5342 2442 5350 ο
2593 5342 2612 5358 ’1
2683 5342 2695 5358 ι
2758 5342 2767 5350 ι
2866 5356 2870 5358 _
2999 5342 3010 5351 ι
3196 5342 3205 5351 ο
3331 5344 3371 5358 n
