3974 5358
438 380 552 441 631

1459 380 1795 443 A'I‘TONIS
1839 379 2420 443 VEBCELLENSIS
2465 383 2815 447 EPISCOPl

3687 385 3781 446 632

514 513 652 569 Cum
680 516 870 569 autem
909 513 1154 569 Christus
1200 514 1521 585 apparuerit
1576 515 1690 579 uita
1726 517 1921 579 vestra,
1954 519 2082 566 tunc
2112 521 2166 579 Α
2198 513 2472 571 creatoris
2506 515 2624 585 Dei,
2656 515 2914 587 lignis,et
2933 514 3248 588 lapidibus,
3276 512 3365 570 vel
3417 512 3547 569 aliis
3576 515 3785 571 metallis

443 613 494 658 et
521 617 613 683 vos
666 602 1006 673 apparebitis
1059 618 1185 658 cum
1212 602 1310 658 illo
1355 604 1416 657 in
1465 603 1666 673 gloria.
1713 601 1839 657 Vita
1883 603 2086 655 nostra
2193 600 2644 660 honoriﬁcentia:
2675 607 2803 675 ejus
2845 621 3056 660 nomen
3098 604 3373 667 tribuere,
3408 620 3540 658 cum
3568 602 3670 674 ipsi
3697 621 3786 660 non

443 689 711 747 Christus
740 695 847 757 est,
881 690 1020 762 quia
1049 689 1314 747 videlicet
1340 690 1466 762 ipse
1496 695 1585 747 est
1619 707 1791 745 verus
1825 694 1995 758 Deus,
2029 691 2089 742 et

445 778 564 834 vita
593 782 830 845 aeterna,
880 778 1006 834 sine
1062 780 1233 849 cujus
1264 779 1448 850 gratia
1509 778 1779 849 quisquis
1808 794 1870 832 se
1899 777 2088 831 vivere

448 866 650 934 credit,
681 869 877 923 vivens
904 872 1172 923 mortuus
1219 873 1328 924 est.
1375 869 1445 923 Et
1474 869 1602 924 ideo
1653 884 1856 923 omnes
1890 864 2088 920 ﬁdeles

450 974 565 1012 non
584 957 795 1012 debent
811 958 982 1013 modo
1003 956 1097 1012 hic
1113 974 1369 1029 quaerere
1386 956 1630 1029 gloriam
1649 971 1911 1025 suam,eo
1933 954 2087 1025 quod

451 1045 535 1101 illi
566 1046 659 1100 Dei
692 1045 830 1110 sint,
861 1051 918 1101 et
975 1050 1168 1101 tamen
1211 1046 1473 1100 nondum
1525 1050 1765 1117 apparet
1791 1044 1931 1115 quid
1964 1058 2092 1098 esse

456 1135 684 1190 debent.
718 1135 865 1200 Quid
898 1141 987 1191 est
1016 1134 1169 1191 enim
1219 1135 1431 1197 dicere,
1463 1151 1587 1189 cum
1637 1134 1884 1188 Christus
1911 1148 2092 1203 appa-

454 1226 631 1279 ruerit
656 1226 772 1279 vita
790 1229 990 1295 uestra,
1019 1229 1152 1279 tunc
1176 1232 1228 1279 et
1260 1240 1346 1279 vos
1391 1224 1733 1295 apparebitis
1757 1239 1883 1277 cum
1909 1221 2007 1276 illo
2034 1220 2094 1273 in

453 1314 651 1384 gloria,
686 1312 797 1369 nisi
821 1313 975 1384 quod
998 1313 1325 1369 etJoannes
1356 1312 1715 1383 evangelista
1733 1312 1861 1382 ejus
1892 1324 2098 1379 coapo—

456 1401 644 1458 stolus
666 1402 724 1456 in
746 1419 854 1458 sua
877 1401 1122 1474 epistola
1148 1402 1419 1456 ﬁdelibus
1436 1401 1687 1473 scripsit,
1708 1399 1940 1455 dicens:
1961 1397 2099 1452 Cha-

456 1493 688 1555 rissimi,
712 1508 862 1547 nunc
913 1490 1029 1563 filii
1080 1492 1179 1547 Dei
1235 1507 1449 1558 sumus,
1505 1498 1559 1546 et
1604 1488 1846 1545 nondum
1873 1494 2097 1558 apparet

458 1581 590 1652 quid
615 1583 860 1643 erimus;
909 1583 1119 1636 scimus
1174 1583 1322 1635 enim
1382 1580 1531 1651 quia,
1587 1594 1713 1633 cum
1755 1576 2096 1648 apparuerit,

456 1671 668 1727 similes
696 1672 748 1726 ei
776 1672 996 1737 erimus,
1019 1672 1281 1741 quoniam
1304 1668 1604 1724 videbimus
1632 1682 1760 1722 eum
1786 1666 1948 1720 sicuti
1977 1666 2101 1719 est?

460 1760 508 1833 (ι
532 1762 696 1817 Joan.
731 1777 813 1825 III,
838 1762 917 1831 2.)

532 1849 852 1918 Mortiﬁcate
871 1864 997 1917 ergo
1025 1849 1273 1903 membra
1293 1852 1492 1914 vestra,
1516 1860 1643 1917 quae
1658 1849 1786 1900 sunt
1809 1859 1972 1915 super
1991 1850 2103 1898 ter-

464 1955 607 1993 ram.
640 1938 924 2001 Quoniam
953 1937 1152 1993 omnia
1180 1935 1357 1992 simul
1384 1940 1619 2007 peccata
1647 1950 1859 2005 corpus
1887 1948 2015 1987 esse
2044 1931 2105 1985 in

469 2025 715 2098 epistola
744 2027 815 2082 ad
848 2026 1139 2082 Romanos
1161 2026 1456 2099 signiﬁcat
1477 2024 1645 2096 (Rom.
1671 2040 1747 2090 v1,
1779 2022 1856 2094 6).
1890 2020 2106 2076 Idcirco

469 2115 702 2188 singula
729 2114 939 2171 delicta
967 2115 1325 2184 describens,
1358 2114 1623 2169 membra
1652 2129 1718 2168 ea
1746 2108 2021 2183 appellat,
2045 2112 2110 2163 ut

468 2211 601 2279 post
627 2210 1017 2277 acceptam,ac
1047 2209 1333 2260 servatam
1377 2201 1778 2274 Evangelicam
1811 2201 1881 2254 de
1911 2198 2108 2254 Salva-

468 2294 612 2351 toris
641 2294 1003 2367 plenitudine
1022 2293 1329 2357 rationem,
1361 2293 1523 2348 bona:
1545 2291 1721 2345 vitam
1755 2305 1990 2360 operam
2013 2287 2110 2342 da-

467 2388 617 2448 rent,
648 2382 1010 2438 abstinentes
1040 2398 1102 2437 se
1123 2382 1193 2437 ab
1227 2382 1386 2436 omni
1410 2376 2107 2455 turpitudine,et'deside-

468 2472 555 2528 rio
586 2471 761 2537 malo,
789 2488 904 2542 quo
937 2470 1162 2542 possint
1212 2469 1427 2541 peritiae
1460 2468 1664 2524 divina:
1702 2467 1956 2521 fructum
1990 2482 2106 2521 non

468 2559 876 2616 amittere.Per
920 2565 1154 2632 tropum
1213 2557 1493 2629 loquitur,
1541 2573 1644 2628 per
1672 2555 2015 2611 efﬁcientem
2049 2554 2105 2608 id

469 2650 625 2720 quod
657 2647 1070 2719 efﬁcitur,quia
1099 2664 1214 2703 non
1246 2652 1466 2703 statum
1499 2646 1757 2701 cordoris
1786 2642 2107 2713 jubetinte-

469 2736 626 2804 rimi,
657 2753 763 2817 nec
792 2738 1055 2793 membra
1075 2737 1318 2805 destrui,
1349 2752 1475 2806 quae
1506 2738 1645 2789 sunt
1664 2749 1883 2805 organa
1903 2731 2109 2786 anima:

471 2828 539 2884 ad
565 2827 855 2898 agendum
877 2843 1026 2899 opus
1048 2824 1692 2896 honum,membrorum
1707 2822 1864 2877 enim
1888 2819 2110 2875 malum

472 2933 667 2986 usum,
691 2916 844 2971 sicut
863 2915 1302 2983 solet,nominat
1326 2912 1760 2969 membra.Nam
1785 2907 1854 2965 de
1874 2926 2112 2980 corpore

471 3009 670 3061 nostro
700 3004 855 3060 idem
899 3004 1211 3076 Apostolus
1241 3002 1353 3058 alio
1398 3000 1524 3056 loco
1555 3000 1735 3056 dicit':
1769 3000 1932 3055 Nemo
1960 2999 2113 3053 enim

470 3110 716 3166 unquam
742 3094 863 3150 odio
894 3094 1084 3149 habuit
1112 3109 1334 3148 carnem
1349 3092 1636 3157 suam,sed
1662 3090 1864 3151 nutrit,
1893 3093 1947 3143 et
1972 3090 2113 3159 fovet

471 3199 593 3239 eam
619 3184 834 3254 (Ephes.
866 3199 922 3249 v,
954 3185 1066 3250 29).
1086 3183 1170 3237 Ad
1202 3183 1372 3252 cujus
1391 3196 1527 3250 ergo
1547 3179 1794 3233 formam
1820 3176 2113 3248 proximos

472 3271 712 3344 diligere
733 3272 1034 3343 jubemur,
1058 3270 1108 3326 si
1131 3268 1572 3340 nobismetipsis
1601 3266 1790 3337 iniqui
1822 3264 2109 3320 exstiteri-

474 3378 608 3416 mus
628 3361 656 3415 Ἰ
684 3360 832 3425 Quid
863 3360 1019 3415 enim
1053 3359 1403 3414 mortiﬁcare
1417 3357 1621 3427 jubeat
1637 3353 2111 3425 Apostolus,con-

474 3454 788 3520 sequenter
817 3448 1106 3520 abjnngit,
1139 3447 1340 3501 dicens
1364 3462 1376 3499 :

546 3540 999 3604 Formcatio-nem,
1023 3535 1457 3600 immunditiam,
1477 3532 1781 3588 libidinem.
1805 3530 1935 3585 Haec
1955 3533 2113 3585 sunt.

478 3644 606 3698 qua;
637 3624 951 3697 Apostolus
981 3623 1317 3680 mortiﬁcari
1332 3622 1522 3693 jubet,
1548 3637 1662 3675 non
1680 3622 1899 3674 statum
1921 3634 2119 3690 corpo-

479 3714 583 3779 ris,
616 3713 716 3785 qui
742 3714 793 3768 si
821 3714 967 3769 bene
1016 3716 1268 3782 regatur,
1321 3710 1370 3765 si
1418 3708 1776 3779 adjutorium
1809 3707 1978 3762 nobis
2006 3710 2117 3762 est.

479 3802 770 3858 Vitiorum
801 3801 1016 3873 quippe
1045 3800 1424 3869 consuetudo,
1455 3799 1541 3853 vel
1591 3796 1885 3868 appetitus
1913 3801 2001 3851 est
2031 3812 2118 3851 re-

482 3891 847 3964 primendus,
896 3908 1012 3945 non
1071 3908 1280 3962 corpus
1339 3888 1690 3944 necandum.
1736 3884 1940 3942 Omnis
1965 3886 2119 3941 enim

482 3980 924 4045 incontinentis,
956 3979 1334 4035 immunditia
1362 3978 1475 4033 dici
1497 3980 1686 4049 potest
1714 3980 1888 4047 atque
1917 3975 2123 4035 libido;

556 4072 619 4126 Et
670 4070 1167 4141 concupiscentiam
1220 4068 1446 4122 malam.
1518 4066 1642 4121 Non
1701 4064 1855 4119 enim
1909 4065 2124 4120 diceret

480 4158 814 4232 Apostolus,
846 4163 897 4215 et
943 4157 1441 4229 concupiscentiam
1477 4153 1711 4221 malam,
1746 4152 1857 4207 nisi
1886 4158 2039 4208 esset
2068 4157 2125 4207 et

483 4248 658 4317 bona,
690 4249 843 4303 sicut
869 4247 993 4320 ipse
1031 4248 1102 4302 de
1132 4262 1193 4302 se
1241 4249 1510 4309 testatur,
1543 4243 1780 4296 dicens:
1814 4241 1981 4311 Cupio
2007 4240 2122 4295 dis-

482 4348 639 4415 solvi,
671 4354 722 4401 et
749 4361 866 4400 esse
883 4362 1009 4399 cum
1041 4345 1246 4399 Christo
1278 4341 1506 4413 (Philip.
1540 4356 1580 4408 ι,
1600 4339 1713 4408 23).
1750 4336 1854 4391 Ubi
1880 4336 2034 4391 enim
2064 4339 2121 4393 in

486 4434 640 4489 malo
672 4439 780 4497 est,
810 4432 1021 4488 vitium
1052 4437 1143 4487 est
1168 4449 1181 4497 ;
1210 4429 1311 4486 ubi
1332 4445 1466 4484 vero
1491 4428 1551 4482 in
1575 4427 1745 4493 bono,
1779 4442 1896 4481 non
1928 4430 2017 4481 est
2036 4427 2122 4480 vi—

485 4522 633 4578 tium
646 4566 659 4587 ,
692 4523 788 4577 sed
825 4520 1070 4577 affectio.

561 4611 875 4682 Sequitur:
936 4612 1002 4664 Et
1058 4610 1372 4676 avaritiam,
1434 4621 1559 4678 qua?
1594 4613 1673 4661 est
1700 4605 2129 4661 simulacrorum
2158 4617 2204 4680 Β

487 4702 739 4756 servitus.
791 4699 963 4754 Recte
1021 4697 1264 4752 avaritia
1320 4695 1493 4751 idolis
1551 4699 1943 4766 comparatur,
1993 4693 2133 4764 quia

491 4789 633 4845 dum
666 4786 920 4843 metallis
977 4786 1103 4841 auri
1133 4791 1191 4841 et
1220 4785 1467 4858 argenti,
1517 4785 1588 4840 de
1617 4783 1832 4854 quibus
1876 4782 2024 4837 ﬁunt
2052 4781 2129 4838 si-

491 4876 773 4942 mulacra,
810 4875 1069 4930 homines
1099 4875 1480 4930 immoderate
1502 4872 1997 4935 serviunt,aurum
2030 4887 2133 4941 pro

488 4966 605 5021 Deo
633 4969 998 5021 venerantur.
1029 4964 1347 5018 Avaritiam
1377 4967 1574 5017 tamen
1605 4959 1942 5015 idololatriae
1973 4974 2133 5013 com-

489 5055 706 5094 των-ανῆ
737 5059 801 5094 nt
832 5052 974 5094 nihil
1027 5051 1121 5094 illa
1172 5051 1478 5094 annlnatinn
1534 5050 1976 5094 demnnstraret-
2012 5046 2132 5094 Sllh

2195 690 2508 761 patiantur,
2568 699 2634 749 ut
2661 709 2863 749 servus
2913 693 3148 749 nomine
3180 691 3413 748 Domini
3443 698 3788 763 nuncupatur,

2196 795 2369 849 quem
2391 796 2505 835 non
2529 781 3071 852 naturautique,sed
3091 781 3356 852 quaedam
3379 780 3626 835 conditio
3649 782 3790 852 subjio

2198 869 2275 923 cit
2304 870 2615 925 servituti?
2633 870 2804 926 Aliud
2827 875 3029 925 contra
3048 871 3270 925 crimen
3292 874 3383 924 est
3413 868 3675 933 avaritia,
3703 886 3789 925 non

2201 956 2400 1028 dispar
2428 957 2671 1027 malitia,
2705 960 2807 1014 sed
2850 960 3145 1015 diversum
3194 957 3254 1013 in
3287 958 3544 1013 nomine.
3574 957 3718 1013 Unde
3742 961 3785 1014 ad

2201 1045 2571 1102 Timotheum
2605 1047 2647 1116 Ι,
2680 1065 2756 1118 v1,
2790 1049 2859 1102 10
2888 1047 3007 1115 ait;
3041 1047 3226 1103 Radix
3265 1049 3417 1102 enim
3444 1048 3678 1101 omnium
3703 1065 3789 1101 ma-

2203 1135 2381 1191 lorum
2404 1141 2481 1191 est
2509 1138 2745 1192 avaritia
2774 1137 2980 1207 (1252).
3032 1136 3309 1191 Omnium
3356 1135 3517 1191 enim
3549 1151 3711 1205 capax
3732 1142 3793 1190 est

2203 1222 2570 1292 delictorum,
2597 1230 2662 1279 ut
2689 1225 2982 1280 aviditatis
3004 1241 3142 1290 suae,
3177 1224 3330 1295 quod
3351 1222 3698 1293 impossibile
3714 1229 3791 1291 est,

2203 1311 2442 1383 impleat
2472 1314 2852 1379 desiderium,
2883 1329 3115 1385 semper
3163 1313 3372 1368 bibens
3404 1316 3463 1367 et
3508 1328 3719 1383 semper
3738 1313 3794 1366 si-

2203 1401 2374 1457 tiens.
2406 1402 2531 1457 Non
2562 1402 2854 1458 immerito
2883 1418 3019 1474 ergo
3048 1402 3158 1457 sub
3202 1417 3320 1455 uno
3351 1399 3591 1455 nomine
3614 1405 3794 1455 utrum-

2207 1505 2320 1560 que
2350 1489 2569 1544 malum
2627 1491 2899 1546 ostendit.
2947 1490 3096 1545 Pene
3152 1489 3312 1545 enim
3370 1503 3492 1543 uno
3549 1486 3796 1559 explentur

2208 1579 2544 1649 cpere,quia
2573 1579 2727 1634 sicut
2748 1576 3076 1633 idololatria
3105 1578 3207 1632 uni
3234 1576 3353 1632 Deo
3386 1577 3613 1633 auferre
3638 1575 3793 1631 nititur

2208 1666 2476 1739 gloriam,
2512 1683 2583 1722 ne
2611 1668 2766 1739 quod
2796 1668 2923 1737 ejus
2978 1665 3270 1739 peculium
3300 1672 3413 1735 est,
3466 1665 3621 1722 solus
3646 1664 3794 1720 audiat

2211 1772 2424 1811 nomen
2453 1756 2689 1815 deitatis
2718 1755 2831 1810 sibi
2854 1754 2963 1812 soli
2987 1755 3344 1827 condignum
3375 1780 3391 1821 ;
3414 1755 3499 1810 ita
3527 1759 3586 1810 et
3609 1754 3795 1809 avaritia

2212 1844 2271 1900 in
2302 1844 2399 1900 Dei
2422 1860 2483 1900 se
2512 1861 2605 1899 res
2622 1845 2898 1913 extendit,
2933 1850 2997 1898 ut
3025 1844 3076 1900 si
3106 1848 3298 1915 potest
3326 1843 3482 1911 ﬁeri,
3512 1858 3657 1896 unus
3681 1841 3795 1896 solus

2215 1938 2537 1989 creaturam
2569 1933 2697 2004 ejus
2727 1933 2839 1988 sibi
2871 1938 3135 2005 usurpet,
3168 1949 3349 2004 quam
3399 1936 3551 1986 Deus
3581 1930 3794 1986 omnibus

2215 2023 2368 2078 fecit.
2405 2021 2562 2077 Unde
2609 2022 2751 2077 dicit
2804 2022 2958 2078 Deus
3005 2039 3104 2094 per
3162 2020 3795 2093 prophetamdleumesl

2215 2127 2424 2166 aurum
2450 2118 2501 2165 et
2529 2125 2710 2165 meum
2763 2114 2842 2166 est
2886 2114 3186 2181 argentum
3234 2112 3390 2181 (Agg.
3422 2126 3467 2163 ιι
3497 2110 3571 2179 9).
3606 2107 3793 2176 Utraque

2215 2199 2394 2273 igitur
2424 2199 2539 2254 Deo
2571 2203 2661 2255 est
2706 2199 2981 2268 inimica;
3020 2199 3207 2255 ambas
3234 2198 3392 2254 enim
3425 2203 3540 2253 Deo
3567 2197 3793 2267 abnegant

2216 2305 2341 2360 quae
2370 2289 2499 2358 ejus
2531 2298 2685 2343 sunt.

2286 2397 2516 2466 Propter
2542 2411 2660 2465 qua
2715 2396 2867 2449 venit
2920 2396 3009 2449 ira
3065 2395 3163 2449 Dei
3216 2396 3278 2448 in
3319 2394 3468 2464 ﬁlios
3516 2391 3793 2463 difﬁdenhlr.

2217 2484 2367 2553 Sive,
2400 2489 2465 2538 ut
2494 2483 2591 2537 alii
2625 2484 2849 2538 codices
2900 2483 3138 2548 habent,
3171 2500 3342 2555 super
3390 2484 3539 2554 ﬁlios
3565 2480 3794 2537 increduli-

2218 2575 2346 2629 tatis
2374 2573 2577 2644 (1253).
2612 2571 2786 2627 Filios
2829 2571 3252 2627 incredulitatis
3298 2571 3556 2644 appellat
3593 2567 3793 2625 Sodomi-

2215 2667 2307 2717 tas
2336 2665 2394 2716 et
2424 2677 2544 2727 eos,
2575 2660 2675 2732 qui
2732 2660 2790 2715 in
2850 2660 3067 2716 diluvio
3118 2661 3439 2733 perierunt,
3484 2661 3600 2716 sive
3626 2674 3705 2714 eos
3727 2656 3794 2727 qui

2218 2749 2316 2804 Dei
2339 2749 2511 2804 verbo
2536 2748 3142 2803 incredulii‘ueruntin
3164 2749 3422 2804 deserto.
3449 2747 3704 2802 Malorum
3720 2760 3796 2798 me-

2219 2842 2578 2894 moratarum
2609 2853 2788 2892 causa
2816 2820 3129 2892 venturum
3155 2837 3298 2893 dicit
3318 2837 3611 2908 judicium
3639 2833 3732 2896 Dei,
3755 2835 3793 2885 ut

2218 2927 2542 2982 vindicetur
2571 2926 2631 2980 in
2663 2925 2792 2991 hos,
2827 2925 2927 2998 qui
2958 2930 3289 2998 contempto
3322 2931 3441 2982 Deo
3474 2931 3531 2981 et
3558 2925 3667 2997 lege
3692 2923 3788 2992 ejus,

2218 3015 2529 3071 interdicta
2559 3013 2726 3086 sequi
2768 3014 3116 3069 malueruat.
3141 3015 3211 3069 Et
3238 3020 3329 3071 est
3358 3031 3573 3070 sensus
3600 3010 3676 3066 vel
3701 3009 3785 3065 ordo

2218 3105 2552 3160 verborum.
2576 3103 2657 3157 Ex
2687 3103 2995 3172 praeteritis
3021 3105 3219 3159 futura
3241 3103 3511 3159 timenda
3540 3105 3678 3167 sunt,
3703 3098 3789 3169 quia

2223 3208 2475 3264 quorum
2505 3191 2832 3246 imitatores
2856 3191 3101 3259 fueritis,
3134 3208 3335 3247 eorum
3372 3195 3529 3247 recte
3558 3194 3609 3244 et
3634 3186 3714 3242 ﬁlii
3735 3200 3796 3238 vo-

2222 3280 2520 3359 cabimini.

2292 3386 2609 3459 Sequitur:
2640 3389 2703 3442 In
2750 3388 2946 3459 quibus
2996 3395 3047 3443 et
3094 3403 3185 3443 vos
3217 3387 3549 3443 ambulastis
3573 3379 3794 3455 aliquando

2223 3493 2344 3532 cum
2372 3477 2622 3531 viveretis
2651 3478 2708 3530 in
2742 3476 2857 3531 illis
2885 3480 3026 3532 Cum
3068 3481 3259 3531 autem
3295 3475 3481 3530 dixit:
3514 3491 3629 3530 cum
3652 3472 3799 3527 ticere-

2228 3568 2297 3621 tis
2330 3567 2384 3619 in
2419 3564 2558 3620 illis.
2590 3565 2845 3620 ostendit
2871 3564 3001 3620 illos
3033 3565 3133 3619 diu
3166 3563 3318 3619 male
3348 3564 3583 3628 vixisse,
3609 3565 3656 3615 et
3680 3554 3799 3631 quasi

2226 3654 2414 3709 dicat:
2451 3653 2638 3708 Nolite
2664 3670 2817 3708 nunc
2845 3653 2975 3708 Jam
3006 3652 3087 3708 ita
3115 3652 3324 3717 vivere,
3351 3669 3423 3707 ne
3452 3653 3646 3707 frustra
3664 3646 3800 3702 videa-

2231 3743 2371 3798 mini
2390 3742 3023 3808 credidisse.Quantum
3038 3742 3155 3796 illis
3172 3742 3525 3797 beneﬁcium
3540 3731 3800 3813 praestiterit

2229 3833 2418 3907 gratia
2448 3830 2543 3886 Dei
2574 3848 2675 3902 per
2701 3836 2898 3887 Jesum
2931 3830 3251 3899 Christum,
3286 3848 3400 3887 non
3446 3834 3607 3896 tacet,
3636 3827 3688 3880 ut
3708 3837 3796 3895 gra-

2228 3920 2487 3978 tulentur
2515 3920 2770 3976 evasisse
2822 3936 2883 3975 se
2905 3922 3075 3989 iram,
3101 3936 3228 3991 quae
3258 3924 3504 3975 ventura
3520 3920 3599 3973 est
3625 3910 3799 3983 repente

2230 4007 2696 4081 superinlideles
2754 4007 2935 4062 totius
2995 4011 3195 4075 terrae,
3231 4014 3288 4062 et
3346 4006 3492 4063 tales
3524 4000 3795 4071 semetipsos

2232 4098 2544 4168 praebeant,
2579 4101 2643 4150 ut
2671 4112 2871 4167 parere
2902 4096 3132 4166 possint
3182 4096 3484 4167 praeceptis
3511 4095 3644 4164 ejus,
3672 4106 3698 4144 a
3719 4098 3794 4158 quo

2231 4204 2265 4240 a
2297 4188 2480 4239 morte
2511 4184 2767 4239 secunda
2796 4188 2935 4238 sunt
2968 4184 3218 4240 liberati.

2302 4297 2461 4349 Nunc
2488 4299 2673 4346 autem
2717 4291 2970 4362 deponite
3027 4295 3081 4346 et
3128 4308 3220 4347 vos
3265 4307 3478 4347 omnem
3524 4292 3668 4352 iram,
3695 4277 3795 4337 indi-

2231 4383 2563 4454 gnationem,
2632 4380 2896 4448 malitim,
2956 4380 3370 4453 blasphemiam,
3430 4386 3627 4450 turpem
3650 4381 3791 4428 senm-

2232 4488 2357 4527 nem
2385 4470 2449 4525 de
2477 4485 2569 4525 ore
2599 4469 2965 4524 vestro.Nunc
2987 4469 3056 4523 ab
3084 4468 3177 4523 his
3199 4469 3469 4540 prohibet
3497 4483 3610 4539 qua:
3632 4459 3788 4516 minora

2236 4564 2470 4634 peccata
2497 4558 2788 4620 videntur.
2821 4575 2892 4613 ne
2942 4558 3087 4613 forte
3121 4558 3261 4630 quia
3288 4557 3549 4629 superius
3586 4566 3691 4625 qua?
3710 4559 3784 4634 gl“!-

2237 4633 2397 4704 viora
2417 4652 2572 4714 sunt,
2592 4646 2996 4702 mortiﬁcanda
3015 4646 3342 4702 mandavit:
3362 4646 3479 4701 hinc
3492 4633 3782 4699 admittenda.

2241 4742 2338 4795 aut
2368 4736 2535 4809 quasi
2567 4752 2674 4791 non
2709 4735 3035 4809 periculosa
3068 4753 3181 4791 non
3206 4735 3477 4808 fugienda
3506 4728 3788 4809 putarentut

2244 4828 2370 4881 Haec
2392 4805 2848 4896 indisciplinatio
2876 4840 2977 4878 nec
2999 4822 3134 4878 filiis
3156 4805 3461 4879 hominum
3482 4823 3611 4877 bene
3636 4805 3788 4870 edoctis

2242 4915 2543 4970 convenit:
2581 4919 2797 4986 quanto
2832 4913 3017 4984 magis
3051 4912 3189 4969 ﬁliis
3223 4913 3319 4968 Dei
3347 4916 3369 4969 Ρ

2310 5024 2482 5079 Nolite
2513 5023 2739 5076 mentiri
2767 5022 3018 5076 invicem.
3052 5020 3178 5075 Non
3207 5019 3363 5075 enim
3395 5017 3599 5092 oportet
3625 4999 3791 5094 mentiri
