3974 5358
175 405 284 467 633

734 412 1144 477 EXPOSlTlO
1190 417 1267 477 IN
1314 416 1738 479 EPISTULAS
1787 418 2135 481 PAULI.—
2168 417 2247 479 IN
2294 418 2537 481 EPIST.
2584 420 2687 480 AD
2732 415 3044 481 COLOSS.

3455 410 3573 470 634

178 539 376 595 actibus
403 543 539 609 suis,
570 551 622 599 et
652 545 865 601 induite
891 548 1074 619 (1254)
1102 566 1329 615 novum,
1361 566 1506 612 eum,
1528 553 1624 622 qui
1652 567 1809 606 reno-
1839 553 1895 619 Α
1926 552 2035 606 sub
2066 554 2458 623 septentrione
2488 552 2801 625 frigoribus
2833 550 3045 622 rigens,
3083 545 3344 603 moribus
3371 544 3580 601 barba-

174 632 331 683 vatur
358 631 420 685 in
448 634 733 702 agnitione
756 636 869 699 Dei,
892 638 1194 693 secundum
1220 642 1523 709 imaginem
1552 642 1691 711 ejus,
1725 656 1819 712 qui

175 718 381 774 creavit
413 736 560 775 eum.
588 725 726 777 Tam
779 724 951 800 verbo
1004 743 1180 797 quam
1223 734 1377 793 actu,
1424 729 1492 783 ad
1543 728 1822 800 Ephesios

177 824 403 880 quoque
433 812 692 882 apertius
731 798 882 869 hanc
926 815 1241 888 imaginem
1292 819 1632 887 nominavit,
1666 819 1821 874 scili-

176 902 259 952 cet
288 896 419 953 aliis
449 901 641 956 verbis
674 903 932 973 idipsum
985 906 1324 978 praecipiens
1371 924 1383 960 :
1435 907 1823 979 Exspoliantes

173 1001 278 1052 vos,
310 987 526 1058 inquit,
558 998 794 1046 veterem
823 992 1099 1049 hominem
1145 1013 1269 1050 cum
1317 998 1528 1051 actibus
1567 999 1704 1067 ejus,
1738 999 1826 1052 in-

173 1075 320 1131 duite
374 1093 600 1143 novum,
650 1082 747 1150 qui
790 1087 1087 1138 renovatur
1134 1086 1193 1138 in
1238 1087 1521 1157 agnitione
1568 1088 1688 1154 Dei,
1737 1102 1828 1143 se-

173 1165 412 1220 cundum
444 1169 741 1238 imaginem
766 1172 902 1242 eius,
935 1175 1035 1243 qui
1062 1177 1275 1229 creavit
1321 1192 1445 1230 eum
1493 1177 1626 1246 (Col.
1661 1195 1745 1243 nr,
1770 1177 1825 1245 9,

176 1254 276 1321 10).
314 1254 475 1318 Quod
517 1272 651 1329 ergo
690 1260 769 1314 ibi
798 1260 1032 1333 legitur,
1066 1264 1277 1320 induite
1303 1281 1502 1320 novum
1532 1268 1828 1332 hominem,

175 1346 259 1414 qui
291 1345 591 1401 secundum
623 1349 793 1404 Deum
819 1355 1039 1407 creatus
1090 1361 1186 1418 est,
1239 1354 1345 1409 hoc
1396 1356 1509 1410 isto
1564 1355 1707 1419 loco,
1740 1358 1828 1410 in-

170 1432 319 1488 duite
346 1450 549 1490 novum
580 1436 880 1507 hominem,
914 1444 1014 1511 qui
1042 1447 1667 1519 renovatursecundum
1685 1449 1829 1499 ima-

170 1522 356 1589 ginem
381 1524 518 1594 ejus,
551 1527 648 1596 qui
674 1530 878 1605 creavit
910 1532 1146 1585 eumJbi
1188 1537 1383 1588 autem
1420 1533 1521 1595 ait,
1564 1533 1831 1588 scundum

169 1610 377 1676 Deum;
451 1612 544 1669 hic
608 1632 766 1682 vero,
817 1619 1113 1674 secundum
1177 1623 1476 1692 imaginem
1529 1623 1668 1692 ejus,
1736 1624 1833 1693 qui

170 1700 379 1755 creavit
404 1716 549 1758 eum.
584 1706 693 1758 Pro
724 1721 792 1760 eo
821 1723 979 1777 vero,
1012 1709 1167 1779 quod
1199 1708 1279 1763 ibi
1313 1711 1531 1781 posuit,
1562 1714 1622 1764 in
1650 1712 1830 1781 justi-

167 1789 239 1842 tia
271 1792 332 1843 et
359 1792 649 1847 sanctitate
676 1797 958 1863 veritatis;
1011 1797 1119 1852 hoc
1170 1799 1364 1868 posuit
1407 1799 1502 1854 hic
1551 1802 1613 1855 in
1659 1802 1833 1873 agni—

168 1877 310 1932 tione
350 1880 463 1934 Dei.
522 1880 614 1936 Fit
670 1899 806 1955 ergo
860 1885 972 1941 ista
1030 1888 1350 1955 renovatio,
1385 1889 1832 1959 reformatioque

169 1966 404 2035 mentis,
429 1970 753 2026 secundum
788 1973 970 2029 Deum
1022 1975 1109 2030 vel
1154 1978 1477 2032 secundum
1510 1978 1830 2049 imaginem

167 2053 285 2110 Dei.
343 2057 452 2111 Sed
501 2058 630 2114 ideo
678 2062 893 2117 dicitur
939 2065 1238 2120 secundum
1291 2072 1484 2133 Deum,
1517 2084 1589 2149 ne
1619 2084 1831 2121 secun-

166 2143 298 2198 dam
338 2145 513 2201 aliam
545 2154 872 2206 creaturam
903 2153 1025 2208 ﬁeri
1060 2159 1331 2225 putetur;
1366 2157 1494 2210 ideo
1526 2143 1832 2211 secundum

165 2233 472 2305 imaginem
520 2238 636 2303 Dei,
687 2244 751 2294 ut
797 2240 855 2294 in
905 2257 974 2296 ea
1025 2259 1084 2297 re
1128 2243 1491 2309 intelligatur
1542 2245 1665 2299 fieri
1710 2245 1831 2300 haec

168 2325 487 2390 renovatio,
524 2327 637 2381 'ubi
685 2333 774 2383 est
823 2330 1015 2402 imago
1066 2332 1188 2397 Dei,
1242 2333 1299 2387 id
1351 2338 1462 2398 est,
1507 2334 1566 2388 in
1614 2339 1826 2391 mente.

173 2413 678 2478 Quemadmodum
734 2418 989 2475 dicimus
1018 2422 1343 2476 secundum
1377 2440 1611 2494 corpus,
1672 2441 1827 2479 mor-

168 2506 485 2570 tuum,non
516 2507 836 2562 secundum
868 2510 1281 2583 spiritum,qui
1313 2512 1386 2566 de
1416 2529 1655 2584 corpore
1688 2514 1828 2569 tide-

170 2588 242 2646 lis
270 2597 334 2647 et
355 2592 557 2661 justus
589 2595 869 2650 abscedit.
916 2598 1062 2661 Quid
1112 2600 1267 2654 enim
1316 2599 1569 2656 dicimus
1619 2619 1828 2657 secun-

169 2680 316 2736 dum
346 2688 907 2754 corpus,mortuum,
928 2686 1042 2742 nisi
1077 2704 1336 2758 corpore,
1361 2689 1447 2744 vel
1478 2690 1534 2743 in
1569 2708 1827 2763 corpore,

170 2785 286 2824 non
320 2770 535 2837 anima,
568 2771 656 2826 vel
688 2774 747 2827 in
776 2775 974 2829 anima
1007 2778 1344 2832 mortuum?
1391 2780 1541 2833 Sane
1584 2781 1698 2835 ista
1739 2797 1825 2835 re-

169 2859 402 2913 novatio
436 2877 548 2913 non
581 2866 877 2916 momento
923 2879 1036 2917 uno
1091 2866 1156 2923 fit
1203 2865 1391 2936 ipsius
1439 2868 1826 2924 conversatio-

166 2946 286 3013 nis,
322 2952 474 3002 sicut
525 2954 818 3003 momento
850 2966 965 3004 uno
1000 2950 1062 3005 ﬁt
1100 2952 1202 3007 illa
1231 2954 1289 3007 in
1321 2955 1615 3025 baptismo
1655 2974 1828 3011 reno-

166 3034 351 3103 vatio,
412 3036 755 3093 remissione
807 3040 1072 3094 omnium
1120 3048 1513 3112 peccatorum.
1574 3045 1633 3099 Si
1692 3061 1827 3116 ergo

158 3122 442 3193 spiritum
492 3125 706 3180 mentis
769 3132 979 3181 nostrae
1034 3146 1409 3196 renovamus,
1464 3137 1521 3185 et
1566 3131 1692 3202 ipse
1739 3137 1829 3187 est

154 3227 356 3267 novus
388 3212 580 3280 homo,
606 3214 705 3285 qui
737 3220 1046 3270 renovatur
1074 3218 1134 3271 in
1167 3219 1459 3289 agnitione
1489 3220 1821 3287 Dei,secun-

1862 1928 1910 1993 B

1930 657 2012 696 ra.
2048 646 2175 696 Haec
2207 658 2272 696 ex
2303 659 2479 697 causa
2509 641 2752 714 Scythas
2782 640 2963 696 fertur
2990 654 3117 694 esse
3145 639 3399 691 vocatos.

2002 730 2277 800 Sequitur
2308 749 2321 785 :
2352 731 2564 786 Induite
2590 747 2714 800 ergo
2746 746 2834 785 vos
2882 730 3021 783 sicut
3060 727 3216 782 electi
3242 727 3341 781 Dei
3369 722 3574 796 (1255),

1929 834 2136 874 viscera
2166 821 2585 877 misericordiae.
2622 821 3029 891 benignitatem,
3061 816 3571 878 humilitatem,mo-

1933 909 2655 982 destiam,patientiam.lsta
2685 908 2837 963 enim
2870 908 3101 973 habere,
3121 910 3296 981 atque
3317 901 3587 974 implere,

1936 1005 2023 1055 est
2051 1002 2335 1071 deponere
2364 1005 2614 1055 veterem
2648 998 2944 1052 hominem
2996 1013 3131 1051 cum
3180 993 3408 1049 actibus
3439 990 3584 1055 suis,

1938 1095 1994 1144 et
2056 1090 2291 1145 induere
2348 1106 2582 1155 novum,
2618 1104 2775 1151 eum,
2809 1087 2907 1159 qui
2941 1089 3251 1141 renovatur
3296 1083 3355 1137 in
3421 1079 3585 1152 agni-

1937 1178 2111 1247 tione,
2146 1179 2464 1234 secundum
2497 1178 2812 1249 imaginem
2845 1177 2993 1246 ejus,
3023 1174 3121 1245 qui
3166 1172 3381 1227 creavit
3427 1186 3587 1225 eum.

1937 1268 2019 1322 Ad
2052 1268 2172 1321 haec
2204 1284 2300 1321 eos
2330 1266 2590 1322 facienda
2623 1267 2907 1331 hortatur,
2943 1281 3067 1335 qua:
3098 1261 3374 1317 meritum
3408 1257 3593 1313 collo-

1939 1362 2075 1412 cant
2105 1358 2256 1427 apud
2288 1358 2492 1411 Deum.
2512 1363 2560 1409 A
2582 1355 2835 1426 peccatis
2866 1359 3060 1408 autem
3093 1349 3385 1406 abstinere
3411 1347 3594 1402 timor

1940 1446 2349 1500 facitzveretur
2368 1446 2523 1499 enim
2557 1462 2627 1499 ne
2657 1443 2812 1499 mala
2834 1442 3049 1497 faciens
3072 1439 3257 1512 poenis
3282 1437 3587 1493 subdatur.

1940 1534 2068 1589 Haec
2099 1540 2450 1606 autem,qure
2475 1551 2629 1589 nunc
2652 1533 2916 1588 facienda
2938 1530 3231 1593 monet,ad
3263 1528 3587 1599 profectum

1941 1624 2233 1695 pertinent
2262 1623 2600 1679 meritorum
2636 1640 2649 1677 :
2684 1639 2752 1677 ex
2779 1621 3074 1676 voluntate
3104 1617 3260 1674 enim
3284 1617 3586 1679 fiunt,non

1941 1728 2010 1767 ex
2039 1712 2517 1777 necessitate.Qui
2539 1728 2674 1783 ergo
2696 1713 2767 1767 ab
2793 1709 3016 1764 illicitis
3047 1725 3109 1763 se
3139 1704 3595 1773 abstinet,habet

1942 1801 2209 1869 laudem;
2245 1802 2343 1873 qui
2376 1819 2508 1856 vero
2540 1819 2573 1856 a
2603 1800 2777 1856 licitis
2805 1802 3111 1871 temperat,
3142 1801 3200 1852 et
3228 1795 3460 1850 laudem
3492 1793 3588 1847 ha-

1942 1893 2057 1957 bet,
2092 1896 2148 1946 et
2180 1890 2506 1963 praemium.

2012 1980 2403 2048 Supportantes
2434 1981 2682 2043 invicem,
2717 1978 2979 2049 exemplo
3022 1974 3257 2039 Christi,
3291 1973 3390 2045 qui
3422 1971 3591 2026 infir-

1941 2070 2177 2124 mitates
2208 2074 2435 2125 nostras
2460 2069 2721 2141 portavit,
2736 2071 2856 2123 tam
2890 2064 3182 2139 spiritales
3212 2079 3389 2135 quam
3412 2060 3586 2117 etiam

1941 2158 2288 2230 corporales.
2324 2162 2397 2214 Et
2424 2160 2687 2214 donantes
2716 2156 3131 2226 vobismetipsis,
3165 2154 3222 2207 id
3254 2156 3361 2216 est,
3389 2148 3583 2205 indul-

1939 2253 2160 2318 gentes,
2190 2253 2247 2302 et
2277 2248 2634 2304 dimittentes
2663 2246 3029 2310 alterutrum,
3061 2244 3213 2298 sicut
3242 2246 3298 2296 et
3320 2239 3587 2295 Christus

1938 2336 2210 2391 omnibus
2241 2336 2506 2403 indulsit,
2539 2336 2713 2391 etiam
2745 2339 2803 2390 et
2836 2331 3305 2404 persecutoribus
3335 2327 3480 2384 suis.

2007 2428 2075 2480 Si
2102 2428 2222 2497 quis
2253 2425 2515 2481 adversus
2545 2425 2786 2495 aliquem
2814 2422 2971 2477 habet
3002 2420 3296 2493 querelam,
3341 2419 3483 2472 sicut
3538 2418 3591 2472 et

1938 2516 2197 2570 Dominus
2224 2515 2450 2572 donavit
2480 2516 2646 2569 vobis.
2681 2515 2756 2567 Ac
2788 2512 2836 2566 si
2868 2512 3022 2566 dicat
3055 2527 3068 2564 :
3099 2510 3155 2564 Si
3186 2507 3282 2563 ille
3303 2506 3590 2578 indulget,

1937 2594 2039 2676 qui
2071 2608 2259 2675 potest
2288 2604 2601 2671 vindicare,
2636 2607 2691 2657 et
2722 2600 2925 2673 parcit,
2972 2600 3031 2654 in
3076 2615 3191 2670 quo
3240 2614 3355 2652 non
3400 2598 3595 2665 potest

1938 2692 2179 2747 inveniri
2214 2698 2551 2764 peccatum;
2584 2695 2805 2762 quanto
2832 2689 3017 2760 magis
3042 2704 3165 2754 vos,
3200 2685 3298 2758 qui
3326 2701 3440 2740 non
3482 2700 3589 2756 po-

1936 2782 2101 2836 testis
2131 2782 2317 2836 vivere
2350 2780 2474 2835 sine
2509 2784 3025 2851 peccato,quorum
3054 2775 3313 2833 vindicta
3332 2778 3434 2829 aut
3456 2790 3586 2845 par-

1937 2887 2007 2925 va
2039 2876 2141 2925 aut
2170 2869 2329 2925 nulla
2360 2870 2489 2925 est?
2522 2869 2710 2924 Nolite
2742 2884 2877 2939 ergo
2908 2867 3134 2938 exigere
3183 2881 3360 2936 parva
3390 2881 3424 2919 a
3452 2880 3588 2918 con-

1938 2960 2138 3024 servis,
2175 2975 2244 3013 ne
2273 2959 2435 3013 vobis
2490 2957 2717 3013 indulta
2763 2956 2947 3011 multa
2995 2953 3213 3028 peccati
3262 2952 3457 3009 debita
3504 2969 3589 3007 re-

1938 3048 2269 3119 quirantur.
2298 3034 2313 3049 ”

2008 3136 2181 3205 Super
2210 3138 2397 3190 omnia
2426 3143 2608 3189 autem
2628 3135 2741 3189 haec
2766 3135 3096 3190 charitatem
3141 3135 3417 3189 habentes.
3445 3131 3591 3196 Quia

1935 3224 2089 3279 enim
2124 3224 2379 3278 omnium
2411 3224 2603 3293 major'
2622 3228 2711 3277 est
2741 3222 3017 3288 charitas,
3047 3222 3185 3276 huic
3224 3220 3413 3291 magis
3459 3223 3583 3274 stu-

153 3301 306 3355 dum
340 3300 653 3373 imaginem
695 3305 844 3374 ejus,
898 3305 996 3377 qui
1046 3307 1258 3362 creavit
1308 3325 1465 3374 eum,
1516 3310 1661 3364 nulli
1709 3311 1817 3365 du-
1849 3290 1891 3356 (ἶ
1935 3314 2191 3369 dendum
2224 3312 2681 3369 hortatur.Tunc
2713 3312 2867 3366 enim
2900 3311 3253 3381 omnia,qua3
3276 3325 3454 3379 supra
3475 3322 3591 3362 ser'

151 3389 325 3445 bium
358 3397 469 3459 est,
504 3408 618 3447 non
651 3395 977 3449 secundum
1010 3413 1240 3467 corpus,
1276 3415 1464 3468 neque
1497 3401 1824 3456 secundum

152 3478 488 3551 quamlibet
516 3481 724 3536 animae
750 3486 1100 3553 partem,sed
1125 3486 1449 3542 secundum
1474 3489 1823 3546 rationalem

154 3568 593 3634 mentem,.ubi
642 3575 834 3641 potest
889 3589 1018 3627 esse
1066 3574 1287 3646 agnitio
1347 3575 1465 3636 Dei,
1524 3576 1823 3635 hominem

155 3658 383 3712 factum
415 3658 485 3712 ad
518 3658 835 3731 imaginem
867 3662 1014 3731 ejus,
1052 3663 1149 3733 qui
1193 3664 1407 3720 creavit
1438 3668 1821 3723 eum.Secun-

154 3748 302 3801 dum
360 3745 525 3804 hanc
561 3751 755 3802 autem
807 3751 1242 3807 renovationem
1303 3753 1596 3809 efﬁcimur
1647 3756 1823 3812 etiam

156 3835 287 3890 Filii
321 3834 421 3889 Dei
452 3850 554 3905 per
582 3836 946 3906 baptismum
978 3839 1214 3903 Christi,
1267 3846 1323 3893 et
1370 3842 1681 3898 induentes
1722 3862 1824 3900 no-

154 3940 291 3979 vum
350 3908 671 3992 hominem,
733 3925 1032 3980 Christum
1103 3928 1305 3997 utique
1361 3929 1665 3986 induimus
1726 3950 1827 4004 per

155 4012 359 4068 fidem.
394 4012 535 4078 Quis
566 4017 656 4068 est
685 4030 843 4085 ergo,
876 4014 976 4084 qui
1008 4016 1080 4069 ab
1114 4016 1221 4071 hoc
1254 4020 1546 4073 consortio
1578 4020 1825 4077 feminas

157 4100 408 4169 alienas,
442 4118 575 4156 cum
609 4102 730 4157 sint
772 4102 1080 4158 nobiscum
1131 4106 1322 4176 gratia
1370 4106 1719 4176 cohaeredes,
1771 4118 1828 4167 et

153 4190 270 4247 alio
304 4189 621 4249 locoidem
655 4190 972 4262 Apostolus
1023 4193 1176 4248 dicat
1210 4212 1222 4249 :
1253 4194 1453 4250 Omnes
1498 4200 1648 4253 enim
1695 4201 1828 4265 Filii

152 4282 257 4337 Dei
284 4283 420 4335 estis
447 4295 543 4350 per
572 4280 738 4350 ﬁdem
772 4282 833 4335 in
865 4281 1080 4338 Christo
1125 4285 1271 4339 Jesu.
1325 4287 1647 4358 Quicunque
1676 4292 1827 4347 enim

153 4372 213 4426 in
258 4371 485 4427 Christo
541 4370 807 4440 baptizati
854 4372 1007 4435 estis,
1061 4373 1342 4428 Christum
1383 4377 1658 4433 induistis.
1707 4383 1826 4436 Non

149 4467 228 4515 est
277 4459 534 4526 Iudaeus,
578 4475 755 4531 neque
831 4459 1071 4527 Graecus,
1126 4478 1235 4517 non
1294 4468 1375 4518 est
1420 4481 1606 4521 servus
1652 4485 1826 4539 neque

154 4550 298 4605 liber
332 4567 352 4603 :
385 4565 498 4603 non
525 4556 608 4603 est
631 4547 889 4603 maculus
934 4565 1110 4621 neque
1154 4553 1386 4620 femina.
1439 4554 1639 4610 Omnes
1676 4559 1823 4615 enim

1934 3403 2124 3458 vanda
2155 3402 2472 3468 mandavit,
2504 3402 2575 3457 ad
2607 3400 2878 3456 effectum
2910 3400 3283 3473 praemiorum
3313 3401 3589 3470 poterunt

1934 3490 2164 3557 deduci,
2196 3491 2245 3545 si
2278 3491 2423 3546 duce
2472 3490 2752 3545 charitate
2781 3488 2890 3545 iter
2920 3488 3223 3544 ambulent
3255 3487 3418 3558 legis.
3447 3486 3593 3540 Tota

1932 3580 2088 3635 enim
2108 3584 2298 3634 mente
2320 3583 2556 3651 operatu
2569 3579 2719 3650 r,qui
2745 3579 2815 3633 de
2839 3593 3035 3632 amore
3057 3575 3278 3646 aliquid
3303 3574 3582 3646 facit.Hy-

1936 3669 2180 3741 pocrisis
2207 3675 2265 3724 et
2286 3668 2583 3724 simulatio
2602 3686 2717 3724 non
2738 3674 2825 3723 est
2857 3667 2914 3721 in
2939 3664 3401 3735 charitate,sicut
3420 3662 3591 3718 Joan-

1936 3776 2039 3815 nes
2070 3758 2150 3813 ait
2181 3776 2195 3814 :
2231 3760 2432 3823 Timor,
2466 3758 2679 3829 inquit.
2709 3773 2821 3812 non
2851 3761 2934 3812 est
2957 3756 3018 3810 in
3047 3755 3312 3825 charitate
3359 3754 3406 3825 (1
3431 3754 3567 3809 Joan

1936 3866 2013 3914 IV,
2045 3849 2130 3917 18)
2167 3865 2178 3902 :
2217 3848 2313 3918 qui
2347 3846 2502 3902 enim
2533 3848 2699 3901 timet
2726 3846 3015 3918 perfectus
3038 3861 3152 3899 non
3182 3848 3299 3912 est;
3333 3842 3587 3915 perfecta

1935 3936 2091 3991 enim
2114 3935 2341 3991 dilectio
2369 3938 2519 3990 foras
2546 3935 2720 3988 mittit
2746 3932 3204 3989 timorem.Unde
3226 3937 3281 3986 et
3301 3932 3586 3987 Dominus

1935 4022 2116 4077 amari
2145 4040 2206 4077 se
2240 4022 2463 4087 maluit,
2496 4038 2670 4091 quam
2697 4021 2912 4075 timeri.
2946 4021 3075 4075 Haec
3112 4025 3200 4075 est
3244 4019 3422 4085 enim,
3455 4036 3583 4090 quae

1935 4111 2342 4183 complectitur
2370 4111 2686 4174 unitatem;
2718 4110 2837 4163 haec
2866 4126 2992 4174 quae
3022 4126 3225 4164 omnes
3257 4125 3441 4164 unum
3464 4125 3586 4164 cor-

1936 4219 2046 4274 pus
2078 4200 2246 4264 facit;
2274 4200 2393 4255 haec
2424 4204 2532 4267 est,
2566 4215 2691 4270 quae
2722 4214 2918 4253 veram
2951 4198 3127 4252 habet
3157 4214 3378 4268 pacem,
3406 4215 3583 4269 quam

1935 4291 2107 4347 corde
2138 4307 2282 4362 puro
2311 4288 2582 4343 custodit.
2618 4287 2811 4343 Potest
2857 4286 3013 4341 enim
3063 4303 3175 4357 pax
3214 4285 3348 4351 dici,
3383 4292 3440 4339 et
3467 4303 3582 4340 non

1933 4380 2147 4435 habere
2197 4378 2562 4433 charitatem.
2595 4377 2861 4433 Charitas
2908 4376 3063 4431 enim
3109 4390 3340 4446 semper
3381 4391 3578 4430 secum

1931 4468 2107 4524 habet
2133 4450 2352 4540 pacem.

2006 4557 2154 4626 Quod
2185 4566 2261 4612 est
2286 4557 2569 4611 vinculum
2595 4556 2969 4626 perfectionis.
3020 4553 3393 4610 Perfectionis
3425 4554 3582 4609 enim

153 4655 245 4696 vos
292 4654 477 4693 unum
526 4639 660 4692 estis
707 4638 769 4691 in
821 4637 1031 4694 Christo
1076 4641 1242 4695 Jesu?
1283 4640 1430 4712 (Gal.
1464 4659 1551 4709 ιιι,
1581 4646 1671 4711 26,
1703 4648 1817 4719 27.)
1848 4652 1896 4715 D
1926 4645 2226 4704 vinculum
2250 4646 2506 4699 charitas
2538 4644 2782 4709 dicitur;
2815 4644 2954 4715 quia
2975 4660 3146 4700 omne
3179 4643 3580 4714 bonum,quod

153 4726 579 4801 Nunquidnam
609 4726 788 4797 igitur
817 4726 1019 4783 ﬁdeles
1050 4728 1280 4783 feminae
1311 4747 1513 4787 sexum
1560 4737 1817 4806 corporis

158 4816 531 4872 amiserunt?
579 4815 691 4870 Sed
739 4815 882 4886 quia
922 4816 1003 4871 ibi
1055 4822 1364 4872 renovatur
1394 4821 1465 4875 ad
1497 4821 1814 4895 imaginem

157 4906 279 4977 Dei,
312 4904 416 4960 ubi
450 4920 625 4960 sexus
656 4903 854 4960 nullus
884 4910 994 4975 est,
1027 4905 1134 4961 hoc
1163 4910 1271 4971 est,
1304 4906 1363 4961 in
1397 4909 1606 4981 spiritu
1649 4929 1817 4967 men-

156 4996 230 5052 tis
260 5012 406 5051 suaa.
734 5052 746 5061 _

229 5085 331 5143 Ubi
383 5099 495 5139 non
544 5089 625 5138 est
670 5083 910 5151 gentilis,
961 5092 1021 5138 et
1058 5085 1304 5150 Iudaeus,
1357 5086 1723 5155 circumcisio,
1769 5084 1823 5146 ει

159 5177 498 5202 cunmm-lanam
559 5174 831 5202 "multum...
888 5173 934 5202 Α
970 5172 1159 5202 οιΑ-σι..-
1221 5191 1404 5202 -..m...n
1466 5181 1511 5202 ..ι
1545 5178 1684 5202 1-1.-..
1733 5182 1821 5202 --.Ι

1928 4736 2140 4808 agitur,
2173 4734 2451 4787 nimirum
2483 4750 2585 4803 per
2616 4732 2880 4798 illam,ne
2902 4732 3345 4804 pereat,ligatur
3365 4749 3378 4788 ;
3401 4750 3435 4786 a
3458 4739 3581 4786 ten-

1922 4830 2108 4890 tatore
2140 4838 2395 4892 namque
2424 4822 2618 4884 citius,
2643 4826 2699 4875 et
2729 4821 3033 4892 quodlibet
3058 4838 3206 4892 opus
3237 4814 3583 4889 evellitur,si

1929 4915 2190 4971 solutum
2221 4929 2255 4967 a
2283 4910 2514 4966 vinculo
2562 4910 2864 4966 charitatis
2917 4911 3232 4967 invenitur.
3270 4909 3331 4962 Si
3391 4917 3587 4968 autem

1929 5020 2120 5067 mens,
2154 5001 2253 5057 Dei
2280 5017 2345 5056 ac
2374 5000 2625 5072 proximi
2654 4999 2963 5056 dilectione
2995 4996 3439 5068 constringitur,
3457 5016 3589 5057 cum

1925 5092 2321 5151 tentationum
2342 5094 2537 5146 motus
2575 5089 2842 5160 quaelibet
2860 5090 2911 5144 ei
2933 5090 3159 5163 injuste
3191 5088 3603 5157 suggesserint

2197 5198 2249 5202 --
2283 5179 2399 5202 311:-
2436 5180 2553 5202 ﬁ---

3020 5180 3103 5202 ,ξι
3185 5179 3235 5202 Αι
3274 5192 3421 5202 n-_-,

2602 5178 2826 5202 3:1-..st-
2864 5194 2966 5202 -..μ
