3974 5358
152 309 259 366 645

655 300 1068 361 EXPOSITIO
1118 301 1187 356 IN
1234 297 1655 356 EPiS’l‘ULAS
1711 295 1959 356 PAULI.
2003 328 2077 338 —
2113 297 2182 354 IN
2236 297 2477 359 EPIST.
2526 301 2539 355 I
2589 300 2689 357 AD
2736 298 3008 357 THESS.

3413 298 3532 359 646

156 437 275 495 ﬁdei
304 433 521 491 caeteris
547 434 836 494 Ecclesiis,
864 436 925 486 ut
960 437 1097 485 nutu
1128 430 1226 484 Dei
1260 430 1599 502 perﬁcerent
1630 445 1778 493 Opus
1810 437 1857 497 Α
1892 429 2571 498 agressedicuntl‘amam
2592 429 2867 484 introitus
2886 430 3531 495 sui,etconversationis

154 531 418 597 emptum,
448 523 699 593 prompti
734 522 792 576 in
824 521 1018 577 studio
1050 520 1352 573 charitatis
1382 524 1439 572 et
1472 517 1779 585 patientiae,

154 622 206 671 et
230 612 343 683 spei
368 613 650 667 adventus
677 611 899 665 Domini
923 613 1048 664 ante
1068 611 1256 673 Deum,
1281 607 1378 679 qui
1401 607 1670 679 dignatus
1698 610 1785 660 est

156 704 350 760 Filium
371 718 544 755 suum
565 701 867 754 incarnare
887 716 984 769 pro
1004 698 1190 753 salute
1210 695 1783 751 humana.Placitum

156 794 297 849 enim
332 790 429 845 Dei
465 796 571 853 est,
606 793 654 843 si
688 789 1024 860 proﬁciatur
1054 788 1111 841 in
1144 787 1393 841 Christo.

219 880 471 941 Scientes,
504 880 711 947 fratres
740 877 928 930 dilecti
957 894 987 928 ιι
1020 877 1142 941 Deo,
1168 876 1487 928 electionem
1516 877 1787 927 vestram:

156 972 271 1042 quia
303 968 656 1037 Evangelium
688 974 933 1020 nostrum
962 980 1071 1018 non
1114 966 1223 1031 [uit
1270 963 1342 1017 ad
1388 979 1477 1017 vos
1526 965 1586 1015 in
1634 961 1789 1015 verbo

156 1059 325 1131 (1271)
354 1057 553 1123 solum,
580 1055 670 1110 sed
698 1060 751 1109 et
780 1056 841 1108 in
875 1056 1088 1107 virtute.
1110 1057 1159 1106 et
1192 1054 1250 1105 in
1273 1053 1481 1121 Spiritu
1509 1055 1715 1117 sancto,
1740 1054 1791 1104 et

155 1152 208 1203 in
252 1145 601 1218 plenitudine
632 1146 824 1209 multa,
856 1146 995 1197 sicut
1038 1143 1188 1196 scitis
1220 1142 1404 1212 quales
1432 1142 1700 1210 fuerimus
1732 1141 1790 1192 in

159 1237 294 1291 vobis
318 1236 488 1290 vestri
515 1250 679 1289 causa
700 1233 903 1303 (1272).
934 1231 1193 1285 Humiles
1223 1247 1283 1283 se
1316 1229 1493 1283 fuisse
1525 1230 1674 1283 inter
1696 1243 1792 1282 eos

160 1324 507 1397 signiﬁcant,
543 1329 604 1377 ut
635 1322 748 1377 illis
781 1322 1029 1375 formam
1061 1321 1267 1373 darent
1298 1316 1790 1384 mansuetudinis,

159 1432 263 1469 non
294 1413 448 1484 quod
477 1412 767 1466 defuerint
797 1426 924 1481 quae
948 1410 1019 1463 ad
1056 1409 1225 1462 ﬁdem
1262 1406 1391 1462 illos
1424 1407 1796 1461 hortarentur

161 1500 470 1573 magnalia,
503 1499 639 1571 quia
669 1498 941 1554 doctrinas
983 1496 1335 1575 Evangelicae
1387 1496 1563 1549 robur
1610 1495 1795 1549 virtus

163 1591 469 1664 praestabat
490 1589 814 1660 signorum,
839 1592 896 1641 et
922 1586 1316 1657 prodigiorum
1340 1584 1398 1638 in
1423 1584 1641 1655 Spiritu
1667 1600 1796 1638 san-

164 1687 266 1744 cto,
288 1680 341 1733 id
365 1685 482 1744 est,
506 1694 621 1732 non
646 1677 704 1730 in
730 1675 1059 1747 phantasia,
1084 1674 1183 1728 sed
1208 1673 1265 1727 in
1291 1672 1526 1727 veritate
1550 1672 1796 1743 plenitu-

1892 533 2093 571 eorum
2137 534 2268 571 cum
2322 519 2722 589 prmdicatione
2754 517 3068 588 Evangelii,
3104 525 3167 572 ut
3216 535 3328 573 non
3378 526 3535 574 esset

1895 622 2126 660 necesse
2149 624 2214 661 ea
2237 608 2446 661 dicere.
2472 608 2839 679 Supcrﬁuum
2867 612 2955 661 est
2979 608 3132 661 enim
3158 623 3224 662 ea
3255 608 3382 671 fari,
3407 624 3533 679 quis

1896 702 2034 747 nota
2082 695 2216 748 sint.
2253 696 2336 748 Ad
2384 711 2585 748 omnes
2618 696 2769 748 enim
2806 696 2862 748 in
2893 694 3137 748 circuitu
3172 700 3531 765 pervenerat,

1896 783 1978 836 ita
2010 788 2070 836 ut
2099 792 2147 835 et
2184 784 2599 837 annuntiarent
2621 785 2841 838 caeteris
2872 801 2986 854 qua
3011 783 3314 837 devotione
3344 800 3535 839 susce-

1903 877 2102 943 perant
2133 874 2442 943 apostolos.
2470 873 2536 925 Εἰ
2567 872 2705 941 quia
2734 872 2798 925 ad
2836 873 3050 939 omnia,
3075 889 3201 943 quae
3230 873 3536 927 audierant

1899 970 1971 1015 ab
2001 962 2105 1023 eis,
2135 966 2355 1015 t'uerant
2378 962 2780 1031 promptiores,
2807 960 3197 1032 relinquentes
3222 961 3355 1016 deos
3384 978 3537 1015 mor-

1898 1053 2052 1118 tuos,
2077 1056 2474 1120 exspectarent
2505 1056 2699 1102 autem
2723 1049 3014 1102 Christum
3050 1050 3119 1103 de
3150 1050 3331 1116 costis,
3362 1066 3534 1121 quem

1902 1138 2168 1191 humana:
2192 1138 2399 1192 salutis
2417 1154 2593 1191 causa
2616 1141 2911 1191 mortuum
2935 1138 3261 1198 audierant.
3280 1145 3334 1191 et
3357 1155 3547 1192 resur-

1903 1225 2119 1280 rexisse
2147 1226 2371 1280 devicta
2407 1231 2613 1292 morte,
2639 1232 2695 1280 et
2724 1242 2856 1280 cum
2880 1242 3050 1280 carne
3082 1232 3452 1297 assumptum
3486 1227 3542 1281 in

1902 1314 2093 1384 cmlos,
2128 1314 2398 1369 ministra
2430 1316 2601 1381 nube,
2628 1315 2696 1369 ad
2728 1315 3127 1370 confusionem
3164 1316 3541 1386 prudentium

1903 1403 2234 1474 mundi,qui
2255 1403 2717 1458 consideratione
2736 1404 2934 1458 habita
2954 1404 3406 1473 mundanorum,
3423 1422 3542 1459 car-

1905 1493 1995 1547 nis
2020 1498 2308 1558 naturam,
2334 1508 2459 1563 quae
2483 1492 2674 1563 gravis
2701 1498 2809 1559 est,
2836 1498 3042 1564 putant
3065 1484 3175 1547 non
3203 1509 3372 1564 posse
3393 1493 3538 1562 ﬁeri,

1905 1587 1971 1636 ut
2002 1581 2343 1635 sustollatur
2373 1581 2429 1634 in
2464 1580 2641 1636 ccelis.
2671 1582 2787 1637 Hoc
2808 1582 3012 1636 ell‘ectu
3046 1582 3109 1635 ﬁt
3133 1581 3382 1652 Spiritus
3404 1599 3537 1637 san-

1906 1671 2001 1733 cti,
2036 1678 2100 1724 ut
2143 1672 2488 1725 erubescant
2516 1671 2816 1741 terrigena:
2849 1671 3184 1742 prudentes.

165 1768 327 1837 diuis,
352 1772 416 1822 ut
449 1765 596 1821 nulli
629 1764 955 1820 necessitati
985 1764 1213 1818 deesset
1242 1761 1547 1830 auxilium,
1571 1761 1671 1815 sed
1703 1777 1795 1815 su-
1833 1800 1877 1863 Β
1978 1761 2133 1831 (CAP.
2156 1760 2244 1829 Il.)
2265 1759 2369 1830 Ipsi
2388 1762 2535 1813 enim
2554 1760 2970 1829 scitis,fratres,
2993 1761 3279 1813 introitum
3299 1768 3549 1814 nostrum

166 1857 569 1930 perabundans
600 1854 786 1927 gratia
812 1854 1106 1908 videretur
1148 1857 1206 1906 et
1247 1852 1306 1906 in
1337 1852 1620 1917 doctrina,
1655 1856 1711 1904 et
1742 1851 1797 1903 in

167 1944 610 2011 conversatione,
645 1950 700 1999 et
748 1944 806 1997 in
857 1944 1025 2014 aegris
1057 1941 1353 2005 curandis,
1389 1947 1453 1994 ut
1482 1941 1800 2011 perfectum

169 2054 302 2108 opus
319 2034 573 2107 Spiritus
592 2032 775 2088 sancti
796 2036 1101 2104 appareret
1123 2031 1181 2084 in
1195 2029 1802 2085 Thessalonicensium

170 2123 474 2190 Ecclesiiis,
492 2127 557 2176 ut
576 2122 632 2175 in
661 2120 817 2175 nullo
842 2137 902 2174 se
925 2119 1181 2174 minores
1197 2119 1456 2173 videntes
1468 2119 1801 2172 Judaeorum

174 2212 486 2279 Eccclesiis,
504 2194 823 2282 gauderent
844 2209 903 2262 in
921 2208 1071 2262 dono
1085 2207 1206 2275 Dei,
1222 2208 1319 2279 qui
1347 2207 1653 2278 participes
1672 2205 1803 2261 illos

179 2302 348 2356 facere
378 2300 658 2370 dignatus
688 2302 776 2352 est
810 2297 1218 2368 promissionis
1251 2296 1516 2351 Abrahae.

234 2392 297 2445 Et
327 2405 419 2444 vos
454 2390 755 2443 imitatores
783 2387 962 2440 nostri
987 2388 1126 2456 facti
1151 2386 1299 2449 estis,
1328 2389 1376 2439 et
1416 2386 1592 2455 ipsius
1622 2384 1805 2452 (1273)

174 2479 403 2547 Domini,
427 2478 781 2548 suscipientes
801 2475 1021 2529 verbum
1042 2477 1101 2529 in
1119 2491 1379 2545 pressura
1402 2476 1576 2528 multa
1603 2474 1804 2544 (1274),

171 2584 288 2623 cum
311 2567 514 2636 gaudio
545 2566 780 2637 Spiritus
809 2566 1004 2629 sancti,
1039 2566 1111 2618 ita
1154 2574 1213 2618 ut
1253 2564 1477 2633 fueritis
1510 2579 1595 2617 vos
1624 2578 1807 2616 errem-

166 2658 315 2728 plum
344 2658 602 2711 omnibus
632 2655 810 2726 (1275;
843 2654 1192 2708 credentibus
1238 2654 1297 2705 in
1329 2651 1644 2707 Macedonia
1673 2655 1723 2705 et
1752 2652 1812 2703 in

165 2747 387 2802 Achaia.
423 2745 636 2817 Cupidi
670 2743 1027 2799 credulitatis
1060 2743 1270 2813 probra
1299 2748 1355 2795 et
1386 2742 1633 2811 injurias
1672 2760 1704 2794 a
1734 2741 1812 2794 ci-

163 2837 331 2891 vibus
353 2837 494 2889 suis
528 2834 684 2906 passi
706 2833 1029 2887 tolerarunt
1050 2831 1262 2884 ﬁducia
1282 2831 1632 2884 futurorum.
1654 2830 1815 2885 Unde

155 2929 211 2978 et
242 2921 456 2977 aemuli
490 2923 764 2976 dicuntur
795 2918 1194 2991 apostolorum
1246 2922 1303 2972 et
1351 2918 1539 2989 ipsius
1568 2918 1815 2983 Domini,

152 3012 293 3084 quia
317 3013 373 3064 et
394 3009 702 3064 Dominus
724 3008 925 3061 eadem
948 3024 980 3061 a
1000 3007 1220 3062 Judaeis
1243 3023 1453 3077 passus
1475 3012 1585 3071 est,
1608 3013 1665 3061 et
1686 3023 1817 3076 apo-

154 3099 287 3155 stoli
310 3104 643 3169 sequentes
666 3098 835 3151 ﬁdem
862 3096 983 3161 Dei,
1009 3096 1439 3167 persecutiones
1470 3096 1624 3166 passi
1658 3100 1813 3163 sunt,

150 3189 490 3262 gaudentes,
516 3188 646 3258 quia
676 3185 837 3258 digni
867 3186 1040 3239 habiti
1068 3194 1195 3240 sunt
1225 3201 1320 3256 pro
1350 3187 1570 3240 nomine
1598 3185 1817 3240 Domini

164 3279 539 3335 contumelias
563 3278 684 3348 pati
704 3276 836 3346 (Act.
863 3292 913 3339 v,
939 3275 1050 3345 41),
1074 3275 1322 3329 scientes
1350 3292 1451 3345 pro
1481 3274 1573 3329 his
1605 3290 1816 3345 magna

166 3371 288 3424 fore
321 3366 564 3439 praemia
595 3364 966 3436 repromissa.
994 3365 1241 3418 ldoneus
1272 3364 1423 3418 enim
1460 3380 1660 3419 servus
1692 3380 1817 3435 pro-

171 3459 366 3526 batur,
393 3454 628 3526 quando
653 3470 752 3524 pro
774 3453 1014 3513 nomine
1037 3452 1259 3506 domini
1283 3453 1372 3507 sui
1401 3452 1667 3507 inimicos
1688 3454 1815 3521 ejus

172 3543 628 3614 otl‘endit.Cujus
651 3542 729 3597 rei
755 3558 1038 3595 memores
1085 3541 1260 3609 gavisi
1287 3548 1423 3596 sunt
1446 3558 1547 3612 spe
1570 3542 1817 3613 promis-

177 3634 361 3690 sionis
390 3633 452 3687 in
486 3648 778 3703 pressura.
809 3632 1007 3701 Itaque
1039 3646 1251 3700 magna
1280 3630 1599 3684 exhortatio
1634 3635 1721 3685 est
1745 3630 1814 3684 ad

179 3726 528 3795 protectum,
562 3736 693 3774 cum
726 3718 947 3774 similes
980 3717 1108 3772 illos
1141 3720 1319 3772 factos
1352 3717 1491 3772 dicit
1520 3725 1574 3771 et
1605 3718 1817 3772 Christi

181 3819 233 3867 et
260 3810 522 3884 Apostoli
559 3810 758 3877 (1276),
792 3808 862 3861 ad
912 3808 1159 3860 formam
1198 3807 1567 3875 praebendam
1600 3808 1822 3862 caeteris

183 3899 558 3957 credentibus
586 3898 702 3953 illis
733 3899 792 3950 in
824 3896 985 3962 locis,
1015 3895 1230 3966 quibus
1253 3897 1407 3949 fama
1439 3894 1671 3949 illorum
1707 3912 1825 3950 am-

184 3990 447 4046 bulabat.

248 4082 288 4134 A
320 4079 474 4134 vobis
503 4078 649 4132 enim
678 4076 993 4147 diﬂ‘amatus
1021 4078 1095 4129 cst
1124 4088 1296 4127 sermo
1328 4074 1571 4139 Domini,
1604 4090 1711 4128 non
1744 4090 1825 4129 so-

185 4168 296 4222 lum
326 4169 387 4221 in
417 4166 751 4229 Macedonia,
773 4171 824 4218 et
856 4165 915 4217 in
936 4162 1159 4230 Achaia,
1182 4160 1272 4215 sed
1305 4163 1365 4215 in
1395 4162 1546 4216 omni
1568 4162 1678 4229 loco
1696 4163 1826 4229 ﬁdes

185 4265 378 4320 vestra,
412 4269 540 4326 quae
590 4261 666 4307 est
714 4251 782 4305 ad
833 4255 1020 4315 Deum,
1068 4252 1342 4320 processit.
1377 4249 1514 4304 Tale
1563 4255 1649 4305 est
1698 4251 1825 4322 hoc,

186 4343 353 4415 quale
376 4348 434 4399 et
456 4342 600 4396 illud
625 4341 693 4395 ad
716 4341 1026 4405 Romanos,
1054 4355 1092 4405 1,
1120 4342 1171 4408 8,
1193 4354 1326 4392 cum
1351 4338 1521 4392 dicit:
1551 4341 1677 4408 quia
1700 4340 1831 4409 ﬁdes

187 4443 361 4489 vestra
399 4430 741 4503 praedicatur
787 4430 844 4482 in
900 4429 1152 4481 uniuerso
1180 4426 1404 4480 mundo.
1438 4427 1546 4481 Sed
1581 4428 1672 4483 his
1702 4446 1830 4483 am-

1910 1849 1983 1903 ad
2013 1865 2120 1913 vos,
2154 1852 2280 1921 quia
2310 1864 2415 1901 non
2450 1850 2635 1902 inanis
2662 1850 2793 1919 fuit,
2815 1848 2907 1903 sed
2938 1857 3064 1903 ante
3087 1850 3264 1918 passi,
3288 1850 3335 1903 et
3364 1851 3548 1903 contu-

1911 1939 2091 1992 meliis
2121 1940 2337 2008 afﬂicti,
2370 1939 2515 1992 sicut
2543 1939 2712 2001 scitis,
2748 1940 2805 1990 in
2837 1938 3129 2009 Philippis,
3163 1944 3356 1992 exerta
3389 1938 3550 1993 tiber-

1910 2033 2025 2081 tale
2054 2029 2178 2080 ausi
2204 2044 2395 2081 sumus
2445 2029 2501 2080 in
2544 2028 2777 2081 Domino
2808 2037 3003 2096 nostra,
3038 2028 3301 2097 loquendo
3347 2027 3417 2081 ad
3459 2043 3548 2081 vos

1910 2114 2282 2183 anngclium
2309 2116 2408 2169 Dei
2456 2118 2512 2168 in
2543 2133 2737 2185 magno
2766 2117 3082 2170 certamine.
3116 2120 3278 2170 Hanc
3311 2131 3545 2187 pressu-

1915 2222 2059 2273 ram,
2084 2222 2256 2275 quam
2294 2221 2446 2257 nunc
2478 2209 2781 2268 memorat,
2815 2221 3025 2275 passus
3056 2210 3143 2258 est
3174 2204 3230 2257 in
3264 2203 3548 2275 Philippis

1913 2312 2043 2349 cum
2072 2294 2219 2348 Silea
2241 2293 2442 2363 (1277),
2462 2298 2696 2364 propter
2720 2292 2989 2364 spiritum
3014 2292 3352 2363 Pythonem,
3373 2309 3547 2364 quem

1914 2402 1948 2440 a
1978 2383 2171 2455 puella
2200 2384 2445 2451 cjecerat
2476 2386 2615 2452 (Act.
2649 2399 2761 2446 xvr,
2798 2382 2883 2449 18)
2910 2399 2922 2435 :
2946 2382 3104 2452 Quod
3131 2382 3251 2451 jam
3286 2398 3391 2436 suo
3423 2382 3550 2437 loco

1917 2474 2133 2527 dictum
2169 2477 2271 2525 cst.
2299 2471 2400 2524 Cui
2437 2486 2721 2541 pressurze
2753 2487 2864 2525 non
2897 2470 3090 2536 cessit,
3116 2470 3215 2525 sed
3241 2469 3442 2524 fortior
3470 2469 3555 2523 in-

1917 2564 2122 2614 ventus
2153 2565 2258 2621 est,
2292 2560 2429 2612 dum
2465 2560 2639 2613 audet
2671 2558 2997 2629 praedicare,
3032 2574 3136 2612 nec
3176 2558 3333 2630 loqui
3366 2558 3553 2623 timet,

1922 2667 2021 2720 spe
2053 2649 2252 2718 utique
2283 2648 2555 2717 promissi
2588 2648 2831 2719 praemii,
2863 2652 2927 2701 ut
2957 2652 3013 2702 et
3052 2647 3110 2702 bi
3142 2648 3330 2703 securi
3362 2652 3559 2703 essent

1922 2738 1977 2791 in
2004 2737 2858 2808 persecutionibus,gaudentes
2880 2741 3114 2808 prOpter
3137 2737 3390 2791 futuram
3415 2754 3558 2791 mer-

1924 2829 2141 2882 cedem.
2179 2825 2420 2895 Signum
2454 2842 2588 2896 ergo
2620 2826 2807 2879 devoti
2840 2830 2896 2879 et
2944 2825 3130 2882 ﬁdelis
3161 2826 3558 2897 praedicatoris

1924 2914 2065 2968 dicit
2094 2930 2240 2978 esse,
2275 2913 2321 2967 si
2356 2913 2410 2966 in
2446 2931 2719 2983 pressura
2754 2913 2905 2985 loqui
2939 2914 3311 2969 verbumDei
3343 2932 3457 2968 non
3490 2914 3560 2967 ti-

1927 3008 2098 3071 meat,
2116 3002 2346 3056 inanem
2370 3001 2534 3055 illum
2558 3002 2916 3073 significans,
2934 3003 3033 3073 qui
3056 3008 3271 3058 terrore
3292 3002 3561 3074 praesenti

1927 3091 2298 3146 formidinem
2334 3090 2550 3160 patitur
2588 3090 2959 3161 praedicandi.
2993 3091 3099 3153 Qui
3133 3092 3287 3145 enim
3320 3108 3563 3146 securus

1849 3162 1891 3228 C
1929 3187 2017 3236 est
2047 3181 2115 3234 de
2149 3178 2437 3250 promissa
2466 3195 2587 3249 spe,
2624 3196 2736 3233 non
2768 3178 2938 3250 cedit,
2974 3184 3039 3233 ut
3067 3185 3396 3234 coronetur.

1994 3275 2133 3326 Nam
2176 3269 2480 3323 exhortatio
2526 3276 2707 3323 nostra
2752 3283 2862 3322 non
2908 3284 2979 3322 ea:
3021 3269 3272 3339 fallacia,
3304 3284 3479 3338 neque
3500 3270 3559 3323 in

1926 3360 2357 3421 immmunditia,
2377 3373 2546 3428 neque
2569 3359 2627 3410 in
2648 3356 2795 3427 dolo,
2813 3356 2905 3411 sed
2927 3359 3067 3412 sicut
3083 3358 3300 3428 probati
3318 3374 3505 3413 sumus
3528 3375 3563 3413 a

1928 3448 2048 3509 Deo,
2084 3454 2141 3500 ut
2186 3444 2498 3499 crederetur
2541 3446 2694 3499 nobis
2727 3446 3108 3516 t‘vangelium,
3142 3447 3219 3500 ita
3266 3446 3557 3517 loquimur,

1924 3552 2033 3589 non
2068 3543 2124 3588 ut
2160 3533 2477 3589 hominibus
2504 3536 2796 3604 placentes,
2827 3535 2916 3589 sed
2969 3539 3097 3603 Deo,
3131 3537 3183 3589 ei
3228 3541 3321 3607 qui
3371 3535 3564 3606 probat

1926 3623 2089 3679 corda
2138 3627 2344 3677 nostra.
2398 3628 2514 3677 Hoc
2569 3629 2802 3695 propter
2846 3624 3365 3696 pseudoapostolos
3403 3624 3563 3693 dicit,

1929 3713 2029 3784 qui
2058 3712 2210 3778 dolo,
2240 3718 2296 3766 et
2324 3711 2553 3766 fallacia
2581 3713 2973 3782 praedicabant
3004 3730 3116 3767 non
3151 3713 3340 3778 missi,
3365 3718 3429 3768 ut
3457 3714 3568 3768 cir-

1930 3801 2332 3855 cumvenirent
2359 3807 2560 3871 gentes
2593 3801 2663 3855 ad
2713 3803 3084 3857 serviendum
3117 3802 3225 3873 legi
3264 3803 3568 3857 factorum.

1932 3890 2046 3944 Iste
2069 3894 2263 3942 autem
2289 3888 2535 3943 electum
2561 3907 2642 3953 se,
2667 3895 2722 3943 et
2755 3890 3000 3944 missum
3036 3894 3345 3961 praedicare
3370 3892 3572 3946 multis

1934 3977 2142 4049 probat
2174 3977 2367 4042 rebus,
2402 3976 2541 4046 quia
2571 3980 2626 4029 et
2656 3977 2714 4030 in
2748 3980 3037 4047 pressaris
3068 3979 3272 4033 fortior
3301 3979 3571 4034 inventus

1935 4072 2042 4136 est,
2075 4071 2131 4120 et
2180 4066 2233 4119 in
2266 4064 2697 4120 conversatione
2728 4066 3279 4137 irreprehensibilis,
3315 4073 3377 4122 ut
3425 4067 3572 4122 nihil

1935 4161 2090 4211 esset
2141 4154 2199 4208 in
2250 4154 2376 4220 hoc,
2414 4154 2565 4224 quod
2602 4153 2796 4209 minus
2836 4155 2951 4209 Deo
2982 4155 3223 4227 dignum
3260 4156 3571 4223 videretur,

1938 4243 2425 4317 prosequentibus
2456 4244 2659 4315 signis.
2682 4243 2924 4306 Quidam
2956 4243 3132 4311 enim,
3159 4252 3415 4316 quaestus
3448 4263 3579 4300 cau-

1939 4351 2022 4402 sa,
2043 4332 2335 4387 Christum
2362 4334 2771 4403 praedicabant,
2798 4334 2975 4388 favori
3001 4333 3304 4389 hominum
3329 4335 3580 4390 servien-

1943 4428 2047 4487 tes,
2084 4422 2219 4493 quia
2251 4427 2305 4475 et
2333 4421 2392 4474 in
2425 4423 2718 4493 arguendo
2752 4424 3114 4478 remissiores
3146 4429 3329 4491 erant,
3363 4424 3580 4497 quippe

190 4522 363 4593 ptius,
388 4520 532 4594 quia
562 4536 677 4574 non
710 4517 902 4573 solum
935 4516 1100 4583 ﬁdes,
1130 4515 1227 4570 sed
1260 4532 1406 4586 opus
1436 4515 1567 4571 ﬁdei
1598 4517 1831 4573 illorum
1863 4535 1908 4599 Ι)
1941 4527 2074 4565 Cum
2109 4526 2211 4564 nec
2238 4510 2552 4565 auctoritas
2575 4517 2746 4579 esset,
2771 4517 2826 4566 et
2856 4513 2913 4567 in
2936 4513 3311 4567 tribulatione
3338 4512 3577 4582 inﬁrmi,

192 4612 450 4683 pervenit
480 4608 540 4663 in
574 4623 806 4663 omnem
839 4605 1053 4660 locum.

256 4700 339 4755 Ita
382 4704 444 4754 ut
495 4714 606 4753 non
655 4712 864 4751 necesse
913 4694 1204 4749 habeamus
1251 4708 1348 4746 nos
1390 4693 1599 4766 aliquid
1627 4696 1826 4767 eloqui.

192 4787 299 4854 Ipsi
328 4791 482 4843 enim
511 4787 574 4841 de
615 4787 770 4841 nobis
799 4786 1140 4840 armuntiant
1169 4782 1385 4852 qualem
1415 4784 1696 4839 introitum
1727 4786 1828 4839 ha-

196 4877 475 4932 buerimus
498 4876 567 4929 ad
588 4891 699 4946 vos,
723 4879 773 4930 et
792 4873 1050 4946 quomodo
1071 4871 1314 4926 conversi
1336 4872 1461 4924 estis
1483 4871 1552 4925 ad
1572 4874 1739 4927 Deum
1766 4874 1832 4928 ab

195 4966 368 5032 idolis,
401 4967 473 5020 ad
504 4964 848 5019 serviendum
877 4963 982 5016 Dec
1013 4963 1128 5015 uiuo
1158 4966 1209 5015 et
1256 4975 1397 5027 vero,
1431 4964 1481 5013 et
1531 4962 1599 5015 ad
1646 4978 1832 5032 exspe-

196 5056 450 5110 claudum
471 5053 685 5111 Filium
705 5057 752 5126 ej
758 5071 818 5108 us
840 5055 911 5106 tle
930 5052 1099 5117 cistis,
1124 5066 1281 5121 quem
1301 5051 1580 5105 suscitavit
1600 5069 1667 5107 ei:
1686 5067 1831 5104 mor-

200 5145 298 5198 tuis
324 5146 531 5210 .lesum,
564 5144 656 5215 qui
683 5144 889 5215 eripuit
919 5156 1014 5194 nos
1051 5140 1117 5194 ab
1165 5141 1252 5193 ira
1284 5139 1549 5194 veniente.
1583 5141 1673 5197 Sic
1704 5156 1830 5211 per-

1941 4602 2078 4672 quia
2099 4617 2211 4654 non
2234 4616 2301 4653 ex
2322 4599 2511 4669 corde,
2536 4609 2630 4655 sed
2663 4602 2718 4653 in
2747 4601 2976 4656 fallacia
2996 4610 3118 4657 erat
3137 4618 3330 4656 sermo
3354 4617 3577 4658 eorum.

1941 4690 2144 4744 Omnis
2165 4688 2342 4756 enim,
2363 4689 2463 4759 qui
2487 4690 2609 4743 sine
2631 4707 2731 4760 spe
2744 4692 2890 4762 agit,
2906 4698 3037 4747 orta
3058 4689 3431 4746 tribulatione
3452 4710 3581 4748 suc-

1894 4814 1905 4829 ι
1941 4780 2182 4834 cumbit.

2012 4874 2198 4940 Neque
2227 4872 2371 4921 enim
2405 4884 2644 4938 unquam
2693 4870 2752 4923 in
2798 4870 2955 4925 verbo
2996 4869 3331 4926 adulationis
3360 4884 3586 4926 conver-

1940 4964 2051 5017 sali
2079 4974 2287 5021 sumus,
2319 4960 2460 5010 sicut
2488 4960 2663 5024 scitis,
2694 4975 2868 5028 neque
2897 4960 2957 5013 in
2984 4961 3268 5016 occasione
3297 4961 3594 5021 avaritiae;

1943 5051 2082 5106 Deus
2115 5049 2268 5104 testis
2297 5048 2392 5099 est.
2422 5045 2584 5100 Nunc
2616 5049 2797 5117 aperit
2823 5051 2977 5118 quod
3012 5063 3194 5119 supra
3225 5043 3604 5117 signiﬁcavit,

1946 5157 2076 5196 cum
2112 5138 2290 5192 dicit:
2327 5152 2441 5188 non
2476 5136 2531 5189 in
2565 5136 2868 5191 occasione
2899 5140 3157 5192 avaritiae
3190 5149 3202 5185 :
3240 5130 3431 5186 Deum
3466 5137 3611 5193 dans
