3974 5358
408 326 555 415 ’647
1088 408 1092 421 ,
1451 324 1784 413 Arrouis
1830 350 2416 429 vescannuusm
2462 351 2813 414 EPISCOPI
3662 366 3746 428 ag

442 493 671 554 testem,
697 487 836 558 quia
857 486 1011 542 istud
1044 490 1100 541 et
1131 486 1303 542 corde
1332 485 1596 550 faciebat,
1621 502 1735 540 non
1766 482 2078 556 hypocrisi,
2110 485 2163 549 Α
2196 484 2307 549 Dei,
2339 488 2664 555 suscepistis
2700 504 2809 543 non
2862 494 2925 543 ut
2970 489 3189 545 verbum
3218 493 3507 563 hominum,
3532 495 3626 565 sed,
3650 502 3749 557 sicut

441 578 611 649 quasi
640 583 1017 633 contemnens
1042 582 1317 649 pauca,ut
1347 577 1491 630 forte
1524 576 1691 646 plura
1716 574 2080 630 offerrentur.
2190 578 2271 628 est
2298 591 2442 635 vere,
2476 577 2699 630 verbum
2735 580 2854 641 Dei,
2887 579 3027 649 quod
3055 588 3111 633 et
3138 590 3391 650 operatur
3428 585 3486 637 in
3522 586 3661 651 vobis,
3683 595 3749 659 qui

442 667 605 722 Unde
626 673 684 721 et
714 668 871 737 ipsos
894 665 1180 731 convenit,
1210 666 1462 720 scientes
1489 680 1553 718 ac
1586 663 1917 734 probantes,
1945 666 2082 734 quia
2190 663 2522 721 credidistis.
2556 665 2671 719 Deo
2711 667 2932 736 gratias
2964 668 3240 736 referunt,
3274 670 3407 741 quia
3435 674 3633 743 aperuit
3656 692 3748 731 sen-

444 756 586 811 nulli
610 756 798 811 fuerat
820 755 1111 810 adulatus.
1138 756 1363 810 Pseudo
1387 753 1541 808 enim
1565 751 1805 820 apostoli
1834 754 2079 807 formam
2190 767 2322 805 sum
2342 750 2574 807 illorum
2595 754 2664 808 ad
2687 754 3079 825 recipiendum
3096 742 3752 831 Evangeliumsuum.Glo-

443 845 691 900 avaritiae
714 844 839 899 dari
870 844 981 899 sibi
1013 844 1314 916 optabant,
1339 848 1404 897 ut
1432 842 1561 913 ipsa
1590 841 1913 907 occasione,
1937 841 2078 895 dum
2187 840 2276 894 ria
2305 841 2459 895 enim
2494 843 2936 912 praedicantium
2984 852 3092 915 est,
3124 863 3257 901 cum
3310 849 3592 906 audientes
3632 854 3751 911 facile

440 951 604 990 veros
669 933 964 1005 apostolos
1032 933 1229 988 omnia
1293 932 1455 986 illata
1517 930 1713 984 vident
1780 929 2073 998 accipore,
2188 929 2449 983 credunt.
2501 931 2688 986 Tanta
2743 933 2898 988 enim
2954 936 3255 991 devotione
3314 945 3627 1009 receperunt
3663 959 3749 996 ver-

436 1024 663 1096 possint
692 1024 803 1095 ipsi
853 1023 978 1077 sine
1010 1021 1226 1076 invidia
1257 1019 1643 1092 simpliciores
1675 1018 1941 1073 homines
1974 1018 2073 1072 de-
2187 1018 2348 1085 bum,
2411 1022 2477 1073 ut
2542 1021 2856 1090 probarent
2916 1024 2981 1076 Se
3038 1022 3393 1081 intellexisse
3450 1026 3538 1083 Dei
3585 1028 3750 1086 doctri-

437 1111 701 1184 praedari.
2187 1123 2345 1161 nam.

494 1206 574 1259 Ne
600 1205 905 1274 quaerentes
924 1215 993 1255 ex
1037 1201 1294 1254 omnibus
1322 1198 1503 1270 (1278)
1528 1197 1790 1268 gloriam,
1822 1210 1994 1266 neque
2040 1211 2073 1248 (ι
2259 1196 2352 1250 Vos
2380 1199 2548 1263 enim,
2579 1199 2798 1267 fratres,
2838 1202 3144 1257 imitatores
3190 1204 3327 1272 facti
3373 1206 3500 1259 estis
3539 1206 3750 1262 Ecclesia-

419 1292 575 1346 vobis
624 1306 793 1360 neque
848 1291 916 1343 ab
966 1290 1122 1353 aliis,
1153 1304 1281 1342 cum
1324 1302 1598 1357 possemus
1647 1300 1798 1339 oneri
1847 1300 1980 1348 esse,
2014 1287 2074 1337 ut
2182 1300 2308 1338 rum
2338 1286 2454 1353 Dei,
2486 1302 2605 1356 quae
2640 1292 2768 1342 sunt
2812 1289 2873 1343 in
2908 1289 3128 1361 Iudaea,
3159 1306 3278 1362 quae
3323 1302 3449 1348 sunt
3494 1294 3547 1348 in
3591 1294 3750 1351 Christo

426 1380 639 1435 Christi
656 1379 1214 1451 apostoli.lntantum
1235 1372 2070 1447 gravatpseudoapostolorum
2179 1374 2325 1442 Iesu,
2360 1376 2492 1444 quia
2517 1376 2703 1431 eadem
2738 1380 2893 1446 passi
2936 1382 3064 1434 estis
3113 1390 3167 1435 et
3211 1397 3305 1437 vos
3350 1398 3388 1437 a
3428 1386 3749 1440 oontn'bulibu:

437 1484 697 1535 causam,
732 1473 795 1522 ut
824 1483 887 1521 se
919 1467 1173 1520 abnuere
1203 1465 1378 1528 dicat,
1403 1479 1535 1544 cum
1569 1462 1766 1517 liceret
1795 1460 1879 1514 illi
1911 1462 2072 1515 obse—
2178 1463 2397 1527 vestris,
2422 1465 2563 1518 sicut
2593 1469 2645 1519 et
2674 1466 2786 1535 ipsi
2813 1484 2846 1519 a
2869 1468 3096 1534 Judwis,
3121 1472 3219 1539 qui
3245 1478 3297 1526 et
3329 1472 3603 1526 Dominum
3628 1474 3748 1528 inter.

435 1558 573 1631 quia
604 1556 919 1628 requirere,
951 1556 1023 1609 ad
1068 1553 1539 1624 comprimendos
1569 1568 1686 1617 eos,
1720 1550 1934 1622 quibus
1964 1565 2071 1604 nec
2178 1554 2624 1607 emeruntJesum
2655 1563 2704 1608 et
2729 1556 3045 1627 prophetas,
3078 1569 3127 1613 et
3156 1574 3251 1614 nos
3277 1562 3545 1630 persecuti
3567 1570 3685 1627 sunt,
3713 1569 3749 1617 et

432 1646 681 1702 facultas
713 1650 855 1708 erat,
888 1660 993 1698 nec
1046 1644 1253 1714 pudor,
1285 1647 1342 1696 et
1387 1646 1583 1696 tamen
1632 1640 1910 1694 honorem
1955 1637 2065 1693 sibi
2176 1644 2290 1695 Deo
2317 1659 2431 1694 non
2455 1642 2798 1711 placuerunt,
2834 1649 2885 1699 et
2914 1647 3163 1702 omnibus
3194 1647 3504 1704 hominibus
3531 1649 3749 1705 adversan-

433 1736 768 1808 poscebant.
795 1735 867 1788 Se
894 1733 1051 1787 enim
1080 1730 1271 1803 potius
1303 1747 1477 1800 quam
1507 1729 1599 1783 Dei
1622 1728 1889 1783 doctrina
1907 1743 2065 1782 com-
2173 1730 2283 1796 tur,
2304 1730 2644 1800 prohibentes
2664 1748 2761 1787 nos
2779 1736 3029 1803 gentibus
3053 1737 3297 1808 loqui,ut
3320 1740 3750 1806 solventur,th

428 1823 691 1879 mendari
743 1821 1026 1877 volebant.
1063 1819 1375 1892 Apostolus
1421 1823 1638 1882 autem,
1672 1817 1765 1887 qui
1816 1817 2060 1889 gloriam
2095 1859 2142 1922 B
2174 1822 2233 1871 ut
2251 1818 2543 1889 suppleant
2560 1830 2778 1891 peccata
2798 1839 2901 1878 sua
2921 1841 3166 1895 semper;
3197 1827 3290 1882 sed
3315 1831 3562 1899 pervenit
3591 1830 3749 1885 iraDei

426 1930 539 1968 non
610 1913 680 1967 ad
749 1927 1023 1983 praesens,
1082 1909 1182 1964 sed
1241 1908 1299 1962 in
1368 1909 1562 1962 futuro
1631 1908 1941 1978 qumrebat,
2004 1908 3748 1988 se”supereosusqueadﬁnem.Deimpietateatqueincredu-

425 2002 709 2057 humilem
787 2000 1061 2063 faciebat,
1141 2003 1202 2052 ut
1278 1997 1371 2052 Dei
1448 1995 1777 2067 praedicatio
1844 1994 2062 2049 exalta-
2175 1994 3740 2077 litatequeriturdiftidentiumJudaeorum,quinonsolum

429 2096 609 2147 retur.
2175 2102 2290 2139 sum
2312 2086 2519 2142 salutis
2541 2088 2763 2142 inimici
2787 2094 2946 2156 sunt,
2968 2108 3169 2146 verum
3195 2094 3373 2148 etiam
3396 2094 3649 2164 aliorum,
3668 2112 3739 2166 pro

499 2181 599 2235 Sed
640 2181 850 2252 fuimus
875 2179 1101 2250 parvuli
1132 2179 1188 2231 in
1220 2175 1399 2230 medio
1432 2182 1681 2236 vestram,
1714 2178 1975 2244 tanquam
2015 2174 2066 2227 si
2173 2174 2438 2230 l‘ibentes
2462 2193 2531 2231 ne
2553 2176 2812 2244 credant,
2844 2196 2914 2233 ne
2937 2181 3077 2239 salvi
3108 2181 3270 2248 fiant,
3294 2184 3367 2238 ab
3390 2183 3550 2238 initio
3572 2185 3742 2256 parrici-

422 2268 620 2325 nutria:
647 2271 824 2340 foveat
850 2268 996 2336 filios
1025 2282 1189 2325 suos;
1241 2267 1321 2318 ita
1369 2263 1738 2318 desiderantes
1771 2278 1878 2324 vos,
1910 2264 2061 2331 cupi-
2173 2265 2277 2317 dcc.
2302 2264 2401 2318 Vel
2428 2266 2679 2321 Domino
2699 2269 2850 2322 enim
2877 2271 3172 2325 communi
3208 2289 3446 2343 parcere
3473 2274 3747 2340 debuerant,

423 2375 544 2412 mus
578 2358 865 2428 impertire
896 2356 1042 2409 vobis
1067 2368 1175 2408 non
1226 2352 1409 2406 solum
1439 2349 1797 2420 Evangelium
1827 2351 1942 2413 Dei,
1972 2350 2063 2404 sed
2172 2353 2268 2421 qui
2296 2354 2584 2409 conservis
2605 2361 2660 2410 et
2682 2358 3005 2428 praepositis
3033 2354 3158 2414 suis
3181 2377 3297 2415 non
3322 2368 3689 2434 pepercerunt.
3704 2361 3749 2415 Et

421 2450 589 2502 etiam
616 2447 832 2500 animas
860 2446 1093 2509 nostras,
1137 2443 1235 2512 qui
1261 2442 1536 2495 carissimi
1564 2439 1716 2495 nobis
1744 2440 1879 2508 facti
1907 2442 2056 2494 estis.
2171 2440 2505 2512 repleantur
2534 2450 2768 2514 peccata
2797 2461 2996 2501 eorum
3031 2447 3089 2502 in
3123 2453 3375 2520 tantum,
3400 2468 3475 2506 ne
3502 2450 3749 2521 aliquando

421 2536 672 2591 Tantum
711 2534 983 2588 affectum
1033 2530 1244 2586 habere
1297 2546 1359 2584 se
1410 2545 1562 2583 circa
1607 2527 1739 2581 illos
1786 2529 2059 2597 ostendit,
2173 2529 2627 2586 misericordiam
2650 2535 2930 2605 consequi
2962 2543 3317 2593 mereantur.
3346 2539 3482 2594 Ideo
3509 2538 3749 2595 Thessan

429 2622 779 2695 quem,quia
798 2638 967 2676 verus
994 2627 1232 2686 est,non
1252 2618 1440 2674 verbis
1463 2616 1650 2687 magis
1669 2633 1843 2688 quam
1866 2617 2057 2685 rebus,
2170 2618 2435 2674 nicenses
2466 2636 2499 2674 a
2529 2620 2749 2677 civibus
2775 2624 2898 2678 suis
2920 2625 3120 2680 eadem
3154 2643 3361 2698 passos
3385 2628 3527 2684 dicit
3553 2627 3751 2683 imitatos

425 2713 737 2784 probatum
769 2710 892 2765 vult
928 2709 1127 2763 videri.
1162 2709 1357 2763 Potest
1385 2707 1538 2761 enim
1573 2705 1632 2759 in
1664 2706 1853 2760 verbis
1885 2705 2087 2761 latere-
2170 2708 2511 2777 patientiam
2582 2716 2913 2766 sanctorum
2938 2757 2952 2778 ,
3019 2718 3074 2767 et
3132 2716 3365 2770 Domini
3434 2717 3611 2772 nostri
3656 2716 3749 2771 Jesu

424 2800 672 2867 fallacia,
734 2805 797 2854 ut
852 2799 944 2854 bis
1009 2796 1506 2853 exhortationibus
1562 2794 1876 2866 provocati,
1936 2812 2059 2849 om-
2168 2795 2417 2851 Christi:
2453 2798 2619 2866 cujus
2653 2798 2884 2859 sceleris
2915 2805 3183 2857 auctores
3214 2803 3446 2859 inducit
3474 2805 3753 2871 Judaeos,ut

428 2908 562 2946 nem
611 2906 851 2945 sensum
898 2904 1072 2943 suum
1126 2888 1185 2941 in
1235 2885 1540 2940 dilectione
1584 2884 1862 2938 haberent
1905 2891 2061 2954 Apo-
2168 2890 2224 2939 et
2253 2891 2473 2955 quanta
2498 2885 2682 2957 gloria
2702 2888 2861 2959 digni
2892 2889 3028 2957 sint,
3054 2890 3152 2961 qui
3185 2908 3288 2961 pro
3320 2893 3561 2949 nomine
3582 2891 3749 2947 Domini

424 2980 579 3035 stoli.
2168 2972 2491 3043 patiuntur,
2524 2980 2581 3028 et
2627 2992 2752 3045 quae
2804 2975 2945 3032 ultio
2975 2977 3223 3046 infestis,
3257 2981 3463 3038 infidis
3494 2985 3749 3054 praeparato

493 3067 816 3122 Meministis
844 3068 1010 3132 enim,
1044 3065 1268 3137 fratres,
1302 3063 1542 3118 laborem
1570 3067 1840 3127 nostrum,
1871 3066 1922 3117 et
1971 3065 2057 3131 fa-
2168 3061 2263 3130 sit,
2298 3060 2695 3133 dignoscatur.

423 3158 777 3227 ligationem;
824 3160 980 3211 nocte
1016 3170 1080 3207 ac
1123 3152 1215 3208 die
1239 3156 1525 3223 operantes
1554 3153 1771 3217 adhoc,
1806 3168 1873 3205 ne
1899 3168 2060 3223 quem
2107 3229 2111 3230 ν
2238 3152 2339 3205 Nos
2392 3158 2602 3213 autem,
2648 3155 2875 3221 fratres,
2909 3154 3138 3211 desolati
3183 3175 3217 3212 a
3268 3160 3425 3214 vobis
3479 3161 3547 3215 ad
3599 3170 3754 3230 tempus

426 3254 658 3301 vestrum
675 3260 1043 3312 gravaremus.
1064 3243 1180 3296 Hoc
1199 3246 1308 3311 est,
1329 3242 1480 3312 quod
1506 3241 1646 3295 dicit
1667 3240 1723 3293 in
1744 3241 1903 3295 Actis
1927 3257 2057 3309 apo-
2086 3229 2129 3292 C
2168 3240 2337 3307 honr,
2390 3242 2548 3308 facie,
2602 3258 2709 3296 non
2768 3243 2948 3310 corde,
3000 3245 3373 3302 abundantius
3431 3229 3753 3319 festinantum

422 3333 705 3389 stolorum
738 3350 830 3397 xx,
865 3333 933 3386 34
966 3348 979 3385 :
1032 3332 1250 3394 Omnia,
1286 3330 1498 3399 inquit,
1528 3345 1649 3399 quae
1686 3330 1830 3383 mihi
1877 3332 1925 3382 et
1974 3330 2057 3383 his
2162 3330 2361 3398 faciem
2393 3338 2619 3385 vestram
2646 3331 2827 3386 videre
2856 3336 2916 3386 in
2944 3335 3115 3390 multo
3143 3335 3442 3393 desiderio.
3476 3341 3751 3409 Quapropter

422 3439 517 3494 qui
545 3427 672 3478 sunt
693 3438 905 3476 mecum
932 3424 1158 3489 [uerunt
1178 3420 1504 3480 necessaria,
1529 3419 1911 3472 laboraverunt
1941 3434 2057 3472 ma-
2163 3418 2435 3472 voluimus
2462 3420 2647 3473 venire
2675 3419 2745 3473 ad
2775 3438 2882 3488 vos,
2914 3438 3014 3492 ego
3042 3423 3261 3496 quidem
3288 3426 3506 3481 Paulus
3544 3431 3592 3481 et
3631 3423 3757 3481 sane!

421 3529 525 3567 nus
550 3513 685 3567 istm.
712 3511 871 3565 Unde
893 3516 950 3564 et
968 3509 1026 3563 in
1049 3507 1161 3563 alia
1181 3508 1426 3579 epistola
1447 3507 1615 3562 dicit:
1642 3508 1747 3574 Qui
1769 3523 1875 3561 non
1902 3507 2055 3561 labo-
2162 3516 2212 3561 et
2244 3510 2461 3571 iterum,
2494 3516 2542 3562 et
2572 3508 2851 3579 impedivit
2880 3527 2978 3565 nos
3007 3511 3263 3569 Satanas.
3297 3514 3428 3570 Non
3463 3516 3658 3581 animo,
3680 3513 3752 3568 sed

421 3610 530 3671 rat,
559 3617 660 3655 nec
703 3599 988 3653 manducet
1037 3598 1105 3667 (ll
1138 3598 1309 3651 Thess.
1342 3613 1427 3665 ιιι,
1464 3595 1568 3666 10).
1620 3596 1687 3649 Et
1718 3597 1823 3649 hoc
1855 3604 2057 3650 contra
2162 3612 2399 3667 corpore
2429 3596 2689 3652 divulsos
2739 3614 2800 3653 se
2847 3599 3050 3655 dicunt
3094 3601 3167 3656 ab
3210 3602 3313 3658 eis.
3345 3603 3609 3660 Charitas
3635 3602 3754 3658 enim

421 3686 1177 3761 pseudoapostolos.qui,ut
1200 3684 1369 3740 otiosi
1398 3684 2056 3750 manducarent,prtedi-
2120 3671 2127 3677 ’
2163 3701 2276 3739 non
2309 3685 2606 3755 dividitur,
2634 3703 2739 3740 nec
2771 3693 3091 3759 separatur,
3117 3691 3218 3745 sed
3253 3698 3495 3762 propter
3525 3694 3754 3763 majorem

422 3783 644 3834 catores
672 3793 799 3832 esse
819 3792 882 3831 se
912 3775 1227 3847 ﬁngebant.
1252 3773 1324 3828 Ut
1354 3789 1489 3844 ergo
1514 3772 1843 3843 exemplum
1869 3773 2053 3839 daret,
2162 3774 2602 3829 instructionem
2626 3775 2800 3830 etiam
2830 3776 3034 3831 faciem
3059 3795 3257 3855 eorum
3282 3796 3497 3853 cupere
3516 3797 3574 3838 se
3594 3782 3756 3837 dicunt

424 3866 918 3939 quemadmodum
949 3863 1328 3936 gubernanda
1358 3862 1434 3916 sit
1473 3863 1587 3915 vita
1616 3862 1966 3931 Christiana,
2000 3869 2058 3917 et
2162 3863 2456 3918 videre.ln
2481 3863 2652 3918 rebus
2677 3865 2832 3919 enim
2855 3864 3067 3921 divinis
3094 3868 3374 3924 deﬁciunt
3393 3870 3615 3926 articuli
3636 3885 3757 3925 com-

427 3957 804 4013 simulatores
850 3954 1136 4025 proderet,
1186 3952 1371 4008 labori
1421 3952 1725 4006 insistebat
1772 3951 2054 4018 humano,
2164 3951 2517 4023 prehendere
2540 3968 2663 4023 quae
2692 3958 2938 4023 possunt
2967 3955 3095 4009 dici.
3124 3956 3238 4011 Nec
3259 3957 3415 4013 enim
3441 3960 3647 4015 sufficit
3665 3958 3757 4012 dies

417 4046 710 4101 olIuscans
743 4040 1295 4115 pseudoapostolos;
1328 4046 1604 4112 praeterea
1631 4040 1767 4110 quia
1818 4040 1916 4111 qui
1971 4039 2058 4095 la-
2164 4039 2311 4110 stylo
2342 4039 2456 4107 his,
2490 4056 2615 4110 quae
2666 4057 2783 4095 una
2826 4040 2969 4097 hora
2999 4050 3247 4113 possunt
3277 4047 3561 4118 depromi,
3592 4054 3649 4102 ut
3673 4061 3757 4101 non

420 4135 545 4191 bori
599 4134 895 4203 insistunt,
948 4149 982 4186 a
1038 4130 1210 4185 malis
1256 4129 1703 4201 cogitationibus
1761 4128 2056 4183 declinant
2163 4127 2351 4181 dicam
2380 4128 2645 4198 quaedam
2669 4145 2794 4185 esse
2826 4132 3073 4203 mystica
3098 4132 3395 4205 religionis
3418 4142 3758 4206 nostrae,que

415 4227 769 4295 occupantes
817 4221 1079 4277 animum
1129 4235 1325 4287 suum,
1358 4222 1414 4271 et
1465 4234 1496 4271 a
1543 4215 1818 4287 periculis
1858 4215 2051 4287 prohi-
2162 4220 2397 4288 propter
2421 4216 2712 4271 carnalem
2736 4234 2995 4287 sensum,
3022 4237 3093 4275 ne
3114 4222 3462 4279 scandalum
3484 4224 3758 4296 patiantur.

414 4310 637 4368 bentes.
2165 4304 2330 4360 facile
2379 4304 2658 4376 publicari
2711 4324 2823 4362 non
2878 4308 3145 4377 debeant,
3179 4313 3317 4381 quia
3366 4329 3483 4368 non
3533 4313 3760 4368 omnibus

487 4402 917 4459 Praedicavimus
962 4399 1110 4454 vobis
1158 4397 1521 4467 Evangetium
1577 4395 1692 4449 Dei.
1754 4395 1845 4449 Vos
1902 4398 2055 4449 testes
2161 4394 2407 4449 dicenda
2436 4398 2575 4449 sunt
2603 4396 2819 4465 omnia,
2855 4397 2954 4452 sed
2999 4415 3101 4469 pro
3135 4400 3600 4473 uniuscujusque
3628 4402 3757 4472 captu

415 4492 565 4557 estis,
593 4494 643 4546 et
673 4492 828 4557 Deus,
861 4505 1026 4559 quam
1050 4491 1257 4557 sancte,
1284 4493 1334 4540 et
1368 4488 1518 4554 juste
1564 4488 1618 4538 et
1667 4484 1786 4538 sine
1836 4484 2054 4554 querela
2164 4484 2519 4539 moderanda
2541 4486 2890 4552 suntdicta;
2922 4486 3088 4542 aliter
3110 4489 3377 4555 rudibus,
3398 4496 3457 4546 et
3486 4492 3646 4546 aliter
3667 4490 3752 4544 fun-

416 4581 582 4645 vobis,
615 4582 712 4651 qui
736 4578 977 4645 creditis,
1009 4578 1141 4648 [acti
1168 4592 1374 4641 sumus,
1406 4576 1548 4629 sicut
1586 4574 1759 4642 scitis,
1792 4571 2054 4643 quomodo
2087 4593 2129 4657 D
2163 4573 2336 4627 datis.
2356 4572 2572 4628 Idcirco
2594 4576 2905 4644 praesentia
2925 4576 3183 4647 corporis
3204 4579 3540 4650 requiritur,
3561 4574 3748 4652 quiasic

412 4684 851 4740 unumquemque
906 4676 1161 4731 vestrum,
1205 4669 1265 4719 ut
1307 4669 1466 4735 pater
1511 4661 1678 4734 ﬁlios,
1715 4663 2055 4717 obsecrantes
2166 4661 2460 4733 perficitur
2489 4661 2701 4717 veritas
2728 4662 3049 4719 charitatis.
3074 4668 3346 4747 Quamvis
3367 4668 3523 4723 enim
3546 4667 3754 4723 cbaritas

414 4775 503 4813 vos
529 4763 582 4813 et
624 4758 960 4813 consulentes
991 4756 1172 4827 (I279)
1224 4755 1293 4808 ad
1336 4754 1452 4819 hoc,
1482 4758 1543 4806 ut
1572 4753 1863 4806 ambuletis
1894 4752 2057 4821 digne
2164 4767 2279 4804 non
2304 4749 2615 4817 dividatur,
2638 4751 2994 4807 desiderium
3017 4758 3209 4808 tamen
3235 4755 3370 4811 facit
3388 4756 3649 4812 absentia
3666 4769 3758 4810 cor-

420 4852 555 4918 Deo,
605 4850 700 4918 qui
749 4855 900 4901 vocat
948 4861 1040 4899 vos
1089 4848 1147 4898 in
1202 4860 1361 4897 suum
1406 4858 1639 4910 regnum
1692 4844 1742 4894 et
1797 4841 2053 4910 gloriam.
2166 4838 2619 4910 poris.Denique
2641 4840 2953 4906 osculis,et
2973 4842 3240 4913 amplexu
3263 4844 3589 4899 animorum
3611 4840 3761 4912 exple-

419 4935 724 4991 Manifesta
753 4933 1047 4990 sunthaec.
1073 4931 1589 4987 Commonctenim
1614 4928 1744 4983 illos
1768 4928 2055 4997 quomodo
2164 4932 2260 4981 tur
2313 4927 2596 4982 voluntas.
2632 4927 2732 4981 Cui
2785 4929 2865 4984 rei
2915 4930 3330 5001 impedimento
3374 4933 3555 4989 fuisse
3592 4928 3762 4988 asserit

422 5023 773 5068 nradidnrint
821 5038 882 5068 ne
930 5020 1295 5068 nrmdirzantn-
1330 5024 1384 5068 et
1416 5016 1645 5068 riualem
1677 5034 1810 5068 cum
1844 5016 2055 5068 fuerint
2164 5021 2434 5068 Satanan.
2460 5016 2598 5068 auia
2626 5017 2799 5068 etiam
2832 5019 3106 5068 annstnlis
3137 5037 3347 5068 manna
3377 5022 3575 5068 nhvina
3603 5019 3762 5068 tende-
