3974 5358
128 428 235 487 649

634 428 1048 491 EXPOSITIO
1095 432 1168 491 ΙΝ
1219 432 1644 493 EPISTOLAS
1692 432 1945 493 PAULI.
1974 466 2051 476 —
2084 435 2160 492 ΙΝ
2208 435 2455 496 EPIST.
2503 436 2523 494 Ι
2574 439 2674 496 AD
2719 439 2993 499 THESS.

3399 441 3521 530 eso

127 558 323 614 remini
384 558 443 613 in
494 560 731 615 nomine
759 561 897 617 Jesu
930 562 1033 617 ulli
1066 563 1371 618 hominum
1407 567 1541 633 (Act.
1566 582 1616 619 v.
1640 564 1761 631 28)?
1792 568 1844 631 Α
1873 566 2027 619 enim
2063 567 2269 621 nuntio
2300 569 2583 635 veniente,
2616 573 2673 623 et
2705 570 3039 625 ﬁrmitatem
3077 569 3403 627 devotionis
3448 573 3517 627 il-

127 649 225 703 Sed
272 647 409 717 quia
460 649 613 718 quod
664 666 778 704 non
822 655 909 705 est
960 669 993 705 a
1036 653 1173 721 Deo,
1216 657 1369 706 stare
1422 671 1534 706 non
1581 658 1763 723 potest

125 737 263 807 (1b,),
296 735 697 791 dissolvuntur
724 738 1144 808 impedimenta
1172 744 1415 795 Satanae.

188 826 310 892 Quae
339 828 417 880 est
449 827 599 880 enim
631 836 815 881 nostra
843 844 982 898 spes,
1017 834 1109 882 aut
1138 830 1535 899 gaudium,aut
1566 844 1765 883 corona

124 915 349 982 gloria?
405 917 599 969 Nonne
648 931 735 969 vos
790 932 974 971 coram
1020 918 1250 973 Domino
1296 926 1479 973 nostro
1525 919 1652 973 Jesu
1708 919 1766 971 in

123 1002 344 1057 adventu
376 1004 537 1073 ejus?
574 1008 674 1058 Vos
702 1007 854 1059 enim
900 1006 1025 1060 estis
1067 1007 1246 1075 gloria
1293 1015 1479 1061 nostra
1529 1010 1581 1060 et
1622 1023 1764 1076 gau-

123 1093 279 1146 dium.
313 1091 691 1147 Manifestum
720 1094 983 1165 est,quia
1014 1095 1285 1164 perfectio
1318 1095 1764 1166 discipulorum,

123 1180 392 1252 gaudium
422 1186 478 1235 et
506 1198 721 1237 corona
752 1182 1017 1253 magistri
1052 1190 1157 1237 est.
1192 1184 1263 1236 lli
1295 1184 1451 1238 enim
1498 1189 1636 1238 sunt
1665 1183 1765 1253 qui

123 1269 335 1325 labores
368 1270 624 1325 fructum
657 1287 901 1327 suorum
932 1272 1143 1327 edituri
1175 1273 1588 1327 sunt.Fructus
1610 1272 1764 1326 enim

126 1358 374 1427 magistri
408 1358 739 1430 discipulus
770 1364 856 1415 est
890 1361 1188 1427 obediens,
1222 1361 1390 1429 cujus
1428 1361 1570 1414 dum
1615 1360 1767 1414 bona

123 1447 469 1502 conversatio
500 1447 729 1518 proﬁcit
759 1449 1298 1519 magistro,fructus
1328 1448 1420 1503 sui
1444 1450 1578 1504 edat
1612 1447 1767 1503 labo-

122 1552 249 1589 rem.
278 1536 472 1591 Labor
500 1536 657 1591 enim
691 1537 965 1608 discipuli
1018 1537 1078 1591 in
1109 1553 1280 1609 opere
1308 1538 1459 1592 bono
1491 1553 1764 1593 coronam

121 1624 205 1677 dat
228 1625 513 1695 magistro
537 1625 738 1695 judice
769 1626 1019 1680 Christo.

178 1712 388 1768 Idcirco
408 1715 530 1783 jam
556 1730 667 1768 non
697 1715 1007 1781 tolerantes,
1044 1717 1310 1785 optimum
1359 1716 1649 1779 duximus,
1708 1719 1766 1768 ut

119 1801 328 1857 Athenis
373 1803 481 1857 soli
518 1803 987 1874 retznqueremur;
1037 1811 1086 1857 et
1136 1804 1389 1858 misimus
1438 1804 1765 1858 Timotheum

119 1891 284 1960 (1280)
312 1893 551 1961 fratrem
584 1895 855 1958 nostrum,
887 1901 938 1947 et
963 1894 1288 1963 participem
1334 1894 1512 1963 operis
1562 1893 1659 1948 Dei
1708 1895 1767 1945 in

118 1980 413 2048 Evangelia
463 1980 690 2046 Christi,
721 1981 793 2036 ad
824 1982 943 2045 hoc,
976 1984 1034 2036 ut
1064 1990 1115 2037 et
1145 1998 1236 2037 vos
1264 1984 1564 2051 conﬁrmet,
1598 1990 1649 2037 et
1674 1981 1767 2037 de-

116 2078 357 2138 precetur
400 2085 501 2140 pro
555 2070 659 2139 ﬁde
702 2074 900 2136 vestra,
950 2087 1019 2125 ne
1081 2071 1201 2141 quis
1248 2074 1529 2125 moveatur
1577 2072 1636 2125 in
1680 2070 1767 2125 his

119 2159 413 2223 pressaris;
448 2159 559 2227 ipsi
586 2160 736 2212 enim
765 2160 939 2225 scitis,
974 2159 1105 2230 quia
1132 2158 1202 2213 ad
1234 2158 1330 2213 hoc
1353 2159 1519 2229 positi
1555 2174 1765 2213 sumus.

121 2248 255 2300 Nam
285 2250 335 2299 et
369 2262 494 2299 cum
522 2247 669 2316 apud
720 2264 806 2301 vos
854 2263 1095 2314 eramus,
1142 2247 1570 2317 praedicavimus
1616 2246 1768 2301 vobis

116 2350 361 2402 passuros
416 2350 514 2389 nos
543 2350 875 2405 pressuram,
907 2343 1045 2390 sicut
1073 2338 1124 2389 et
1150 2336 1363 2405 factum
1413 2340 1567 2400 est,et
1595 2344 1763 2390 scitis.

125 2420 393 2477 Desiderii
426 2440 605 2494 supra
636 2423 940 2478 memorati
974 2440 1183 2478 causas
1211 2423 1513 2495 expressit.
1548 2422 1766 2478 Idcirco

118 2510 259 2564 enim
292 2516 607 2582 prmsentes
637 2527 763 2566 esse
794 2513 947 2582 apud
972 2528 1070 2568 eos
1098 2513 1390 2578 volebant,
1424 2516 1488 2566 ut
1538 2513 1767 2567 animos

115 2614 308 2654 eorum
342 2600 665 2669 ﬁrmarent,
690 2618 761 2656 ne
793 2601 927 2672 quis
958 2617 1024 2655 ex
1056 2601 1149 2656 his
1180 2600 1522 2656 scandalum
1549 2606 1766 2672 patere-

114 2692 202 2741 tur
233 2689 305 2743 de
336 2690 630 2761 pressuris
663 2689 1086 2761 apostolorum,
1141 2695 1203 2743 ut
1249 2690 1344 2761 qui
1398 2694 1559 2743 tanta
1599 2688 1768 2760 signa

112 2777 383 2847 lacerent,
416 2777 734 2849 aliquando
769 2778 1225 2845 infirmarentur,
1260 2778 1341 2833 ita
1371 2776 1766 2844 bumiliati,ut

110 2865 444 2920 verberibus
474 2872 531 2920 et
560 2865 810 2920 vinculis
842 2868 1304 2936 subjacerentur.
1338 2867 1419 2919 Ad
1442 2882 1618 2936 quam
1642 2882 1763 2919 rem

107 2954 525 3009 excusandam.
578 2954 953 3009 Timotheum
986 2956 1171 3024 (1281)
1202 2954 1450 3009 missum
1494 2958 1763 3018 testatur,

105 3042 383 3097 idoneum
443 3042 761 3110 doctorem,
822 3042 921 3113 qui
979 3042 1307 3097 ostenderet
1366 3041 1500 3095 hinc
1560 3041 1767 3095 merita

100 3145 364 3185 crescere
408 3128 780 3195 Christianis,
815 3130 862 3185 si
899 3147 1002 3201 pro
1043 3131 1278 3185 nomine
1328 3130 1554 3184 Domini
1607 3128 1764 3200 passi

99 3218 327 3289 gratias
358 3223 597 3290 agant,a
619 3234 733 3289 quo
756 3218 933 3289 hujus
967 3218 1047 3272 rei
1081 3219 1406 3273 mercedem
1430 3221 1765 3289 exspectant

104 3304 409 3376 simulque
440 3322 640 3378 preces
670 3306 783 3362 Deo
815 3307 1144 3373 funderent,
1179 3311 1244 3361 ut
1274 3306 1512 3361 stabiles
1548 3310 1762 3361 essent.
1798 3290 1839 3355 C

105 3398 292 3458 Quam
326 3395 797 3465 persecutionem
832 3395 1047 3450 idcirco
1081 3412 1142 3450 se
1172 3412 1450 3466 passuros
1491 3394 1763 3465 pradica-

106 3488 325 3553 verant,
363 3488 425 3537 ut
458 3500 560 3554 per
588 3484 669 3553 id,
704 3484 857 3555 quod
891 3484 1316 3554 praescientiam
1350 3484 1527 3554 hujus
1550 3483 1630 3538 rei
1662 3483 1763 3537 ha—

113 3574 240 3627 bere
270 3588 335 3627 se
367 3576 849 3643 protestarentur,
884 3589 1054 3643 posse
1084 3588 1146 3628 se
1187 3574 1439 3645 effugere
1486 3577 1542 3626 et
1590 3571 1767 3627 decli-

113 3678 246 3716 nare
278 3660 387 3717 has
416 3662 663 3730 injurias
686 3662 1213 3733 approbarent.Sed
1239 3661 1378 3732 quia
1399 3676 1533 3731 spes
1556 3676 1770 3733 magna

112 3750 165 3804 in
198 3750 291 3805 his
324 3755 431 3819 est,
469 3751 595 3805 ideo
624 3749 817 3804 illatas
849 3749 1093 3805 sufferre
1142 3750 1284 3804 dicit
1311 3752 1500 3819 (1282)
1534 3750 1768 3821 quidem

114 3838 377 3894 libenter.
410 3839 537 3895 Ideo
565 3842 617 3893 et
645 3854 743 3907 ego
773 3856 885 3894 non
924 3837 1173 3894 tolerans
1218 3840 1478 3909 amplius,
1527 3839 1657 3892 misi
1701 3837 1771 3891 ad

114 3928 221 3992 hoc,
250 3932 309 3982 ut
341 3942 713 3999 cognoscerem
741 3928 905 3996 [idem
938 3931 1194 3991 vestram,
1244 3943 1313 3981 ne
1356 3942 1459 3999 quo
1508 3925 1664 3980 modo
1692 3933 1772 3979 at-

117 4018 405 4073 tentaverit
433 4018 525 4071 itte
548 4020 863 4084 tentator,et
886 4018 1071 4071 inanis
1096 4018 1193 4084 ﬁat
1219 4016 1378 4070 labor
1400 4014 1771 4069 noster-.Istud

120 4112 349 4178 propter
381 4107 671 4178 quosdam
703 4106 864 4173 dicit,
900 4106 1000 4176 qui
1034 4105 1260 4177 possint
1304 4104 1501 4160 seduci
1556 4102 1776 4158 astutia

116 4201 354 4251 Satanae.
391 4195 538 4261 Quia
568 4195 627 4249 in
660 4196 818 4250 omni
851 4194 1017 4266 plebe
1061 4200 1149 4249 est
1192 4209 1327 4265 pars
1380 4192 1569 4257 ﬁrma,
1602 4196 1657 4245 et
1687 4190 1773 4244 in-

122 4285 301 4350 ﬁrma,
333 4300 586 4355 quorum
618 4300 795 4339 causa
840 4282 1124 4339 sollicitus
1172 4288 1315 4351 erat,
1363 4298 1433 4336 ne
1483 4282 1777 4335 amitteret

121 4372 366 4428 fructum
403 4372 771 4426 credulitatis
802 4387 1022 4426 eorum.
1051 4370 1115 4424 Et
1144 4371 1282 4440 quia
1312 4369 1534 4425 diutius
1566 4384 1777 4440 passus

122 4477 226 4517 non
258 4466 349 4517 est
382 4460 612 4516 nescire
635 4477 697 4516 se
723 4460 863 4531 quid
895 4459 1111 4515 certius
1144 4463 1409 4528 ageretur
1439 4459 1593 4513 circa
1624 4457 1775 4520 illos,

125 4550 275 4605 misit
302 4550 494 4620 (1283)
529 4549 905 4605 Timotheum
954 4548 1296 4619 episcopum
1329 4564 1362 4601 a
1391 4564 1453 4602 se
1495 4552 1776 4603 creatum.

127 4656 154 4693 a
181 4657 291 4710 quo
323 4643 527 4711 posset
558 4643 779 4693 certum
813 4638 981 4692 scire.

190 4728 336 4783 Modo
366 4731 555 4782 autem
584 4743 709 4780 cum
738 4727 967 4781 venisset
1002 4725 1306 4780 Timetheus
1336 4722 1407 4777 ad
1438 4738 1535 4779 nos
1554 4739 1591 4777 a
1614 4722 1780 4781 vobis.

128 4822 176 4869 et
206 4817 591 4871 annuntiasset
619 4815 771 4869 nobis
800 4813 981 4884 ﬁdem,
1015 4818 1068 4867 et
1095 4814 1413 4867 cbaritatem
1447 4816 1701 4877 vestram,
1732 4802 1784 4865 et

132 4908 384 4975 quoniam
430 4905 756 4959 memoriam
805 4903 978 4957 nostri
1036 4901 1246 4956 habetis
1296 4902 1513 4965 bonam,
1570 4915 1785 4970 semper

135 4994 498 5050 desiderantes
530 5009 627 5047 nos
658 4992 859 5059 videre,
885 4992 1027 5045 sicut
1077 4995 1129 5045 et
1178 5005 1274 5044 nos
1306 5005 1429 5055 vos;
1454 4990 1574 5044 ideo
1602 5003 1787 5043 conso-

141 5081 401 5139 lationem
430 5097 621 5137 sumus
648 5081 856 5152 adepti,
878 5080 1171 5148 fratres,in
1194 5078 1347 5132 nobis
1377 5094 1545 5147 super
1569 5092 1788 5134 onmem

1622 5176 1786 5190 -luaua

1190 5175 1324 5190 ιμ’-ω
1396 5183 1423 5190 μ-

1875 653 2060 707 lorum
2094 656 2149 708 in
2186 658 2315 724 ﬁde,
2350 664 2405 710 et
2435 658 2743 713 dilectione
2772 659 3028 728 Apostoli
3062 659 3518 723 declaranteJae-

1875 747 1969 796 tus
2003 743 2185 796 factus
2218 746 2287 798 de
2317 747 2613 799 communi
2649 746 2959 801 concordia
2989 746 3189 801 scribit
3212 748 3281 801 ad
3307 764 3521 813 eos,se-

1874 848 2080 886 eurum
2110 831 2331 887 habens
2364 835 2615 889 fructum
2650 835 2782 890 ﬁdei
2817 840 2875 889 et
2914 835 3075 890 bona
3127 836 3517 891 conversatio-

1876 919 1967 974 nis
1999 937 2223 975 eorum.

1947 1012 2130 1080 Quam
2160 1011 2306 1063 enim
2334 1011 2646 1077 gratiarum
2674 1010 2938 1065 actionem
2983 1028 3267 1081 possumus
3315 1014 3522 1083 referre

1876 1097 1978 1151 Deo
2008 1096 2075 1150 de
2104 1097 2251 1151 vobis
2281 1114 2447 1168 super
2500 1100 2651 1152 omni
2680 1100 2904 1166 gaudio,
2939 1115 3041 1167 quo
3069 1100 3373 1169 gaudemus
3390 1117 3519 1171 pro-

1873 1188 1991 1255 pter
2020 1202 2109 1240 vos
2138 1202 2321 1240 coram
2356 1186 2462 1241 Deo
2493 1191 2697 1252 nostro,
2731 1192 2902 1251 nocte,
2934 1188 3127 1257 dieque
3157 1188 3519 1243 abundantis-

1875 1274 2013 1329 sime
2042 1279 2280 1341 orantes,
2309 1285 2371 1329 ut
2404 1276 2689 1329 videamus
2708 1278 2909 1345 faciem
2932 1280 3241 1343 vestram,et
3271 1278 3523 1347 supplea-

1873 1379 1994 1417 mus
2011 1379 2130 1433 quae
2147 1363 2341 1418 desunt
2357 1364 2499 1434 ﬁdei
2521 1370 2750 1419 vestra}?
2782 1363 2935 1418 Nihil
2955 1364 3097 1418 dicit
3114 1368 3232 1419 tam
3252 1366 3521 1437 dignum,

1875 1452 2029 1521 quod
2062 1452 2329 1506 sufﬁcere
2351 1452 2537 1522 possit
2558 1452 2629 1506 ad
2652 1453 3189 1522 compensationem
3219 1453 3519 1525 acquisitaa

1874 1538 2083 1595 salutis
2113 1540 2484 1611 gentium.Et
2506 1540 2783 1611 quoniam
2816 1545 3194 1610 provexerant
3224 1557 3285 1596 se
3319 1557 3517 1613 perse-

1875 1628 2137 1683 verantia
2168 1628 2385 1689 ﬁdei,et
2414 1632 2543 1683 actu
2572 1627 2700 1681 vita:
2727 1627 3008 1695 melioris,
3045 1628 3233 1701 magis
3254 1634 3310 1685 et
3331 1630 3522 1701 magis

1876 1716 2039 1786 cupit
2067 1733 2165 1772 eos
2191 1717 2477 1786 videre,ut
2496 1733 2718 1788 ea,qua:
2744 1718 2813 1771 ad
2848 1718 3263 1788 perfectionem
3288 1718 3521 1773 illorum

1878 1805 2190 1875 pertinent,
2211 1804 2872 1870 ediscant,sacramenta
2892 1806 3117 1861 scilicet
3142 1823 3335 1861 rerum
3359 1806 3526 1878 spiri-

1798 1925 1845 1989 B
1878 1891 2239 1989 talium,qua3
2272 1892 2438 1989 facile
2469 1893 2752 1965 publicari
2792 1911 2909 1949 non
2941 1894 3176 1989 debent,
3211 1900 3275 1949 ut
3306 1894 3526 1949 scirent

1878 1982 2029 2051 quis,
2063 1986 2121 2036 et
2150 1997 2327 2052 quam
2359 1981 2687 2037 immensus
2718 1986 3006 2054 est,quem
3032 1982 3293 2053 judicem
3325 1999 3523 2054 spera-

1878 2069 2218 2124 bant.Allud
2246 2074 2333 2124 est
2362 2070 2519 2125 enim
2550 2070 2724 2125 fidem
2753 2071 3097 2143 accipere,et
3125 2071 3285 2127 aliud
3307 2072 3527 2142 exposi-

1878 2157 2094 2212 tionem
2129 2158 2283 2211 fidei.
2318 2157 2513 2212 Altera
2541 2158 2694 2213 enim
2732 2158 3054 2230 disputatio
3085 2164 3172 2214 est
3211 2161 3281 2214 de
3315 2164 3527 2213 natura

1878 2246 2065 2300 Patris
2096 2251 2151 2300 et
2186 2246 2329 2316 Filii,
2355 2253 2411 2301 et
2436 2246 2549 2301 alia
2576 2248 2646 2301 de
2678 2249 2961 2318 personis.
3014 2250 3182 2303 Pater
3230 2247 3525 2319 ingenitus

1876 2340 1983 2400 est,
2016 2335 2194 2389 Filius
2226 2352 2356 2389 vero
2386 2335 2951 2406 genitus.Quantum
2981 2337 3050 2391 ad
3086 2352 3367 2407 personas
3390 2351 3519 2407 per-

1874 2423 2043 2493 tinet,
2076 2423 2370 2478 diversum
2398 2423 2649 2491 videtur,
2682 2440 2815 2479 cum
2867 2424 2946 2479 sit
2993 2424 3293 2479 individua
3324 2424 3521 2478 unitas

1878 2510 2331 2567 naturzn.Unitas
2362 2511 2518 2565 enim
2548 2528 2662 2566 non
2696 2512 2754 2566 in
2786 2529 3033 2583 persona
3065 2513 3281 2579 est,sed
3306 2512 3365 2566 in
3389 2513 3527 2566 sub-

1876 2599 2109 2656 stantia.
2146 2600 2399 2671 Spiritus
2432 2604 2627 2655 autem
2662 2608 2902 2655 sanctus
2936 2618 3047 2656 non
3081 2601 3332 2673 degener
3364 2604 3523 2671 pute-

1875 2692 1990 2753 tur,
2024 2688 2161 2757 quia
2190 2688 2398 2741 tertius
2424 2687 2677 2757 ponitur.
2715 2687 2820 2752 Qui
2852 2703 2987 2759 ergo
3019 2688 3087 2742 de
3119 2688 3377 2743 secunda
3398 2704 3523 2760 per-

1875 2793 2019 2831 sona
2050 2792 2163 2829 non
2198 2775 2464 2846 ambigit,
2498 2775 2755 2829 admittit
2786 2779 2842 2831 et
2873 2776 3128 2831 tertiam.

1944 2866 2064 2934 Ipse
2092 2872 2271 2918 autem
2301 2865 2464 2930 Deus,
2505 2867 2557 2917 et
2586 2865 2755 2918 Pater
2806 2868 3010 2930 noster,
3042 2872 3094 2919 et
3131 2864 3392 2917 Dominus
3421 2880 3517 2919 no-

1874 2962 1990 3007 ster
2036 2954 2187 3007 Jesus
2239 2952 2483 3005 Christus
2529 2952 2745 3020 dirigat
2794 2954 2940 3006 viam
2994 2954 3238 3007 nostram
3293 2953 3361 3007 ad
3411 2968 3523 3007 vos.

1877 3042 2105 3111 Integro
2123 3040 2324 3095 ordine
2342 3040 2450 3094 iter
2465 3056 2640 3094 suum
2661 3039 2891 3110 disponi
2911 3039 3208 3112 postulat;
3262 3040 3521 3112 primum

1876 3134 2047 3183 aDeo
2082 3129 2265 3196 Patre,
2301 3128 2437 3199 quia
2486 3128 2556 3182 ab
2608 3128 2733 3199 ipso
2784 3133 2924 3181 sunt
2971 3128 3189 3198 omnia,
3234 3128 3444 3183 deinde
3493 3145 3525 3182 a

1878 3217 2124 3271 Domino
2154 3217 2293 3271 Jesu
2330 3214 2581 3279 Christo,
2633 3232 2734 3287 per
2784 3232 2958 3286 quem
3014 3220 3155 3270 sunt
3203 3216 3418 3281 omnia,
3463 3220 3527 3269 ut

1878 3305 2085 3371 virtus,
2122 3310 2297 3375 atque
2328 3304 2692 3374 providentia
2725 3303 2909 3357 Patris
2940 3307 2998 3357 et
3030 3302 3157 3357 Filii
3210 3304 3522 3358 adventum

1876 3396 2006 3465 ejus
2039 3396 2501 3455 commendet,ut
2531 3396 2587 3447 et
2617 3392 2991 3464 acceptabilis
3018 3393 3119 3446 ﬁat
3148 3391 3524 3447 audientibus

1878 3501 1959 3550 se,
1994 3488 2050 3537 et
2080 3482 2502 3553 impedimenta
2533 3478 2749 3534 diaboli
2781 3478 3145 3534 solverentur
3164 3479 3235 3533 ad
3267 3478 3521 3550 dirigen-

1878 3572 2018 3625 dum
2056 3571 2164 3625 iter
2203 3572 2349 3639 ejus.
2411 3574 2518 3623 Vos
2562 3573 2745 3622 autem
2786 3569 3056 3623 Dominus
3103 3567 3429 3638 multiplicat
3479 3574 3533 3621 et

1878 3658 2159 3714 abundare
2202 3660 2374 3729 faciat
2416 3656 2742 3711 charitatem
2793 3659 2849 3710 in
2900 3658 3133 3711 invicem
3164 3664 3213 3710 et
3241 3658 3300 3710 in
3329 3672 3443 3725 vos,
3477 3663 3531 3709 et

1878 3749 1938 3801 in
1969 3763 2173 3809 omnes,
2204 3748 2342 3800 sicut
2372 3750 2422 3800 et
2451 3760 2549 3800 nos
2581 3746 2639 3799 in
2672 3762 2783 3814 vos,
2827 3745 2898 3799 ad
2946 3745 3327 3813 conﬁrmanda
3365 3743 3529 3798 corda

1880 3839 2059 3889 vestra
2088 3834 2472 3905 irreprehensa
2493 3835 2551 3888 in
2566 3836 2931 3888 sanctimonia
2959 3850 3148 3888 coram
3171 3834 3274 3887 Deo
3295 3839 3345 3888 et
3363 3838 3529 3887 Patre

1880 3932 2081 3989 nostro,
2115 3924 2173 3975 in
2217 3922 2455 3976 adventu
2504 3922 2722 3976 Domini
2766 3923 2940 3976 nostri
2981 3922 3106 3977 Jesu
3154 3922 3361 3976 Christi
3406 3937 3525 3974 cum

1882 4012 2135 4067 omnibus
2165 4012 2370 4065 sanctis
2398 4012 2530 4064 suis.
2565 4009 2637 4063 Ut
2666 4010 2948 4079 gaudium
2981 4025 3177 4075 suum,
3203 4025 3317 4079 quo
3351 4009 3420 4063 de
3442 4008 3527 4063 eis

1884 4098 2467 4172 gaudet,cumulet,in
2492 4097 2768 4151 omnibus
2799 4096 2967 4150 bonis
2999 4094 3375 4165 multiplicari
3395 4094 3527 4150 illos

1884 4192 2205 4258 exoptat,ut
2234 4186 2470 4240 veniens
2494 4187 2563 4239 ad
2588 4201 2685 4239 eos
2721 4183 2853 4255 plus
2883 4183 3138 4237 inveniat
3168 4182 3227 4235 in
3258 4181 3525 4252 eis,quod

1886 4277 2059 4331 laude
2094 4275 2337 4347 dignum
2388 4276 2482 4339 sit,
2535 4289 2711 4344 quam
2746 4290 2778 4326 a
2810 4271 3115 4326 Timotheo
3147 4268 3429 4338 audierat,
3463 4273 3530 4323 ut

1885 4362 2423 4436 irreprehensibiles
2456 4361 2825 4416 inveniantur
2846 4376 2981 4414 cum
3013 4358 3233 4413 sanctis
3256 4358 3312 4411 in
3340 4356 3530 4412 chari-

1887 4458 2002 4508 tate
2066 4454 2159 4507 Dei
2204 4452 2411 4519 Patris,
2462 4456 2518 4504 ot
2575 4450 2827 4503 adventu
2880 4447 3105 4502 Domini
3155 4447 3339 4501 nostri
3388 4446 3532 4501 Jesu

1888 4541 2125 4605 Christi,
2147 4558 2279 4595 cum
2311 4539 2548 4610 coeperit
2575 4542 2706 4593 ante
2735 4535 2991 4591 tribunal
3022 4536 3150 4607 ejus
3181 4535 3534 4589 examinatio

1814 4652 1860 4715 D
1891 4628 2154 4700 singulos
2186 4629 2529 4699 approbare.
2565 4632 2742 4681 Deum
2773 4630 2939 4680 vocat
2989 4629 3225 4715 propter
3254 4629 3533 4715 terrorem

1894 4716 2219 4788 maiestatis
2244 4716 2399 4783 ejus;
2436 4719 2664 4769 Patrem
2686 4730 2818 4768 vero
2842 4716 3075 4784 propter
3092 4711 3535 4781 benignitatem,

1893 4822 2010 4877 qua
2033 4805 2311 4874 dignatur
2342 4802 2641 4856 credentes
2672 4799 2782 4854 sibi
2817 4800 3090 4869 adoptare
3116 4797 3176 4850 in
3201 4797 3538 4867 ﬁlios,quod

1892 4895 1952 4949 in
1984 4894 2229 4949 adventu
2265 4888 2488 4945 Domini
2524 4886 3014 4943 manifestabitur.

1966 4984 2116 5053 (CAP.
2151 4979 2265 5051 ιν).
2300 4977 2449 5047 Quod
2477 4984 2721 5049 superest
2768 4977 2972 5046 itaque,
3017 4974 3240 5042 fratres,
3281 4987 3542 5039 rogamus

1895 5087 2008 5135 vos,
2038 5076 2091 5126 et
2121 5069 2462 5124 obsecramus
2502 5069 2561 5121 in
2610 5066 2839 5120 Domino
2885 5063 3033 5128 Jesu,
3084 5068 3145 5114 ut
3194 5061 3543 5129 quemadmo-

1900 5159 2024 5190 Ᾱιινυι
2061 5158 2339 5188 ηηηονιιόιίό
2372 5170 2406 5188 η
2430 5156 2587 5188 ωηιιίο
2618 5152 2850 5188 asinino”
2876 5152 3124 5188 anna-fon,
3143 5164 3237 5186 uno
3259 5149 3549 5186 nmhon'nun
