3974 5358
135 287 276 346 653

697 287 1111 351 EXPOSITIO
1156 290 1234 349 IN
1282 289 1707 351 EPISTOLAS
1752 289 2012 350 PAULI.
2041 292 2221 350 -ΙΝ
2267 293 2510 353 EPIST.
2562 294 2584 351 Ι
2630 294 2732 353 AD
2777 294 3054 354 THESS.

3459 294 3578 353 654

137 434 280 472 cum
320 424 561 475 Domzno
588 436 811 475 erimus.
838 422 899 475 In
928 421 1056 492 ipso
1078 422 1232 476 enim
1257 426 1425 493 raptu
1450 439 1608 476 mors
1627 438 1821 492 prove-
1849 424 1902 487 Α
1934 422 1988 475 id
2009 424 2467 489 est,moriamur,
2493 442 2609 479 una
2631 441 2762 478 cum
2794 425 2890 478 illo
2914 430 3128 479 aeterna
3153 425 3270 480 vita
3287 426 3573 480 fruamur.

142 507 306 573 niet,
342 514 404 562 et
430 508 597 578 quasi
617 525 720 579 per
737 525 1027 579 soporem,
1057 515 1120 564 ut
1145 526 1377 581 egressa
1398 509 1662 564 animain
1699 527 1819 564 mo-

142 600 373 650 mento
399 597 694 651 reddatur.
719 596 861 650 Cum
885 598 1040 651 enim
1064 596 1342 652 tollentur
1381 597 1723 667 morientur,
1760 601 1825 650 ut

144 685 578 755 pervenientes
609 686 680 739 ad
713 685 1049 749 Dominum,
1082 685 1393 756 presentia
1424 685 1651 740 Domini
1678 685 1820 739 reci-

142 772 335 845 piant
370 774 626 840 animas,
659 773 797 844 quia
827 790 961 827 cum
992 773 1235 827 Domino
1269 773 1481 827 mortui
1521 790 1648 828 esse
1706 789 1820 825 non

165 866 428 916 ossunt.
464 862 581 915 Hac
615 878 716 931 spe
739 861 1025 916 consolari
1052 879 1111 916 se
1132 860 1377 915 invicem
1399 862 1569 931 jubet
1590 861 1817 930 eos,qui

132 950 351 1004 adhuc
387 966 546 1005 more
590 949 790 1021 gentili
851 950 1161 1004 charorum
1219 967 1459 1004 suorum
1514 965 1818 1005 excessum

133 1038 455 1108 putabant
486 1037 827 1109 lugendum.

207 1126 392 1196 (ΟΑΡ.
428 1126 523 1195 ν.)
548 1127 619 1180 De
638 1125 971 1196 temporibus
988 1129 1170 1179 autem
1189 1130 1241 1180 et
1260 1127 1566 1192 momentis,
1590 1127 1813 1195 fratres,

129 1231 248 1269 non
290 1218 386 1269 est
437 1231 650 1271 necesse
703 1216 848 1269 vobis
868 1215 1056 1269 scribi.
1080 1216 1192 1285 Ipsi
1209 1217 1359 1268 enim
1381 1214 1680 1283 diligenter
1706 1216 1815 1266 sci-

128 1306 226 1367 tis,
260 1304 419 1375 quia
449 1305 562 1359 dies
594 1304 833 1369 Domini,
869 1313 930 1358 ut
959 1304 1054 1373 fur
1073 1312 1254 1372 noctu,
1276 1306 1358 1358 sic
1378 1305 1574 1358 veniet.
1613 1302 1816 1356 Etcum

128 1392 315 1453 dicit;
330 1409 482 1463 pate,
516 1395 566 1447 et
586 1394 847 1462 ﬁrmitas,
880 1399 1007 1447 tunc
1027 1394 1343 1462 repentinus
1358 1392 1448 1446 illi
1468 1392 1816 1461 superveniet

128 1481 443 1547 interitus,
474 1480 929 1553 quemadmodum
969 1481 1125 1535 dolor
1148 1485 1338 1551 partus
1362 1481 1705 1551 praegnanti,
1767 1486 1822 1532 et

128 1587 237 1625 non
272 1570 588 1643 effugient.
622 1570 740 1625 Hoc
773 1573 883 1637 est,
916 1572 1070 1639 quod
1106 1570 1164 1623 in
1196 1569 1505 1641 Evangelio
1532 1569 1811 1623 Dominus

128 1659 393 1714 locutus
416 1662 525 1727 est,
568 1658 794 1713 dicens:
822 1657 1064 1728 Vigilate,
1089 1660 1222 1728 quia
1240 1658 1462 1712 nescitis
1483 1659 1812 1726 horam,qua

136 1749 421 1802 Dominus
454 1749 632 1801 vester
661 1748 838 1802 veniet
867 1745 1073 1817 (Matth.
1102 1763 1251 1811 xxiv,
1295 1746 1401 1807 42;
1459 1745 1624 1799 Marc.
1686 1762 1806 1812 xm,

139 1837 240 1897 33;
270 1837 415 1892 Luc.
452 1853 554 1900 x11,
586 1833 699 1904 37.)
730 1838 797 1888 Et
819 1833 1061 1888 iterum:
1104 1834 1163 1887 Si
1186 1835 1307 1905 quis
1354 1834 1502 1887 vobis
1558 1832 1760 1888 dixerit
1790 1851 1809 1888 :

136 1940 262 1980 ecce
284 1924 387 1979 hic
420 1923 694 1989 Christus,
720 1926 813 1976 aut
828 1938 944 1977 ecce
966 1923 1104 1991 illic,
1126 1923 1298 1977 nolite
1344 1921 1555 1977 credere
1598 1922 1807 1992 (Matth.

140 2031 292 2081 xxiv,
330 2014 447 2080 23;
479 2013 607 2066 Luc.
640 2028 776 2073 xvu,
809 2012 921 2079 21).
956 2011 1159 2065 Subito
1190 2012 1369 2075 enim,
1405 2016 1459 2066 et
1488 2027 1557 2066 ex
1614 2009 1809 2081 inspe-

136 2108 264 2157 rato
280 2100 779 2173 apparebit,sicut
793 2100 1151 2155 corruscatio
1165 2104 1404 2170 apparet
1425 2100 1497 2155 ab
1518 2098 1737 2153 oriente
1750 2098 1808 2152 in

138 2191 513 2245 occidentem
526 2188 769 2252 ,habens
783 2204 983 2243 secum
1000 2187 1268 2242 militiam
1293 2189 1579 2243 exercitus
1594 2187 1693 2242 Dei
1712 2187 1811 2241 Pa-

141 2282 274 2345 tris,
304 2280 383 2334 ad
410 2277 800 2350 perditionem
822 2275 1163 2329 Antichristi
1188 2280 1241 2330 et
1281 2274 1597 2330 satellitum
1660 2276 1807 2345 ejus.

132 2368 280 2425 Cum
295 2368 464 2424 enim
478 2366 667 2421 securi
683 2364 897 2419 fuerint
911 2365 1112 2435 perlidi
1130 2365 1197 2420 de
1212 2382 1388 2436 regno
1402 2365 1799 2431 diaboli,inter

137 2456 312 2511 fectis
336 2456 585 2524 sanctis,
610 2454 666 2508 id
690 2453 1020 2520 est,Enoch,
1046 2458 1101 2509 et
1122 2453 1325 2522 Elia,et
1346 2453 1457 2508 laeti
1482 2455 1552 2507 de
1575 2454 1813 2508 victoria

138 2543 407 2598 invicem
431 2542 541 2597 sibi
566 2541 868 2596 mittentes
889 2541 1315 2606 munera,sicut
1335 2541 1478 2595 dicit
1496 2540 1816 2612 Apocalyp-

139 2631 247 2700 sis,
280 2635 436 2685 tunc
457 2629 578 2684 illis
609 2628 801 2683 subito
834 2628 1023 2682 veniet
1044 2629 1382 2699 repentinus
1418 2627 1712 2683 interitus.
1749 2628 1810 2682 In

142 2718 413 2773 adventu
447 2718 603 2772 enim
637 2732 743 2770 suo
774 2714 1043 2770 Christus
1074 2715 1181 2769 hos
1229 2732 1431 2769 omnes
1489 2716 1811 2786 disperdet,

134 2809 201 2859 ut
232 2805 518 2859 videntes
551 2804 759 2867 sancti,
793 2802 892 2872 qui
916 2802 1223 2872 evaserint,
1257 2802 1596 2874 glorientur.

222 2894 324 2948 Vos
357 2901 571 2960 autem,
603 2892 828 2960 fratres,
850 2905 959 2944 non
987 2891 1112 2944 estis
1134 2892 1193 2943 in
1213 2890 1465 2958 tenebris,
1499 2898 1558 2945 ut
1581 2890 1693 2944 dies
1714 2889 1815 2945 ille

133 2997 232 3036 vos
260 2985 549 3049 tanquam
580 2979 677 3049 fur
698 2978 1120 3048 comprehendat
1140 2996 1157 3031 :
1183 2979 1376 3033 Omnes
1396 2981 1542 3033 enim
1565 2996 1651 3033 vos
1696 2976 1818 3049 ﬁlii

134 3068 385 3122 luminis
427 3069 575 3137 estis,
598 3076 648 3121 et
665 3068 773 3136 [itii
790 3068 887 3121 De:
907 3083 927 3127 ;
944 3082 1049 3121 non
1073 3068 1201 3121 estis
1222 3070 1411 3133 noctis,
1435 3084 1610 3137 neque
1664 3076 1813 3121 tene-

1934 516 2049 566 tloc
2071 517 2158 566 est
2181 514 2331 583 quod
2359 531 2537 584 supra
2552 514 2717 578 dixit,
2738 515 2876 585 quia
2900 513 3097 567 lideles
3120 514 3178 567 in
3198 514 3444 568 adventu
3471 515 3577 568 Do-

1933 601 2097 668 mini,
2133 606 2249 655 tam
2276 603 2508 667 mortui,
2543 620 2717 672 quam
2751 603 2882 672 vivi,
2916 603 3143 656 obviam
3167 601 3443 657 tollentur
3473 603 3578 657 Do-

1933 688 2111 751 mino,
2140 690 2448 761 etjsemper
2469 691 2808 744 viventcum
2833 707 2917 745 eo.
2954 696 3015 744 In
3046 690 3151 745 hoc
3172 691 3575 745 meditandum

1932 776 2117 843 docet,
2154 782 2217 831 ut
2251 779 2493 833 invicem
2526 795 2587 833 se
2620 778 2674 831 in
2710 795 2775 832 eo
2808 779 3095 833 aedificent
3124 794 3321 833 sensu.

2004 865 2271 932 Rogamus
2291 870 2473 919 autem
2490 882 2599 935 vos,
2624 867 2845 934 fratres,
2878 870 2935 919 ut
2959 868 3299 937 cegnoscatis
3345 880 3433 919 eos
3481 866 3579 934 qui

1930 953 2183 1008 laborant
2206 955 2265 1007 in
2283 955 2443 1008 nobis
2465 956 2524 1008 in
2547 956 2869 1017 Domino,et
2906 958 3125 1009 monent
3178 971 3287 1024 vos,
3346 958 3406 1008 ut
3462 954 3577 1007 illis

1926 1057 2203 1096 summum
2224 1042 2477 1097 honorem
2501 1042 2744 1097 habeatis
2770 1044 2825 1096 in
2850 1042 3118 1097 charitate
3148 1046 3369 1113 propter
3413 1058 3577 1113 opera

1928 1130 2194 1199 ipsorum.
2227 1132 2429 1186 Pacem
2460 1131 2650 1185 habete
2680 1132 2824 1185 inter
2844 1146 2953 1185 vos.
2979 1130 3094 1184 Hoc
3121 1136 3228 1196 est,
3260 1130 3413 1199 quod
3436 1128 3577 1183 dicit

1926 1221 1983 1271 et
2012 1217 2070 1271 in
2093 1217 2207 1271 alia
2226 1217 2482 1288 Epistola
2544 1220 2588 1288 (I
2617 1220 2747 1272 Tim.
2782 1234 2835 1283 v,
2872 1218 2979 1288 17),
3038 1218 3408 1289 presbyteros
3465 1216 3573 1269 du-

1926 1305 2058 1375 plici
2083 1305 2300 1361 honore
2322 1306 2821 1377 honorandos,qui
2846 1306 3113 1360 laborant
3144 1305 3204 1359 in
3225 1306 3396 1361 verbo
3428 1309 3484 1359 et
3514 1303 3574 1357 in

1925 1394 2411 1449 doctrina.Potest
2423 1394 2579 1449 enim
2594 1394 2789 1465 pigere
2805 1395 3069 1465 eum,qui
3086 1394 3343 1465 inopiam
3357 1393 3577 1464 patitur

1924 1482 2261 1536 exercitium
2299 1483 2505 1548 facere,
2539 1482 2692 1552 quod
2737 1483 2921 1553 prosit
2971 1482 3363 1557 audientibus.
3424 1482 3571 1545 Quid

1923 1571 2077 1624 enim
2102 1571 2340 1641 prodest
2362 1570 2639 1624 honorem
2666 1570 2791 1625 sine
2814 1571 3005 1624 fructu
3028 1570 3278 1625 habere?
3297 1572 3410 1624 Aut
3431 1570 3572 1640 quid

1924 1673 2203 1729 magnum
2224 1663 2312 1713 est
2333 1658 2537 1713 oll'errc
2560 1657 3010 1727 eicarnalia,qui
3031 1658 3237 1712 tribuit
3258 1657 3574 1729 spiritalia?

1924 1744 2085 1800 Sicut
2110 1746 2265 1802 enim
2292 1746 2503 1802 divitia:
2526 1745 2939 1818 negligentiam
2975 1746 3209 1817 pariunt
3238 1744 3467 1810 salutis,
3491 1746 3574 1801 ita

1920 1836 2320 1905 egestas,dum
2341 1835 2589 1890 saturari
2613 1835 2877 1905 quazrit,a
2898 1833 3126 1905 iustitia
3146 1833 3571 1889 declinat.Hinc

1921 1922 2193 1977 Salomon
2219 1939 2321 1977 nec
2345 1922 2522 1976 nimis
2544 1922 2782 1977 divitem
2806 1939 2867 1977 se
2891 1923 3032 1993 petit
3054 1921 3197 1989 fieri,
3224 1938 3326 1976 nec
3347 1926 3572 1992 egesto-

1921 2027 2054 2065 sum
2087 2012 2270 2080 (Prov.
2304 2028 2435 2075 xxx,
2465 2011 2540 2081 9).
2562 2011 2679 2065 Hoc
2700 2010 2895 2080 ipsum
2932 2015 3129 2065 tamen
3183 2010 3240 2063 in
3292 2010 3573 2065 charitate

1924 2100 2045 2154 fieri
2080 2100 2311 2163 debere,
2346 2104 2412 2153 ut
2452 2098 2894 2153 honorificentia
2951 2099 3269 2153 sacerdotis
3329 2115 3443 2152 non
3500 2099 3571 2152 de

1923 2191 2130 2242 timore
2144 2189 2331 2258 magis
2347 2188 2442 2253 sit,
2459 2188 2558 2242 sed
2575 2188 2643 2241 de
2657 2203 2877 2254 amore,
2904 2191 2967 2241 ut
2980 2187 3155 2241 etiam
3176 2186 3256 2240 illi
3284 2187 3567 2258 proficiat,

1924 2277 2022 2347 qui
2056 2277 2211 2331 facit.
2238 2277 2347 2331 Res
2369 2276 2547 2345 enim,
2572 2292 2701 2346 qua:
2723 2280 2929 2346 sponte
2950 2292 3062 2329 non
3088 2276 3171 2339 fit,
3191 2276 3262 2329 ad
3301 2276 3569 2330 allectum

1926 2383 2039 2420 non
2058 2365 2335 2436 pervenit.
2360 2364 2637 2429 Quamvis
2655 2364 2725 2418 ad
2740 2380 2996 2435 praesens
3014 2363 3274 2434 proficiat
3289 2364 3569 2435 sumenti,

1929 2453 2074 2509 nihil
2094 2462 2288 2509 tamen
2313 2452 2570 2525 proderit
2590 2452 2648 2506 in
2674 2452 2867 2507 futuro
2891 2453 3076 2508 danti.
3102 2452 3166 2505 Et
3183 2452 3320 2523 quia
3343 2452 3570 2506 dissen-

1927 2544 2013 2598 sio
2038 2542 2222 2598 multa
2241 2546 2479 2614 generat
2500 2540 2675 2611 mala,
2700 2541 2971 2611 pacificos
2990 2557 3087 2595 eos
3110 2557 3238 2596 esse
3288 2540 3576 2597 hortatur.

2001 2633 2267 2701 Rogamus
2317 2639 2497 2685 autem
2524 2646 2634 2696 vos,
2691 2632 2912 2699 fratres,
2971 2630 3233 2699 corripite
3288 2630 3576 2700 inquietos,

1929 2720 2295 2775 oonsolamini
2319 2719 2721 2790 pusillanimes,
2763 2718 3118 2788 opitulamini
3166 2718 3425 2787 inﬁrmis,
3475 2735 3578 2789 pa-

1930 2811 2127 2863 tientes
2157 2816 2322 2863 estote
2352 2808 2418 2861 ad
2462 2822 2666 2861 omnes.
2699 2807 2878 2861 Videte
2919 2822 2989 2861 ne
3033 2807 3159 2877 quis
3204 2806 3424 2861 malum
3477 2822 3579 2875 pro

1928 2897 2075 2951 malo
2105 2897 2279 2951 alicui
2308 2895 2493 2949 reddat
2510 2912 2530 2955 ;
2561 2895 2652 2949 sed
2675 2911 2884 2965 semper
2913 2894 3051 2967 quod
3073 2895 3270 2949 bonum
3324 2903 3404 2949 est
3458 2910 3578 2950 sec-

1930 2984 2132 3037 tamini
2161 2986 2220 3037 in
2251 2984 2502 3047 invicem,
2537 2987 2589 3035 et
2612 2984 2669 3035 in
2694 2998 2896 3036 omnes.
2958 2982 3181 3052 Semper
3235 2982 3465 3051 gaudete
3518 2984 3579 3038 in

1930 3072 2175 3125 Domino.
2210 3071 2339 3125 Sine
2358 3069 2767 3124 intermissione
2786 3078 2953 3124 orate.
2978 3071 3039 3123 In
3059 3070 3315 3123 omnibus
3368 3070 3579 3139 gratias

135 3157 416 3211 brorum-
453 3157 512 3210 In
540 3155 793 3211 tenebris
825 3154 1211 3226 ignorantiam
1238 3156 1531 3228 significat
1552 3159 1609 3210 et
1656 3171 1819 3210 men-
1852 3143 1894 3209 C
1933 3161 2098 3229 agite.
2132 3161 2253 3213 Haec
2283 3164 2361 3213 est
2392 3160 2540 3212 enim
2571 3158 2820 3212 voluntas
2845 3159 2951 3212 Dei
2972 3159 3029 3211 in
3072 3157 3280 3211 Christo
3336 3158 3460 3212 Jesu
3517 3160 3578 3212 in

132 3245 381 3301 dacium
426 3262 439 3300 :
459 3244 516 3297 in
533 3244 624 3299 die
645 3244 1169 3311 autem,scientiam
1192 3249 1249 3298 et
1269 3244 1815 3299 veritatem.ldcirco

135 3332 532 3390 Christianos
565 3349 678 3387 non
710 3331 768 3385 in
802 3332 1058 3386 tenebris
1089 3332 1231 3387 dicit
1263 3350 1276 3399 ;
1318 3332 1564 3403 gentiles
1595 3337 1813 3408 autem,

139 3420 605 3479 velincredulos
627 3420 883 3486 Judazos,
911 3419 1060 3474 filios
1090 3421 1485 3486 tenebrarum,
1520 3422 1657 3487 quia
1690 3419 1813 3475 cul-

144 3516 307 3567 tores
340 3514 493 3564 sunt
532 3507 841 3563 mendacii.
880 3508 1268 3573 Quamobrem
1328 3509 1528 3563 fideles
1577 3525 1814 3564 securos

152 3615 282 3655 esse
313 3598 528 3653 debere
557 3596 869 3668 significat,
904 3596 1041 3668 quia
1073 3613 1185 3650 non
1214 3596 1487 3668 ignorant
1546 3598 1811 3652 futurum

156 3688 479 3741 adventum
505 3684 865 3751 Domini,sed
890 3688 1228 3754 exspectant
1248 3684 1482 3739 solliciti
1508 3690 1573 3739 ut
1594 3686 1809 3740 veniat.

159 3775 266 3842 Qui
301 3779 503 3829 autem
535 3773 807 3843 ignorant
837 3772 1169 3826 diffidentes
1196 3771 1265 3824 de
1292 3788 1379 3836 eo,
1415 3777 1647 3842 repente
1682 3772 1813 3827 illos

160 3862 624 3934 comprehendet
644 3860 1020 3931 improvidos,
1045 3864 1102 3914 et
1132 3858 1457 3913 interﬁciet.

229 3953 417 4019 Igitur
436 3966 547 4004 non
568 3951 917 4016 dormianus,
942 3950 1084 4003 sicut
1102 3951 1151 4002 et
1175 3947 1477 4017 eceterirsed
1497 3948 1810 4016 vigilemus,

160 4045 209 4093 et
236 4041 415 4094 sobrii
441 4041 655 4094 simus:
688 4040 755 4093 Hi
782 4039 950 4104 enim,
982 4039 1078 4108 qui
1115 4037 1416 4104 dormiunt,
1474 4045 1629 4092 nocte
1684 4038 1813 4091 dor-

161 4130 341 4183 miunt
364 4146 385 4191 ;
405 4132 462 4184 et
479 4129 576 4199 qui
603 4128 969 4192 inebriantur,
998 4126 1468 4181 noctesuntebrii.
1504 4132 1612 4181 Nos
1632 4135 1814 4181 autem

162 4219 254 4286 qui
273 4218 389 4272 diei
408 4233 615 4281 sumus,
638 4215 809 4270 sobrii
847 4216 1038 4280 simus,
1072 4215 1257 4269 induti
1287 4216 1560 4270 thoracem
1580 4216 1733 4286 ﬁdei,
1766 4224 1815 4271 et

162 4303 470 4374 charitatis,
499 4309 547 4358 ct
575 4305 809 4373 galeam,
837 4320 984 4373 spem
1012 4303 1213 4357 salutis
1238 4322 1257 4367 ;
1297 4306 1425 4374 quia
1472 4321 1580 4358 non
1632 4306 1814 4375 posuit

160 4407 255 4446 nos
278 4395 425 4449 Deus
454 4394 515 4447 in
545 4393 711 4457 iram,
761 4390 853 4446 sed
884 4393 943 4445 in
1001 4394 1421 4463 acquisitionem
1475 4395 1671 4447 salutis
1716 4410 1815 4463 per

1930 3247 2099 3301 vobis.
2129 3247 2413 3309 Quoniam
2446 3262 2680 3301 necesse
2698 3249 2785 3300 est
2806 3247 3092 3317 quosdam
3114 3262 3241 3301 esse
3290 3244 3347 3299 in
3409 3246 3576 3315 plebe

1924 3335 2331 3401 immodestos,
2354 3335 2642 3404 quosdam
2667 3338 2860 3388 autem
2886 3333 3309 3405 pusillanimes,
3334 3333 3443 3388 hoc
3463 3337 3572 3404 est,

1924 3423 2183 3489 timidos,
2214 3424 2496 3494 quosdam
2521 3440 2653 3478 vero
2679 3424 2789 3477 fide
2811 3422 3077 3477 inﬁrmos
3109 3439 3120 3475 :
3157 3421 3285 3475 ideo
3314 3420 3442 3487 hos,
3472 3420 3574 3491 qui

1925 3512 2173 3567 modesti
2206 3517 2363 3582 sunt,
2389 3516 2444 3566 et
2474 3512 2900 3584 magnanimes,
2925 3514 2981 3565 et
3002 3511 3114 3565 fide
3132 3509 3570 3577 fundati,horta-

1924 3605 2021 3654 tur
2041 3616 2172 3653 cum
2200 3615 2386 3671 prece,
2415 3603 2479 3653 ut
2498 3598 2591 3653 his
2609 3597 2937 3667 consulant,
2961 3603 3026 3652 ut
3048 3598 3271 3669 possint
3296 3598 3572 3667 proficere

1924 3687 2269 3743 sufferentes
2298 3703 2415 3754 eos,
2443 3702 2513 3739 ne
2544 3686 2589 3739 si
2616 3686 2920 3740 retributio
2940 3686 3003 3738 ﬁt
3029 3685 3572 3756 malorum,pejores

1924 3792 1986 3829 se
2004 3775 2165 3829 fiant.
2191 3774 2409 3828 Idcirco
2433 3773 2579 3827 nihil
2602 3773 2759 3827 aliud
2784 3790 2960 3843 quam
2986 3774 3201 3827 bonum
3226 3774 3571 3829 sectandum

1926 3862 2195 3916 hortatur
2211 3879 2324 3915 non
2350 3860 2538 3915 solum
2557 3860 2615 3914 in
2634 3878 2811 3915 causa
2832 3861 3204 3927 fratrum,sed
3226 3862 3284 3916 in
3304 3861 3571 3916 omnium

1928 3952 2181 4005 Possunt
2211 3949 2368 4003 enim
2399 3948 2567 4002 bonis
2601 3949 2875 4019 operibus
2907 3948 3117 4002 attrahi
3176 3949 3439 4003 infideles
3499 3949 3569 4004 ad

1924 4037 2347 4105 credulitatem,
2380 4053 2445 4090 ex
2480 4053 2596 4105 qua
2626 4052 2856 4106 semper
2885 4037 3210 4105 gaudeatur
3230 4036 3287 4089 in
3304 4036 3569 4099 Domino,

1923 4127 2033 4182 hoc
2062 4132 2172 4195 est,
2204 4126 2263 4179 in
2295 4126 2534 4179 bonum.
2569 4123 2865 4178 Orandum
2891 4128 3085 4178 autem
3108 4125 3234 4179 sine
3272 4123 3572 4178 intermis-

1924 4216 2105 4271 sione.
2131 4213 2354 4269 Sedulaa
2377 4214 2531 4267 enim
2560 4227 2754 4283 preces
2772 4216 3086 4283 provocant
3106 4212 3369 4267 animum
3406 4212 3568 4282 judi-

1923 4307 2006 4359 cis
2030 4305 2098 4359 ad
2124 4304 2377 4358 dandam
2406 4301 2885 4356 misericordiam.
2914 4301 2973 4355 In
2993 4301 3266 4356 omnibus
3287 4318 3419 4356 vero
3432 4301 3567 4355 acti-

1924 4396 2034 4448 bus
2063 4392 2233 4446 bonis
2260 4397 2367 4445 Deo
2390 4391 2610 4459 gratias
2629 4390 3013 4461 agendas,qui
3037 4389 3406 4446 hanctribuit
3434 4390 3570 4446 doc-

163 4485 461 4537 Dominum
490 4490 740 4537 nostrum
767 4482 951 4536 Iesum
974 4480 1268 4550 Christum,
1305 4483 1401 4551 qui
1444 4484 1690 4536 mortuus
1736 4485 1814 4537 est
1846 4504 1892 4567 D
1926 4484 2141 4536 trinam
2169 4480 2226 4533 in
2258 4478 2488 4535 Christo
2517 4479 2547 4533 ,Ι
2557 4495 2658 4532 esu
2690 4478 2936 4533 Domino
2960 4483 3175 4534 nostro.

161 4584 253 4637 pro
282 4573 464 4626 nobis.
503 4571 585 4636 Ut,
619 4572 733 4625 sive
762 4569 1116 4635 dormiamus,
1147 4571 1262 4625 sive
1291 4570 1601 4637 vigilemus,
1645 4572 1816 4625 simul

170 4672 288 4712 cum
315 4676 372 4715 eo
403 4661 670 4715 vivamus.
705 4661 935 4730 Propter
954 4658 1094 4729 quod
1115 4660 1485 4713 exhortamini
1506 4661 1817 4727 invioem,et

170 4747 441 4814 aediﬁcate
453 4750 958 4812 alterutrum,sicut
970 4748 1232 4816 etfacitis.
1249 4753 1290 4799 A
1302 4751 1464 4818 pertu
1476 4765 1528 4802 m
1550 4755 1637 4804 est
1658 4750 1811 4819 quod

172 4833 678 4892 dicit.Commonet
696 4837 849 4891 enim
876 4852 946 4891 ne
962 4835 1145 4890 securi
1164 4836 1232 4889 de
1252 4836 1486 4890 nomine
1500 4837 1815 4894 Salvatoris

177 4922 531 4994 negligenter
554 4941 833 4996 agamus;
866 4925 1110 4995 ideoque
1131 4925 1320 4979 tribus
1344 4942 1445 4979 nos
1483 4943 1816 4999 propugna-

178 5009 315 5065 culis
341 5013 560 5067 muniri
592 5014 818 5077 debere,
852 5013 905 5067 id
941 5019 1051 5079 est,
1088 5012 1239 5079 fidei,
1273 5018 1329 5067 et
1359 5015 1500 5084 spei,
1534 5022 1589 5072 et
1628 5014 1817 5071 chari-

181 5098 325 5153 tatis.
359 5102 511 5155 Dum
544 5101 696 5155 enim
729 5102 874 5155 fides
907 5108 1121 5171 manet,
1156 5118 1320 5173 spem
1369 5105 1617 5175 excitat;
1682 5120 1819 5174 spes

181 5189 363 5242 autem
398 5190 725 5245 necessario
760 5188 1005 5245 sollicita
1035 5195 1121 5245 est
1152 5190 1222 5244 de
1269 5192 1679 5261 promissione,
1714 5207 1819 5247 nec

183 5269 385 5329 dormit
411 5295 423 5345 ;
458 5277 709 5332 charitas
742 5280 935 5330 autem
964 5278 1232 5333 devotum
1256 5278 1418 5333 offert
1441 5279 1817 5341 Domino.Ni-

1999 4569 2269 4639 Spiritum
2290 4566 2459 4619 nolite
2476 4568 2852 4633 exstinguere.
2878 4567 3203 4637 Prophetias
3231 4568 3323 4621 not
3331 4570 3404 4622 ite
3423 4583 3574 4638 sper-

1924 4673 2074 4712 nere.
2112 4655 2307 4709 Omnia
2338 4663 2521 4707 autem
2549 4655 2812 4724 probate;
2846 4655 2985 4724 quod
3016 4656 3217 4709 bonum
3254 4664 3329 4710 est
3380 4659 3571 4711 tenete.

1926 4746 2001 4799 Ab
2032 4744 2187 4799 omni
2215 4742 2392 4813 specie
2418 4743 2565 4795 mala
2588 4742 2850 4796 abstinete
2874 4759 2982 4797 vos.
3019 4743 3135 4797 Hoc
3156 4743 3317 4809 dicit,
3352 4749 3419 4799 ut
3460 4759 3577 4797 non

1925 4833 2093 4890 facile
2124 4831 2297 4886 alicui
2359 4846 2460 4901 per
2515 4830 2797 4901 Spiritum
2856 4829 3115 4902 loquenti
3168 4831 3577 4889 interdicatur.

1924 4919 2328 4991 Exstinguitur
2349 4917 2524 4986 enim,
2550 4917 2945 4988 siincipientis
2969 4919 3125 4989 loqui
3151 4920 3336 4973 fervor
3359 4924 3588 4976 contra-

1927 5012 2179 5068 dictione
2199 5008 2444 5078 sopitur,
2480 5026 2551 5064 ne
2575 5009 2718 5063 forte
2751 5023 2864 5060 non
2900 5007 3287 5077 intelligentes
3331 5010 3452 5065 dici
3514 5005 3586 5061 ab

1928 5120 1992 5158 eo
2052 5096 2339 5169 spiritalia
2397 5094 2675 5166 injuriam
2738 5094 2953 5149 faciant
2997 5094 3236 5166 Spiritui
3268 5108 3498 5161 sancto,
3534 5097 3593 5149 et

1929 5191 2171 5265 peccent
2193 5201 2292 5255 per
2312 5184 2705 5254 ignorantiam
2733 5200 2745 5248 ;
2771 5197 2960 5252 neque
2982 5184 3257 5251 aliquem,
3286 5188 3393 5254 qui
3419 5180 3595 5260 quasi

1927 5280 2261 5349 Scripturas
2286 5270 2514 5343 revelet,
2542 5290 2655 5329 non
2681 5269 2873 5326 audiri
2899 5271 3184 5342 patienter
3218 5272 3456 5344 debere,
3491 5271 3597 5327 86d
