3974 5358
381 221 498 283 655

1410 220 1747 281 ATTONIS
1793 218 2380 281 VERCELLENSIS
2422 219 2771 281 EPISCOPI

3637 218 3729 279 656

381 352 737 424 etquidquid
760 352 973 421 sobrie,
998 356 1053 406 ct
1078 352 1222 406 bene
1254 350 1472 406 dictum
1524 351 1715 418 fuerit,
1770 350 2019 406 retinen-
2054 351 2105 415 Α
2139 354 2326 405 strum
2362 350 2650 422 dirigatin
2675 349 3048 420 perfectione,
3075 350 3139 403 ut
3168 347 3391 419 integer
3412 347 3486 402 sit
3530 346 3728 418 spiritus

379 443 542 497 dum.
576 441 943 511 Quaecunque
973 439 1127 495 enim
1161 440 1580 510 apostolorum,
1604 447 1660 494 et
1690 441 1877 511 ipsius
1916 446 2024 493 Uo-

380 531 524 585 mini
550 530 719 584 dictis
742 534 1090 599 congruunt,
1113 545 1177 582 eo
1200 530 1344 583 bene
1362 528 1516 581 dicta
1540 528 1808 583 habenda
1866 532 2021 593 sunt,

379 623 434 673 et
454 618 758 673 retinenda
782 636 794 685 ;
820 619 890 671 ab
914 618 1002 671 his
1036 622 1385 687 autem,quze
1413 617 1653 672 inimica
1675 616 1804 671 ﬁdei
1827 617 2024 671 viden-

378 711 495 772 tur,
520 706 956 761 abstinendum.
980 705 1177 759 Solent
1197 706 1353 759 enim
1376 704 1616 775 spiritus
1641 704 1844 758 mundi
1870 702 2027 758 falla-

377 794 519 849 citer
550 794 717 866 quasi
748 810 849 864 per
877 793 1261 848 imitationem
1296 793 1487 847 dicere
1529 794 1701 859 bona,
1763 798 1817 846 et
1872 792 2027 845 inter

378 884 499 938 haec
520 884 905 939 subinducere
930 900 1122 954 prava,
1148 888 1212 936 ut
1234 898 1336 954 per
1361 882 1503 947 haec,
1528 898 1651 953 quae
1686 882 1839 935 bona
1866 885 2022 945 sunt,

376 976 610 1044 accepto
643 974 904 1027 ferantur
933 976 990 1025 et
1021 971 1207 1025 mala:
1264 975 1327 1024 ut
1358 970 1493 1041 quia
1554 970 1729 1024 unius
1785 969 2026 1039 spiritus

376 1061 530 1115 dicta
552 1065 853 1130 putantur,
869 1076 982 1115 non
1005 1060 1413 1114 discernantur
1430 1059 1500 1112 ab
1524 1057 1900 1123 invicem,sed
1927 1073 2028 1128 per

376 1148 455 1216 id,
474 1150 628 1219 quod
654 1149 879 1204 licitum
906 1152 1013 1217 est,
1039 1146 1793 1215 commendeturillicitum,
1827 1150 2024 1200 aucto-

373 1237 542 1292 ritate
568 1237 842 1305 nominis,
879 1253 991 1291 non
1024 1236 1247 1291 ratione
1298 1236 1551 1293 virtutis.
1615 1234 1812 1289 Solent
1868 1235 2023 1289 enim

374 1325 483 1380 sub
499 1325 893 1396 apostolorum
916 1324 1233 1394 nomine,et
1247 1323 1434 1395 ipsius
1450 1323 1763 1391 Domini,et
1776 1323 2027 1378 nefanda

375 1415 599 1483 docere,
622 1417 677 1468 et
698 1414 955 1469 adversa.
979 1414 1231 1483 Ideoque
1252 1414 1450 1467 omnia
1482 1412 1785 1483 probanda
1805 1414 2023 1480 monet,

374 1502 510 1572 quia
531 1518 644 1556 non
668 1506 916 1573 possunt
940 1501 1173 1571 eloquia
1195 1501 1425 1555 Domini
1449 1516 1577 1555 esse
1598 1500 1845 1555 diversa.
1878 1501 2023 1553 Hinc

373 1595 462 1645 est
491 1591 645 1645 unde
671 1594 728 1644 et
756 1589 1000 1645 Joannis
1032 1589 1281 1660 apostoli
1324 1588 1584 1659 Epistola
1611 1606 1623 1642 :
1682 1589 1878 1652 Nolite,
1934 1588 2023 1642 in-

374 1679 519 1748 quit,
552 1680 953 1749 omnispiritui
980 1678 1217 1741 credere,
1265 1677 1357 1733 sed
1382 1679 1608 1747 probate
1665 1678 1915 1747 spiritus,
1974 1677 2025 1731 si

372 1781 441 1821 ex
470 1767 574 1821 Deo
602 1771 732 1821 sunt
750 1767 801 1837 (Ι
819 1768 975 1822 Joan.
1012 1782 1084 1832 IV,
1112 1766 1163 1835 1)
1190 1787 1203 1833 ;
1230 1765 1368 1837 quia
1390 1766 1437 1821 si
1462 1765 1647 1820 multa
1668 1765 1820 1820 bona
1842 1764 2017 1831 dicat;

372 1855 433 1909 in
456 1854 650 1925 aliquo
679 1858 894 1919 autem,
920 1854 1073 1925 quod
1111 1854 1244 1908 ﬁdei
1287 1854 1591 1909 adversum
1627 1858 1734 1921 est,
1768 1858 2018 1924 promat,

372 1943 594 1997 sciatur
610 1960 721 1997 non
744 1959 872 1998 esse
892 1942 1147 2014 Spiritus
1170 1948 1429 1998 sanctus.
1462 1941 1616 1996 Nihil
1646 1942 1801 1996 enim
1863 1958 2019 1995 erro-

373 2030 533 2085 risin
557 2035 757 2085 sancto
780 2030 997 2101 Spiritu
1021 2030 1233 2101 poterit
1282 2030 1539 2101 reperiri.
1606 2030 1715 2085 Sed
1770 2034 1872 2083 aut
1920 2046 2023 2100 per

372 2118 712 2172 exercitium
734 2117 944 2187 eloquii
969 2118 1235 2187 quaedam
1258 2116 1566 2187 spiritalia,
1599 2116 1865 2186 quaedam
1887 2133 2020 2170 vero

372 2204 649 2271 carnalia,
679 2205 817 2276 quia
846 2206 1036 2259 omnis
1090 2222 1249 2259 error
1308 2206 1463 2259 carni
1525 2207 1860 2277 deputatur,
1921 2210 2022 2259 aut

372 2297 521 2348 certe
540 2298 868 2348 commento
893 2293 1149 2363 quodam
1173 2293 1398 2347 astutia
1425 2293 1576 2347 bona
1616 2293 1802 2364 ﬁngit,
1836 2297 1900 2347 ut
1928 2293 2021 2347 his

368 2381 590 2436 inserat
620 2380 793 2451 mala,
832 2382 981 2435 sicut
1011 2398 1189 2451 supra
1216 2381 1529 2435 memoravi
1562 2397 1573 2435 :
1638 2382 2013 2451 quemadmo-

369 2470 510 2525 dum
532 2469 589 2524 in
623 2469 919 2535 Montano,
952 2474 1007 2524 et
1029 2468 1308 2539 Priscilla,
1342 2474 1397 2524 et
1428 2469 1747 2524 Maximilla
1768 2470 2018 2541 prophe-

367 2558 941 2630 tisCataphrygarum
957 2558 1199 2629 spiritus
1212 2559 1416 2612 mundi
1429 2558 1751 2613 imitatione
1765 2560 2019 2628 quadam

367 2647 505 2701 boni
536 2646 854 2714 simulavit,
891 2652 954 2701 ut
984 2664 1084 2718 per
1118 2646 1301 2701 multa
1330 2646 1692 2712 verisimilia,
1740 2663 1843 2701 nec
1902 2663 2018 2701 non

365 2739 422 2789 et
451 2751 607 2799 vera,
640 2735 987 2789 mentiretur
1018 2751 1080 2790 se
1110 2750 1238 2789 esse
1269 2735 1553 2806 Spiritum
1585 2738 1874 2789 sanctum.

438 2825 556 2894 Ipse
603 2832 785 2878 autem
832 2824 969 2878 Deus
1012 2825 1167 2894 pacis
1214 2824 1513 2892 sanctiﬁcat
1552 2840 1642 2879 vos
1686 2841 1787 2894 per
1832 2825 2020 2879 omnia

364 2914 651 2983 perfectos,
676 2920 733 2966 ut
766 2914 976 2979 integer
1003 2914 1233 2982 spiritus
1266 2915 1452 2982 vester,
1485 2917 1535 2967 et
1563 2914 1775 2980 anima,
1805 2921 1857 2967 et
1895 2929 2016 2967 ror-

367 3016 469 3071 pus
490 3002 609 3055 sine
630 3001 851 3070 querela
872 3002 927 3054 in
953 3000 1187 3055 adventu
1212 3003 1439 3055 Domini
1479 3003 1655 3055 nostri
1699 3004 1825 3056 Jesu
1856 3001 2017 3055 Chri-

2137 439 2308 493 datus
2340 439 2528 494 nobis.
2562 440 2727 493 Tunc
2757 439 2914 493 enim
2945 437 3170 509 integer
3199 440 3304 502 est,
3336 436 3385 491 si
3434 436 3586 491 bones
3634 437 3729 491 vita

2136 528 2496 593 studeamus,
2535 526 2796 582 animam
2828 527 3111 581 habentes
3144 525 3448 590 mundam,
3470 530 3524 578 et
3562 540 3729 595 corpus

2136 614 2262 668 sine
2283 614 2611 685 querela,ut
2632 619 2787 669 totus
2811 614 2982 669 homo
3005 614 3079 668 sit
3096 612 3596 684 perfectus.Potest
3611 614 3731 668 enim

2136 718 2348 774 corpus
2406 704 2694 758 mundum
2754 719 2900 769 esse,
2963 707 3019 755 et
3080 701 3276 756 anima
3332 700 3614 772 inquinari
3662 718 3735 771 per

2139 791 2362 845 malum
2449 792 2806 864 cogitatum;
2881 792 3127 861 ideoque
3186 794 3373 845 totum
3430 790 3489 843 in
3547 789 3735 847 homine

2139 880 2426 934 mundum
2458 881 2600 935 dicit
2630 896 2758 935 esse
2801 880 3031 935 debere.
3066 878 3128 934 Si
3186 882 3380 933 autem
3442 877 3583 932 mala
3626 878 3734 946 vita,

2135 968 2221 1023 vel
2271 969 2544 1039 cogitatio
2603 969 2940 1038 intercedat,
3002 983 3117 1022 non
3173 967 3284 1022 erit
3336 966 3555 1038 integer
3603 968 3735 1038 spiri-

2136 1061 2251 1125 tus,
2278 1058 2417 1128 quia
2446 1058 2663 1113 deserit
2684 1057 2983 1112 hominem
3007 1055 3259 1127 peccatis
3290 1056 3732 1111 obnoxium.Dum

2136 1146 2294 1200 enim
2317 1145 2590 1201 dissentit
2611 1145 2827 1213 anima,
2846 1149 2903 1200 et
2934 1142 3442 1216 corpus,quamvis
3462 1143 3579 1198 sine
3596 1160 3731 1199 sensu

2136 1236 2230 1304 sit,
2259 1233 2431 1289 alieni
2469 1236 2538 1289 ab
2570 1234 2674 1289 illo
2705 1234 3059 1301 efﬁciuntur,
3092 1238 3149 1288 et
3175 1232 3335 1287 velut
3393 1232 3625 1303 perdens
3661 1248 3731 1287 eos

2136 1340 2250 1379 non
2268 1322 2377 1377 erit
2396 1322 2621 1395 integer
2650 1322 2912 1394 spiritus.
2936 1323 3019 1377 Ad
3052 1322 3163 1376 hoc
3193 1321 3349 1376 enim
3386 1321 3556 1375 datur
3587 1320 3731 1375 homi-

2135 1410 2215 1480 ni,
2252 1416 2316 1465 ut
2346 1416 2596 1479 maneat,
2630 1414 2687 1465 et
2718 1411 2795 1466 sit
2818 1410 2987 1481 quasi
3011 1414 3189 1481 caput
3212 1410 3362 1477 ejus.
3397 1408 3611 1480 Integer
3630 1424 3730 1480 ergo

2136 1516 2249 1554 non
2277 1499 2405 1569 erit,
2440 1500 2578 1570 quia
2606 1499 2790 1569 perdit
2820 1499 3107 1565 membra,
3140 1498 3287 1553 dum
3319 1496 3536 1552 recedit
3584 1496 3643 1551 ab
3685 1512 3732 1551 eo

2134 1588 2331 1656 homo,
2367 1603 2434 1642 ea
2464 1604 2661 1657 agens,
2696 1604 2822 1658 quae
2852 1586 2975 1642 odit
3004 1585 3255 1658 Spiritus
3288 1589 3547 1641 sanctus.

2204 1676 2410 1732 Fidelis
2439 1679 2517 1730 est
2562 1678 2720 1744 Deus,
2779 1676 2880 1746 qui
2926 1675 3137 1730 vocavit
3191 1689 3301 1744 vos,
3358 1675 3456 1745 qui
3499 1681 3549 1727 et
3593 1674 3731 1741 faciet.

2131 1768 2368 1830 Fratres,
2402 1768 2552 1820 orate
2582 1781 2679 1835 pro
2708 1762 3149 1819 nobis.Fidelem
3170 1762 3359 1818 Deum
3382 1761 3521 1816 dicit
3548 1760 3599 1815 in
3636 1777 3730 1832 pro-

2133 1853 2330 1908 missis
2356 1854 2503 1920 suis,
2529 1858 2595 1908 ut
2619 1853 2805 1908 securi
2831 1853 2902 1907 de
2926 1851 3163 1924 praemio
3185 1856 3342 1907 recte
3362 1854 3659 1906 versentur.
3685 1849 3731 1902 Et

2132 1943 2271 2012 quia
2294 1941 2396 2013 qui
2420 1946 2592 2010 recte,
2612 1942 2783 2011 juxta
2808 1940 3209 2012 Evangelium,
3239 1938 3467 2004 vivunt,
3497 1936 3644 1992 facile
3663 1954 3727 2008 po-

2131 2034 2329 2085 terunt
2359 2030 2668 2101 impetrare
2697 2046 2822 2101 quae
2856 2028 3185 2099 postulant;
3220 2028 3440 2083 idcirco
3468 2041 3618 2081 orare
3659 2041 3726 2079 eos

2131 2135 2234 2189 pro
2263 2135 2324 2173 se
2354 2118 2638 2173 hortatur.
2672 2117 2857 2172 Facile
2889 2118 3045 2172 enim
3078 2116 3246 2173 multi
3279 2118 3587 2188 impetrant
3613 2113 3724 2186 quod

2130 2206 2482 2261 desiderant.

2206 2296 2452 2350 Salutate
2477 2298 2679 2365 fratres
2724 2312 2908 2352 omnes
2962 2298 3025 2350 in
3081 2296 3259 2351 osculo
3317 2298 3523 2349 sancto.
3570 2295 3729 2346 Sancta

2132 2383 2336 2440 oscula
2358 2388 2497 2439 sunt
2523 2384 2579 2437 in
2606 2384 2954 2440 salutatione
2973 2383 3299 2439 Christiana
3321 2401 3333 2450 ;
3365 2388 3564 2438 caetera
3581 2396 3728 2436 cama-

2129 2472 2212 2529 lia
2242 2477 2401 2536 sunt,
2425 2472 2566 2543 quia
2597 2472 2881 2544 quidquid
2906 2474 3033 2529 sine
3054 2472 3281 2528 Christo
3304 2472 3395 2539 fit,
3418 2469 3631 2526 carnale
3650 2474 3726 2536 est,

2130 2577 2195 2616 ac
2228 2577 2331 2632 per
2360 2561 2469 2616 hoc
2501 2560 2768 2617 mortale.
2801 2562 2908 2626 Qui
2940 2562 3096 2617 enim
3123 2565 3425 2617 auctorem
3467 2559 3585 2615 vitae
3629 2574 3727 2612 con-

2128 2649 2359 2717 temnit,
2394 2649 2451 2703 in
2484 2654 2670 2705 morte
2699 2655 2806 2705 est.

2201 2738 2405 2809 Adjuro
2433 2753 2528 2792 vos
2551 2754 2650 2808 per
2680 2740 2995 2808 Dominum,
3028 2742 3088 2793 ut
3118 2739 3333 2806 legatur
3383 2737 3608 2808 Epistola
3647 2735 3729 2789 hac

2128 2827 2387 2882 omnibus
2415 2828 2702 2896 fratribus.
2740 2827 3021 2899 Astringit
3047 2843 3146 2882 eos
3171 2831 3234 2882 ut
3270 2826 3506 2882 soliiciti
3537 2824 3639 2880 sint
3679 2821 3724 2875 ad

2125 2915 2722 2987 legendamEpistolas
2736 2916 2963 2971 cunctis
2975 2915 3347 2985 tratribus,ut
3363 2914 3726 2987 cognoscantet

2134 3003 2359 3068 laudes,
2386 3008 2443 3057 ct
2464 3004 2891 3060 admonitiones
2913 3021 3073 3073 suas,
3094 3021 3194 3075 per
3215 3020 3361 3075 quas
3383 3005 3522 3059 ﬁant
3545 2997 3727 3073 perfecti

369 3090 444 3143 sti
468 3093 729 3143 servetur.
768 3090 914 3143 Deus
947 3090 1105 3160 pacis
1129 3089 1391 3144 Christus
1423 3094 1529 3143 cst.
1563 3090 1655 3143 Ait
1686 3090 1839 3143 enim
1868 3108 1879 3144 :
1914 3092 1995 3145 Pa
2052 3076 2095 3140 C
2206 3092 2393 3148 Gratia
2422 3094 2645 3147 Domini
2671 3095 2849 3148 nostri
2901 3094 3027 3147 Jesu
3086 3092 3289 3146 Christi
3334 3093 3615 3146 vobiscum.
3661 3087 3727 3141 Sic

370 3192 487 3231 cem
542 3193 719 3231 meam
775 3178 841 3231 do
897 3178 1063 3246 vobis,
1122 3194 1309 3246 pacem
1372 3194 1549 3232 meam
1587 3179 1844 3248 relinquo
1875 3179 2022 3232 vobis

373 3266 549 3332 (Joan.
574 3282 686 3332 xw,
717 3266 829 3336 27).
856 3264 1077 3335 Quippe
1101 3282 1232 3319 cum
1257 3265 1609 3337 omnia,quce
1632 3266 1809 3321 habet
1830 3271 2019 3335 Pater,

374 3352 499 3407 Filii
533 3354 671 3419 sint,
706 3353 1070 3408 sanctiﬁcare
1102 3369 1207 3407 nos
1238 3358 1400 3424 optat
1436 3354 1769 3425 Apostolus,
1796 3361 1859 3410 ut
1916 3372 2023 3411 nos

374 3440 628 3495 illustret
657 3442 869 3512 pietate
890 3440 1202 3496 clementia
1223 3458 1349 3507 sua,
1377 3446 1433 3496 et
1458 3459 1631 3497 omne
1660 3448 1859 3497 votum
1920 3460 2022 3498 no-

2130 3180 2260 3234 illos
2278 3180 2336 3234 in
2358 3180 2529 3234 bonis
2550 3180 2825 3252 operibus
2845 3181 2969 3235 vult
2990 3180 3287 3252 prolicere,
3319 3184 3389 3234 ut
3434 3178 3608 3251 gratia
3646 3175 3721 3230 Do-

2134 3268 2279 3323 mini
2312 3269 2497 3323 nostri
2517 3269 2657 3324 Jesu
2689 3268 2901 3324 Christi
2930 3268 3241 3324 maneatin
3265 3267 3347 3323 eis
3382 3269 3442 3322 in
3473 3272 3722 3322 aternum.

2554 3446 2719 3513 Finit,
2755 3451 2862 3501 Deo
2890 3447 3123 3515 gratias.
3156 3447 3349 3501 Amen.

782 3745 1391 3838 EPISTULA
1466 3747 1552 3838 II
1624 3749 1789 3840 AD
1860 3749 3135 3844 THESSALONICENSES
3186 3750 3398 3881 “289).

445 4082 731 4146 Quoniam
765 4083 821 4137 in
852 4082 1042 4154 prima
1064 4082 1321 4153 Epistola
1353 4085 1421 4139 ad
1474 4084 2026 4143 Thessalonicenses
2055 4090 2102 4154 D
2204 4089 2426 4142 Gratias
2458 4102 2622 4157 agere
2650 4085 2908 4142 debemus
2933 4088 3036 4143 Deo
3064 4104 3281 4161 semper
3315 4090 3385 4145 de
3436 4087 3591 4149 vobis,
3638 4083 3722 4152 fra-

378 4174 535 4241 data,
572 4173 723 4226 inter
752 4176 957 4226 caetera
988 4171 1163 4226 etiam
1189 4173 1257 4226 de
1290 4174 1539 4228 adventu
1583 4174 1813 4229 Domini
1873 4193 2029 4247 quie-

376 4262 512 4316 dam
543 4260 796 4330 scripsit,
828 4264 885 4314 et
915 4260 983 4314 de
1016 4261 1434 4315 resurrectione
1466 4267 1801 4318 sanctorum
1828 4281 1840 4319 :
1864 4282 2019 4321 nunc

379 4348 552 4404 aliam
575 4347 861 4402 scribitad
881 4364 999 4413 cos,
1034 4349 1090 4402 in
1124 4365 1238 4420 qua
1270 4350 2015 4422 signiﬁcat,licetobscure,

377 4453 566 4508 neque
596 4435 750 4490 enim
779 4442 975 4506 posset
1005 4442 1199 4507 aperte
1247 4438 1518 4505 scribere,
1580 4441 1651 4494 de
1707 4440 2019 4496 abolitione:

377 4524 537 4597 regni
572 4523 913 4589 Romani,et
942 4526 1011 4579 dc
1042 4525 1385 4581 Antichristi
1417 4528 2017 4599 apparentia,etdam-

379 4615 633 4679 natione,
665 4618 720 4667 et
744 4614 813 4667 de
843 4615 1230 4683 quorumdam
1256 4617 1499 4670 fratrum
1521 4616 1944 4687 inquietudine.

448 4704 606 4771 (CAP.
643 4703 708 4771 Ι.)
742 4703 968 4769 Paulus,
1000 4708 1050 4757 et
1082 4704 1356 4774 Silvanus,
1390 4710 1442 4759 et
1474 4706 1774 4760 Timotheus
1829 4709 2019 4762 Eccle-

376 4792 471 4845 siae
505 4792 1060 4846 Tltcssalom'censium
1092 4794 1151 4847 in
1180 4794 1281 4847 Deo
1340 4801 1502 4849 Patre
1554 4798 1752 4860 nostro,
1814 4804 1866 4848 et
1918 4797 2017 4849 Do-

377 4896 525 4934 mino
547 4882 669 4934 Jesu
704 4879 937 4935 Christo.
974 4882 1155 4935 Gratia
1198 4882 1348 4936 vobis
1372 4892 1422 4937 ct
1448 4899 1562 4952 pars
1605 4900 1637 4936 a
1697 4884 1801 4936 Deo
1856 4886 2021 4939 Patre

378 4970 575 5035 nostro,
608 4970 659 5021 et
689 4970 914 5023 Domino
956 4970 1082 5023 Jesu
1114 4970 1344 5024 Christo.
1402 4969 1775 5025 Solemnibus
1832 4973 2020 5027 verbis

379 5054 582 5107 scribit
612 5058 682 5109 ad
714 5074 830 5111 eos.
858 5056 1035 5111 Solito
1059 5059 1211 5111 enim
1237 5074 1395 5112 more
1449 5074 1789 5113 sermonum
1848 5064 2023 5129 caput

379 5142 707 5196 continetur
739 5144 1003 5214 Epistola:
1030 5162 1041 5198 :
1076 5151 1132 5200 et
1163 5146 1314 5200 idem
1343 5145 1455 5216 ipsi
1487 5150 1602 5200 tres
1660 5152 1816 5213 sunt,
1879 5164 2020 5218 quo-

381 5244 510 5283 rum
533 5230 766 5285 nomine
782 5232 1074 5299 scribitur,
1108 5234 1257 5289 sicut
1288 5238 1345 5289 et
1374 5234 1564 5306 prima
1592 5235 1869 5306 Epistola.

2139 4181 2268 4244 tres,
2298 4178 2437 4231 sicut
2459 4176 2688 4243 dignum
2707 4184 2808 4241 est,
2858 4192 3116 4248 quoniam
3172 4176 3585 4249 superexcrescit
3629 4168 3724 4239 ﬁde!

2128 4268 2382 4333 vestra,et
2396 4264 2805 4335 multiplicatur
2824 4265 3067 4321 charitas
3084 4267 3512 4339 uniuscujusque
3529 4259 3723 4317 omnium

2128 4355 2449 4409 vestrumin
2483 4369 2574 4408 vos
2606 4354 2857 4408 invicem.
2886 4358 2998 4409 Deo
3016 4370 3079 4409 se
3096 4354 3386 4410 debitores
3441 4353 3507 4408 de
3557 4349 3719 4404 borum

2129 4443 2386 4513 profectu
2409 4442 2730 4514 gratiarum
2755 4442 2979 4498 actione
3018 4444 3383 4514 proﬁtentur.
3418 4443 3483 4497 Et
3536 4442 3593 4493 ut
3642 4446 3719 4486 non

2129 4531 2539 4602 qualecunque
2568 4546 2698 4585 esse
2727 4531 2990 4586 debitum
3023 4532 3513 4594 ostenderet,sicut
3541 4526 3721 4595 dignum

2125 4627 2220 4686 est,
2254 4618 2367 4672 ait:
2400 4617 2472 4672 Ut
2520 4636 2620 4689 pro
2678 4622 2797 4675 tam
2833 4619 3058 4674 infinito
3114 4619 3268 4675 dono
3324 4618 3463 4674 satis
3516 4608 3720 4687 grandes

2128 4707 2346 4779 gratias
2378 4706 2706 4762 referendas
2735 4713 2843 4763 Deo
2874 4712 3248 4763 testarentur.
3299 4708 3431 4762 Post
3479 4702 3720 4771 acceptam

2130 4795 2285 4850 enim
2318 4796 2566 4867 primam
2590 4794 2931 4866 Epistolam,
2957 4794 3226 4851 meliores
3257 4813 3404 4861 esse,
3443 4806 3600 4866 quam
3633 4786 3722 4839 fue-

2132 4888 2281 4949 rant,
2312 4883 2728 4955 perstiterunt;
2753 4884 2833 4939 ita
2865 4888 2929 4939 ut
2959 4884 3016 4939 in
3050 4900 3115 4938 eo
3147 4885 3366 4957 cepiosi
3396 4888 3449 4940 et
3476 4875 3722 4937 abundan-

2129 4976 2215 5026 tes
2248 4972 2601 5041 viderentur,
2636 4973 2788 5043 quod
2818 4978 2951 5043 post
2980 4972 3211 5026 Domini
3263 4978 3320 5027 et
3379 4972 3466 5027 Dei
3521 4959 3722 5022 devotio-

2131 5077 2265 5116 nem
2296 5060 2583 5115 habemus
2612 5062 2977 5127 mandatum,
3026 5066 3088 5114 ut
3144 5061 3458 5133 diligamus
3510 5070 3602 5112 nos
3656 5048 3719 5101 in'

2131 5154 2339 5203 vicem.

2200 5238 2281 5290 Ita
2302 5243 2361 5289 ut
2380 5252 2477 5290 nos
2498 5236 2606 5305 ipsi
2634 5237 2695 5290 in
2712 5253 2804 5292 vos
2823 5238 3122 5309 gloriemur
3143 5238 3205 5292 in
3227 5236 3473 5293 Ecclesiis
3519 5229 3606 5285 Dei
3647 5232 3722 5294 Ρνθ
