3974 5358
158 457 296 521 65⁸7
622 455 1044 524 EXPOSITIO
1089 462 1164 521 ΙΝ
1211 458 1645 521 EPISTOLAS
1693 459 1950 521 PAULI.
1994 491 2071 502 —
2115 459 2193 520 IN
2242 461 2489 523 EPIST.
2537 461 2588 523 Il
2632 463 2736 523 AD
2780 461 3147 524 THESSAL.
3471 459 3590 522 658

154 592 447 664 patientia
473 595 672 658 vestra,
701 597 755 648 et
805 591 911 661 ﬁde
938 593 1000 647 in
1054 592 1309 648 omnibus
1353 590 1820 662 persecutionibus
1849 599 1906 664 Α
1932 590 2032 646 stri
2050 592 2176 646 Iesu
2207 591 2434 648 Christi.
2474 593 2698 648 Gaudio
2750 593 2910 648 addit
2942 598 2998 648 et
3051 609 3272 664 preces,
3333 597 3396 648 ut
3451 597 3591 665 quia

157 683 390 745 vestris,
421 685 472 736 et
491 682 923 752 pressuris,quas
950 683 1230 736 sustinetis
1261 682 1322 736 in
1349 680 1667 750 exemplum
1688 679 1832 746 iusti
1941 679 2134 735 devoti
2167 686 2326 748 sunt,
2351 682 2622 753 dignetur
2660 682 2811 736 Deus
2843 683 3119 753 adjuvare
3151 698 3271 749 eos,
3305 686 3368 736 ut
3421 684 3588 752 perﬁ-

147 769 375 842 judicii
401 771 520 836 Dei,
550 773 611 825 in
630 770 749 835 hoc,
783 774 844 824 ut
871 772 1028 840 digni
1057 770 1377 825 habeamini
1404 784 1574 838 regno
1604 769 1832 837 Dei,pro
1941 767 2095 822 ciant
2123 786 2270 839 opus
2328 775 2582 839 cceptum
2631 771 2701 825 ad
2747 770 3073 826 claritatem
3119 770 3344 824 Domini
3405 771 3589 826 nostri

155 874 271 930 quo
293 866 352 914 et
373 860 652 930 patimini.
685 858 944 914 Gloriam
974 875 1104 914 esse
1133 874 1306 914 suam
1352 856 1411 912 in
1445 856 1657 911 horum
1690 871 1830 909 con-
1939 855 2079 910 Jesu
2109 856 2346 924 Christi,
2383 862 2446 912 ut
2477 859 2868 928 perseveranti
2921 858 3348 930 discipulorum
3421 860 3588 914 testi-

154 947 525 1012 versatione,
556 951 613 1002 et
661 945 1064 1018 persecutione
1087 945 1394 1001 toleranda
1421 948 1737 1007 testantur,
1770 942 1830 996 in
1941 945 2205 999 monium
2238 946 2316 1000 sit
2338 945 2602 1017 magistri
2635 947 2706 1001 ad
2735 945 3004 1018 gloriam.
3037 947 3369 1003 Auctoritas
3426 947 3581 1001 enim

156 1039 432 1102 tantum,
462 1040 527 1091 ut
555 1035 709 1106 apud
741 1038 981 1090 caeteras
1011 1033 1298 1089 Ecclesiae
1331 1032 1596 1103 exempla
1627 1047 1830 1086 eorum
1943 1034 2207 1104 magistri
2239 1034 2297 1089 in
2320 1034 2752 1105 discipulorum
2783 1041 2873 1090 est
2893 1036 3268 1104 ﬁducia,cum
3302 1053 3362 1092 se
3393 1037 3452 1091 in
3487 1052 3585 1091 ac-

157 1123 568 1196 proferantur,
600 1128 666 1178 ut
695 1122 1020 1178 imitatione
1053 1123 1315 1193 ipsorum
1338 1124 1604 1176 crescant
1645 1119 1704 1173 in
1741 1119 1831 1174 de-
1942 1127 2110 1191 cepta
2137 1123 2325 1194 gratia
2353 1122 2574 1178 faciunt
2595 1123 2910 1194 digniores.

156 1211 410 1268 votione
440 1211 782 1284 passionum
818 1227 919 1281 pro
950 1210 1202 1277 Christo,
1243 1221 1297 1265 et
1329 1211 1664 1264 mereantur
1691 1223 1832 1262 con-
2014 1210 2170 1282 (CAP.
2207 1212 2575 1282 II.)Rogamus
2601 1218 2786 1268 autem
2815 1229 2923 1280 vos,
2957 1217 3185 1284 fratres,
3241 1233 3340 1287 per
3389 1216 3588 1270 adven-

157 1301 341 1372 sequi
379 1317 507 1374 quae
539 1301 831 1373 promissa
857 1306 996 1355 sunt
1017 1299 1236 1355 sanctis
1267 1298 1326 1353 in
1345 1297 1436 1353 die
1460 1297 1608 1368 justi
1619 1295 1830 1366 judicii
1941 1303 2057 1354 tum
2086 1303 2310 1356 Domini
2337 1305 2519 1356 nostri
2542 1305 2670 1358 Jesu
2702 1302 2920 1366 Christi,
2953 1308 3003 1358 et
3028 1310 3232 1360 nostrae
3287 1321 3588 1375 congrega-

157 1390 480 1461 Dci,cujus
503 1405 703 1445 amore
724 1390 1015 1444 mundum
1038 1403 1308 1458 spernere
1329 1403 1444 1442 non
1464 1386 1828 1441 dubitarunt.
1939 1391 2107 1444 tionis
2136 1391 2195 1444 in
2229 1391 2426 1461 ipsum,
2460 1408 2529 1446 ne
2556 1392 2730 1460 facile
2758 1395 3091 1448 moveamini
3137 1411 3172 1448 a
3199 1410 3362 1448 sensu
3390 1403 3588 1462 vestro,

158 1479 314 1550 Ipsae
339 1479 502 1534 enim
528 1494 813 1550 pressurae
830 1476 1097 1548 exempla
1115 1481 1256 1533 sunt
1288 1477 1618 1530 futurorum
1656 1473 1826 1529 meri-
1941 1494 2115 1548 neque
2145 1479 2572 1546 conturbemini,
2602 1496 2778 1551 neque
2804 1498 2904 1551 per
2931 1483 3212 1552 spiritum,
3267 1499 3441 1554 neque
3488 1500 3591 1554 per

157 1573 368 1623 torum
402 1567 460 1622 in
492 1565 586 1622 his
617 1565 718 1638 qui
782 1566 1093 1636 patiuntur
1147 1565 1218 1620 ad
1277 1563 1559 1634 gloriam;
1593 1561 1653 1616 in
1712 1561 1829 1616 illis
1938 1567 2179 1635 verbum,
2213 1583 2387 1638 neque
2412 1585 2510 1639 per
2538 1570 2861 1640 Epistolam,
2893 1575 3161 1642 tanquam
3208 1589 3243 1626 a
3271 1573 3424 1627 nobis
3453 1573 3588 1627 mis-

157 1660 395 1724 autem,
429 1655 528 1727 qni
561 1658 974 1727 persequatur,
1007 1655 1079 1709 ad
1112 1652 1518 1724 perditionem.
1936 1673 2075 1722 sam,
2107 1659 2266 1727 quasi
2316 1661 2480 1713 instet
2509 1659 2629 1713 dies
2662 1659 2900 1713 Domini.
2934 1661 3010 1714 Ne
3055 1663 3176 1731 quis
3232 1677 3323 1716 vos
3360 1662 3587 1717 seducat

231 1744 530 1816 Siquidem
560 1744 744 1814 (1290)
755 1744 976 1814 justum
1000 1742 1154 1814 apud
1185 1743 1353 1797 Deum
1383 1742 1702 1796 retribuere
1727 1741 1825 1804 θέε,
1937 1746 2049 1800 ullo
2079 1747 2274 1813 modo;
2306 1749 2458 1817 quia,
2512 1748 2624 1802 nisi
2681 1750 2890 1803 venerit
2927 1748 3157 1819 defectio
3200 1753 3470 1820 primum,
3534 1756 3587 1806 et

157 1834 260 1904 qui
289 1847 392 1888 vos
421 1832 759 1903 deprimunt,
790 1845 1120 1897 pressuram
1147 1847 1171 1893 ;
1199 1832 1249 1883 et
1269 1829 1438 1893 vobis,
1486 1828 1584 1899 qui
1606 1842 1726 1898 pres

2016 1835 2206 1890 relatus
2226 1837 2398 1905 fuerit
2442 1837 2596 1890 homo
2619 1835 2721 1890 ille
2744 1840 2974 1908 peccati,
3032 1839 3181 1894 filius
3236 1840 3585 1910 perditionis,

156 1938 287 1978 ram
307 1920 624 1985 sustinetis,
656 1921 901 1990 requiem
928 1918 1212 1973 nobiscum
1240 1919 1296 1971 in
1347 1917 1672 1972 reuelatione
1721 1964 1725 1968 Α

2018 1925 2029 1977 ί
2056 1923 2382 1979 adversatur
2409 1928 2458 1979 et
2482 1925 2768 1979 extollitur
2793 1943 2959 1996 super
2986 1943 3163 1994 omne,
3196 1928 3337 1998 quod
3384 1929 3587 1983 dicitur

159 2009 311 2065 mini
340 2013 385 2066 J
393 2025 490 2064 esu
521 2009 585 2064 de
614 2009 748 2064 caelo
775 2025 900 2064 cum
947 2007 1167 2081 angelis
1195 2007 1425 2061 virtutis
1452 2007 1571 2077 ejus
1618 2007 1677 2059 in
1708 2004 1728 2070 i

2020 2029 2096 2079 us,
2129 2020 2222 2068 aut
2253 2013 2401 2084 quod
2456 2014 2674 2083 colitur,
2706 2017 2784 2069 ita
2805 2018 2865 2068 ut
2897 2016 2958 2069 in
3012 2016 3210 2085 templo
3259 2017 3358 2070 Dei
3409 2018 3589 2072 sedeat

162 2100 414 2168 ﬂamma:
469 2098 656 2153 dantis
700 2098 1000 2152 vindictam
1030 2098 1090 2150 in
1119 2111 1225 2162 eos,
1275 2097 1372 2164 qui
1422 2109 1533 2150 non
1563 2109 1728 2149 nover

2010 2102 2218 2156 tendens
2237 2119 2296 2157 se
2324 2105 2525 2173 ipsum,
2552 2105 2712 2173 quasi
2738 2104 2810 2156 sit
2855 2105 2989 2158 Deus
3047 2104 3323 2158 Obsecrat
3379 2122 3476 2160 eos
3510 2121 3579 2159 ne

163 2189 371 2258 Deum,
405 2193 461 2242 et
481 2187 543 2242 in
571 2202 659 2243 eos
688 2187 783 2257 qui
811 2203 922 2240 non
951 2185 1212 2240 obcdiunt
1264 2184 1556 2254 Evangelio
1613 2183 1832 2238 Domini
1938 2189 2139 2245 leviter
2167 2196 2222 2246 et
2254 2191 2421 2246 facile
2451 2193 2521 2245 dc
2580 2193 2828 2246 adventu
2861 2192 3028 2263 quasi
3087 2191 3418 2246 imminenti
3477 2198 3581 2248 Do-

163 2278 359 2331 nostri
387 2277 514 2334 Jcsu
545 2275 750 2331 Christi
783 2291 795 2330 Ζ
829 2277 926 2344 qui
962 2290 1156 2344 poenas
1211 2273 1423 2328 εοίυεηι
1450 2273 1506 2325 in
1540 2273 1829 2326 interitum
1941 2279 2084 2333 mini
2118 2279 2452 2351 opinionem
2485 2281 2811 2350 reciperent
2843 2298 2855 2334 :
2890 2286 2946 2334 et,
2975 2280 3116 2335 talia
3145 2283 3244 2336 dat
3280 2283 3580 2347 mandata,

163 2373 444 2420 zternam
467 2382 502 2420 a
525 2365 668 2434 facie
698 2363 926 2418 Domini
972 2371 1023 2417 et
1053 2362 1232 2432 gloria
1259 2362 1484 2416 virtutis
1511 2361 1647 2429 eius.
1699 2361 1833 2427 Quo-
1941 2373 2005 2421 ut
2034 2367 2261 2423 etiamsi
2287 2385 2390 2438 per
2417 2367 2688 2438 Spiritum
2705 2369 2919 2439 aliquis
2941 2368 3096 2423 velut
3118 2369 3588 2440 prophetafuerit

168 2453 336 2509 niam
373 2452 704 2524 exemplum
725 2450 1098 2523 justijudicii
1121 2450 1223 2505 Dei
1242 2465 1521 2522 apparere
1550 2448 1692 2504 dicit
1713 2449 1831 2504 sive
1939 2455 2186 2521 locutus,
2221 2455 2376 2510 credi
2408 2455 2458 2510 ei
2490 2472 2606 2510 non
2640 2455 2846 2510 debeat
2875 2474 2887 2522 ;
2924 2472 3109 2527 neque
3142 2458 3188 2512 si
3219 2474 3319 2528 per
3374 2463 3586 2513 tracta-

167 2543 231 2599 in
265 2543 480 2612 bonos,
514 2543 662 2598 sivet
693 2541 750 2596 in
785 2539 991 2609 malos,
1021 2539 1238 2594 idcirco
1300 2539 1656 2594 subsecutus
1713 2537 1828 2592 ait:
1939 2549 2090 2610 tum,
2118 2549 2220 2598 aut
2253 2560 2353 2616 per
2383 2543 2693 2614 epistolam
2726 2545 2962 2599 nomine
2995 2546 3138 2600 forte
3183 2546 3586 2617 apostolorum

167 2632 480 2704 Siquidem
502 2631 738 2701 justum
761 2631 915 2700 apud
950 2634 1155 2694 Deum,
1191 2633 1254 2683 ut
1287 2628 1490 2682 reddat
1516 2627 1831 2698 unicuique
1942 2633 2565 2703 scriptam,asscnsum
2599 2632 3213 2688 tribuendum.Solent
3229 2633 3384 2688 enim
3417 2635 3590 2706 tergi-

166 2720 505 2776 secundum
529 2736 704 2792 Opera
734 2736 859 2775 Bua-
913 2718 1063 2782 Qnid
1092 2723 1215 2774 tam
1255 2717 1512 2788 justum.
1544 2721 1610 2770 ut
1640 2715 1741 2786 qui
1772 2715 1832 2768 in
1938 2726 2356 2790 versatores,ut
2381 2720 2605 2788 fallant,
2641 2721 2752 2775 sub
2784 2721 3022 2776 nomine
3054 2721 3196 2776 clari
3219 2719 3587 2794 alicujusviri

163 2809 396 2866 saeculo
423 2809 608 2865 bonos
632 2808 991 2875 deprimunt,
1025 2811 1083 2862 et
1106 2813 1362 2861 extorres
1393 2805 1615 2858 faciunt
1639 2819 1829 2875 perse-
1941 2808 2248 2882 epistolam
2309 2811 2547 2879 ﬁngere.
2612 2813 2674 2862 ut
2731 2809 3048 2865 auctoritas
3097 2810 3354 2866 nominis
3403 2811 3590 2883 possit

159 2897 546 2966 cutionibus,
578 2897 638 2952 in
672 2896 866 2950 futuro
934 2895 1132 2949 cadem
1187 2893 1509 2964 patiantur,
1567 2909 1693 2962 quas

2014 2899 2373 2963 mmendare,
2408 2899 2561 2968 quod
2590 2913 2692 2968 per
2742 2898 2938 2967 ipsum
2998 2898 3173 2969 recipi
3222 2916 3339 2954 non
3380 2899 3581 2970 possit.

164 2987 343 3042 ciunt.
375 3004 389 3051 ;
420 2986 506 3040 illi
529 2989 748 3050 autem,
783 2989 847 3038 ut
876 2984 996 3038 sint
1044 2983 1102 3036 in
1163 2981 1364 3052 requie
1419 2996 1552 3034 cum
1611 2983 1733 3033 czet<

2014 3005 2059 3042 lc
2090 2987 2240 3053 ideo,
2263 3003 2334 3042 ne
2355 2987 2485 3056 ipsa
2508 2986 2961 3057 perturbatione,
2997 2987 3136 3042 dum
3170 2988 3389 3042 incauti
3420 2989 3583 3042 inve-

170 3074 546 3146 sanctis,qui
569 3074 638 3128 de
654 3070 1254 3146 magnatribulatione
1273 3069 1572 3126 venientes
1590 3084 1834 3139 regnum
1941 3078 2228 3141 nirentnr,
2256 3075 2484 3146 possint
2523 3075 2722 3129 seduci
2763 3076 2834 3130 ad
2868 3075 3231 3130 adorandum
3281 3076 3583 3131 diabolum

170 3163 478 3234 accipient
506 3166 788 3218 aeternum
813 3162 872 3216 in
904 3162 1153 3217 adventu
1187 3159 1416 3214 Domini
1439 3159 1510 3213 de
1531 3156 1834 3226 cmlo,cum
1948 3165 2046 3236 qui
2080 3164 2262 3219 idciro
2294 3163 2696 3233 hacjactabit,
2730 3169 2795 3218 ut
2834 3164 2944 3219 sub
2996 3163 3312 3220 Salvatoris
3352 3164 3589 3220 nomine

168 3252 426 3323 cmperit
465 3251 666 3308 venire
697 3268 830 3306 cum
891 3249 1106 3305 caelesti
1155 3248 1407 3304 exercitu
1455 3253 1512 3302 et
1565 3245 1832 3300 ministro
1883 3323 1891 3324 ί
1945 3269 2235 3324 apparens
2263 3269 2327 3306 ac
2362 3251 2550 3306 falens
2580 3256 2834 3318 sanctos,
2865 3251 3005 3306 velit
3033 3268 3095 3306 se
3125 3252 3375 3323 adorari,
3405 3257 3469 3306 ut,
3489 3254 3585 3308 de-

167 3343 316 3414 igne
348 3343 421 3397 ad
455 3343 710 3398 dandam
738 3340 1054 3395 vindictam
1077 3340 1136 3394 in
1155 3336 1542 3410 paganos,qui
1565 3337 1836 3408 ignorant
1865 3323 1908 3390 C
1947 3323 2127 3412 cipiat
2157 3342 2457 3396 credentes
2488 3340 2546 3394 in
2577 3339 2894 3396 Christum.
2939 3340 3051 3395 Sed
3099 3345 3156 3395 et
3215 3339 3427 3408 locum,
3487 3345 3590 3396 aut

172 3432 374 3487 Deum
397 3430 630 3486 Patrem
655 3447 784 3486 esse
814 3429 1028 3484 Christi
1056 3432 1218 3494 Jesu,
1251 3431 1310 3482 et
1326 3427 1582 3495 Judzeos,
1616 3424 1714 3497 qui
1748 3425 1836 3479 di-
1947 3429 2312 3486 occasionem
2365 3428 2627 3498 fallendi,
2662 3445 2839 3501 quam
2874 3445 2935 3483 se
2969 3432 3137 3500 putat
3182 3429 3416 3484 habere.
3467 3447 3584 3484 non

171 3525 383 3576 centes
414 3536 478 3576 se
509 3524 690 3574 Deum
723 3518 892 3585 scire,
930 3534 1043 3573 non
1075 3516 1321 3571 credunt
1341 3513 1650 3585 Evangelio
1681 3513 1838 3569 Chri-
1945 3518 2158 3574 habeat
2181 3516 2734 3589 impudentissimas
2766 3517 3034 3586 Satanas,
3079 3523 3314 3589 tempus
3337 3522 3393 3572 et
3420 3517 3591 3590 signa

173 3611 278 3676 sti,
315 3609 472 3681 quod
505 3608 666 3662 dedit
702 3606 787 3662 illi
821 3606 987 3661 Pater
1020 3607 1191 3672 Deus,
1224 3608 1288 3658 ut
1343 3604 1597 3659 traderet
1652 3601 1836 3656 servis
1945 3608 2233 3662 adventus
2266 3605 2494 3660 Domini
2516 3605 2843 3677 designavit
2871 3623 2883 3672 ;
2910 3606 3046 3676 quia
3068 3622 3182 3661 non
3206 3606 3369 3677 prius
3399 3607 3592 3662 veniet

173 3699 305 3754 suis
325 3698 355 3753 ‘I
384 3697 538 3762 Quos
569 3713 770 3752 omnes
805 3695 1112 3767 praesentia
1134 3692 1388 3759 Domini,
1414 3697 1470 3748 et
1500 3691 1685 3763 gloria
1706 3709 1832 3746 ma-
1948 3697 2228 3751 Dominus
2261 3711 2437 3766 quam
2473 3694 2633 3766 regni
2669 3695 2912 3749 Romani
2945 3695 3186 3750 defectio
3206 3696 3390 3760 ﬁat,et
3411 3712 3590 3767 appa-

171 3787 410 3858 jestatis
439 3787 570 3857 ejus
599 3784 753 3857 ignis
783 3789 1004 3849 exuret,
1023 3787 1089 3837 ut
1108 3781 1335 3837 debitas
1356 3781 1600 3837 reddant
1634 3797 1835 3851 poenas
1946 3790 2070 3840 reat
2090 3783 2614 3854 Antichristus,qui
2639 3783 2946 3839 interﬁciet
2968 3790 3221 3849 sanctos,
3247 3785 3589 3840 redditaRo-

177 3875 459 3932 interitus
493 3876 555 3930 in
577 3879 884 3937 aeternum,
918 3887 1154 3943 semper
1197 3869 1533 3936 sentientes,
1594 3886 1709 3923 non
1747 3873 1835 3923 ta-
1946 3874 2138 3929 manis
2170 3874 2461 3940 libertate,
2515 3874 2625 3927 sub
2679 3890 2784 3928 suo
2836 3878 3030 3928 tamen
3092 3874 3346 3929 nomine.
3380 3874 3582 3929 Sciens

182 3980 320 4020 men
347 3963 588 4036 penitus
645 3960 1000 4024 deﬁcientes,
1036 3965 1100 4014 ut
1128 3959 1256 4030 ipsa
1287 3974 1456 4029 pinna
1511 3956 1640 4012 illos
1694 3973 1834 4026 quo-
1946 3963 2101 4016 enim
2123 3967 2431 4016 venturum
2469 3961 2777 4015 Dominum
2812 3961 2884 4014 ad
2936 3977 2995 4014 se
3054 3962 3585 4032 comprimendum,

181 4052 504 4108 dummodo
523 4054 762 4123 generet
787 4065 1038 4120 semper,
1063 4065 1178 4118 quo
1211 4051 1654 4102 consumantur.
1947 4065 2160 4104 nomen
2184 4051 2311 4119 ejus
2331 4049 2444 4102 sibi
2475 4049 2947 4118 usurpabit,utet
2968 4065 3207 4120 regnum
3230 4051 3358 4120 ejus
3387 4067 3590 4105 verum

251 4142 394 4196 Cum
408 4142 619 4197 venerit
634 4138 941 4208 elariﬁcari
953 4139 1013 4192 in
1035 4136 1241 4192 sanctis
1259 4139 1453 4203 suis,et
1471 4134 1766 4204 miriﬁcari
1776 4135 1832 4188 in
1943 4139 2292 4203 videatur,et
2317 4136 2511 4190 trahat
2525 4152 2722 4191 secum
2746 4135 2846 4206 qui
2879 4135 3054 4190 simul
3077 4154 3210 4191 eum
3236 4154 3302 4192 eo
3326 4144 3587 4208 pereant,

180 4231 458 4295 omnibus,
489 4231 586 4301 qui
613 4227 980 4294 crediderunt,
1011 4229 1141 4297 quia
1172 4225 1337 4295 ﬁdem
1369 4224 1560 4278 habuit
1590 4225 1834 4278 testimo-
1945 4232 2010 4281 ut
2039 4225 2097 4280 in
2131 4227 2266 4281 sede
2292 4223 2608 4289 Domini,in
2635 4225 2771 4279 sede
2793 4225 2993 4279 sedeat
3023 4224 3234 4279 Christi
3268 4231 3366 4293 ;ut
3396 4226 3592 4297 ipsum

185 4321 347 4378 nium
379 4326 632 4375 nostrum
660 4333 823 4388 super
849 4332 944 4371 vos
967 4317 1023 4369 in
1051 4315 1142 4370 die
1172 4314 1275 4370 illa
1297 4312 1566 4368 adventus
1598 4313 1833 4368 Domini.
1946 4319 2125 4369 Deum
2160 4330 2221 4368 se
2253 4317 2494 4381 asserat,
2532 4329 2646 4367 non
2670 4313 2881 4367 Filium
2912 4313 3027 4367 Dei.
3062 4313 3299 4368 Undein
3330 4315 3593 4386 Evange-

185 4407 495 4480 Duplicem
523 4422 763 4477 sensum
787 4405 971 4475 (1291)
1021 4402 1300 4457 continet.
1351 4401 1631 4457 Adveniet
1678 4402 1834 4456 enim
1944 4403 2021 4459 lio
2053 4403 2124 4458 ad
2145 4403 2375 4458 Judaeos
2401 4403 2685 4457 Dominus
2711 4403 2808 4456 ait:
2843 4405 2958 4474 Ego
2982 4405 3109 4458 veni
3149 4404 3208 4457 in
3238 4404 3460 4458 nomine
3476 4409 3590 4458 Pa-

184 4497 397 4568 punire
431 4496 638 4560 malos,
663 4499 720 4550 et
739 4493 1064 4566 glorificare
1085 4492 1288 4546 bonos.
1314 4490 1440 4561 Ipse
1462 4491 1618 4544 enim
1643 4489 1836 4545 clarus
1945 4492 2048 4545 tris
2077 4491 2206 4554 mei,
2239 4497 2289 4544 et
2319 4506 2427 4544 non
2458 4506 2544 4544 me
2571 4493 2844 4562 recepistis
2878 4509 2889 4546 :
2915 4495 2964 4546 et
2995 4491 3138 4546 alius
3170 4495 3376 4546 venerit
3409 4493 3469 4546 in
3490 4509 3593 4548 no-

190 4589 245 4640 et
273 4584 565 4642 mirabilis
595 4583 892 4639 videbitur
922 4581 978 4635 in
1014 4595 1132 4650 eos,
1167 4578 1265 4649 qui
1297 4579 1544 4634 credunt
1572 4579 1835 4652 exemplo
1943 4582 2094 4634 mine
2116 4594 2231 4647 suo,
2253 4579 2411 4632 illum
2444 4581 2721 4649 recipietis
2753 4580 2928 4650 (Joan.
2961 4597 3015 4649 ν,
3061 4582 3170 4649 45).
3204 4582 3593 4646 Quamobrem

188 4678 245 4730 et
273 4674 414 4730 ﬁdei
446 4671 865 4745 apostolorum,
897 4686 1034 4726 cum
1057 4667 1271 4724 fuerint
1289 4668 1837 4733 coronati,testimo-
1869 4687 1913 4750 Ι)
1945 4682 2012 4720 ex
2043 4664 2505 4730 circumcisione,
2556 4670 2657 4719 aut
2693 4667 3106 4722 circumcisum
3165 4669 3359 4723 venire
3407 4669 3592 4735 illum,

191 4762 352 4819 nium
381 4762 663 4819 reddente
693 4761 778 4817 eis
806 4757 1116 4830 Evangelio
1138 4758 1197 4812 in
1217 4756 1838 4813 dieDomini.Severus
1949 4753 2307 4827 sperandum
2333 4757 2441 4819 est,
2467 4753 2628 4807 utsit
2670 4755 2886 4809 Judaeis
2927 4755 3183 4810 credenti
3224 4754 3309 4808 illi
3361 4757 3592 4812 ﬁducia.

193 4857 389 4908 autem
421 4849 726 4923 apparebit
755 4849 815 4904 in
845 4846 1197 4914 incredulos,
1231 4862 1365 4901 cum
1395 4844 1622 4900 aeternis
1652 4845 1839 4918 poenis
1950 4845 2148 4913 Itaque
2181 4858 2312 4895 cum
2345 4841 2970 4897 Thessalonicensibus
3008 4843 3212 4898 scribit
3258 4844 3594 4914 Apostolus,

197 4940 474 5012 coeperint
503 4937 803 4996 coarctari.
835 4937 1059 4993 Corona
1089 4935 1244 4992 enim
1263 4933 1685 5006 discipulorum
1717 4951 1838 4990 ma-
1949 4934 2118 4989 docet
2147 4947 2350 4986 omnes
2380 4929 2440 4984 in
2474 4948 2533 4986 re
2555 4930 2962 5000 hujuscemodi
2989 4936 3192 4987 cautos
3207 4945 3337 4986 esse
3368 4934 3599 4988 debere.

197 5027 362 5097 gistri
384 5033 478 5084 est
506 5027 706 5100 gloria,
735 5031 793 5082 et
839 5025 1052 5080 veritas
1079 5025 1211 5095 ejus
1266 5023 1703 5078 incredulorum
1754 5029 1842 5079 est
2018 5023 2138 5078 Non
2165 5021 2503 5078 meministis
2533 5019 2674 5093 quod
2703 5034 2788 5074 me
2843 5018 3019 5076 adhuc
3069 5017 3215 5090 apud
3267 5036 3356 5073 vos
3397 5022 3608 5089 agendo

197 5128 380 5186 pcena,
412 5116 552 5188 quia
579 5116 734 5188 quod
768 5114 1215 5186 praedicabatur,
1271 5128 1389 5166 non
1445 5112 1836 5168 crediderunt.
1949 5113 2068 5170 ἠως
2099 5109 2426 5165 dicebantur
2453 5112 2643 5166 vobis?
2671 5110 2734 5163 Et
2761 5123 2910 5161 nunc
2956 5108 3086 5179 quid
3141 5107 3407 5183 detineat,
3437 5112 3609 5176 scitis,

271 5205 315 5226 1-,
363 5221 453 5226 λ-.-
497 5212 535 5226 -l
584 5221 666 5226 ---_
694 5219 798 5226 ---.-
847 5217 1052 5226 οΑιμ-ιρμ
1104 5216 1200 5226 una
1235 5201 1357 5226 ..μιιί

847 5217 1052 5226 -Α-.....-..
1104 5216 1200 5226 μ..-
1235 5199 1381 5226 ..-1.3.
1423 5209 1482 5226 -.ι
1505 5218 1595 5226 -.ιυ-
1657 5200 1840 5226 Ᾱέκ...--
1959 5203 2021 5226 ...Ι
2054 5201 2148 5226 ια-
2199 5205 2257 5226 ..ι
2289 5215 2412 5226 nnc-II

2017 5204 2021 5222 l
2054 5201 2148 5226 LA-
2199 5205 2257 5226 ..ι
2289 5201 2562 5226 ..Αιιη1..1-....
2716 5200 2772 5226 ..νδ
2810 5212 2901 5226 nun
2964 5207 3194 5226 'Asuerll'lQ'a
3258 5196 3376 5226 [1η-
3413 5216 3586 5226 κει-λλ..
