3974 5358
203 393 324 455 661

663 393 1080 457 EXPOSITIO
1126 396 1202 456 IN
1251 394 1679 458 EPlS'l‘OLAS
1725 394 1987 455 PAULI.
2019 395 2202 452 -ΙΝ
2254 342 2745 456 EPISlel‘AD
2790 394 3163 455 THESSAL.

3500 396 3617 456 662

210 529 397 585 Deum
429 527 650 584 dicitin
681 527 990 600 promissis
1011 527 1160 598 ejus,
1193 527 1332 598 quia
1352 526 1714 599 providentia
1734 527 1863 597 ejus
1893 527 1946 592 Α
1978 525 2286 582 Salomon:
2323 527 2494 594 Raro,
2528 527 2742 599 inquit,
2773 528 2986 582 inferas
3017 527 3220 596 pedem
3253 527 3324 582 ad
3361 530 3618 584 amicum

209 622 371 672 esset
398 617 554 673 circa
580 633 699 673 eos.

280 706 622 777 Conﬁdimus
651 714 828 760 autem
863 707 924 760 in
955 707 1184 760 Domino
1212 705 1285 760 de
1314 704 1628 775 vobis,quod
1656 721 1868 776 ea,quae

203 797 591 867 prxcipimus,
612 800 663 850 et
687 796 897 865 facitis,
932 803 982 849 et
1007 795 1248 865 facietis.
1285 798 1525 864 Propter
1554 794 1710 864 quod
1744 809 1867 847 me-

208 883 324 938 reri
357 883 512 954 illos,
543 889 609 938 ut
665 884 768 939 Dei
810 883 1152 938 defensione
1197 887 1354 937 tutos
1386 882 1646 953 praestari
1684 881 1867 936 confi-

207 974 396 1038 deret,
423 972 640 1027 idcirco
673 989 757 1039 ea,
819 989 945 1043 quae
994 971 1110 1026 illis
1142 971 1511 1043 praecipiebat
1543 970 1599 1024 in
1633 969 1870 1025 nomine

206 1061 444 1117 Domini
478 1061 602 1115 fieri
635 1061 706 1115 ab
737 1059 877 1126 illis,
915 1064 974 1115 et
1004 1060 1204 1114 futura
1232 1075 1360 1114 esse
1392 1075 1504 1114 non
1539 1058 1866 1112 dubitabat.

276 1151 548 1205 Dominus
577 1159 766 1204 autem
795 1149 1004 1220 dirigat
1033 1148 1196 1204 corda
1253 1154 1433 1202 vestra
1479 1149 1537 1202 in
1579 1147 1869 1202 dilectione

207 1239 312 1295 Dei
332 1246 388 1293 et
417 1239 819 1309 exspectatione
846 1236 1074 1292 Christi.
1108 1236 1226 1292 Hoc
1256 1235 1372 1291 illis
1403 1240 1637 1307 exoptat
1667 1252 1698 1289 a
1729 1235 1866 1292 Deo.

206 1327 374 1398 quod
406 1343 520 1381 non
553 1325 804 1398 ambigit
834 1341 1005 1396 posse
1036 1325 1321 1395 praestari,
1355 1329 1418 1379 ut
1465 1325 1524 1378 in
1556 1323 1655 1378 Dei
1679 1322 1867 1377 chari-

204 1418 324 1470 tate
353 1431 458 1470 cor
487 1430 688 1469 eorum
722 1415 1023 1485 proficeret
1059 1413 1131 1468 ad
1165 1413 1621 1483 exspectandum
1654 1412 1869 1467 adven-

204 1508 332 1558 tum
373 1502 628 1569 Domini,
672 1506 737 1556 ut
766 1501 1152 1556 condemnato
1179 1501 1363 1570 (1294)
1396 1499 1605 1555 saeculo
1635 1499 1870 1554 deside-

206 1598 378 1648 retur
407 1593 694 1646 adventus
723 1591 851 1658 eius
880 1590 981 1662 qui
1005 1588 1286 1645 saaculum
1316 1589 1474 1644 vicit.

272 1682 687 1736 Denuntiamus
719 1688 899 1734 autem
939 1679 1114 1745 vobis,
1171 1681 1401 1748 fratres,
1433 1679 1494 1732 in
1524 1679 1744 1732 nomine
1773 1678 1872 1732 Do-

205 1772 352 1825 mini
388 1771 566 1825 nostri
592 1771 719 1825 Jesu
775 1768 980 1822 Christi
1021 1783 1303 1823 secernere
1353 1784 1442 1822 vos
1471 1769 1539 1821 ab
1570 1768 1724 1822 omni
1750 1769 1869 1836 fra-

205 1867 288 1950 tre
319 1859 763 1929 intemperanter
780 1857 1118 1921 ambulante,
1150 1864 1198 1953 et
1224 1872 1354 1953 nor:
1368 1856 1672 1948 secundum
1691 1857 1869 1944 tradi:
1901 1888 1950 1953 B

205 1941 442 2004 tionem,
474 1954 643 2009 quam
672 1945 997 2008 acceperunt
1041 1953 1074 1991 a
1103 1937 1278 1992 nobis.
1313 1937 1598 2002 Quoniam
1620 1937 1679 1991 in
1712 1935 1872 1990 omni

207 2027 386 2100 plebe
417 2044 533 2083 non
583 2043 788 2082 omnes
820 2025 1159 2081 obedientes
1189 2030 1328 2080 sunt
1368 2026 1542 2080 verbo
1573 2023 1868 2092 doctrinae,

209 2133 323 2172 non
359 2115 532 2188 legis,
566 2116 668 2171 sed
691 2131 868 2170 suum
890 2114 1170 2186 placitum
1201 2117 1257 2168 et
1277 2113 1589 2168 consilium
1623 2128 1871 2183 sequen-

210 2215 312 2275 tes,
349 2209 595 2278 propter
651 2203 762 2258 hoc
812 2201 1230 2258 declinandum
1263 2201 1336 2256 ab
1368 2201 1462 2256 his
1491 2200 1775 2271 praecipit,
1810 2205 1873 2254 ut

208 2310 358 2366 cogn
371 2301 580 2348 oscant
612 2292 964 2363 semetipsos
995 2306 1209 2345 errare.

283 2384 400 2454 Ipsi
447 2383 601 2437 enim
655 2381 804 2434 scitis
850 2378 1306 2450 quemadmodum
1358 2378 1599 2433 debeatis
1656 2379 1874 2433 imitari

211 2489 310 2528 nos
332 2489 352 2534 ;
387 2473 521 2542 quia
549 2485 661 2526 non
680 2472 1112 2539 intemperanter
1128 2469 1369 2522 viximus
1391 2469 1538 2522 inter
1558 2482 1667 2530 vos,
1699 2482 1873 2536 neque

212 2563 394 2630 gratis
445 2576 645 2632 panem
692 2559 912 2614 edimus
941 2573 976 2611 a
1007 2572 1299 2629 quoquam,
1330 2556 1424 2611 sed
1482 2557 1541 2609 in
1589 2556 1791 2620 labore,
1823 2558 1873 2608 et

213 2650 571 2720 fatigatione,
605 2655 776 2715 nocte,
808 2646 1003 2716 dieque
1024 2653 1306 2716 operantes
1336 2644 1403 2698 ab
1435 2644 1555 2711 hoc,
1587 2659 1657 2697 ne
1684 2658 1874 2712 graves

215 2719 457 2793 essemus
486 2737 751 2806 cuiquam
780 2719 1040 2799 vestrum,
1072 2749 1179 2788 non
1213 2734 1344 2804 quia
1381 2747 1493 2786 non
1522 2731 1875 2786 habuerimus

211 2829 554 2892 potestatem,
588 2824 689 2878 sed
719 2827 778 2876 ut
807 2822 1164 2890 nosmetipsos
1183 2823 1422 2890 formam
1441 2820 1698 2874 daremus
1727 2819 1876 2874 vobis

214 2916 288 2970 ad
321 2913 667 2970 imitandum
696 2927 817 2966 nos.
851 2909 977 2964 Non
1007 2909 1139 2964 illos
1169 2908 1407 2980 ignaros
1436 2907 1578 2961 dicit
1607 2908 1797 2978 operis
1821 2911 1877 2961 et

214 3002 448 3058 laboris
479 3000 596 3066 sui,
624 3015 800 3070 quem
827 2997 1030 3053 sedulo
1053 2997 1207 3052 exitu
1236 2995 1604 3066 operabatur,
1639 3012 1708 3049 ne
1730 3011 1877 3066 pane

219 3089 520 3161 indigeret
548 3087 759 3154 alieno,
793 3091 859 3140 ut
881 3085 1210 3157 exemplum
1243 3085 1406 3139 daret
1425 3085 1509 3138 eis
1541 3085 1611 3138 ad
1645 3083 1874 3138 imitan-

216 3178 364 3232 dum
398 3176 588 3231 illum.
611 3174 808 3246 Neque
838 3174 994 3228 enim
1017 3171 1468 3244 reprehensibile
1499 3177 1671 3240 esset,
1706 3171 1754 3227 si
1782 3189 1877 3242 pa-

1977 619 2146 669 tuum
2175 632 2274 681 ;ne
2297 621 2594 671 saturatus
2615 617 2700 670 tui
2729 616 2914 670 oderit
2935 620 2988 669 te
3010 616 3188 685 (Prov.
3214 633 3344 680 xxv,
3370 617 3475 684 17).
3509 618 3616 682 Qui

1977 703 2134 758 enim
2159 705 2490 774 frequenter
2516 707 2582 759 ad
2616 705 2864 760 alienam
2899 720 3162 758 mensam
3193 706 3478 772 convenit,
3503 707 3618 762 otio

1979 792 2210 847 deditus
2241 791 2512 846 adulatur
2542 810 2776 848 necesse
2807 797 2896 847 est
2929 792 3184 864 pascenti
3218 809 3299 860 se,
3324 809 3454 847 cum
3488 795 3617 848 reli-

1978 881 2072 952 gio
2104 888 2303 936 nostra
2332 882 2402 935 ad
2437 881 2764 936 libertatem
2795 881 3064 936 homines
3089 883 3344 936 advocet.
3373 881 3621 952 Ideoque

1977 969 2027 1024 si
2059 970 2213 1040 quis,
2247 969 2459 1041 inquit,
2495 970 2848 1024 manducare
2871 969 3112 1039 spernit,
3146 973 3333 1023 cesset
3363 987 3396 1023 a
3425 969 3620 1024 labore

1981 1062 2045 1112 ut
2073 1058 2207 1128 quia
2241 1057 2439 1112 nullus
2489 1057 2613 1112 sine
2644 1057 2772 1111 cibo
2805 1061 2992 1128 potest
3021 1058 3230 1120 vivere,
3262 1058 3359 1112 det
3383 1073 3620 1128 operam

1979 1144 2305 1215 laborandi,
2341 1152 2403 1200 ut
2427 1146 2668 1200 arbitrio
2701 1162 2805 1200 suo
2834 1146 3054 1212 vivens,
3089 1145 3269 1200 Deum
3303 1146 3490 1215 possit
3517 1145 3614 1200 ha-

1979 1234 2113 1288 bere
2136 1233 2477 1305 propitium.

2049 1322 2377 1378 Audiuimus
2406 1324 2555 1377 enim
2609 1322 2864 1393 quosdam
2921 1322 3211 1376 ambulare
3240 1323 3387 1376 inter
3415 1337 3504 1375 vos
3533 1323 3620 1375 in-

1976 1415 2363 1482 temperanter,
2386 1411 2532 1465 nihil
2557 1414 2859 1482 operantes,
2891 1411 2986 1464 sed
3005 1412 3219 1464 curiose
3246 1414 3491 1479 agentes.
3516 1408 3622 1472 Qui

1979 1498 2146 1554 otiosi
2180 1515 2306 1553 esse
2329 1499 2683 1564 desiderant,
2715 1499 2771 1552 id
2819 1503 3018 1570 agunt,
3073 1504 3363 1568 quatenus
3395 1497 3622 1552 occasio

1981 1593 2276 1653 nascatur,
2301 1605 2415 1659 qua
2435 1587 2738 1642 introitum
2756 1604 2926 1642 suum
2948 1585 3392 1641 desiderabilem
3410 1585 3624 1640 faciant

1981 1677 2256 1731 domibus
2287 1675 2556 1744 divitum,
2591 1675 2983 1743 ambulantes,
3011 1679 3067 1730 et
3088 1675 3389 1746 opiniones
3421 1676 3621 1728 verbo-

1980 1782 2110 1820 rum
2135 1765 2429 1819 subtiliter
2450 1764 3008 1836 colligunt,scientes
3030 1764 3166 1833 quid
3199 1764 3268 1818 de
3299 1780 3414 1833 quo
3445 1761 3624 1815 velint

1981 1851 2202 1914 audire,
2237 1857 2300 1907 ut
2356 1852 2604 1907 libenter
2649 1857 2705 1906 et
2751 1851 3016 1921 requisiti
3067 1856 3398 1922 pascantur.
3460 1849 3621 1913 Quod

1982 1941 2198 1996 factum
2231 1940 2397 1996 valde
2427 1941 2700 1996 adborret
2731 1958 2764 1995 a
2795 1940 3106 2012 disciplina
3158 1939 3479 1994 Dominica.
3510 1938 3622 1992 Ho-

1981 2046 2114 2084 rum
2147 2030 2303 2084 enim
2334 2034 2534 2084 venter
2563 2029 2717 2084 Deus
2739 2032 2848 2096 est,
2876 2029 2975 2099 qui
3007 2029 3156 2082 foeda
3187 2044 3325 2082 cura
3355 2043 3620 2081 necessa-

1981 2117 2067 2172 ria
2100 2117 2420 2190 provident.

2054 2209 2160 2262 His
2191 2209 2371 2279 igitur
2399 2205 2712 2278 hujusmodi
2743 2205 3156 2274 denuntiamus,
3186 2213 3240 2259 et
3267 2203 3626 2260 exhortamur

1979 2297 2039 2350 in
2072 2297 2296 2350 Domino
2325 2297 2452 2350 Iesu
2514 2295 2745 2363 Christo,
2795 2297 2854 2348 ut
2913 2310 3040 2349 cum
3084 2294 3263 2362 quiete
3319 2299 3624 2362 operantes,

1979 2401 2144 2439 suum
2168 2401 2371 2455 panem
2395 2383 2740 2438 manducent.
2771 2382 2842 2436 Ut
2869 2383 2955 2436 eis
2988 2381 3212 2436 facilius
3244 2380 3504 2445 suadeat,
3537 2380 3625 2433 in-

1979 2474 2259 2544 terposito
2274 2472 2513 2527 nomine
2525 2471 2902 2526 Dominilesu
2918 2469 3493 2536 Christi,exhorlatur
3504 2484 3624 2533 eos,

1984 2566 2047 2617 ut
2078 2561 2400 2617 obaudiant
2430 2559 2569 2632 quid
2601 2561 2684 2614 eis
2716 2560 2792 2614 sit
2822 2559 2983 2614 utile.

2058 2652 2152 2705 Vos
2183 2659 2382 2714 autem,
2441 2654 2660 2718 fratres,
2709 2647 2888 2702 nolite
2941 2647 3164 2717 deﬁcere
3221 2645 3624 2716 benefaciendo.

1980 2737 2135 2807 Quod
2163 2739 2213 2790 si
2241 2739 2363 2807 quis
2390 2752 2500 2791 non
2529 2735 2752 2790 obaudit
2781 2735 2942 2790 verbo
2973 2738 3154 2789 nostro
3178 2750 3278 2804 per
3307 2735 3624 2805 Epistolam,

1983 2826 2128 2879 hunc
2154 2829 2355 2889 notate,
2390 2831 2441 2878 et
2465 2825 2636 2878 nolite
2666 2841 2787 2877 cum
2833 2840 2893 2878 eo
2948 2825 3176 2889 versari,
3231 2827 3292 2877 ut
3323 2824 3630 2878 reverentia

1983 2913 2372 2981 confundatur.
2407 2914 2523 2967 Non
2546 2914 2688 2966 velut
2718 2914 3006 2967 inimicum
3026 2913 3371 2980 existimetis,
3393 2911 3485 2965 sed
3513 2926 3628 2965 mo-

1984 3010 2103 3056 nete
2130 3003 2398 3068 consiliis,
2458 3011 2515 3056 ut
2563 3004 2810 3071 fratrem.
2873 3005 3114 3072 PrOpter
3169 3001 3323 3072 quod
3356 3000 3629 3071 superius

1986 3105 2471 3161 unumquemque
2502 3106 2675 3144 suum
2714 3106 2919 3159 panem
2956 3090 3312 3144 manducare
3332 3088 3626 3160 praecepit,

1989 3195 2060 3233 ne
2090 3178 2236 3234 forte
2265 3177 2506 3249 quidam
2537 3177 2771 3232 illorum
2823 3177 3185 3232 occasionem
3237 3176 3535 3247 parcitatis
3573 3179 3630 3229 et

213 3282 353 3321 nem
390 3266 464 3321 ab
493 3263 584 3319 his
599 3263 884 3335 acciperet
905 3262 977 3317 ab
1004 3262 1260 3332 corporis
1291 3277 1513 3330 curam,
1538 3260 1639 3331 qui
1660 3260 1874 3316 animis
1907 3246 1949 3313 Ο
1990 3246 2444 3321 inhumanitatis
2467 3271 2788 3338 captarent,
2822 3266 2952 3322 ideo
2993 3265 3190 3320 statim
3222 3246 3506 3334 subjecit:
3537 3265 3629 3318 Vos

209 3353 458 3410 illorum
491 3369 686 3410 escam
712 3349 1035 3424 spiritalem
1058 3350 1370 3421 praebebat,
1401 3366 1527 3420 quae
1541 3349 1714 3403 etiam
1748 3365 1872 3403 cor-

210 3442 340 3515 pori
372 3440 879 3497 immortalitatem
913 3456 1046 3494 cum
1087 3437 1274 3511 gloria
1297 3442 1656 3509 procuraret.
1709 3439 1874 3493 Tune

211 3530 432 3586 etenim
464 3533 659 3587 exerta
701 3531 892 3599 potest
948 3543 1076 3582 esse
1106 3526 1370 3593 libertas,
1405 3525 1454 3580 si
1488 3525 1873 3597 semetipsum

212 3621 348 3691 quis
380 3617 600 3674 ventris
631 3633 810 3672 causa
841 3620 943 3671 aut
974 3616 1231 3686 pecunia
1263 3613 1409 3669 nulli
1442 3613 1734 3684 subjiciat,
1767 3631 1874 3670 suo

214 3725 371 3780 pane
404 3710 754 3770 contentus;
784 3703 1060 3773 maxime,
1123 3705 1278 3771 quod
1313 3705 1382 3758 ad
1418 3703 1651 3759 laudem
1686 3703 1876 3775 magis

213 3795 469 3867 proiicit,
503 3795 552 3850 si
574 3810 707 3849 cum
740 3792 930 3859 liceat,
951 3797 1008 3847 et
1038 3791 1118 3846 sit
1147 3791 1420 3847 sumendi
1443 3797 1722 3863 potestas,
1747 3808 1876 3847 con-

213 3884 416 3940 tineat.
453 3883 558 3937 Hic
601 3881 737 3937 talis
797 3880 1072 3952 prodesse
1131 3885 1325 3950 potest
1382 3880 1756 3935 audientibus
1787 3896 1870 3935 se.

213 3971 617 4028 Reverentiam
648 3969 805 4026 enim
866 3967 1170 4023 habebunt
1201 3967 1410 4039 rigoris
1461 3968 1660 4038 hujus,
1695 3973 1751 4022 et
1782 3984 1872 4034 ea,

215 4077 338 4132 quas
399 4061 471 4116 ab
528 4060 638 4116 hoc
696 4057 1078 4122 mandantur,
1137 4056 1508 4128 pratermitti
1546 4073 1662 4111 non
1715 4061 1873 4127 pote-

210 4154 367 4205 runt.

277 4239 422 4293 Nam
444 4254 569 4293 cum
619 4252 852 4292 essemus
904 4233 1052 4307 apud
1108 4249 1220 4302 vos,
1280 4234 1382 4289 hoc
1416 4234 1874 4304 prwcipiebamus

207 4327 372 4398 vobis,
403 4325 544 4398 quod
571 4327 620 4380 si
663 4326 786 4397 quis
817 4341 927 4379 non
972 4324 1088 4378 vult
1117 4325 1359 4394 operari,
1415 4340 1515 4378 nec
1560 4322 1869 4378 manducet.

209 4415 333 4472 Non
365 4416 566 4472 solum
597 4413 790 4470 verbis
805 4414 1072 4482 docebat,
1090 4413 1190 4466 sed
1225 4412 1570 4468 hortabatur
1591 4417 1645 4466 et
1678 4412 1868 4466 factis.

221 4505 419 4562 Idonei
455 4503 610 4560 enim
632 4500 902 4573 magistri
932 4505 1042 4566 est,
1075 4500 1123 4554 si
1155 4518 1243 4568 ea,
1277 4517 1402 4571 quae
1418 4500 1609 4554 verbis
1641 4501 1865 4560 doceat,

1985 3357 2190 3423 autem,
2218 3354 2432 3425 inquit,
2455 3357 2680 3423 fratres,
2712 3355 2885 3409 nolite
2914 3354 3212 3424 defatigari
3243 3352 3631 3422 benefacientes

1983 3444 2124 3515 (Gal.
2158 3462 2234 3516 Vi,
2268 3445 2342 3515 9).
2377 3445 2575 3514 Neque
2605 3444 2762 3498 enim
2792 3443 2852 3497 in
2904 3442 3413 3514 reprehensionem
3453 3440 3628 3506 venit,

1989 3533 2089 3606 qui
2121 3533 2418 3588 humanus
2447 3532 2503 3585 in
2535 3531 2832 3603 largiendo
2864 3537 2953 3586 est
2982 3557 2995 3598 ;
3029 3531 3129 3584 sed
3186 3531 3301 3595 hic,
3352 3528 3452 3600 qui
3496 3545 3629 3583 cum

1986 3622 2174 3694 possit
2197 3621 2454 3676 laborem
2479 3622 2646 3687 ferre,
2670 3621 2786 3676 otio
2805 3620 2931 3677 vult
2949 3620 3127 3674 vitam
3152 3635 3342 3691 agere.
3375 3618 3555 3681 Quem
3580 3617 3630 3672 si

1984 3710 2254 3783 Epistolas
2286 3711 2604 3765 auctoritas
2637 3727 2749 3763 non
2783 3709 3040 3779 corrigit,
3093 3708 3418 3762 notandum
3450 3706 3628 3772 hunc,

1985 3817 2090 3855 nec
2120 3800 2582 3854 conversandum
2617 3815 2752 3853 cum
2775 3815 2840 3852 eo
2858 3796 3208 3868 praecipit,ut
3224 3797 3504 3851 confusus
3527 3796 3628 3868 qui

1983 3890 2056 3944 ab
2071 3889 2346 3944 omnibus
2360 3886 2946 3956 evitatur,subjiceret
2959 3901 3020 3940 se
3034 3884 3600 3956 praeceptisApostoli
3613 3927 3625 3938 .

1981 3977 2143 4041 Quod
2179 3981 2373 4030 tamen
2407 3975 2531 4029 sine
2552 3974 2856 4028 iracundia
2875 3977 2932 4026 et
2952 3972 3306 4028 contumelia
3334 3972 3460 4027 vult
3480 3972 3626 4040 fieri,

1982 4069 2047 4118 ut
2077 4064 2364 4135 patienter
2395 4062 2717 4116 declinetur
2747 4062 2819 4114 ab
2851 4076 2949 4124 eo;
2987 4061 3069 4114 ita
3098 4065 3315 4128 tamen,
3345 4065 3406 4113 ut
3456 4060 3502 4114 si
3537 4078 3628 4116 res

1982 4152 2247 4208 attulerit
2274 4151 2434 4222 loqui
2467 4167 2599 4205 cum
2634 4167 2720 4218 eo,
2745 4150 3104 4204 monendum
3126 4149 3316 4213 illum,
3350 4154 3414 4202 ut
3444 4149 3627 4218 patia-

1981 4246 2079 4296 tur
2108 4258 2170 4296 se
2203 4239 2433 4311 corripi,
2469 4256 2573 4294 nec
2605 4239 2760 4293 ultra
2775 4242 3064 4310 prmeepta
3085 4235 3345 4308 Apostoli
3368 4242 3627 4291 contem-

1983 4331 2208 4386 nenda:
2237 4328 2693 4390 familiaritatem
2728 4343 2961 4398 quoque
2993 4325 3197 4379 tandiu
3231 4341 3361 4378 cum
3397 4341 3463 4379 eo
3512 4341 3626 4379 non

1981 4419 2217 4480 habere.
2244 4418 2503 4488 quandiu
2531 4416 2851 4471 obaudiens
2884 4416 3001 4469 fiat.
3037 4416 3179 4469 Nam
3212 4414 3258 4468 si
3293 4414 3359 4468 ad
3398 4413 3626 4468 iracun-

1982 4510 2138 4563 diam
2167 4506 2540 4562 contumeliis
2588 4505 2916 4569 lacessitur,
2966 4505 3126 4575 pejor
3185 4505 3302 4558 tiet.
3351 4503 3631 4559 lncitatnr

219 4595 499 4665 operibus
531 4592 778 4663 expleat.
836 4589 999 4644 Tunc
1057 4589 1273 4644 etenim
1331 4589 1700 4644 addiscentes
1739 4605 1871 4643 vera
1896 4609 1947 4676 D
1981 4598 2136 4652 enim
2185 4597 2255 4651 ad
2303 4596 2754 4658 contentionem,
2789 4600 2845 4648 et
2876 4594 3114 4664 incipiet
3144 4598 3404 4646 erratum
3451 4610 3626 4647 suum

220 4697 345 4738 esse
375 4682 576 4739 sciunt
606 4698 732 4752 quae
755 4679 1022 4746 audiunt,
1046 4677 1326 4749 sinegligi
1351 4676 1451 4732 illa
1483 4695 1596 4733 non
1619 4677 1869 4732 viderint

221 4789 254 4826 a
282 4771 535 4828 doctore.
570 4769 848 4834 Quamvis
879 4767 1035 4823 enim
1085 4766 1397 4822 manifeste
1427 4784 1563 4822 vera
1592 4783 1722 4822 esse
1753 4783 1867 4821 non

223 4858 565 4932 ignorentur
589 4877 715 4931 quae
747 4859 1029 4913 docentur
1051 4860 1276 4923 ;tamen
1292 4855 1340 4910 si
1359 4855 1569 4927 negligi
1592 4855 1872 4927 cmperint

225 4965 258 5003 a
287 4951 586 5024 magistro,
646 4945 884 5002 difficile
915 4944 1229 5017 proficiunt
1259 4944 1652 5000 audientibus.
1687 4943 1870 5016 Magis

227 5038 378 5094 enim
409 5054 585 5110 opera
615 5035 887 5103 suadent,
921 5051 1095 5104 quam
1111 5033 1712 5098 verba.Quamobrem
1747 5049 1869 5087 ma-

1977 4684 2121 4740 velle
2145 4685 2456 4739 defendere
2481 4702 2494 4751 ;
2515 4683 2701 4754 possit
2724 4687 2921 4738 autem
2945 4682 3286 4736 erubescere
3316 4681 3628 4735 emendare

1981 4791 2063 4840 se,
2092 4790 2162 4828 ne
2195 4774 2344 4844 quod
2383 4773 2546 4843 prius
2581 4774 2911 4839 excusabat,
2964 4774 3163 4840 postea
3221 4769 3386 4822 fateri
3431 4769 3624 4825 videa-

1977 4869 2094 4920 tur.

2049 4955 2166 5024 Ipse
2194 4958 2379 5006 autem
2428 4952 2566 5004 Deus
2591 4952 2740 5018 pacis
2777 4946 2868 5000 det
2913 4947 3058 5000 vobis
3109 4960 3299 5015 pacem
3327 4962 3541 5018 semper
3570 4950 3629 5002 in

1980 5042 2134 5099 omni
2153 5042 2286 5096 loco.
2313 5041 2572 5093 Dominus
2591 5053 2714 5092 cum.
2733 5037 2987 5090 omnibus
3009 5034 3155 5088 vobis
3201 5049 3437 5102 semper.
3469 5035 3630 5098 Quod

228 5126 316 5197 Sis
346 5126 601 5198 Pmmiis
632 5121 1047 5181 Γθωυηθτδηάί
1077 5125 1236 5188 sunt:
1283 5122 1406 5192 (ἰαί,
1440 5113 1872 5196 negligentibus
1981 5147 2160 5187 suum
2192 5135 2300 5197 est,
2337 5129 2487 5182 bono
2520 5132 2648 5180 voto
2674 5123 2800 5176 illos
2824 5122 3201 5194 prosequitur
3233 5125 3401 5191 quasi
3419 5123 3637 5179 charis-

239 5215 382 5234 _.--°
426 5220 438 5234 ι
482 5215 525 5233 σί
593 5214 646 5234 ,1-
693 5211 830 5234 --I:_
861 5211 1050 5234 ---_L:-
1082 5209 1392 5234 .._..r!..:.-_a
1447 5215 1557 5234 1-..-
1598 5214 1646 5234 ΒΑ
1685 5226 1844 5234 -_-_-

2017 5223 2026 5233 ο
2199 5218 2272 5234 nl'
2483 5221 2492 5234 ι
2597 5232 2609 5233 η
2647 5227 2872 5234 ---αμρν
2903 5229 3022 5234 --_---
3068 5208 3150 5234 ηερ.
3176 5226 3243 5234 κ..

861 5212 991 5234 ----ι.

2199 5218 2272 5234 nl'
2483 5221 2492 5234 ι
2597 5232 2609 5233 η
2647 5227 2872 5234 ---αμρν
2903 5229 3022 5234 --_---
3068 5213 3150 5234 Αζη
3176 5226 3371 5234 καθα...
3401 5213 3610 5234 ὶ.-ι.-η-
