3974 5358
455 403 575 463 663
1476 397 1814 461 ATTONIS
1848 384 2446 461 'VERCELLENSIS
2491 396 2845 461 EPISCOPI
3707 403 3794 466 664

456 534 520 589 in
548 532 700 589 omni
727 532 994 604 epistola;
1016 532 1077 588 in
1120 531 1316 588 scribo.
1372 533 1613 602 Propter
1660 529 2103 601 interpolatores
2131 532 2187 600 Α
2288 531 2480 587 Gratia
2510 530 2733 586 Domini
2756 529 2940 586 nostri
2963 531 3099 587 Jesu
3146 527 3353 584 Christi
3409 544 3531 584 cum
3580 531 3793 589 omnibus.

459 625 517 679 et
545 620 971 677 adulteratores
1001 621 1428 693 scripturarum
1450 635 1684 691 semper
1704 635 1765 675 se
1791 635 1970 674 manu
2003 634 2113 674 sua
2220 619 2350 675 Haec
2382 619 2657 675 salutatio
2687 634 2865 673 manu
2895 616 3154 690 Apostoli
3215 617 3541 689 conscripta
3591 624 3683 687 est,
3714 638 3797 692 qua

458 709 522 767 in
553 708 714 765 omni
742 708 994 782 epistola
1042 726 1152 765 sua
1205 708 1620 764 salutationem
1669 706 2114 764 subdescribere
2221 707 2470 780 gratiam
2501 705 2732 761 Domini
2756 705 2939 761 nostri
2971 705 3109 761 Jesu
3140 703 3354 762 Christi
3384 708 3542 776 optat
3566 720 3679 763 esse
3701 726 3795 767 cum

461 802 733 866 testatur,
767 802 832 852 ut
860 798 971 853 sub
1002 797 1242 854 nomine
1265 798 1395 868 ejus
1416 796 1682 868 Epistola
1711 800 1945 867 accepto
1976 795 2112 851 ferri

464 904 579 944 non
604 886 812 958 possit,
845 902 970 957 quas
1002 903 1119 942 non
1149 885 1325 941 fuerit
1352 900 1533 941 manu
1582 885 1710 956 ejus
1760 884 2112 956 subscripta.

2223 810 2328 851 eis.
2360 795 2811 954 l1:13:23:.Epistolw
2826 880 3081 939 secundae
3109 881 3180 937 ad
3214 880 3700 939 Thessalonicam“.

1139 1188 1755 1283 EPISTOLA
1824 1188 1864 1280 Ι
1932 1188 2099 1280 AD

2229 1185 2923 1281 ‘IMOTHEUM
2991 1185 3202 1277 (129⁵.

1017 1516 1271 1573 ARGUM
1280 1518 1370 1573 ΕΝ
1374 1517 1526 1572 TUM
1537 1558 1549 1571 .

532 1605 877 1662 Timotheus
901 1605 1060 1661 filius
1081 1605 1193 1660 fuit
1214 1604 1481 1660 mulieris
1503 1606 1711 1661 Iudaeas
1735 1606 2116 1678 fidelis,patre

464 1692 680 1761 Graeco,
706 1695 875 1764 cujus
900 1710 1078 1749 causa
1094 1693 1374 1764 parvulus
1409 1694 1747 1750 circumcidi
1767 1713 1881 1751 non
1905 1697 2114 1769 potuit.

463 1783 571 1849 Qui
594 1783 787 1838 studio
811 1784 1017 1838 matris
1037 1798 1156 1837 suae
1179 1799 1377 1837 sacras
1399 1781 1628 1839 litteras
1656 1783 2115 1857 didicit,quibus

462 1886 696 1941 operam
727 1871 873 1925 dans
890 1870 1104 1926 bonam
1127 1869 1236 1926 sibi
1258 1869 1436 1926 vitam
1458 1870 1749 1941 instituit.
1777 1873 1945 1928 Hunc
1965 1876 2117 1945 Apo-

460 1958 649 2015 stolus
668 1974 801 2013 cum
823 1958 1104 2015 voluisset
1128 1975 1447 2027 assumere,
1472 1960 1666 2017 sciens
1694 1961 1970 2017 idoneum
1997 1962 2119 2017 fore

2225 1522 2431 1574 rentur
2460 1516 2533 1573 ad
2567 1516 2689 1572 haec
2710 1515 2971 1583 colenda,
2996 1531 3122 1588 quas
3144 1514 3461 1570 carnaliter
3477 1514 3605 1569 data
3619 1513 3790 1570 fuerant

2225 1608 2373 1674 Quid
2404 1608 2559 1662 enim
2591 1622 2739 1678 opus
2786 1610 2898 1671 est,
2945 1604 3424 1676 generationum,
3473 1618 3614 1674 quas
3641 1611 3803 1659 constat

2226 1711 2353 1752 esse
2379 1693 2639 1750 inﬁnitas
2661 1709 2765 1765 per
2792 1694 3117 1762 traducem,
3152 1692 3339 1748 facere
3389 1689 3712 1746 mentionem
3734 1708 3745 1756 ;
3765 1708 3785 1747 e

2227 1783 2456 1857 quid,et
2473 1787 2764 1855 quatenus
2786 1781 3005 1836 factum
3028 1785 3117 1836 est
3138 1781 3248 1836 sub
3273 1794 3620 1851 unoquoque
3636 1795 3796 1843 eorum,

2226 1877 2283 1928 et
2313 1888 2427 1927 non
2462 1870 2657 1944 potius
2686 1868 3032 1943 compendio
3056 1885 3157 1941 per
3205 1868 3385 1923 {idem
3440 1868 3668 1923 salutem
3694 1883 3797 1939 que-

2228 1976 2355 2016 rere
2383 1959 2411 2014 ‘l
2439 1959 2579 2016 Inde
2607 1958 2763 2015 enim
2795 1957 3148 2030 quaestiones
3200 1955 3496 2025 oriuntur,
3537 1971 3654 2011 cum
3684 1955 3796 2026 quid,

459 2045 922 2118 dispensatorem
935 2046 1276 2120 evangelicae
1291 2048 1765 2115 veritatis,causa
1785 2048 2119 2106 Judaeorum
2152 2052 2201 2118 B
2229 2052 2286 2103 et
2307 2047 2564 2121 quando,
2588 2050 2645 2103 et
2664 2045 2979 2119 quomodo,
3004 2051 3062 2101 et
3081 2060 3262 2117 quare
3282 2044 3506 2100 factum
3528 2047 3627 2108 est,
3644 2046 3795 2099 tracta-

458 2151 584 2191 com
594 2133 799 2206 pulsus
828 2140 919 2190 est
939 2135 1354 2193 circumcidere
1375 2152 1513 2192 eum
1532 2136 1918 2204 ,instantibus
1940 2138 2118 2207 eis,ut

460 2221 562 2296 qui
594 2226 777 2278 matre
792 2221 996 2279 Judasa
1016 2227 1191 2280 natus
1212 2228 1387 2291 esset,
1409 2223 1635 2280 incircu
1648 2226 1868 2281 mcisus
1890 2227 2114 2283 assumi

461 2327 577 2367 non
608 2310 845 2367 deberet
875 2312 945 2367 ad
979 2311 1383 2384 magisterium
1436 2318 1674 2385 propter
1704 2315 2113 2371 testimonium

462 2400 715 2473 generis.
738 2400 904 2455 Hunc
929 2415 1064 2470 ergo
1072 2402 1200 2470 jam
1229 2406 1491 2456 creatum
1509 2401 1853 2473 episcopum
1877 2402 2118 2459 instruit

463 2505 569 2561 per
587 2487 910 2560 Epistolam
925 2489 1217 2559 quomodo
1238 2488 1475 2544 deberet
1488 2488 1809 2545 Ecclesiam
1824 2489 2113 2547 ordinare.

534 2575 694 2646 (CAP.
726 2576 799 2646 Ι.)
835 2576 1045 2631 Paulus
1088 2576 1379 2647 Apostolus
1417 2576 1624 2633 Christi
1666 2579 1792 2634 Jesu
1819 2578 2114 2635 secundum

461 2665 756 2736 imperium
779 2665 886 2719 Dei
906 2663 1213 2719 Salvatoris
1264 2666 1444 2719 nostri
1490 2666 1618 2721 Jesu
1644 2664 1845 2722 Christi
1874 2670 1989 2739 spei
2016 2684 2113 2723 no-

458 2759 608 2816 strae,
642 2753 907 2809 Timotheo
926 2768 1194 2823 germano
1214 2753 1337 2823 ﬁlio
1367 2755 1428 2807 in
1474 2754 1602 2823 ﬁde,
1653 2756 1856 2825 gratia,
1888 2757 2112 2811 miseri-

457 2840 669 2908 cordia,
698 2857 814 2912 paa:
842 2858 877 2895 a
905 2842 1013 2896 Deo
1042 2842 1210 2896 Patre
1237 2849 1288 2896 et
1322 2840 1542 2896 Christo
1583 2844 1710 2898 Jesu
1753 2844 1982 2899 Domino
2010 2861 2113 2900 no-

456 2936 586 2984 stro.
614 2927 825 2996 Patris,
848 2932 907 2983 et
936 2928 1064 2983 Filii
1096 2928 1342 3001 imperio
1398 2928 1745 3001 Apostolum
1803 2948 1865 2986 se
1891 2932 2111 2988 factum

461 3017 742 3085 ostendit,
773 3021 839 3073 ut
871 3017 931 3072 in
961 3017 1077 3073 Deo
1111 3017 1278 3073 Patre
1308 3016 1578 3089 salutem,
1612 3022 1669 3073 et
1697 3018 1926 3077 Christo
1968 3020 2112 3076 Filio

461 3107 589 3177 ejus
620 3121 784 3177 spem
817 3105 1176 3178 praedicaret,
1211 3110 1275 3161 ut
1297 3106 1436 3178 quia
1464 3122 1636 3162 nemo
1663 3113 1839 3180 negat
1862 3109 2111 3165 salutem

2224 2140 2357 2192 tur:
2391 2153 2518 2210 quae
2550 2150 2645 2191 res
2674 2133 2918 2206 impedit
2937 2132 3209 2189 salutem.

2296 2226 2450 2281 Finis
2478 2232 2666 2281 autem
2693 2224 2957 2295 praecepti
2982 2231 3059 2278 est
3084 2222 3328 2277 charitas
3384 2221 3459 2277 de
3508 2219 3655 2276 corde
3684 2235 3792 2292 pm,

2225 2318 2276 2369 et
2299 2314 2639 2370 conscientia
2669 2312 2829 2383 bona,
2862 2314 2911 2366 et
2939 2311 3045 2383 ﬁde
3093 2327 3203 2366 non
3255 2311 3557 2365 simulata:
3596 2326 3628 2365 a
3664 2308 3796 2381 quibus

2226 2400 2453 2473 quidam
2471 2407 2723 2456 errantes
2752 2401 2997 2455 conversi
3018 2408 3147 2454 sunt
3174 2400 3236 2453 in
3258 2399 3645 2470 vaniloquium,
3672 2399 3795 2452 mles-

2223 2494 2301 2545 tes
2329 2505 2442 2544 esse
2473 2489 2607 2560 legis
2634 2489 2896 2554 doctores,
2945 2500 3057 2542 non
3103 2487 3493 2557 intelligentes,
3539 2496 3690 2556 neque
3720 2498 3796 2553 qus

2226 2577 2443 2642 dicunt,
2459 2593 2630 2648 neque
2653 2575 2719 2631 de
2744 2576 2941 2647 quibus
2966 2575 3268 2647 afﬁrmant.
3297 2574 3582 2639 Quoniam
3600 2573 3793 2629 omnium

2226 2667 2412 2737 major
2442 2669 2529 2721 est
2558 2665 2833 2729 charitas,
2867 2664 3017 2720 hanc
3052 2664 3226 2719 linem
3258 2678 3389 2719 esse
3452 2662 3609 2727 dixit,
3652 2661 3697 2715 id
3722 2664 3795 2719 εει,

2223 2752 2622 2826 perfectionis,
2654 2753 3220 2809 consummationem
3253 2751 3524 2807 omnium
3554 2752 3790 2822 praecepto-

2225 2860 2379 2909 rum,
2412 2842 2461 2898 si
2491 2847 2688 2897 tamen
2715 2858 2783 2897 ex
2811 2842 2981 2897 corde
3012 2858 3160 2914 puro
3192 2841 3270 2896 sit
3298 2843 3356 2895 et
3378 2840 3538 2896 bona
3574 2836 3794 2895 conscien-

2222 2930 2324 2990 tia.
2364 2929 2511 2986 Vera
2536 2929 2690 2986 enim
2720 2929 2972 2985 charitas
3022 2946 3137 2984 non
3191 2932 3381 3001 potest
3443 2927 3643 2983 malam
3669 2926 3788 2979 vitam

2222 3018 2461 3086 habere,
2490 3035 2595 3074 nec
2626 3016 2963 3073 simulatam
2998 3017 3194 3089 fidem,
3222 3016 3280 3072 in
3314 3017 3535 3090 quibus
3557 3014 3719 3071 omnis
3740 3011 3791 3066 let

2222 3107 2522 3180 impletur,
2554 3111 2611 3162 et
2640 3107 2951 3179 prophetae.
2985 3105 3231 3171 Quidam
3291 3110 3490 3162 autem
3538 3103 3788 3160 Judaorun

463 3210 593 3251 esse
623 3193 681 3249 in
718 3197 850 3263 Deo,
886 3209 992 3248 nec
1030 3193 1349 3265 quisquam
1382 3194 1680 3250 dubitaret
1701 3212 1865 3268 spem
1898 3211 2028 3252 esse
2057 3197 2115 3253 in
2149 3204 2192 3269 ρ
2230 3197 2573 3269 mysterium
2606 3194 2751 3269 legis
2782 3195 3139 3268 ignorantes,
3173 3198 3230 3250 et
3261 3188 3796 3267 prophetarum.qui1

467 3282 698 3338 Christo
717 3281 879 3351 Jesu,
904 3297 1078 3353 quem
1104 3298 1137 3338 a
1167 3282 1418 3339 mortuis
1441 3282 2116 3357 excitatum,exemplum

468 3370 652 3442 hujus
684 3372 807 3441 spei
838 3370 1071 3425 dedisse
1103 3375 1498 3442 cognosceret.
1546 3371 1662 3426 Hoc
1711 3373 1882 3427 modo
1915 3373 2120 3429 scribit

472 3458 801 3527 Timotheo,
829 3462 894 3513 ut
914 3474 1159 3514 securus
1176 3463 1331 3514 esset
1354 3459 1425 3514 de
1442 3476 1551 3514 sua
1569 3460 1957 3532 ordinatione,
1983 3462 2119 3534 quia

473 3546 722 3618 imperio
752 3546 964 3615 Patris,
1018 3550 1075 3600 et
1103 3544 1230 3600 Filii
1289 3545 1509 3602 electus
1545 3552 1634 3603 est
1661 3549 1732 3603 ad
1766 3549 2115 3606 docendum.

470 3635 651 3699 Quem
676 3650 876 3689 verum
902 3632 1109 3688 Filium
1133 3634 1408 3705 appellat,
1433 3636 1532 3690 sed
1558 3636 1616 3690 in
1642 3637 1774 3704 fide,
1799 3638 1953 3693 sicut
1976 3639 2120 3695 dicit

468 3722 541 3778 ad
572 3720 944 3777 Corinthios:
983 3726 1049 3776 ln
1080 3721 1291 3777 Christo
1347 3725 1501 3778 enim
1556 3726 1701 3795 Jesu,
1760 3725 1971 3797 inquit,
2024 3744 2120 3800 per

467 3809 827 3877 Evangelium
853 3824 952 3879 ego
980 3826 1071 3865 vos
1100 3812 1267 3881 genui
1295 3812 1345 3882 (1
1372 3811 1491 3868 Cor.
1553 3830 1630 3878 1v,
1665 3813 1773 3885 15).
1825 3814 1954 3871 Hinc
1986 3832 2119 3873 vera

469 3902 527 3954 et
554 3897 726 3953 ﬁrma
744 3898 1042 3969 generatio
1074 3907 1182 3965 est,
1218 3916 1347 3971 quas
1379 3900 1565 3956 nescit
1595 3918 1888 3974 occasum,
1936 3905 2120 3960 nescit

470 3986 727 4053 morbos,
754 3990 810 4042 et
832 3986 1249 4059 pestilentiam,
1282 3993 1338 4043 et
1368 4005 1495 4061 quae
1527 3991 1757 4061 ignorat
1813 3993 2027 4048 famem
2060 3998 2118 4048 et

470 4075 651 4131 sitim.
676 4075 828 4131 Dicit
857 4081 1050 4131 autem
1082 4076 1141 4131 in
1176 4093 1354 4149 regno
1378 4078 1475 4133 Dei
1502 4078 1726 4136 nullius
1759 4097 1946 4152 egere,
1980 4083 2120 4154 quia

469 4163 668 4220 futura
696 4168 786 4220 est
817 4164 990 4221 domo
1023 4165 1115 4220 Dei
1139 4164 1552 4223 immortalitas
1585 4168 1838 4241 gloriosa
1859 4169 1917 4224 in
1943 4186 2118 4239 regno

470 4251 569 4307 Dei
599 4255 657 4307 et
685 4251 919 4321 Christi,
953 4268 1203 4324 quorum
1236 4254 1507 4326 gratiam,
1532 4261 1589 4310 et
1630 4257 2116 4325 misericordiam,

469 4344 527 4396 et
554 4356 759 4412 pacem
786 4344 1022 4412 excptat
1052 4357 1183 4396 cum
1217 4342 1329 4398 isto
1364 4360 1617 4399 manere.

542 4428 696 4483 Sicut
723 4429 921 4501 rogavi
946 4431 1000 4484 te
1025 4430 1413 4485 subremanere
1444 4432 1663 4503 Ephesi,
1721 4448 1846 4489 cum
1891 4435 2032 4490 irem
2059 4436 2120 4489 in

472 4514 871 4581 Macedoniam,
900 4524 957 4571 ut
983 4516 1274 4574 denunties
1330 4519 1658 4589 quibusdam
1718 4539 1787 4579 ne
1828 4524 1996 4578 aliter
2021 4523 2117 4578 do-

2226 3300 2416 3355 usque
2449 3285 2519 3339 ad
2543 3283 2840 3340 Christum
2870 3282 3155 3339 servanda
3185 3286 3326 3338 sunt
3373 3281 3605 3349 tradita,
3639 3293 3795 3334 errave-

2227 3372 2702 3446 runt,praedicato
2733 3371 2983 3438 Christo,
3009 3376 3066 3426 et
3091 3369 3279 3444 legem
3311 3370 3595 3427 factorum
3635 3367 3681 3423 in
3701 3380 3794 3420 neo-

2225 3461 2458 3530 meniis,
2491 3465 2548 3516 et
2575 3458 3040 3529 circumcisione,
3072 3464 3129 3515 et
3159 3459 3309 3515 escis
3328 3455 3795 3515 discernendisser

2224 3549 2345 3605 vari
2378 3550 2606 3605 debere.
2633 3549 2849 3605 Idcirco
2880 3549 2937 3604 in
2969 3548 3375 3620 vaniloquium
3408 3546 3550 3603 dicit
3599 3561 3678 3601 eos
3712 3555 3797 3597 esse

2225 3653 2555 3706 conversos,
2589 3637 2727 3709 quia
2754 3637 3026 3693 volebant
3056 3637 3261 3692 docere
3319 3652 3451 3709 quas
3506 3632 3796 3709 ignorabant

2295 3726 2507 3781 Scimus
2534 3729 2716 3782 autem
2745 3726 2874 3798 quia
2930 3726 3069 3781 bona
3106 3728 3183 3781 est
3204 3725 3313 3792 lem,
3335 3726 3387 3779 si
3413 3718 3798 3797 quisealegitim

2223 3817 2457 3871 utatur:
2486 3818 2694 3871 certum
2739 3815 2943 3870 habens
2987 3814 3103 3883 hoc,
3150 3814 3293 3886 quod
3329 3814 3482 3885 justo
3538 3811 3798 3867 lexnonest

2218 3905 2441 3976 posita;
2497 3903 2723 3975 iniustis
2778 3918 2901 3958 vero
2959 3910 3010 3959 et
3069 3902 3549 3976 inobsequentibus
3597 3897 3797 3969 impiistl

2219 3993 2614 4065 peccatoribus,
2640 3992 2877 4047 scelestis
2907 3995 2957 4047 et
3008 3992 3286 4063 pro/anis,
3332 3988 3621 4061 parricidis
3659 3988 3796 4041 etma-

2227 4080 2444 4137 tricidis
2498 4085 2553 4136 et
2624 4081 3069 4151 fornicator-ibus,
3118 4080 3426 4145 homicidis,
3505 4073 3797 4134 masculorum

2225 4169 2680 4235 concubitoribus,
2727 4170 3047 4242 plagiariis,
3094 4168 3468 4235 mendacibus,
3509 4164 3731 4240 perjurtls,
3763 4159 3796 4211 α

2226 4259 2284 4313 si
2311 4257 2442 4328 quid
2468 4257 2624 4311 aliud
2652 4275 2802 4313 sanae
2826 4257 3083 4313 doctrinae
3132 4256 3478 4321 adservatur,
3526 4268 3636 4327 quae
3659 4254 3722 4306 est
3741 4260 3793 4301 se-

2226 4345 2465 4402 cundum
2488 4345 2857 4418 Evangelium
2882 4348 3087 4418 gloriae
3118 4347 3264 4401 beati
3293 4346 3410 4415 Dei,
3430 4344 3563 4417 quod
3596 4338 3793 4397 creditum

2229 4443 2304 4489 est
2333 4434 2490 4489 mihi.
2525 4434 2741 4488 Bonam
2776 4449 2904 4489 esse
2933 4434 3144 4506 legem,
3177 4449 3303 4505 quae
3335 4449 3438 4506 per
3466 4432 3677 4502 Moysen
3702 4424 3793 4479 dats

2229 4528 2336 4593 est,
2370 4540 2484 4578 non
2518 4527 2728 4595 negat;
2762 4523 2842 4578 ita
2873 4528 3090 4589 tamen,
3123 4526 3187 4578 ut
3216 4538 3426 4577 sensus
3457 4522 3577 4593 ejus
3620 4514 3789 4572 sciatur.

467 4607 644 4672 ceant,
677 4619 810 4657 neve
831 4605 1119 4660 intendant
1144 4575 1370 4678 fabulis,
1397 4616 1449 4663 et
1471 4610 1807 4677 genealogiis
1858 4612 2119 4681 inﬁnitis,
2152 4575 2196 4637 Β
2231 4615 2284 4666 et
2318 4575 2625 4691 quomodo:
2644 4575 2783 4665 data
2811 4616 2920 4675 est,
2946 4575 3418 4681 recipiaturllic
3450 4575 3595 4665 enim
3639 4595 3789 4691 scitle-

470 4708 592 4764 qua'
621 4693 940 4763 quaestiones
966 4697 1252 4763 praestant,
1283 4697 1466 4767 magis
1496 4713 1658 4768 quam
1702 4698 2120 4770 srdz'ﬁcationem

473 4783 588 4847 Dei,
614 4796 741 4853 qua
768 4786 848 4837 est
868 4782 927 4835 in
949 4780 1071 4851 ﬁde.
1094 4781 1276 4837 Filius
1297 4800 1331 4838 a
1353 4782 1519 4840 Patre
1541 4785 1733 4856 rogari
1757 4803 1874 4841 non
1896 4787 2116 4855 debuit,

469 4870 571 4925 sed
600 4874 835 4941 propter
862 4869 1170 4926 charitatis
1200 4871 1493 4939 allectum,
1527 4878 1583 4928 et
1634 4879 1698 4929 ut
1754 4874 1836 4929 illi
1871 4876 2119 4930 formam

471 4957 821 5013 humilitatis
843 4958 1194 5027 ostenderet,
1218 4961 1485 5017 obsecrat
1504 4961 1814 5034 episcopus
1834 4964 2123 5033 coepisco-

469 5063 612 5118 pum
644 5062 840 5113 suum,
874 5062 947 5101 ne
977 5051 1271 5117 pateretur
1325 5049 1558 5104 Judaaos
1617 5049 1784 5105 aliter
1812 5051 2117 5122 populum,

471 5150 646 5192 quam
669 5135 741 5189 ab
766 5133 1041 5192 Anostolo
1062 5136 1421 5192 tradebatur.
1455 5138 1681 5192 docere.
1728 5155 1835 5192 nec
1866 5138 2120 5192 oblecta-

2230 4714 2384 4769 gem,
2417 4703 2471 4754 et
2502 4687 2620 4770 qua
2649 4714 2826 4754 causa
2854 4699 2989 4752 data
3019 4698 3115 4765 sit,
3150 4698 3249 4769 qui
3282 4696 3600 4772 praedicatio
3626 4687 3789 4746 Christo

2231 4788 2446 4842 deserit
2468 4786 2626 4841 illam
2650 4802 2718 4843 ex
2739 4792 2918 4859 parte,
2944 4802 3057 4858 qua
3078 4785 3169 4841 lex
3192 4787 3474 4842 factorum
3504 4779 3790 4856 appellatur;

2230 4873 2385 4930 circa
2414 4874 2783 4931 dilectionem
2808 4879 3003 4929 autem
3040 4875 3135 4931 Dei
3168 4880 3367 4931 utatur
3390 4891 3475 4945 ea,
3506 4863 3793 4929 asserens.et

2229 4963 2534 5018 afﬁrmans
2567 4979 2694 5032 quae
2728 4980 2761 5018 a
2792 4963 3086 5019 Salvatore
3144 4964 3303 5019 dicta
3354 4967 3507 5033 sunt,
3561 4977 3591 5015 a
3633 4955 3730 5027 lege
3756 4950 3793 5000 εί

2229 5052 2550 5125 prophetis.
2587 5052 2691 5107 Hic
2714 5052 2870 5107 enim
2896 5049 3160 5123 legitimo
3192 5052 3377 5107 utitur
3397 5050 3534 5124 lege,
3558 5036 3792 5125 quipotett

2230 5140 2561 5190 discernere
2599 5157 2687 5188 ea-
2718 5156 2847 5188 num
2879 5141 2947 5188 ad
2986 5145 3222 5188 temmm
3274 5140 3409 5186 data
3466 5142 3607 5186 sunt-
3650 5122 3791 5184 ιω
