3974 5358
155 343 265 408 665

545 339 954 404 EXPOSITIO
997 337 1073 400 IN
1121 333 1548 398 EPISTOLAS
1592 330 1851 392 PAULI.
1884 360 1964 375 —
2006 328 2082 388 IN
2132 328 2376 389 EPIST.
2425 327 2450 388 Ι
2492 325 2594 386 AD
2636 312 3137 385 TIMOTHEUM.

3421 304 3538 366 666

158 477 364 542 minus,
398 472 552 528 mala
582 475 754 528 erunt
781 471 1062 527 asserenti
1105 485 1390 540 perverse.
1423 467 1666 522 Peccare
1699 467 1787 518 est
1817 466 1869 531 Α
1901 463 2064 520 muni
2099 463 2282 534 (I297)
2313 461 2632 532 gratiarum
2667 454 2891 511 actione
2923 443 3410 542 suscipiat,Deum
3444 457 3544 542 au:

161 565 307 622 enim
336 579 700 635 unaquaeque
732 562 971 616 minime
1005 559 1143 614 locis
1169 559 1292 613 suis
1324 555 1790 629 exponerepraa-

161 660 309 710 terea
339 652 478 724 quia
499 653 681 722 justis
711 650 836 724 lege
869 667 981 704 non
1014 665 1160 720 opus
1191 653 1298 709 est.
1331 647 1385 700 id
1415 650 1520 715 est,
1554 645 1646 698 his
1669 643 1790 713 qui,

164 746 388 814 accepta
419 741 760 796 remissione
794 735 1498 812 peccatorum,justificati
1533 737 1690 799 sunt,
1725 748 1796 786 ne

155 832 272 903 jam
303 829 500 884 vivant
529 829 637 885 sub
666 829 813 901 lege,
847 846 880 884 a
924 844 1041 900 qua
1088 826 1310 882 liberati
1345 829 1483 880 sunt
1513 824 1662 876 dono
1692 820 1794 875 Dei

162 937 259 992 per
289 919 462 973 fidem
493 918 727 984 Christi,
760 922 826 972 ut
845 918 914 972 de
937 920 1140 972 caetero
1164 919 1388 970 servata
1406 913 1531 984 lege
1554 916 1794 975 naturae,

162 1025 278 1080 quas
308 1005 596 1062 Creatoris
627 1005 1016 1078 cognitionem
1052 1003 1286 1074 recepit,
1339 1007 1396 1056 et
1426 1018 1539 1055 non
1572 997 1796 1070 peccari

160 1098 454 1164 hortatur;
479 1094 689 1166 judicii
738 1095 890 1150 diem
938 1097 1258 1165 expectent,
1297 1091 1355 1145 in
1388 1107 1502 1161 quo
1527 1089 1673 1159 justi
1706 1103 1797 1141 re-

162 1183 506 1241 munerandi
547 1188 688 1240 sunt
746 1183 1141 1239 custodientes
1198 1181 1386 1253 legem
1447 1176 1796 1239 naturalem,

163 1290 331 1345 quam
362 1273 414 1329 si
447 1273 774 1328 humanum
805 1289 989 1343 genus
1019 1273 1224 1327 ducem
1263 1268 1586 1334 habuisset,
1619 1267 1709 1320 lex
1739 1263 1798 1319 in

163 1361 360 1418 litteris
398 1379 500 1434 per
527 1363 763 1434 Moysen
795 1361 929 1416 data
960 1377 1074 1416 non
1109 1359 1330 1414 fuisset.
1363 1359 1468 1413 Sed
1505 1356 1641 1428 quia
1671 1370 1802 1409 con-

163 1451 402 1521 temptui
436 1451 612 1505 ducta
644 1455 751 1517 est,
786 1449 953 1521 quasi
989 1448 1206 1503 nullius
1238 1452 1392 1502 esset
1413 1443 1797 1507 auctoritatis,

163 1541 456 1612 Scriptura
471 1539 700 1594 firmata
711 1538 1148 1606 est,utsciretur
1161 1537 1312 1609 quod
1333 1535 1613 1589 servanda
1627 1535 1798 1595 esset,

164 1633 215 1683 et
243 1633 481 1699 propter
537 1633 771 1699 tempus
820 1643 1093 1699 prazsens,
1145 1629 1200 1679 et
1233 1624 1367 1695 quia
1413 1621 1802 1693 requisiturus

164 1721 244 1772 est
267 1717 318 1771 in
338 1718 606 1771 futurum
631 1716 729 1787 qui
754 1714 912 1770 illam
938 1715 1210 1778 ﬁrmavit,
1235 1731 1266 1767 a
1284 1712 1496 1784 quibus
1520 1711 1801 1781 neglecta,

166 1810 217 1860 et
246 1822 278 1895 a
307 1805 528 1876 quibus
556 1809 783 1859 servata
810 1809 913 1859 est.
969 1805 1172 1874 Itaque
1204 1818 1316 1856 non
1350 1800 1538 1856 solum
1571 1801 1805 1870 propter
1833 1829 1882 1895 Β

169 1892 343 1948 malos
379 1899 545 1948 actus
576 1899 632 1948 et
665 1893 804 1948 vitia
862 1891 1119 1963 corporis
1170 1892 1352 1964 legem
1413 1890 1608 1944 datam
1641 1887 1803 1954 dicit,

165 1982 257 2037 sed
290 1986 526 2054 propter
555 1982 880 2054 perfidiam,
915 1999 1032 2053 qua
1071 1981 1423 2052 spernebant
1455 1982 1801 2042 Creatorem,

165 2074 224 2125 ut
252 2071 398 2125 bene
428 2070 615 2126 vivere
646 2071 1015 2126 addiscerent
1044 2074 1100 2124 et
1143 2069 1360 2141 gratias
1390 2071 1627 2140 agerent
1658 2066 1803 2121 Con-

165 2158 352 2214 dltori.

230 2249 289 2302 Et
318 2249 533 2319 gratias
561 2265 661 2317 ago
689 2249 862 2320 ei,qui
880 2265 967 2303 me
993 2250 1316 2319 confortavzt
1343 2249 1406 2302 in
1431 2245 1645 2300 Christo
1675 2245 1801 2299 Jesu

162 2335 382 2392 Domino
411 2340 618 2405 nostro,
652 2337 790 2409 quod
829 2337 1048 2407 ﬁdelem
1079 2353 1164 2391 me
1211 2337 1569 2399 existimavit,
1601 2349 1806 2405 ponens

162 2424 222 2478 in
244 2427 642 2493 ministerium,
677 2427 772 2496 qui
790 2427 949 2496 prius
973 2442 1123 2480 eram
1144 2424 1513 2496 blasphemus,
1545 2426 1595 2478 et
1623 2439 1804 2494 perse-

159 2516 330 2578 cutor,
363 2523 412 2568 et
435 2515 860 2570 contumeliosus
880 2535 900 2580 ;
920 2515 1012 2569 sed
1032 2512 1473 2568 misericordiam
1493 2520 1808 2567 consecutus

159 2616 295 2671 sum,
328 2604 467 2672 quia
496 2605 756 2672 ignorans
785 2605 895 2674 feci
926 2603 1161 2657 nondum
1185 2602 1422 2656 credens.
1456 2602 1806 2672 Superabun-

153 2689 301 2744 davit
331 2701 517 2746 autem
549 2692 738 2759 gratia.
796 2692 1018 2745 Domini
1072 2693 1249 2745 nostri
1278 2707 1401 2744 cum
1451 2690 1555 2759 ﬁde
1583 2693 1636 2743 et
1666 2688 1810 2742 (tite-

148 2779 344 2844 ctione,
388 2796 506 2848 qua:
541 2783 618 2833 est
649 2779 707 2832 in
742 2779 963 2833 Christo
987 2780 1134 2834 Jesu.
1158 2779 1401 2849 Propter
1432 2777 1581 2847 quod
1616 2776 1811 2830 omnis

147 2863 498 2920 incredulus
532 2865 933 2920 infirmitatem
965 2867 1144 2920 animi
1188 2867 1426 2936 patitur,
1463 2865 1809 2920 constrictus

145 2952 385 3008 carnali
418 2954 639 3008 ratione
672 2971 741 3009 ne
774 2955 972 3010 credat
1010 2954 1257 3028 spiritali
1284 2972 1296 3021 ;
1342 2953 1554 3008 idcirco
1586 2953 1810 3006 Christo

143 3058 205 3096 se
235 3041 475 3113 gratias
509 3042 652 3096 dicit
683 3059 884 3114 agere,
929 3043 1066 3113 quia
1111 3042 1452 3114 apparentia
1482 3041 1811 3111 majestatis

141 3147 262 3186 suae
294 3130 752 3186 imbecillitatem
785 3131 999 3186 mentis
1030 3133 1156 3202 ejus
1178 3130 1468 3185 roboravit
1497 3150 1509 3198 ;
1534 3131 1671 3202 quia
1700 3131 1808 3185 im-

149 3217 447 3290 possibile
479 3221 723 3291 putabat
744 3236 872 3274 esse
896 3194 1150 3292 quodvde
1172 3220 1400 3275 Domini
1435 3194 1812 3291 potestate,et
1843 3194 1885 3259 (ἶ

157 3306 396 3380 gemina
425 3308 810 3376 nativitate,et
838 3310 1278 3379 resurrectione,
1315 3313 1364 3362 et
1397 3325 1499 3379 spe
1531 3307 1813 3380 praedica-

157 3397 352 3452 batur.
380 3396 777 3451 Conﬁrmatus
804 3403 997 3452 autem
1023 3397 1158 3452 talis
1177 3397 1336 3453 visus
1359 3397 1573 3469 est,qui
1598 3398 1813 3469 dignus

159 3488 319 3542 esset
347 3502 412 3540 ac
443 3489 643 3557 posset
671 3484 1043 3556 dispensator
1072 3502 1200 3542 esse
1234 3487 1583 3541 sacramenti
1616 3486 1812 3541 Domi-

163 3573 299 3638 nici,
333 3577 400 3628 ut
429 3590 497 3628 ea
549 3591 686 3629 vera
741 3591 843 3646 per
897 3574 1082 3645 legem
1144 3576 1426 3646 firmaret,
1477 3593 1603 3647 quae
1651 3576 1814 3647 prius

163 3678 360 3718 amore
391 3660 537 3734 legis
566 3661 1272 3734 incredibiliajudicabat,
1294 3668 1351 3717 et
1379 3663 1436 3717 in
1468 3665 1814 3734 persecutio-

167 3752 341 3806 nibus
372 3751 670 3822 gauderet,
704 3768 849 3821 quas
881 3751 1045 3822 prius
1067 3752 1411 3822 quasijuste
1442 3753 1815 3807 credentibus

166 3839 678 3905 inferebat,dolens
700 3839 839 3910 quia
855 3839 1090 3906 fecerat,
1115 3840 1282 3894 laetus
1304 3839 1440 3910 quia
1464 3841 1813 3910 patiebatur.

165 3932 410 3983 Tantam
442 3927 598 3982 enim
634 3943 798 3999 spem
831 3928 1114 3983 didicerat
1143 3928 1202 3983 in
1227 3945 1313 3993 eo,
1349 3943 1523 3998 quem
1558 3934 1691 3983 ante
1720 3945 1817 3982 ne-

168 4018 362 4090 gabat,
395 4020 462 4071 ut
495 4015 626 4088 plus
673 4017 952 4088 gauderet
1011 4017 1069 4071 in
1104 4016 1395 4089 patiendo,
1446 4034 1618 4088 quam
1656 4016 1818 4088 prius

166 4104 556 4161 exsultaverat
586 4104 642 4159 in
677 4106 1245 4177 persequendo.Non
1274 4104 1430 4160 enim
1457 4105 1678 4160 malitia
1709 4104 1819 4159 hoc

167 4196 394 4266 agebat,
430 4195 530 4248 sed
566 4210 778 4261 errore,
834 4194 925 4248 cui
987 4193 1153 4248 facile
1201 4198 1414 4265 potest,
1447 4210 1578 4248 cum
1612 4192 1817 4264 recipi-

167 4282 275 4337 scit
303 4283 514 4355 (1296),
545 4281 791 4355 ignosci.
826 4281 934 4348 Qui
965 4287 1161 4337 autem
1217 4283 1327 4337 scit
1370 4299 1503 4336 vera
1533 4299 1660 4338 esse
1692 4301 1817 4354 qua:

167 4376 357 4444 negat,
391 4372 488 4426 hic
522 4388 634 4426 non
667 4387 860 4426 errore
909 4370 1016 4424 hoc
1058 4371 1196 4442 agit,
1257 4372 1356 4426 sed
1391 4371 1815 4426 malevolentia.

169 4460 355 4532 lIujus
389 4458 717 4516 insanabile
737 4457 952 4513 vulnus
974 4463 1078 4513 est.
1103 4459 1330 4512 Invidia
1350 4459 1506 4513 enim
1529 4458 1820 4532 compelli-

169 4552 263 4604 tur
290 4549 506 4605 falsum
540 4547 832 4620 appellare
863 4548 1017 4619 quod
1049 4547 1159 4602 scit
1183 4564 1404 4601 verum.

242 4643 538 4694 Humanus
567 4652 766 4706 sermo,
807 4639 856 4690 et
910 4638 1066 4690 omni
1111 4637 1424 4708 acceptione
1467 4636 1668 4705 dignus
1697 4639 1826 4709 quia

171 4727 416 4783 Christus
467 4729 623 4783 Jesus
669 4727 817 4781 venit
873 4727 936 4780 in
997 4725 1141 4780 hunc
1196 4724 1464 4779 mundum
1519 4736 1823 4796 peccatores

168 4816 348 4872 salvos
374 4815 585 4886 facere,
617 4830 850 4887 quorum
877 4815 1092 4885 primus
1119 4830 1215 4883 ego
1244 4830 1385 4868 sum.
1429 4813 1528 4869 Sed
1557 4817 1680 4870 ideo
1707 4818 1818 4870 mi-

170 4904 528 4962 sericordiam
584 4907 898 4959 consecutus
953 4921 1096 4974 sum,
1156 4905 1216 4956 ut
1269 4904 1329 4957 in
1385 4919 1469 4958 me
1528 4905 1820 4960 ostenderet

173 4993 415 5051 Christus
443 4994 598 5050 Iesus
654 5009 869 5048 omnem
922 4993 1453 5065 magnanimitatem,
1502 4998 1554 5048 et
1594 4990 1817 5064 patien-

171 5084 326 5150 tiam,
356 5081 427 5138 ad
456 5083 764 5153 exemplum
814 5097 1004 5136 eorum
1037 5083 1132 5153 qui
1183 5080 1454 5136 credituri
1479 5088 1607 5137 sunt
1639 5083 1729 5137 illi
1757 5084 1817 5138 in

171 5173 338 5226 vitam
366 5174 647 5227 aeternam.
681 5169 825 5234 Quid
858 5164 978 5224 tam
1033 5174 1291 5243 gratum,
1343 5172 1577 5240 tamque
1599 5172 1816 5242 jucun-

174 5259 332 5331 dum,
351 5257 540 5332 quam
575 5257 979 5331 peccatoribus
1001 5258 1427 5331 indulgentiam
1456 5260 1768 5331 praedicare

1903 530 2118 609 ctorem
2149 530 2688 623 hujuslprzst‘erens,
2722 549 2779 600 et
2804 540 3142 599 collaudans
3169 536 3229 590 in
3263 531 3492 623 Christo
3514 530 3542 585 Ἰ

1903 644 2008 709 Qui
2043 648 2106 698 ut
2132 621 2428 697 hominem
2461 637 2711 711 peccatis
2769 632 3047 698 ablueret,
3107 628 3178 682 de
3207 621 3538 680 ccelestibus

1905 734 1974 788 ad
2005 737 2236 787 terrena
2266 728 2646 794 descendens,
2679 739 2910 781 carnem
2937 716 3151 793 peccati
3185 711 3544 783 accepit,ter-

1905 823 2061 878 renis
2092 838 2152 876 se
2185 818 2587 887 admiscuit,ut
2612 832 2743 871 eum
2767 813 3054 868 caelestem
3087 806 3360 872 efﬁceret,
3397 798 3544 855 mori

1906 928 1967 967 se
1998 928 2206 982 passus
2235 913 2343 978 est,
2377 913 2441 962 ut
2462 906 2629 962 illum
2655 907 2836 958 morte
2858 903 3091 955 erutum
3116 891 3384 982 paradiso
3415 889 3544 982 red-

1906 978 2068 1055 deret
2096 995 2510 1053 immortalem.
2547 993 2689 1058 Quis
2712 992 2834 1046 haec
2865 985 3146 1044 beneficia
3174 999 3288 1037 non
3320 978 3381 1034 in
3412 978 3545 1032 infi-

1907 1089 2098 1143 nitum
2129 1086 2387 1150 extollat,
2419 1101 2546 1156 quae
2596 1088 2743 1136 Deus
2774 1075 3042 1152 praestitit
3070 1069 3316 1135 homini,
3348 1067 3546 1124 Domi-

1909 1195 2019 1232 nus
2052 1193 2238 1242 servo,
2271 1175 2546 1230 Conditor
2571 1175 2845 1226 creaturas
2867 1184 2886 1229 ,ο
2918 1170 2982 1220 ut
3010 1162 3144 1235 plus
3175 1159 3364 1215 adhuc
3394 1159 3548 1213 esset

1909 1265 1966 1320 in
1999 1263 2294 1320 beneficiis
2325 1262 2643 1329 humamis,
2677 1272 2853 1329 quam
2884 1269 3018 1310 cum
3050 1250 3184 1306 fecit
3245 1263 3371 1319 qua
3429 1261 3544 1299 non

1908 1358 2092 1420 erant,
2128 1357 2506 1424 posteaquam
2539 1349 2674 1404 fecit
2693 1348 2720 1402 ?
2746 1344 2971 1401 Etenim
3004 1339 3316 1396 derelictus
3339 1333 3545 1424 abhis,

1909 1447 1964 1498 et
1994 1421 2386 1513 contemptus,
2415 1445 2471 1494 et
2531 1433 2879 1492 contumelis
2926 1428 3240 1502 appetitus,
3283 1421 3547 1513 addit-ad

1908 1531 2190 1587 beneficia
2219 1509 2334 1585 non
2367 1527 2708 1600 requisitus,
2761 1528 2827 1578 ut
2857 1519 3082 1593 gracior
3127 1517 3299 1584 esset,
3333 1516 3390 1567 et
3418 1509 3552 1582 plus

1912 1621 2305 1693 prmferendus
2336 1620 2474 1673 dum
2508 1617 2738 1687 reparat
2759 1626 2934 1684 quam
2956 1624 3090 1664 cum
3120 1604 3346 1693 fecit,ut
3365 1603 3554 1693 osten-

1913 1688 2073 1764 deret
2102 1725 2286 1764 unum
2322 1724 2382 1763 se
2411 1723 2558 1770 esse,
2610 1702 2709 1775 qui
2740 1701 2862 1755 haec
2910 1695 3110 1753 omnia
3137 1692 3342 1765 possit.
3371 1688 3556 1761 Igitur

1913 1799 1996 1855 sic
2027 1799 2294 1853 Christus
2327 1794 2663 1868 praesidium
2693 1790 2832 1846 tulit
2860 1783 3106 1849 homini,
3143 1787 3209 1837 ut
3238 1779 3554 1868 puritatem

1914 1905 2081 1944 suam
2116 1904 2229 1942 non
2258 1867 2516 1954 violaret,
2549 1898 2652 1937 nec
2684 1877 3017 1935 admitteret
3048 1873 3414 1946 potestatem.
3450 1867 3557 1921 Ilo-

1915 1978 2133 2033 minem
2165 1975 2320 2031 enim
2344 1972 2505 2028 nasci
2529 1988 2588 2027 se
2611 1969 2923 2038 voluit,pro
2945 1967 3098 2019 certo
3122 1961 3342 2016 habens
3365 1955 3558 2012 carnis

1916 2070 2184 2123 contactu
2216 2081 2277 2120 se
2328 2062 2570 2118 minime
2608 2057 2833 2114 violari.
2881 2047 3311 2110 Conversationi
3341 2046 3558 2101 huma-

1916 2174 2001 2211 nae
2035 2172 2096 2211 se
2145 2153 2404 2219 miscuit,
2462 2150 2654 2206 sciens
2710 2143 2963 2218 peccatis
3003 2157 3064 2197 se
3115 2135 3410 2208 corrumpi
3443 2149 3559 2188 non

1916 2261 2108 2317 posse.
2142 2241 2334 2298 Occidi
2366 2257 2427 2296 se
2481 2253 2694 2310 passus
2721 2239 2830 2302 est,
2881 2247 2993 2286 non
3048 2226 3279 2283 nescius
3314 2226 3556 2279 mortem

1917 2314 2030 2388 sibi
2063 2330 2347 2387 dominari
2375 2344 2488 2382 non
2514 2321 2811 2398 posse,sed
2840 2336 2966 2376 eam
2992 2334 3098 2372 sua
3119 2314 3446 2386 opprimere
3466 2327 3566 2382 po-

1916 2425 2142 2476 testate.
2177 2420 2308 2474 Hasc
2334 2432 2469 2489 ergo
2496 2413 2697 2486 gessit,
2725 2415 2787 2465 ut
2815 2407 3014 2464 omnia
3035 2423 3096 2460 se
3118 2419 3288 2477 posse
3310 2402 3558 2489 doceret.

1917 2510 2230 2566 Humilitas
2289 2487 2444 2562 enim
2491 2505 2605 2559 ista
2653 2517 2767 2555 non
2820 2498 2890 2552 ad
2952 2491 3401 2550 diminutionem
3433 2487 3562 2558 ejus

1918 2599 2168 2672 prolicit,
2203 2597 2303 2651 sed
2333 2596 2401 2649 ad
2436 2593 2701 2665 gloriam,
2735 2593 2791 2643 et
2821 2603 2935 2641 non
2968 2583 3156 2639 solum
3190 2581 3338 2651 ejus,
3356 2592 3558 2632 verum

1918 2667 2095 2744 etiam
2127 2687 2184 2740 in
2212 2685 2407 2757 ipsum
2439 2680 2821 2737 credentium.
2855 2673 3121 2747 Dignitas
3143 2673 3232 2725 est
3261 2667 3415 2723 enim
3449 2683 3564 2721 ser-

1916 2793 2054 2830 vum
2088 2790 2214 2828 esse
2239 2754 2519 2844 potentis.
2554 2772 2695 2821 Cum
2729 2768 2863 2820 ante
2883 2760 3218 2834 Apostolum
3252 2754 3421 2844 multi
3454 2754 3563 2808 uti-

1923 2881 2034 2936 que
2065 2843 2454 2917 credidissent
2503 2858 2839 2912 Judaeorum
2873 2869 2940 2908 ex
2976 2849 3089 2915 his,
3118 2845 3214 2919 qui
3246 2843 3562 2900 Dominum

1922 2930 2115 3024 ipsum
2151 2943 2835 3018 occiderunt,Apostolus
2866 2941 3155 3006 tamen,ut
3185 2951 3246 2991 se
3273 2930 3562 2998 humiliet,

1921 3040 2111 3097 adhuc
2143 3039 2345 3093 dolens
2375 3037 2446 3091 de
2478 3052 2584 3091 sua
2614 3025 3308 3097 incredulitate,primum
3341 3038 3404 3076 se
3435 3035 3564 3076 om-

1924 3131 2087 3185 nium
2123 3125 2488 3201 peccantium
2520 3117 2994 3184 vocat.Quoniam
3028 3113 3182 3170 enim
3207 3129 3321 3184 prae
3343 3108 3565 3165 caeteris

1925 3220 2288 3275 sacramento
2323 3231 2383 3271 se
2414 3213 2627 3268 imbuit
2652 3203 3236 3276 Salvatoris,propius
3268 3201 3339 3256 ad
3363 3214 3564 3270 cogro-

1923 3309 2139 3364 scenda
2205 3300 2722 3378 magnificentiam.
2773 3298 2900 3368 ejus
2970 3293 3271 3360 accedens,
3331 3289 3568 3343 accusat

1923 3414 1985 3453 se
2019 3375 2332 3467 magis,qui
2354 3396 2581 3448 tantum
2615 3388 2748 3443 boni
2780 3385 2946 3440 tarde
2976 3378 3230 3454 agnovit,
3255 3394 3360 3467 nec
3388 3375 3564 3441 ultro,

1924 3488 2024 3542 sed
2048 3466 2449 3540 misericordia
2468 3480 2594 3550 ejus
2616 3476 3034 3549 praeventusmt
3059 3470 3183 3541 ipse
3202 3466 3370 3522 testis
3390 3467 3564 3530 esset,

1925 3573 2245 3631 divinitatis
2277 3572 2425 3642 ejus,
2459 3583 2633 3642 quem
2665 3565 2828 3637 prius
2851 3567 2915 3617 ut
2944 3558 3241 3615 hominem
3269 3559 3566 3610 mortuum

1923 3663 2271 3720 aestimabat.
2302 3639 2432 3715 Haec
2473 3639 2764 3713 accusatio
2824 3652 2951 3723 ejus
2983 3652 3090 3710 est,
3125 3646 3254 3701 laus
3282 3658 3415 3698 vero
3445 3639 3566 3696 Sal-

1924 3753 2140 3807 vatoris
2173 3750 2272 3821 qui
2323 3749 2394 3803 ad
2443 3743 2770 3816 exemplum
2821 3743 3157 3794 caaterorum
3207 3731 3568 3790 credentium

1927 3819 2373 3915 persequentem
2397 3853 2459 3891 se
2482 3831 2703 3889 vocavit
2733 3831 2801 3885 ad
2828 3827 3095 3900 gratiam,
3121 3829 3188 3878 ut
3216 3839 3320 3894 per
3348 3819 3570 3892 patien-

1925 3912 2070 3985 tiam
2103 3943 2293 3996 suam,
2329 3919 2868 3994 magnanimitatem
2893 3916 2952 3969 in
2975 3930 3041 3969 eo
3063 3912 3394 3967 ostenderet
3414 3912 3572 3964 caete-

1928 4019 2030 4085 ris,
2064 4017 2161 4089 qui
2195 4013 2429 4069 inimico
2466 4016 2580 4064 tam
2604 4005 2916 4062 benevolus
2941 4001 3183 4068 exstitit,
3206 3997 3397 4070 qualis
3419 3999 3573 4052 esset

1928 4109 2161 4163 futurus
2194 4104 2262 4159 ad
2296 4117 2357 4157 se
2392 4095 2857 4155 decurrentibus.

1999 4195 2132 4264 Regi
2161 4201 2345 4247 autem
2385 4187 2715 4243 saeculorum
2771 4179 3094 4249 immortali,
3145 4173 3436 4244 invisibili,
3467 4172 3574 4228 soli

1928 4287 2033 4342 Deo
2063 4261 2234 4339 honor
2280 4283 2330 4335 et
2382 4278 2561 4348 gloria
2615 4276 2675 4329 in
2704 4271 2904 4327 swcuta
2958 4268 3307 4325 saeculorum.
3342 4262 3471 4318 Haec
3500 4261 3571 4316 ad

1927 4373 2028 4430 Dei
2060 4370 2246 4428 Patris
2277 4381 2586 4441 personam
2618 4362 2923 4434 pertinent,
2974 4373 3145 4428 quem
3177 4349 3573 4441 immortalem

1928 4462 2058 4516 ideo
2090 4440 2302 4524 solum,
2336 4461 2392 4511 et
2423 4451 2775 4510 invisibilem
2802 4444 3221 4521 appellat,quia
3249 4441 3443 4497 omnis
3468 4440 3575 4496 im-

1851 4558 1899 4622 D
1934 4547 2257 4606 mortalitas
2288 4545 2360 4600 ab
2389 4544 2516 4614 ipso
2549 4545 2656 4608 est,
2691 4544 2757 4594 ut
2787 4537 2896 4610 ipsi
2929 4535 3035 4592 soli
3066 4532 3253 4602 magis
3285 4533 3578 4601 competat

1936 4640 1995 4694 in
2026 4636 2287 4704 veritate,
2322 4632 2457 4703 quia
2488 4631 2736 4702 quisque
2780 4623 3132 4681 immortalis
3164 4625 3271 4690 est,
3305 4635 3419 4674 non
3451 4634 3485 4672 a
3515 4633 3577 4672 se

1935 4728 2086 4782 hanc
2115 4723 2312 4789 habet,
2345 4721 2444 4775 sed
2478 4720 2549 4774 ab
2580 4717 2699 4772 illo.
2723 4714 2912 4771 Simili
2942 4713 3113 4768 modo
3144 4713 3200 4764 et
3229 4709 3289 4764 in
3320 4709 3579 4778 Evange-

1936 4817 2008 4871 lio
2040 4813 2258 4886 legitur
2288 4809 2512 4864 dicente
2561 4804 2841 4861 Domino:
2880 4803 3022 4869 Quia
3055 4813 3212 4854 nemo
3261 4804 3357 4865 est,
3389 4795 3585 4866 inquit

1934 4885 2123 4966 bonus,
2168 4901 2284 4956 nisi
2323 4914 2465 4952 unus
2522 4897 2663 4951 Deus
2723 4891 2909 4962 (Marc.
2968 4907 3023 4944 x.
3084 4888 3192 4953 18).
3243 4886 3315 4940 Et
3367 4885 3584 4940 iterum

1932 4995 2054 5068 ipse
2087 4990 2269 5046 dicit:
2327 4992 2507 5043 Bonus
2564 4986 2722 5040 homo
2775 4979 2841 5033 de
2872 4979 3005 5033 bono
3061 4976 3318 5031 thesauro
3372 4978 3589 5047 profert

1934 5063 2074 5141 bona
2100 5079 2321 5151 (Matth.
2352 5094 2454 5142 xu,
2482 5075 2595 5144 35).
2627 5072 2808 5127 Nemo
2839 5063 3179 5130 tamen,uisi
3225 5080 3379 5119 unus
3411 5067 3593 5136 Deus,

1932 5175 2128 5229 bonus
2159 5173 2266 5234 est,
2301 5165 2437 5237 quia
2468 5165 2598 5235 Ipse
2631 5162 2759 5216 fons
2805 5153 3088 5210 bonitatis
3118 5156 3299 5220 est,ex
3328 5168 3442 5222 quo
3475 5170 3594 5210 om-

1931 5261 2039 5317 teri
2074 5261 2369 5328 putantur,
2400 5257 2463 5307 ut
2492 5251 2632 5309 boni
2656 5247 2792 5304 sint.
2817 5244 2945 5314 Ipse
2967 5247 3054 5296 est
3083 5244 3140 5294 et
3159 5239 3473 5328 invisibilis
3497 5260 3594 5298 so-

1932 5351 1948 5358 -
2052 5347 2091 5358 r\
2329 5343 2339 5353 ο
2481 5340 2540 5358 11³
2650 5355 2673 5358 _
2695 5349 2861 5358 ---ιι-νδ
2890 5333 3051 5358 ..ξι-ειη
3074 5330 3158 5358 nn}
3203 5326 3405 5358 nmn:n
3431 5330 3590 5358 Λνιξ-ν-
