3974 5358
425 376 543 441 667

1439 385 1779 447 ATTONIS
1827 384 2412 448 VERCELLENSIS
2459 386 2810 451 EPISCOPI

3720 384 3843 447 668

424 511 547 583 agit
572 526 677 584 per
705 513 937 583 Filium,
990 532 1164 588 quem
1211 517 1423 572 idcirco
1472 517 1665 574 visum
1699 518 1971 587 dicimus,
2005 521 2072 573 ut
2100 520 2152 586 Α
2185 518 2334 575 stica
2365 525 2457 583 est.
2484 521 2699 576 tradita
2729 539 2763 577 a
2792 520 3072 594 magistro
3118 521 3404 594 gentium,
3436 536 3560 592 qua
3594 522 3845 574 utuntur

423 601 560 656 licet
591 602 760 658 aliter
780 621 955 675 quam
983 611 1090 671 est,
1115 608 1458 678 apparuisse
1478 609 1661 678 (1293)
1684 613 1879 663 tamen
1905 607 2070 662 illum

424 689 847 762 signiﬁcemus.
882 696 1397 751 Honoriﬁcentiam
1429 702 1650 769 ergo,et
1680 696 1926 767 gloriam
1960 701 2071 751 Deo

424 779 582 833 Patri
611 779 669 833 in
698 781 938 837 veritate
988 785 1346 854 pronuntiat,
1399 787 1569 856 cujus
1602 785 1810 857 pietate
1842 803 1907 840 ac
1940 802 2070 855 pro-

425 867 681 923 videntia
712 870 979 926 Christus
1008 872 1272 928 liberavit
1303 881 1632 945 peccatores
1660 892 1727 928 ex
1759 879 1962 929 morte.

496 958 602 1013 Hoc
628 964 964 1030 praeceptum
1010 963 1320 1017 commendo
1370 964 1487 1028 tibi,
1539 965 1625 1033 ﬁli
1654 964 1951 1026 Tomolhee,
1982 979 2070 1017 se-

422 1046 662 1101 cundum
690 1049 1059 1118 praecedentes
1079 1067 1244 1121 super
1273 1055 1326 1105 te
1345 1054 1749 1122 prophetias,ut
1776 1053 1985 1106 milites
2014 1053 2073 1105 in

424 1136 540 1189 illis
571 1138 767 1192 bonam
808 1139 1095 1205 militiam,
1156 1141 1355 1195 habens
1414 1142 1596 1212 fidem,
1632 1144 1682 1195 et
1714 1143 1909 1197 bonam
1942 1156 2071 1195 con-

423 1225 728 1295 scientiam,
765 1243 929 1296 quam
948 1228 1171 1297 quidam
1199 1231 1538 1300 repellentes,
1562 1233 1706 1285 circa
1738 1231 1902 1299 ﬁdem
1930 1246 2074 1283 nau-

426 1321 803 1381 tragaverunt,
837 1334 907 1370 ea;
934 1319 1129 1388 quibus
1158 1327 1239 1374 est
1266 1321 1611 1389 Hymenaeus,
1655 1324 1706 1373 et
1738 1319 2072 1384 Alexander,

425 1416 555 1470 quos
586 1402 793 1458 tradidi
830 1404 1071 1469 Satanae,
1129 1413 1191 1461 ut
1240 1408 1448 1463 discant
1506 1424 1611 1463 non
1675 1407 2070 1476 blasphemare.

426 1494 745 1562 Postquam
783 1495 883 1548 Dei
915 1495 1125 1563 Patris,
1161 1501 1216 1550 et
1265 1497 1476 1552 Christi
1511 1496 1638 1551 Filii
1670 1498 1819 1567 ejus,
1858 1514 1986 1566 quae
2017 1501 2074 1551 et

426 1588 643 1650 quanta
676 1582 957 1638 beneficia
1013 1584 1129 1639 sint
1182 1585 1334 1641 circa
1394 1591 1724 1655 peccatores
1784 1584 2069 1653 homines,

426 1672 805 1736 memoravit;
840 1673 937 1742 qui
970 1690 1104 1728 cum
1155 1679 1351 1729 essent
1407 1674 1709 1745 puniendi,
1739 1691 1851 1728 non
1883 1673 2072 1729 solum

426 1757 647 1829 ignovit
676 1760 782 1827 eis,
816 1761 915 1815 sed
948 1763 1451 1833 etjustiﬁcavit,et
1483 1764 1541 1818 in
1576 1763 1725 1818 ﬁlios
1756 1762 1868 1817 sibi
1898 1763 2073 1833 adop-

2187 610 2519 665 sacerdotes
2543 611 2749 682 nostri,
2774 616 2838 667 ut
2858 629 2960 682 pro
2982 610 3255 666 omnibus
3276 608 3845 681 supplicent,depre-

2183 704 2381 752 cantes
2416 715 2518 769 pro
2552 700 2785 771 regibus
2816 700 2995 770 hujus
3038 700 3254 764 saeculi,
3302 704 3364 753 ut
3394 699 3703 768 subjectae
3732 697 3844 751 ba-

2182 786 2359 841 beant
2390 793 2610 860 gentes,
2641 794 2707 843 ut
2764 789 2819 843 in
2862 805 3002 860 pace
3059 788 3253 860 positi,
3307 789 3367 842 in
3424 786 3843 857 tranquilitate

2182 876 2417 941 mentis,
2449 880 2505 931 et
2537 876 2731 948 quiete
2761 878 3007 933 Domino
3040 881 3236 933 nostro
3264 877 3479 933 servire
3512 875 3843 948 possimus.

2183 964 2424 1019 Orantes
2448 965 2621 1020 etiam
2655 983 2757 1036 pro
2780 965 2894 1037 his,
2923 968 3139 1038 quibus
3161 965 3430 1021 sublimis
3465 969 3739 1037 potestas
3762 968 3847 1017 est

2183 1054 2422 1122 credita,
2456 1060 2521 1108 ut
2553 1054 2611 1108 in
2649 1056 2906 1125 justitia,
2960 1060 3018 1111 et
3046 1056 3288 1111 veritate
3319 1055 3663 1128 gubernent
3694 1068 3844 1108 rem-

2183 1142 2918 1214 publicam,suppeditante
2943 1161 3138 1199 rerum
3162 1144 3627 1208 abundantia,ut
3649 1148 3842 1197 amota

2185 1231 2623 1302 perturbatione
2678 1232 3002 1299 seditionis,
3062 1233 3335 1288 succedat
3379 1231 3609 1288 laetitia.
3672 1229 3843 1284 Panis

2183 1318 2337 1374 enim
2370 1321 2679 1375 conﬁrmat
2729 1337 2845 1385 cor,
2907 1325 2964 1375 et
3018 1320 3217 1375 vinum
3277 1320 3537 1375 laetificat
3578 1322 3841 1373 mentem

2183 1406 2351 1478 (Psal.
2386 1425 2503 1474 CIII,
2538 1409 2645 1479 14).
2679 1408 3045 1464 Postulantes
3070 1425 3202 1463 vero
3229 1424 3330 1479 pro
3361 1408 3479 1473 his,
3513 1407 3619 1477 qui
3658 1408 3721 1460 in
3748 1422 3841 1460 ne-

2184 1497 2456 1551 cessitate
2488 1498 2646 1551 varia
2676 1503 2836 1563 sunt,
2870 1504 2936 1552 ut
2965 1497 3134 1565 eruti,
3168 1503 3223 1552 et
3254 1496 3483 1552 liberati
3516 1501 3713 1550 Deum
3736 1494 3843 1549 col-

2182 1585 2421 1639 laudent
2448 1586 2868 1641 incolumitatis
2892 1592 3209 1642 auctorem.
3236 1586 3577 1641 Refereutes
3609 1599 3843 1655 quoque

2183 1675 2506 1746 gratiarum
2540 1676 2797 1730 actiones
2830 1692 2931 1746 pro
2963 1675 3056 1730 his
3088 1692 3214 1745 quae
3246 1674 3414 1729 nobis
3446 1673 3723 1745 quotidie
3752 1672 3842 1725 Dei

2182 1763 2547 1834 providentia
2576 1768 2931 1833 praestantur
2963 1765 3032 1818 ad
3052 1764 3323 1830 vitam,ut
3352 1762 3411 1817 in
3440 1762 3537 1816 his
3562 1761 3842 1815 omnibus

427 1847 589 1953 tavit,
622 1864 736 1919 quo
768 1849 971 1905 ordine
1014 1851 1295 1922 populum
1345 1852 1654 1924 disciplina
1683 1851 2074 1907 ecclesiastica
2106 1890 2152 1953 Β
2185 1857 2348 1907 Pater
2379 1850 2744 1908 collaudatur
2768 1857 2936 1919 Deus,
2959 1869 3028 1907 ex
3048 1870 3161 1924 quo
3185 1856 3323 1907 sunt
3343 1851 3639 1917 omnia,et
3664 1847 3841 1904 Filius

429 1935 715 1991 imbueret
741 1956 757 1991 :
790 1937 848 1992 in
880 1940 1161 2009 subjectis
1182 1942 1936 2008 ostendit,commonens,ut
1958 1957 2073 1995 me-

429 2040 557 2078 mor
585 2024 885 2082 electionis
916 2044 1033 2083 suaa
1066 2034 1307 2085 sanctus
1331 2029 1676 2085 Timotheus
1710 2030 1788 2100 id,
1814 2030 1883 2083 ad
1917 2029 2070 2099 quod

426 2113 752 2170 destinatus
784 2121 891 2183 est,
941 2116 1200 2187 impleat.
1263 2119 1710 2174 Prsadestinatus
1756 2123 1845 2173 est
1892 2118 2071 2183 enim,

427 2204 661 2275 quando
693 2206 766 2260 ad
797 2209 903 2260 hoc
946 2207 1017 2261 ab
1049 2208 1326 2277 Apostolo
1375 2212 1717 2279 assumptus
1750 2211 1857 2271 est,
1891 2211 1954 2260 ut
1980 2223 2071 2260 or-

425 2292 749 2361 dinaretur,
784 2295 999 2366 dignus
1032 2296 1334 2365 judicatus
1380 2297 1616 2351 futurus
1647 2297 1975 2367 episcopus,
2013 2298 2074 2349 ut

426 2380 697 2453 impleret
728 2382 996 2437 militiam
1029 2384 1419 2454 evangelicum
1444 2384 1500 2438 in
1526 2385 1638 2439 ﬁde
1668 2390 1724 2439 et
1754 2400 1899 2455 pura
1930 2401 2072 2439 cou-

426 2470 688 2526 scientia.
714 2471 821 2535 Qui
847 2471 1001 2526 enim
1024 2471 1271 2527 ﬁdeliter
1291 2474 1598 2539 docet,non
1630 2478 1824 2545 potest
1856 2472 2070 2528 malam

427 2558 641 2614 habere
691 2560 1130 2615 conscientiam.
1192 2562 1355 2615 Tunc
1406 2554 1564 2616 enim
1626 2563 1801 2616 ﬁdem
1840 2561 2073 2617 exhibet

427 2647 844 2720 praedicationi,
880 2648 927 2703 si
960 2665 1022 2703 se
1052 2648 1341 2704 abstineat
1374 2668 1407 2704 a
1436 2650 1741 2705 contrariis
1772 2651 2068 2720 omnibus,

425 2737 565 2808 quia
595 2738 859 2809 exemplo
889 2737 1175 2793 bonorum
1211 2755 1453 2810 operum
1488 2738 1702 2795 multos
1734 2739 1967 2794 lacessit
1997 2740 2069 2793 ad

423 2826 841 2895 credelitatem,
888 2826 1131 2882 ﬁdentes
1186 2828 1257 2883 de
1289 2844 1391 2899 spe
1442 2827 1888 2899 praedicationis.
1922 2827 2067 2882 Nam

424 2915 523 2987 qui
558 2915 731 2969 fidem
762 2915 1003 2985 spernit,
1039 2916 1240 2986 procul
1264 2915 1440 2971 dubio
1468 2916 1631 2971 male:
1656 2921 1743 2971 est
1775 2916 2070 2971 conscien-

422 3002 534 3058 tiae.
565 3005 679 3058 Aut
725 3004 880 3058 enim
933 3004 1235 3077 hypocrita
1292 3005 1652 3076 praedicator,
1699 3010 1801 3060 aut
1830 3008 2068 3076 apertus

422 3090 822 3162 blasphemus,
849 3092 1001 3146 sicut
1029 3098 1197 3147 erant
1226 3097 1591 3164 Hymenaeus,
1638 3098 1696 3148 et
1726 3093 2064 3161 Alexander,

421 3181 521 3252 qui
553 3181 878 3235 deterentes
933 3180 1103 3236 ﬁdem
1163 3182 1431 3254 naufragi
1490 3182 1624 3237 facti
1668 3188 1829 3249 sunt,
1863 3182 1916 3235 id
1955 3186 2062 3249 est,

2184 1942 2332 2011 ejus,
2364 1957 2465 2011 per
2494 1957 2664 2011 quem
2717 1947 2855 1996 sunt
2911 1940 3128 1996 omnia.
3169 1940 3239 1995 Ut
3296 1938 3504 2010 scpitis
3535 1936 3840 2003 omnibus,

2186 2046 2312 2100 qua:
2343 2028 2481 2083 huic
2510 2027 2754 2100 imperio
2785 2029 3081 2095 infesta,et
3100 2028 3340 2083 inimica
3369 2026 3602 2093 sunt,in
3635 2026 3841 2079 affectu

2185 2117 2438 2189 pietatis,
2472 2122 2529 2172 et
2559 2116 2848 2173 castitatis
2876 2119 2987 2172 Deo
3018 2117 3230 2172 servire
3254 2116 3577 2188 possimus.
3616 2115 3845 2169 Pertur-

2186 2205 2343 2261 batio
2375 2206 2553 2271 enim,
2586 2211 2642 2261 et
2666 2206 2969 2277 captivitas
3018 2223 3123 2261 nec
3161 2206 3438 2276 pietatem
3484 2208 3714 2271 servat,
3749 2219 3843 2256 nec

2182 2295 2535 2351 castitatem.
2565 2295 2723 2349 Unde
2744 2294 2899 2349 enim
2919 2294 3071 2366 pius,
3097 2294 3197 2365 qui
3217 2294 3413 2348 nudus
3434 2297 3526 2347 est
3545 2292 3577 2346 Ὺ
3599 2292 3674 2346 Et
3694 2291 3843 2345 unde

2183 2383 2442 2454 castitas,
2478 2383 2575 2438 ubi
2609 2384 2913 2455 potestatis
2944 2400 3061 2438 suae
3111 2400 3225 2437 non
3257 2382 3391 2437 est?
3422 2381 3499 2437 Ut
3527 2397 3676 2452 ergo
3727 2380 3839 2434 hac

2183 2470 2396 2526 servari
2432 2471 2680 2541 possint,
2710 2471 2879 2542 quies
2910 2470 3239 2526 necessaria
3259 2484 3362 2537 est,
3390 2475 3454 2524 ut
3483 2469 3711 2541 placita
3737 2472 3839 2521 Deo

2183 2560 2502 2615 reddantur
2532 2560 2833 2630 obsequia,
2858 2559 2956 2629 qui
2980 2576 3185 2615 omnes
3208 2558 3476 2614 homines
3498 2556 3703 2613 salvos
3726 2554 3842 2611 vult

2182 2648 2329 2714 fieri,
2356 2654 2413 2703 et
2459 2664 2806 2720 cognoscere
2846 2648 3185 2738 .veritatem.
3242 2650 3390 2713 Haec,
3454 2645 3675 2718 inquit,
3734 2648 3841 2699 vita

2180 2742 2411 2803 wterna,
2446 2742 2507 2792 ut
2553 2736 2875 2808 cognoscant
2928 2741 2979 2792 te
3008 2738 3191 2791 solum
3247 2741 3300 2791 et
3328 2751 3521 2790 verum
3564 2736 3759 2801 Deum,
3793 2738 3841 2787 α

2179 2842 2340 2899 quem
2368 2828 2589 2889 misisti,
2648 2828 2832 2883 Iesum
2886 2827 3169 2883 Christum
3224 2826 3400 2895 (Joan.
3457 2841 3601 2889 xvu,
3652 2824 3731 2889 3).
3781 2822 3837 2877 Si

2180 2916 2332 2971 Deus
2367 2916 2589 2986 utique,
2619 2916 2717 2986 qui
2750 2915 3120 2986 omnipotens
3161 2913 3374 2969 dicitur
3404 2928 3617 2968 omnes
3644 2913 3834 2966 homi-

2179 3022 2282 3060 nes
2315 3004 2505 3059 salvos
2535 3004 2658 3059 vult
2688 3004 2832 3071 ﬁeri,
2866 3020 2970 3058 cur
3001 3021 3114 3058 non
3160 3001 3442 3074 impletur
3470 3002 3606 3071 ejus
3639 3000 3832 3055 volun-

2175 3093 2310 3148 tas?
2335 3093 2444 3148 Sed
2474 3092 2534 3148 in
2558 3092 2716 3148 omni
2742 3092 3030 3147 locutione
3052 3108 3261 3148 sensus
3291 3095 3347 3146 et
3376 3090 3640 3145 conditio
3674 3089 3820 3143 latet.

2178 3182 2340 3237 Unde
2370 3181 2511 3236 dicit
2542 3182 2745 3236 Petrus
2769 3180 3073 3252 apostolus
3106 3181 3175 3251 (Il
3195 3186 3365 3236 Petr..
3403 3196 3441 3249 ι,
3473 3180 3567 3245 20)
3596 3196 3610 3233 :
3647 3178 3823 3232 Omnis

421 3270 565 3324 nudi
596 3270 857 3336 veritate,
892 3275 993 3326 aut
1025 3271 1231 3342 privati
1262 3253 1400 3325 vita:
1434 3271 1579 3334 Quid
1612 3275 1700 3325 est
1729 3270 1885 3325 enim
1917 3271 2067 3324 veri-
2101 3253 2143 3319 (ἶ
2179 3266 3667 3341 scripturaindigetinterpretatione(1300).Vultenim
3690 3272 3835 3320 Dens

421 3362 531 3425 tas,
564 3359 677 3413 nisi
709 3359 825 3412 vita
848 3358 876 3413 ‘l
915 3362 1069 3425 Quos
1118 3358 1431 3414 tradidisse
1460 3376 1522 3413 se
1555 3358 1696 3413 dicit
1728 3361 1970 3426 Satanw,
2006 3361 2071 3412 ut

422 3448 886 3502 emundarentur
930 3448 1111 3519 (1209)
1143 3464 1320 3502 causa
1378 3446 1752 3519 blasphenice.
1813 3446 2071 3501 Traditio

424 3540 618 3591 autem
652 3536 913 3607 haeciest,
949 3536 1087 3605 quia
1108 3540 1434 3590 commotus
1460 3534 1773 3606 Apostolus
1806 3535 2074 3606 blasphe-

423 3624 556 3679 miis
587 3641 789 3679 eorum
821 3623 1168 3678 sententiam
1194 3622 1508 3694 protulitin
1534 3639 1654 3677 eos.
1672 3622 1947 3695 Diabolus
1970 3640 2071 3677 au-

420 3717 560 3777 tem,
594 3712 695 3782 qui
728 3713 799 3767 ad
831 3711 939 3766 hoc
971 3718 1208 3782 paratus
1254 3724 1361 3777 est,
1414 3716 1475 3765 ut
1504 3728 1741 3767 aversus
1770 3729 1803 3765 a
1833 3712 1946 3767 Deo
1979 3729 2071 3767 ac-

423 3801 599 3872 cipiat
633 3800 689 3854 in
719 3804 1088 3871 potestatem,
1117 3801 1315 3855 audita
1345 3800 1655 3866 sententia,
1684 3801 1923 3872 corripit
1952 3817 2070 3867 eos,

425 3894 488 3944 ut
516 3888 905 3960 intelligerent
934 3888 1042 3944 hac
1074 3906 1250 3944 causa
1281 3906 1342 3945 se
1372 3889 1558 3960 pmnis
1599 3890 1906 3961 adstringi,
1937 3888 2076 3960 quia

426 3978 993 4049 blasphemaverant.
1027 3977 1171 4032 Hinc
1206 3983 1313 4044 est,
1349 3978 1503 4049 quod
1552 3976 1608 4030 in
1646 3977 1953 4049 Evangelia
1982 3977 2073 4032 di-

426 4072 584 4122 ctum
618 4072 707 4121 est
738 4066 890 4121 inter
913 4070 1119 4122 caetera
1145 4084 1156 4121 :
1187 4069 1310 4123 Jam
1328 4067 1446 4121 noli
1467 4082 1708 4137 peccare,
1733 4082 1801 4120 ne
1822 4066 1953 4136 quid
1974 4066 2076 4120 tibi

424 4157 664 4212 deterius
712 4158 992 4225 contingat
1037 4156 1212 4227 (Joan.
1260 4173 1313 4225 v,
1374 4156 1481 4226 14).
1543 4154 1867 4210 Ostendeus
1899 4171 2077 4210 causa

425 4244 645 4317 peccati
676 4244 991 4317 aliquando
1047 4244 1419 4299 inﬁrmitates
1474 4243 1677 4298 inferri
1708 4244 2073 4314 corporibus,

425 4333 494 4388 Et
522 4333 662 4405 quia
686 4333 953 4388 ministro
977 4332 1207 4387 diabolo
1232 4333 1401 4400 ﬁunt,
1434 4332 1749 4387 declaravit
1770 4332 2072 4399 Dominus,

426 4422 626 4477 dicens
654 4422 805 4475 inter
836 4421 1023 4477 multa
1047 4440 1059 4475 :
1086 4424 1211 4478 Haec
1231 4429 1411 4475 autem
1439 4437 1563 4475 cum
1583 4423 1654 4474 sit
1674 4420 1793 4490 ﬁlia
1813 4421 2072 4488 Abrahaz,

424 4526 593 4580 quam
622 4511 957 4579 alligaverat
1007 4514 1246 4565 Satanas
1294 4509 1475 4564 decem
1526 4513 1576 4563 et
1604 4519 1718 4564 octo
1747 4512 1934 4578 annis,
1966 4525 2075 4565 non

2179 3376 2270 3414 om
2283 3376 2384 3414 nes
2398 3358 2590 3413 salvos
2613 3358 2754 3425 fieri,
2778 3360 2879 3413 sed
2897 3358 2946 3413 si
2963 3357 3243 3413 accedant
3264 3356 3333 3411 ad
3354 3354 3646 3411 eum.Non
3667 3354 3833 3408 enim

2180 3450 2266 3504 sic
2300 3448 2441 3515 vult,
2467 3452 2531 3502 ut
2561 3446 2822 3502 nolentes
2844 3445 3272 3517 salventur,sed
3296 3443 3419 3500 vult
3445 3443 3581 3498 illos
3605 3442 3839 3505 salvari,

2181 3538 2230 3593 si
2261 3542 2317 3592 et
2341 3537 2451 3608 ipsi
2486 3535 2685 3591 velint.
2734 3535 2879 3590 Nam
2937 3535 3137 3606 utique
3184 3535 3286 3606 qui
3336 3533 3529 3604 legem
3560 3531 3843 3587 omnibus

2182 3626 2343 3681 dedit
2375 3624 2606 3679 nullum
2636 3624 2860 3695 excepit
2888 3641 2921 3678 a
2953 3623 3161 3679 salute.
3195 3622 3474 3694 Nunquid
3509 3638 3626 3676 non
3662 3621 3841 3675 medi-

2182 3730 2286 3770 cus
2318 3713 2535 3768 idcirco
2570 3712 2840 3785 proponit
2870 3712 2929 3766 in
2962 3712 3288 3784 publico,ut
3320 3728 3526 3767 omnes
3556 3727 3622 3765 se
3654 3714 3842 3764 osten-

2184 3803 2285 3859 dat
2300 3802 2447 3857 velle
2468 3801 2712 3869 salvare,
2736 3802 2786 3857 si
2807 3805 3001 3857 tamen
3026 3802 3096 3856 ab
3114 3801 3284 3873 azgris
3306 3800 3651 3871 requiratur
3670 3799 3697 3853 ?
3718 3798 3836 3853 Non

2182 3897 2273 3948 est
2299 3891 2454 3946 enim
2489 3908 2623 3947 vera
2652 3891 2834 3957 salus,
2870 3890 2919 3946 si
2949 3888 3167 3945 nolenti
3211 3889 3524 3958 tribuatur,
3558 3905 3670 3944 nec
3700 3904 3836 3960 gau-

2184 3981 2318 4036 dere
2348 3984 2539 4052 potest
2558 3980 2615 4034 in
2640 3984 2910 4051 percepta
2941 3978 3149 4045 salute,
3179 3976 3279 4049 qui
3302 3976 3543 4042 invitus,
3569 3976 3620 4030 si
3644 3981 3835 4030 tamen

2184 4074 2376 4140 potest
2405 4069 2551 4134 fieri,
2582 4068 2791 4139 accipit
2819 4067 3192 4137 medicinam,
3212 4070 3276 4120 ut
3306 4082 3419 4121 non
3471 4063 3675 4120 dicam
3706 4063 3836 4135 quia

2184 4157 2483 4212 medicinas
2515 4155 2784 4211 effectum
2816 4155 3029 4210 habere
3062 4171 3177 4210 non
3208 4152 3542 4226 potest,nisi
3579 4153 3659 4208 ad
3685 4152 3836 4206 illam

2184 4261 2334 4317 aeger
2367 4244 2632 4300 animum
2682 4244 3157 4299 commodaverit.
3190 4242 3336 4309 Quia
3379 4241 3501 4296 haec
3552 4242 3841 4296 medicina

2186 4352 2299 4389 non
2335 4339 2423 4388 est
2455 4332 2794 4405 corporalis,
2819 4332 2920 4387 sed
2952 4331 3389 4404 spiritalis,quaa
3423 4346 3620 4401 neque
3654 4328 3840 4385 dubiis

2185 4422 2440 4494 proﬁcit,
2472 4438 2659 4491 neque
2689 4421 2924 4476 invidis.
2961 4421 3131 4475 Fides
3162 4420 3318 4475 enim
3352 4423 3604 4490 est,quie
3636 4419 3738 4473 dat
3759 4434 3841 4472 sa-

2186 4510 2387 4580 lutem,
2422 4527 2597 4581 quam
2634 4509 2745 4565 nisi
2800 4526 2964 4564 mens
2996 4512 3118 4565 tota
3166 4508 3490 4576 susceperit
3519 4506 3837 4570 voluntate,

428 4602 664 4669 oportuit
693 4600 831 4655 solvi
856 4617 893 4653 a
922 4599 1141 4655 vinculo
1167 4600 1256 4653 die
1285 4598 1510 4653 Sabbati
1537 4600 1563 4651 7
1599 4598 1746 4669 (Luc.
1779 4615 1901 4665 xm,
1928 4599 2034 4669 16).
2108 4619 2154 4682 D
2188 4616 2304 4655 non
2337 4598 2526 4655 solum
2560 4598 2707 4652 nihil
2740 4597 3015 4669 proderit,
3066 4596 3167 4652 sed
3199 4601 3255 4652 et
3284 4596 3492 4652 oberit.
3538 4595 3706 4652 Fidei
3735 4602 3836 4651 eteo

499 4691 631 4743 CAP.
670 4688 760 4759 ΙΙ.)
809 4688 1113 4744 Exhortare
1170 4703 1296 4755 ergo
1348 4687 1598 4757 primum
1654 4688 1903 4741 omnium
1949 4686 2079 4757 ﬁeri

422 4778 852 4848 deprecationes,
930 4778 1220 4843 orationes,
1272 4776 1711 4847 prostulaliones,
1768 4777 2080 4846 gratiarum

427 4867 672 4922 actiones
700 4883 796 4937 pro
827 4867 1159 4932 hominibus,
1207 4881 1304 4937 pro
1337 4866 1574 4934 regibus,
1608 4868 1659 4919 et
1694 4880 1796 4935 pro
1827 4866 2078 4919 omnibus

426 4958 525 5027 qui
553 4957 613 5010 in
641 4955 957 5010 sublimiori
1014 4956 1127 5010 loco
1177 4955 1341 5026 positi
1394 4960 1547 5021 sunt,
1594 4957 1657 5007 ut
1707 4953 1991 5024 placitam,
2024 4962 2077 5008 et

427 5046 670 5096 auielam
696 5047 868 5096 vitam
898 5043 1156 5096 deoamus
1187 5046 1247 5096 in
1274 5044 1427 5096 omni
1466 5045 1685 5096 pietate.
1719 5049 1769 5095 et
1800 5040 2071 5095 castitate.

2188 4688 2310 4742 nim
2346 4686 2531 4759 gratia
2559 4687 2711 4742 hanc
2759 4686 2935 4741 habet
2964 4689 3337 4757 potestatem,
3363 4689 3429 4739 ut
3469 4684 3711 4740 devotis
3739 4682 3838 4738 sibi

2187 4776 2446 4830 divinam
2479 4775 2750 4829 infundat
2771 4774 3079 4841 medelam,
3104 4774 3391 4829 indevotis
3417 4790 3555 4829 vero
3586 4774 3843 4829 conferat

2187 4864 2481 4932 morbum,
2514 4880 2617 4935 per
2646 4880 2819 4935 quem
2852 4867 3007 4918 totus
3037 4862 3212 4917 homo
3244 4863 3509 4918 intereat.

2261 4954 2406 5009 Unus
2437 4969 2589 5007 enim
2619 4953 2778 5020 Deus,
2810 4967 2949 5006 unus
2999 4951 3273 5006 mediator
3302 4951 3402 5005 Dei
3438 4959 3493 5005 et
3524 4950 3846 5014 hominum,

2186 5040 2340 5095 homo
2374 5040 2622 5095 Christus
2648 5042 2818 5095 Iesus.
2853 5039 2974 5096 Dei.
3008 5044 3063 5093 et
3086 5038 3299 5093 Christi
3332 5055 3510 5093 unam
3547 5039 3847 5096 signiﬁcat
