3974 5358
206 444 321 506 669

601 447 1012 509 EXPOSITIO
1057 450 1135 509 IN
1179 448 1605 511 EPISTOIAS
1654 446 1912 510 PAULI.
1949 480 2021 490 --
2069 447 2147 507 ΙΝ
2192 449 2439 511 EPIST.
2486 451 2510 511 Ι
2554 450 2654 511 AD
2698 445 3199 511 TIMO’I‘HEUM.

3483 445 3604 507 670

207 580 499 633 Christum
519 578 966 635 Jesum.Missus
983 580 1139 635 enim
1160 598 1192 635 a
1212 581 1588 649 Patre,factus
1607 579 1843 646 arbiter,
1874 579 1928 645 Α
1960 579 2304 649 professioni
2337 582 2607 653 congruit
2635 586 2700 637 ut
2732 580 2919 652 possit
2966 596 3077 634 non
3134 578 3291 634 aliud
3327 578 3605 635 aestimari

208 667 593 722 reconciliavit
620 669 803 723 Deum
834 674 889 723 et
917 669 1206 735 homines,
1242 670 1607 724 reformando
1640 686 1739 724 eos
1782 669 1852 723 ad

209 756 566 827 agnitionem
588 758 889 827 ejus.Quia
909 759 1064 813 enim
1090 776 1241 813 unus
1263 765 1351 813 est
1372 764 1543 813 Pater
1572 763 1629 813 et
1652 757 1851 827 Filius,

212 861 325 900 non
386 862 652 917 persona,
688 847 787 901 sed
830 847 1181 902 indiﬂ‘erenti
1235 852 1462 915 natura,
1515 851 1578 901 ut
1636 847 1855 901 arbiter

211 938 361 988 esset
391 934 490 989 Dei
521 938 578 988 et
610 934 937 1000 hominum,
972 935 1151 989 Filius
1198 936 1297 989 Dei
1325 941 1630 1007 assumpta
1655 951 1849 1004 carne,

211 1021 383 1077 homo
416 1027 586 1076 natus
615 1027 797 1087 est,ut
826 1023 1107 1078 Mediator
1132 1024 1233 1078 Dei
1265 1030 1320 1079 et
1350 1024 1654 1079 hominum
1680 1024 1853 1078 homo

210 1115 362 1165 esset
390 1110 657 1165 Christus
694 1112 891 1176 Jesus,
940 1112 997 1166 id
1048 1118 1157 1181 est,
1213 1130 1325 1167 non
1375 1112 1499 1167 sine
1531 1112 1853 1177 divinitate,

210 1199 352 1269 quia
382 1200 440 1253 in
475 1199 589 1253 Deo
621 1200 795 1254 homo
821 1205 966 1266 erat,
999 1206 1054 1254 et
1086 1206 1233 1255 Deus
1282 1201 1341 1255 in
1393 1201 1661 1266 homine;
1696 1205 1754 1256 et
1793 1206 1856 1255 ut

211 1304 279 1341 ex
312 1292 561 1357 utroque
610 1294 766 1343 esset
796 1289 1097 1354 Mediator,
1146 1295 1201 1345 et
1228 1296 1564 1361 ,utrumque
1600 1282 1853 1344 reconci-

206 1374 401 1441 liaret,
429 1376 488 1430 in
520 1394 579 1432 se
613 1378 868 1447 primum
903 1378 1009 1432 hoc
1043 1380 1193 1433 fecit.
1246 1380 1369 1434 Non
1419 1379 1574 1433 enim
1632 1383 1853 1448 poterat

207 1465 496 1519 unitatem
534 1466 628 1519 Dei
660 1467 1309 1536 custodiens,Mediator
1340 1468 1438 1522 Dei
1462 1473 1517 1522 et
1548 1468 1853 1522 hominum

204 1554 421 1619 vocari,
456 1554 623 1624 quasi
657 1555 806 1610 alius
838 1562 992 1610 esset
1022 1557 1303 1627 Deus,qui
1340 1557 1724 1611 dissidentem
1750 1556 1851 1610 ho-

208 1642 430 1697 minem
462 1660 495 1697 a
525 1643 640 1698 Deo
673 1644 730 1697 in
760 1643 1011 1715 gratiam
1045 1650 1355 1712 revocaret,
1390 1647 1488 1700 sed
1523 1646 1718 1709 homo,
1752 1644 1853 1715 qui

205 1729 398 1802 legem
429 1731 632 1786 datum
667 1749 780 1787 non
813 1734 1147 1803 praeteriret,
1182 1734 1371 1789 factus
1401 1740 1488 1789 est
1520 1735 1740 1789 arbiter
1772 1734 1856 1787 in-

208 1824 302 1873 ter
349 1836 483 1874 eum
538 1821 638 1891 qui
687 1821 961 1891 peccavit,
994 1827 1051 1876 et
1082 1823 1233 1877 inter
1284 1823 1447 1877 illum
1483 1824 1581 1894 qui
1616 1837 1855 1894 peccare

1965 686 2141 740 quam
2174 671 2452 724 cernitur.
2476 676 2609 737 Quae.
2641 675 2837 725 autem
2870 669 2927 722 in
2959 668 3131 722 domo
3163 666 3263 721 Dei
3284 684 3418 722 cum
3441 683 3603 737 pom-

1965 775 2039 829 pa
2071 775 2130 813 se
2163 760 2383 814 mavult
2408 760 2610 825 videri,
2645 776 2759 815 non
2793 759 2993 828 utique
3024 761 3253 829 propter
3281 755 3605 821 Deum,sed

1965 852 2197 918 propter
2230 848 2499 903 homines
2529 848 2910 917 consequitur
2932 846 3084 916 quod
3112 844 3327 913 vult,ut
3355 842 3608 915 gloriosa

1962 936 2247 1003 videatur,
2283 936 2426 991 nihil
2468 942 2853 992 consecutura
2902 952 2934 989 a
2979 934 3114 999 Deo,
3147 932 3257 987 nisi
3290 931 3603 987 maculam.

1964 1028 2190 1090 Quanto
2241 1026 2395 1081 enim
2446 1026 2784 1080 hominibus
2825 1024 3134 1094 splendida
3161 1022 3409 1087 videtur,
3443 1025 3606 1076 tanto

1965 1116 2153 1185 magis
2185 1115 2504 1187 despicitur
2529 1133 2561 1169 a
2590 1115 2725 1169 Deo.

2033 1205 2226 1259 Mulier
2257 1206 2317 1259 in
2353 1206 2571 1259 silentio
2613 1204 2788 1259 discat
2832 1205 2891 1257 in
2939 1204 3090 1257 omni
3131 1202 3473 1272 subjectione.
3503 1200 3604 1254 Do-

1961 1310 2079 1347 cere
2106 1298 2287 1347 autem
2310 1296 2539 1348 mulieri
2583 1310 2689 1348 non
2736 1293 3099 1363 permittitur,
3131 1306 3303 1360 neque
3329 1290 3610 1344 dominari

1964 1384 2104 1447 viro,
2137 1383 2231 1437 sed
2262 1399 2372 1437 esse
2404 1385 2463 1436 in
2489 1384 2723 1437 silentio.
2756 1380 2880 1435 Non
2911 1380 3101 1435 solum
3133 1379 3398 1434 habitum
3422 1378 3612 1432 humi-

1963 1470 2078 1524 lem
2110 1470 2325 1525 habere
2356 1471 2565 1525 debere
2598 1470 2925 1533 mulierem,
2956 1486 3155 1523 verum
3186 1468 3360 1523 etiam
3409 1470 3607 1521 aucto-

1964 1560 2195 1613 ritatem
2228 1560 2277 1613 ei
2303 1560 2728 1630 denegandam,
2781 1564 2837 1613 et
2884 1557 3308 1626 subjiciendum
3348 1555 3611 1627 praecipit

1962 1648 2108 1711 viro,
2143 1652 2207 1701 ut
2240 1652 2359 1702 tam
2394 1648 2617 1715 habitu,
2643 1664 2818 1718 quam
2852 1646 3152 1716 obsequiis
3184 1645 3293 1700 sub
3326 1648 3608 1715 potestate

1964 1737 2041 1791 sit
2071 1736 2198 1801 viri,
2231 1754 2298 1791 ex
2328 1754 2441 1807 quo
2464 1736 2647 1791 trahit
2675 1735 3177 1805 originem.Adam
3200 1733 3354 1788 enim
3381 1732 3607 1802 primus

1965 1829 2193 1880 creatus
2224 1826 2561 1893 est,deinde
2591 1825 2788 1894 Eva,et
2809 1825 2992 1879 Adam
3028 1840 3142 1878 non
3173 1826 3262 1877 est
3290 1822 3567 1876 seductus
3593 1838 3607 1888 ;

209 1908 462 1978 ignorat,
487 1913 552 1962 ut
583 1909 674 1964 hic
703 1910 1111 1981 ignosceret,et
1138 1911 1311 1966 homo
1341 1913 1413 1966 de
1444 1917 1647 1967 caetero
1669 1910 1728 1966 in
1756 1911 1854 1966 Dei
1889 1946 1936 2011 B
1968 1914 2179 1969 mulier
2207 1921 2401 1969 autem
2434 1915 2675 1969 seducta
2706 1914 2855 1968 facta
2871 1911 3034 1968 estin
3052 1908 3607 1983 praevaricationem.

212 1996 327 2051 ﬁde
360 2002 643 2051 maneret.

290 2087 397 2153 Qui
423 2085 569 2140 dedit
596 2089 946 2155 semetipsum
975 2089 1403 2159 redemptionem
1444 2106 1544 2160 pro
1586 2090 1858 2145 omnibus.

215 2174 384 2245 Cujus
412 2178 788 2230 testimonium
803 2177 1130 2246 temporibus
1157 2180 1273 2231 suis
1302 2179 1495 2233 datum
1526 2184 1641 2239 est;
1676 2182 1735 2233 in
1759 2196 1860 2250 quo

212 2266 421 2334 positus
448 2280 573 2319 sum
604 2281 698 2332 ego
749 2265 1085 2335 praedicator
1130 2276 1180 2321 et
1228 2270 1500 2338 apostolus
1543 2270 1859 2335 (veritatem

212 2353 353 2419 dico,
384 2369 494 2409 non
520 2354 795 2426 mentior),
827 2357 1086 2424 magister
1130 2357 1374 2425 gentium
1404 2359 1461 2411 in
1493 2357 1600 2425 ﬁde
1629 2360 1677 2411 et
1714 2359 1856 2412 veri-

210 2444 637 2508 tate.Quoniam
661 2443 973 2513 homojam
997 2444 1403 2500 reconciliatus
1430 2445 1858 2514 Deo,obnoxius

210 2536 338 2585 erat
377 2531 547 2586 morti
599 2532 856 2596 internae,
893 2549 963 2586 ne
993 2533 1063 2586 ad
1095 2550 1251 2602 eum,
1304 2535 1397 2588 cui
1449 2534 1856 2589 reconciliatus

209 2626 357 2688 erat,
383 2620 569 2690 possit
599 2621 936 2686 ascendere;
972 2620 1325 2685 Salvator,ut
1348 2623 1655 2677 arbitrium
1680 2638 1855 2677 suum

211 2709 285 2763 ad
314 2708 582 2763 effectum
614 2710 1130 2779 perduceret,mori
1162 2728 1223 2765 se
1253 2729 1463 2782 passus
1501 2718 1611 2779 est,
1656 2717 1859 2767 contra

202 2798 399 2867 jus,ut
422 2798 781 2852 descendens
811 2798 881 2851 ad
915 2798 1133 2854 inferos
1161 2806 1409 2854 mortem
1432 2801 1502 2853 de
1534 2801 1853 2870 impietate,

212 2902 392 2957 quam
420 2888 476 2939 in
512 2903 575 2939 en
607 2891 886 2956 gesserat,
922 2887 1248 2952 damnaret,
1295 2889 1564 2942 auferens
1607 2890 1655 2943 ci
1708 2906 1856 2958 quos

211 2976 539 3041 tenebat,ut
570 2976 639 3028 de
665 2980 868 3027 caetero
892 2975 1141 3045 quisque
1172 2979 1405 3045 signum
1438 2978 1564 3046 ejus
1597 2978 1853 3043 haberet,

213 3064 287 3117 ab
323 3078 391 3115 ea
432 3064 614 3116 teneri
664 3079 779 3116 non
828 3068 1041 3133 posset.
1074 3064 1254 3131 Cujus
1302 3064 1382 3118 rei
1430 3064 1854 3129 testimonium,

213 3154 476 3221 tempore
524 3166 639 3221 quo
688 3152 957 3218 surrexit,
1003 3152 1280 3207 ostendit.
1330 3154 1654 3207 Destructio
1699 3152 1854 3208 enim

214 3239 797 3307 mortis,resurrectio
826 3245 1188 3295 mortuorum
1213 3242 1510 3304 est.Quam
1535 3260 1698 3313 spem
1723 3243 1857 3298 mis-

211 3342 318 3381 sus
349 3334 438 3382 est
466 3327 561 3382 hic
591 3328 903 3399 Apostolus
922 3330 1197 3400 gentibus
1230 3311 1653 3401 praedicarant
1681 3334 1752 3387 ab
1786 3350 1852 3388 eo
1887 3311 1929 3377 (ἶ

211 3415 506 3471 discerent
536 3433 717 3487 quare
762 3434 897 3487 spes
929 3422 1083 3473 esset
1115 3418 1172 3472 in
1205 3419 1456 3474 Christo.
1515 3421 1659 3475 Hinc
1701 3423 1857 3477 enim

210 3503 388 3560 datus
419 3509 507 3559 est
535 3506 836 3575 magister,
870 3510 934 3560 ut
965 3507 1139 3560 ﬁdem
1187 3508 1415 3563 doceret
1445 3514 1501 3565 et
1530 3510 1855 3566 veritatem.

287 3595 413 3649 Volo
455 3595 649 3664 itaque
694 3610 859 3649 orare
909 3596 1055 3649 viros
1119 3597 1175 3649 in
1228 3599 1378 3651 omni
1430 3599 1562 3665 loco,
1624 3601 1858 3656 levantes

207 3692 430 3738 sanctas
457 3699 656 3738 manus
701 3685 820 3737 sine
867 3685 955 3737 ira
1006 3692 1056 3738 et
1101 3684 1509 3757 disceptatione.
1545 3689 1855 3743 Pacificum

209 3772 479 3827 animum
509 3771 569 3825 in
600 3772 859 3826 oratione
905 3788 1032 3827 esse
1082 3774 1310 3840 debere,
1358 3780 1421 3829 ut
1469 3777 1537 3830 ad
1590 3778 1857 3831 effectum

211 3860 538 3916 deducatur
565 3860 999 3913 oratio.Sanctaz
1025 3862 1182 3914 enim
1216 3878 1427 3916 manus
1458 3870 1596 3917 sunt
1626 3868 1860 3935 quando

210 3964 313 4003 cor
343 3948 631 4002 mundum
665 3949 874 4002 est.Sic
904 3954 1100 4003 tamen
1134 3950 1192 4003 in
1224 3951 1383 4004 omni
1415 3951 1540 4005 loco
1574 3956 1859 4009 orandum

209 4037 567 4110 pracipit,ut
591 4041 930 4108 competens
952 4037 1115 4091 locus
1137 4038 1637 4110 intelligatur,non
1660 4043 1861 4114 utique

206 4128 569 4199 importune,
594 4129 695 4180 aut
725 4125 960 4181 sordido
990 4125 1369 4198 loco,quippe
1401 4146 1533 4183 cum
1561 4131 1862 4200 prohibeat

204 4215 499 4271 Dominus
545 4213 716 4285 vulgo
766 4230 930 4268 orare
978 4214 1183 4283 (Matth.
1220 4233 1295 4282 v1,
1326 4217 1380 4285 6)
1417 4233 1429 4269 :
1466 4220 1565 4272 sed
1597 4219 1703 4274 hoc
1736 4237 1856 4275 mo-

204 4308 331 4373 net,
364 4319 436 4359 ne
465 4304 524 4357 in
559 4302 683 4358 sola
710 4302 969 4358 Ecclesia
999 4308 1273 4374 putarent
1303 4307 1609 4361 orandum.

281 4393 554 4448 Similiter
582 4395 629 4446 et
660 4392 923 4445 mulieres
970 4393 1030 4445 in
1074 4392 1271 4447 habitu
1315 4405 1513 4450 ornato
1543 4412 1668 4450 cum
1710 4414 1855 4453 verc-

198 4484 436 4549 cundia,
467 4490 518 4536 et
542 4480 834 4552 pudicitia,
886 4485 1145 4534 amantes
1192 4486 1509 4553 scmctipsas
1556 4502 1663 4539 non
1693 4491 1857 4542 tortis

201 4574 584 4636 crinibus,aut
606 4585 760 4635 auro,
794 4573 890 4623 aut
918 4571 1256 4638 margaritis,
1283 4584 1384 4626 aut
1412 4583 1553 4628 veste
1574 4578 1811 4644 pretiosa
1835 4597 1852 4632 :

2041 2003 2206 2057 Salva
2269 2011 2451 2058 autem
2498 2005 2603 2057 erit
2648 2019 2744 2073 per
2786 2002 3030 2070 ﬁliorum
3074 2001 3503 2071 generationem,
3560 1998 3613 2051 si

1972 2094 2277 2147 manserint
2307 2093 2487 2162 (1301)
2519 2094 2577 2146 in
2608 2092 2734 2162 ﬁde,
2782 2096 2833 2146 et
2880 2093 2941 2145 in
2985 2090 3289 2152 dilectione,
3320 2096 3372 2143 et
3399 2088 3609 2143 sancti-

1966 2182 2155 2235 monia
2185 2198 2305 2235 cum
2334 2180 2866 2253 pudicitia.Praefert
2893 2180 3081 2234 virum
3114 2176 3613 2247 mulieri,propter

1970 2271 2123 2341 quod
2158 2270 2384 2342 primus
2418 2274 2649 2325 creatus
2689 2274 2803 2331 est;
2855 2273 2920 2322 ut
2966 2266 3205 2322 inferior
3248 2266 3326 2321 sit
3374 2263 3607 2329 mulier,

1969 2360 2106 2430 quia
2136 2364 2268 2431 post
2292 2359 2503 2424 virum,
2539 2362 2595 2412 et
2624 2374 2692 2412 ex
2721 2358 2843 2411 viro
2894 2359 3086 2411 creata
3124 2358 3233 2410 est.
3286 2353 3523 2408 Accedit
3554 2357 3611 2407 et

1969 2448 2294 2519 aliud,quia
2324 2445 2593 2501 diabolus
2624 2462 2739 2501 non
2771 2445 2959 2499 virum
2991 2443 3241 2511 seduxit,
3275 2442 3374 2496 sed
3408 2440 3611 2495 mulie-

1967 2554 2089 2592 rem
2119 2562 2132 2602 ;
2164 2536 2254 2590 vir
2282 2540 2477 2591 autem
2514 2552 2615 2605 per
2646 2534 2949 2588 mulierem
2981 2532 3256 2601 deceptus
3286 2534 3394 2599 est,
3410 2546 3475 2584 ac
3506 2546 3610 2600 per

1967 2627 2075 2681 hoc
2108 2625 2267 2680 nulla
2290 2625 2369 2679 illi
2394 2624 2763 2679 concedenda
2783 2620 3025 2676 audacia
3045 2625 3152 2689 est,
3169 2619 3268 2674 sed
3291 2634 3418 2673 esse
3439 2619 3612 2673 debet

1968 2716 2026 2769 in
2054 2714 2404 2781 humilitate,
2428 2712 2566 2783 quia
2589 2728 2690 2783 per
2718 2710 2879 2765 illam
2913 2725 3071 2763 mors
3104 2706 3341 2762 intravit
3361 2706 3419 2761 in
3442 2723 3610 2761 mun-

1966 2805 2129 2857 dum.
2162 2803 2331 2857 Salva
2360 2807 2555 2856 autem
2587 2800 2933 2869 erit,inquit,
2954 2814 3056 2869 per
3087 2796 3339 2850 filiorum
3364 2811 3605 2866 genera-

1966 2893 2205 2952 tionem,
2234 2891 2281 2945 si
2314 2895 2505 2944 tamen
2540 2889 2599 2942 in
2631 2889 2742 2942 ﬁde
2775 2887 3122 2952 manserint,
3153 2889 3209 2939 et
3236 2883 3515 2939 charitate
3554 2888 3609 2937 et

1967 2997 2114 3050 pura
2142 2980 2278 3034 vita.
2311 2983 2427 3032 Hos
2465 2979 2622 3033 enim
2671 2976 2821 3031 ﬁlios
2868 2975 3028 3045 dicit,
3062 2974 3162 3045 qui
3195 2977 3609 3045 regenerantur

1966 3086 2069 3140 per
2100 3070 2270 3123 fidem
2295 3065 2675 3137 Christi,quia
2712 3065 2760 3119 si
2794 3064 2852 3119 in
2885 3062 3253 3135 generatione
3283 3078 3390 3117 sua
3420 3076 3609 3132 perse-

1965 3158 2311 3221 veraverint,
2342 3173 2475 3210 cum
2507 3155 2598 3209 his
2628 3153 2960 3208 liberabitur
2989 3167 3297 3222 resurgens
3337 3166 3404 3205 ex
3453 3165 3606 3202 mor-

1964 3246 2105 3309 tuis,
2140 3262 2251 3299 non
2284 3245 2439 3315 quod
2471 3245 2541 3297 ab
2571 3242 2688 3297 illis
2721 3239 3061 3308 liberalitur,
3093 3239 3191 3294 sed
3227 3254 3329 3309 per
3372 3236 3607 3291 illorum

1968 3333 2421 3405 generationem,
2456 3348 2590 3386 cum
2622 3331 2867 3385 credunt
2897 3328 2995 3399 qui
3036 3326 3311 3382 destinati
3360 3330 3501 3380 sunt
3548 3325 3605 3378 in

1967 3423 2146 3477 vitam
2190 3428 2484 3487 aeternam,
2532 3419 2863 3491 pervenitur
2908 3418 2979 3472 ad
3028 3415 3509 3472 resurrectionem
3543 3430 3610 3467 ex

1971 3512 2238 3575 mortuis,
2272 3516 2329 3565 et
2358 3512 2455 3565 fiet
2489 3509 2648 3565 salva
2675 3507 3046 3563 credentibus
3076 3505 3212 3571 illis,
3238 3508 3294 3559 et
3312 3503 3491 3558 vitam
3513 3518 3605 3557 ca-

1969 3606 2117 3655 stam
2164 3600 2472 3670 agentibus
2520 3600 2721 3669 (1302).
2768 3596 2995 3651 Tandiu
3056 3594 3209 3649 enim
3262 3591 3606 3647 resurrectio

1969 3706 2260 3759 suspensa
2289 3694 2397 3755 est,
2429 3687 2690 3759 quandiu
2722 3702 2925 3740 omnes
2955 3684 3195 3738 credant
3216 3679 3607 3753 praedestinati

1968 3780 2040 3833 ad
2073 3779 2348 3832 salutem.

2041 3868 2194 3935 (CAP.
2234 3867 2350 3933 ΙΙΙ.)
2396 3868 2678 3919 llumanus
2726 3878 2899 3917 sermo
2940 3865 3016 3917 est
3068 3880 3085 3915 :
3135 3861 3193 3915 Si
3240 3862 3360 3931 quis
3404 3861 3605 3930 episco-

1966 3968 2156 4025 patum
2204 3955 2495 4021 desiderat,
2551 3956 2750 4007 bonum
2796 3967 2927 4021 opus
2974 3950 3275 4004 desidernt.
3323 3948 3608 4013 Quoniam

1970 4043 2309 4114 episcopum
2342 4044 2505 4095 bona:
2536 4042 2665 4093 vita:
2697 4054 2825 4094 esse
2853 4042 3102 4108 oportet;
3138 4036 3350 4091 idcirco
3373 4036 3471 4107 qui
3493 4036 3609 4107 epi-

1971 4136 2271 4202 scopatum
2306 4131 2487 4200 cupit,
2521 4130 2739 4183 bonum
2772 4143 2919 4197 opus
2952 4125 3277 4189 desiderat;
3309 4124 3417 4177 hoc
3452 4123 3607 4177 enim

1969 4221 2231 4292 cupiens,
2266 4221 2479 4273 bonam
2510 4218 2686 4271 vitam
2720 4220 2992 4287 appetere
3021 4214 3269 4282 videtur,
3316 4212 3364 4266 si
3413 4216 3607 4265 tamen

1969 4328 2084 4365 non
2114 4310 2185 4365 ab
2219 4310 2310 4363 his
2342 4308 2610 4373 declinet,
2644 4322 2775 4377 qua:
2806 4305 2864 4359 in
2888 4302 3169 4372 subjectis
3201 4301 3511 4363 habentur,
3539 4315 3611 4353 ne

1969 4399 2292 4454 ambitione
2317 4403 2374 4452 et
2398 4394 2683 4451 desiderio
2704 4393 2961 4465 pecunia:
2982 4392 3089 4446 hoc
3111 4391 3299 4462 egisse
3318 4388 3605 4443 videatur.

2041 4490 2255 4559 Oportet
2311 4504 2437 4556 ergo
2494 4488 2808 4555 episcopum
2872 4480 3411 4552 irreprehensibilem
3473 4494 3603 4532 esse.

1966 4576 2166 4640 Qualis
2205 4577 2514 4647 episcopus
2562 4575 2769 4628 debeat
2811 4588 2960 4639 esse,
3004 4570 3302 4633 describit,
3334 4573 3398 4622 ut
3436 4584 3606 4621 nemo

200 4662 302 4717 sed
349 4662 510 4734 (quod
567 4659 715 4713 decet
762 4659 1044 4728 mulieres)
1092 4659 1401 4729 proﬁtentes
1454 4666 1716 4733 pietatem
1761 4684 1858 4737 per
1886 4675 1934 4739 Ι)
1965 4666 2365 4737 episcopatum
2400 4667 2654 4733 appetat,
2688 4661 2801 4717 nisi
2835 4661 2985 4715 fidus
3017 4658 3207 4721 fuerit,
3241 4657 3339 4727 qui
3374 4657 3446 4710 ab
3476 4673 3606 4711 om-

200 4766 378 4822 opera
410 4750 567 4804 bona.
602 4746 819 4801 Humili
852 4746 1058 4801 habitu
1092 4747 1367 4802 mulieres
1412 4767 1575 4805 orare
1624 4754 1852 4823 debere,

202 4856 328 4895 non
360 4839 417 4892 in
442 4835 748 4908 jactantia.
783 4836 888 4899 Qui
920 4836 1076 4890 enim
1108 4836 1231 4890 vult
1261 4838 1761 4903 audiri,inc:liuare
1791 4862 1853 4900 se

201 4929 603 4993 debet,amota
630 4943 664 4979 a
694 4941 756 4979 se
782 4941 1015 4996 pompa,
1034 4929 1097 4979 ut
1124 4926 1583 4982 misericordiam
1610 4931 1708 4985 Dei
1729 4951 1860 5003 pro-

199 5022 389 5073 vocet.
443 5014 689 5070 Hahitus
720 5014 873 5068 enim
909 5015 1196 5085 superbus
1252 5031 1354 5068 nec
1404 5016 1701 5087 impetrat,
1757 5040 1860 5077 nec

199 5111 362 5162 recta
392 5105 464 5159 de
524 5120 585 5158 se
633 5103 771 5157 facit
808 5102 983 5157 credi.
1008 5103 1147 5166 Quis
1176 5102 1334 5158 enim
1365 5106 1743 5173 prudentium
1766 5111 1860 5179 ja-

908 5191 1101 5218 l:...........
1159 5209 1273 5218 ...λη
1320 5192 1593 5220 ῑ-ηκ-,ιηιπ
1633 5196 1816 5222 nu..-‘

520 5208 741 5214 .__.--‘—_-
801 5208 896 5216 σε-..

1966 4754 2141 4808 nibus
2163 4751 2466 4807 contrariis
2488 4750 2779 4805 abstinere
2804 4766 2867 4804 se
2891 4752 3173 4818 potest,ut
3194 4761 3305 4800 non
3330 4744 3611 4815 indignus

1963 4843 2040 4897 sit
2070 4859 2178 4897 sua
2209 4838 2591 4911 professione.

2046 4934 2215 4988 Unius
2245 4929 2432 4985 uxoris
2462 4930 2658 4982 virum.
2696 4924 2976 4990 Quamvis
3006 4922 3351 5005 secundam,
3372 4937 3620 4979 numero

1971 5037 2211 5077 uxorem
2245 5036 2359 5074 non
2391 5017 2468 5071 sit
2501 5017 2713 5071 habere
2745 5012 3133 5087 prohibitum,
3166 5013 3229 5061 ut
3262 5016 3460 5063 tamen
3496 5012 3630 5082 quis

1970 5111 2185 5183 dignus
2220 5111 2291 5165 ad
2324 5108 2726 5179 episcopatum
2761 5101 3055 5168 sit,etiam
3083 5098 3244 5183 licita
3272 5096 3447 5183 debet
3478 5117 3640 5171 sper—

1969 5180 2101 5224 ..-1-
2140 5204 2373 5224 ...ηελλ-
2404 5196 2832 5224 ,κηιηιεηηςμιηαπ
2869 5187 3073 5224 ἶηοῖιια
3106 5180 3342 5224 cardinis.
3378 5186 3519 5224 nnin
3547 5206 3652 5224 nm-
