3974 5358
397 393 510 456 6'11

1420 411 1757 474 ATTONIS
1800 412 2383 475 VERCELLENSIS
2428 412 2776 475 EPISCOPI

3682 408 3811 471 672

391 540 506 582 non
536 531 840 589 obnoxium
868 538 1130 606 vino,non
1161 543 1560 600 verberatorem
1600 546 1691 600 sed
1708 545 2037 614 modestum,
2069 546 2124 611 Α
2154 550 2385 603 constat
2416 546 2719 603 ministros
2749 561 2878 601 esse
2905 543 3504 617 sacerdotum,quales
3526 544 3657 600 vult
3679 560 3817 601 esse

394 632 507 672 non
539 618 863 691 litigiosum,
896 644 1004 683 non
1029 646 1306 701 asperum,
1337 633 1560 689 domum
1588 652 1751 689 suum
1784 636 1912 689 bene
1958 651 2042 689 re-

396 714 628 775 gentem,
674 710 825 780 ﬁlios
874 714 1161 773 habentem
1204 722 1448 777 subditos
1494 740 1618 778 cum
1662 726 1820 779 omni
1863 724 2045 795 (1303)

396 798 686 853 charitate.
722 801 915 858 Talem
944 805 1262 875 hominem,
1294 812 1393 881 qui
1433 811 1554 867 haec
1585 812 1895 879 custodiat,
1919 829 2046 881 quae

401 893 725 955 enumerat,
743 890 1103 958 bona,creari
1136 898 1344 953 debere
1376 900 1516 956 dicit
1540 900 2047 972 episcopum.Haec

400 973 559 1028 enim
587 976 756 1048 signa
785 986 923 1035 sunt
953 983 1260 1055 dignitatis
1281 988 1651 1060 episcopalis.
1685 990 1743 1044 Si
1776 990 1907 1059 quis
1940 1006 2043 1045 au-

399 1064 516 1115 tem
548 1067 776 1133 potiora
804 1076 1081 1142 sectatus,
1115 1080 1171 1129 et
1200 1092 1410 1148 corpus
1450 1083 1506 1132 et
1558 1079 1816 1133 animam
1871 1095 2043 1133 suam

399 1148 514 1248 Deo
542 1152 839 1248 dicaverit,
874 1176 947 1215 ne
977 1178 1038 1217 se
1069 1165 1301 1236 capulet
1332 1167 1905 1233 matrimonio,tanto
1929 1184 2048 1221 ma-

401 1240 492 1310 gis
523 1240 739 1312 dignus
770 1246 886 1301 fiet.
921 1250 1052 1306 Ideo
1082 1253 1237 1308 enim
1269 1254 1601 1311 inferiorem
1634 1256 1846 1327 posuit,
1882 1260 1945 1310 ut
1977 1257 2047 1311 de

403 1329 626 1386 notiore
657 1349 826 1391 nemo
858 1339 1173 1397 dubitaret.

476 1416 537 1471 Si
564 1422 686 1488 quis
715 1428 901 1480 autem
930 1428 1118 1485 domui
1144 1448 1263 1488 suae
1288 1449 1525 1504 praeesse
1561 1435 1751 1501 nescit,
1784 1434 2047 1503 quomodo

402 1503 654 1562 Ecclesiae
686 1514 793 1565 Dei
818 1513 1163 1585 diligentiam
1213 1503 1463 1576 habebit?
1509 1522 1881 1577 Manifestum
1935 1529 2045 1587 est,

401 1594 542 1691 quia
570 1600 709 1691 tunc
740 1608 930 1672 potest
960 1606 1206 1664 idoneus
1238 1614 1427 1665 rector
1456 1612 1690 1665 futurus
1724 1611 1975 1682 probari,
1998 1612 2044 1666 si

402 1686 566 1752 prius
598 1686 838 1743 domum
870 1709 1037 1749 suam
1078 1702 1229 1752 recte
1257 1698 1667 1769 gubernaverit
1697 1716 1709 1753 :
1745 1701 1859 1768 Qui
1900 1700 2048 1754 enim

399 1768 463 1825 in
492 1774 745 1830 minimis
772 1778 955 1847 ﬁdelis
981 1788 1079 1851 est,
1111 1794 1163 1841 et
1189 1768 1498 1857 injmagnis
1527 1788 1678 1859 (Luc.
1713 1805 1828 1855 xvr,
1864 1789 1973 1856 10).

473 1861 591 1915 Νοη
618 1868 972 1938 neophytum,
1003 1889 1073 1928 ne
1112 1876 1173 1928 in
1218 1878 1535 1947 superbiam
1586 1880 1763 1932 elatus
1792 1878 1852 1931 in
1890 1876 2043 1947 judi—

402 1946 548 2007 cium
582 1952 793 2009 incidat
821 1957 1046 2016 diaboli.
1080 1946 1295 2018 Verum
1330 1969 1438 2033 est,
1474 1966 1614 2037 quin
1649 1946 1902 2020 rudesin
1934 1966 2045 2019 fide

401 2038 593 2094 solent
615 2044 810 2099 extolli
844 2050 1138 2121 superbia,
1189 2054 1439 2109 maxime
1470 2055 1516 2109 si
1551 2054 1842 2125 accipiant
1890 2053 2043 2107 ordi-

401 2141 557 2183 nem.
594 2129 858 2190 Novitate
887 2138 1043 2193 enim
1079 2145 1134 2195 et
1164 2146 1447 2212 potestate
1468 2142 1729 2209 inflatur,
1757 2142 2046 2197 arbitrans

402 2231 466 2270 se
495 2234 613 2288 prae
641 2224 863 2279 ceteris
889 2226 1462 2299 digniorem.Videns
1494 2232 1650 2286 enim
1682 2231 1870 2302 primo
1894 2247 2046 2285 anno

401 2307 726 2365 nativitatis
757 2314 1031 2370 collatum
1065 2318 1121 2371 in
1157 2336 1217 2373 se
1248 2320 1547 2385 honorem,
1584 2324 1752 2391 putat
1784 2336 1896 2373 non
1924 2335 2046 2372 ma-

403 2394 493 2465 gis
523 2398 595 2491 ad
624 2404 925 2468 suum,sed
947 2406 1015 2459 ad
1042 2406 1289 2462 aliorum
1323 2409 1646 2479 profectum
1672 2425 1732 2464 se
1752 2413 2047 2491 vocatum,

406 2485 575 2552 quasi
607 2486 955 2545 beneficium
999 2493 1261 2565 religioni
1295 2497 1392 2551 det
1425 2496 1613 2567 magis
1667 2512 1844 2567 quam
1897 2485 2046 2550 acci-l

404 2570 526 2641 piat
555 2574 628 2628 ab
657 2591 751 2643 ea;
786 2594 889 2648 per
918 2597 1096 2651 quam
1129 2599 1250 2637 rem
1281 2583 1468 2640 elatus
1498 2584 1745 2639 incurrit
1769 2583 2045 2655 laqueum

405 2658 640 2717 diaboli.
663 2665 899 2723 Inventa
927 2670 1082 2725 enim
1116 2672 1416 2729 occasione
1447 2674 1735 2744 superbiae
1758 2672 2047 2738 illius,Sa-

404 2751 578 2805 tanas
610 2754 930 2826 praecipitat
958 2774 1115 2814 eum.
1147 2761 1399 2833 Ideoque
1447 2762 1506 2816 in
1560 2762 1868 2818 Salomone
1906 2760 2048 2833 legi-

404 2840 504 2891 tur
535 2855 549 2892 :
582 2839 841 2912 Superbis
872 2851 1016 2901 Deus
1045 2851 1256 2905 resistit
1285 2850 1466 2921 (Prov.
1512 2869 1604 2913 xv,
1654 2852 1752 2917 :21;
1798 2850 1921 2921 Sap.
1952 2868 2047 2917 xv,

406 2926 507 2993 14;
540 2929 707 2985 Eccli.
741 2950 792 2996 ι,
824 2936 937 3005 21).
972 2936 1131 2992 Unde
1155 2937 1215 2992 in
1248 2938 1363 2994 alia
1403 2939 1665 3012 Epistola
1695 2940 1847 2995 idem
1898 2942 2049 3011 Apo-

405 3014 594 3072 stolus
625 3018 707 3072 ait
737 3038 750 3075 :
791 3022 897 3089 Qui
937 3041 997 3079 se
1040 3032 1201 3097 putat
1244 3044 1359 3084 esse
1402 3029 1633 3101 aliquid,
1665 3046 1720 3085 se
1756 3031 1936 3101 ipsum
1965 3045 2050 3083 se-

404 3102 554 3159 ducit
595 3106 739 3177 (Gal.
792 3127 869 3180 vr,
921 3113 997 3183 3).
1052 3115 1122 3169 Et
1150 3116 1435 3171 Dominus
1484 3135 1496 3173 :
1549 3119 1654 3186 Qui
1701 3134 1778 3185 se,
1834 3116 2049 3187 inquit,

403 3194 740 3253 excitaverit
769 3200 1183 3280 humilitabitur
1211 3209 1363 3272 (Luc.
1398 3222 1513 3271 xw,
1550 3207 1657 3273 11).

2154 634 2479 706 episcopos,
2530 634 2665 699 nisi,
2714 633 2866 689 sicut
2911 634 3036 705 ipse
3082 634 3185 703 ait,
3211 632 3817 707 irreprehensibiles?

2153 722 2397 795 Negotia
2424 728 2620 778 tamen
2654 722 2908 794 publica,
2940 722 3155 794 turpia,
3181 722 3316 778 vilia
3345 739 3463 777 non
3494 722 3810 777 habentes.

2156 812 2276 866 Scit
2303 813 2459 866 enim
2491 812 2620 866 ideo
2651 811 3025 883 negotiari,ut
3055 811 3285 883 capiant
3313 811 3494 875 lucra,
3515 826 3629 865 nec
3651 810 3816 864 aliud

2156 902 2668 972 proﬁtetur,quam
2700 900 2866 973 gerit.
2893 901 3107 972 Turpis
3138 900 3294 955 enim
3316 900 3813 972 deprehenditur,

2156 1006 2291 1044 cum
2324 1006 2385 1045 se
2416 1006 2628 1062 purum
2674 990 2949 1045 ostendit.
3006 990 3143 1044 Post
3189 989 3529 1061 episcopum
3582 993 3813 1052 tamen,

2156 1078 2496 1135 diaconatus
2527 1078 2951 1134 ordinationem
2981 1076 3477 1149 subjecit.0uare?
3503 1076 3639 1132 Nisi
3674 1076 3814 1147 quia

2156 1167 2413 1239 episcopi
2450 1172 2505 1222 et
2535 1167 2857 1239 presbyteri
2906 1184 3023 1221 una
3063 1166 3348 1221 ordinatio
3394 1171 3505 1221 est.
3555 1167 3817 1235 Uterque

2156 1256 2313 1311 enim
2344 1256 2615 1310 sacerdos
2645 1260 2752 1311 est.
2784 1255 2889 1309 Sed
2923 1255 3233 1326 episcopus
3284 1252 3513 1325 primus
3568 1257 3665 1307 est
3700 1269 3715 1306 :
3750 1256 3817 1306 ut

2157 1345 2349 1401 omnis
2377 1343 2685 1416 episcopus
2717 1345 3018 1416 presbyter
3066 1343 3162 1407 sit,
3211 1360 3326 1398 non
3377 1346 3582 1397 tamen
3615 1341 3814 1396 omnis

2156 1434 2456 1505 presbyter
2493 1433 2818 1504 episcopus.
2867 1433 2968 1487 Hic
3010 1433 3167 1487 enim
3212 1431 3526 1503 episcopus
3561 1434 3678 1498 est,
3713 1428 3816 1500 qui

2154 1522 2308 1576 inter
2364 1521 2729 1592 presbyteros
2770 1521 2995 1591 primus
3016 1519 3391 1591 est.Denique
3422 1517 3809 1574 Timotheum

2155 1610 2561 1682 presbyterum
2595 1609 2927 1664 ordinatum
2952 1609 3269 1681 signiﬁcat;
3296 1610 3397 1663 sed
3422 1608 3570 1680 quia
3591 1612 3737 1661 ante
3756 1623 3815 1662 se

2156 1698 2404 1753 alterum
2430 1714 2545 1752 non
2578 1697 3165 1769 habebat,episcopus
3185 1696 3504 1752 erat.Unde
3529 1700 3593 1749 et
3613 1710 3816 1766 quem-

2155 1788 2474 1843 admodum
2506 1785 2845 1859 episcopum
2877 1786 3405 1855 ordinet,ostendit.
3424 1785 3635 1855 Neque
3658 1782 3813 1837 enim

2155 1877 2243 1931 fas
2270 1881 2414 1941 erat,
2442 1880 2544 1930 aut
2572 1875 2783 1930 licebat
2812 1879 2874 1928 ut
2901 1874 3141 1929 inferior
3169 1873 3468 1928 ordinaret
3494 1873 3811 1942 majorem.

2154 1966 2335 2023 Nemo
2368 1963 2520 2019 enim
2554 1963 2759 2018 tribuit
2789 1964 2944 2035 quod
2978 1979 3093 2017 non
3124 1962 3364 2033 accepit.

2224 2053 2473 2109 Mulieres
2518 2052 2785 2107 similiter
2826 2050 3075 2122 pudicas,
3125 2066 3233 2106 non
3278 2049 3552 2105 studentes
3599 2050 3813 2104 discor-

2154 2144 2283 2200 diae.
2317 2143 2409 2198 sed
2438 2143 2667 2211 sobrias,
2706 2140 2892 2211 ﬁdeles
2942 2142 3003 2194 in
3052 2140 3319 2195 omnibus.
3350 2140 3503 2203 Quia
3532 2144 3811 2194 sanctum

2155 2230 2429 2304 precepit
2445 2230 2625 2286 creari
2643 2228 3259 2301 Episcopum,adieque
3270 2232 3326 2283 et
3342 2228 3671 2283 diaconum
3683 2244 3812 2292 ,non

2160 2323 2360 2391 utiqoe
2386 2320 2683 2390 disparem
2712 2317 2838 2372 vult
2867 2334 2995 2373 esse
3024 2316 3275 2388 plebem,
3299 2316 3521 2388 quippe
3552 2332 3700 2371 cum
3730 2317 3813 2370 di—

2158 2408 2565 2479 catZDominus
2601 2425 2614 2462 :
2648 2407 2834 2462 Sancti
2884 2410 3071 2471 estote,
3121 2407 3254 2476 quia
3296 2421 3395 2475 ega
3436 2414 3669 2460 sanctus
3697 2422 3815 2459 sum

2157 2499 2305 2570 (Lev,
2333 2514 2448 2563 xix,
2477 2497 2553 2566 2).
2588 2496 2836 2565 Ideoque
2868 2494 3042 2549 etiam
3078 2493 3370 2562 mulieres,
3406 2509 3537 2564 quae
3574 2494 3811 2547 inferio-

2159 2603 2251 2642 res
2279 2584 2567 2651 videntur,
2602 2584 2728 2638 sine
2759 2582 3005 2638 crimine
3034 2581 3159 2637 vult
3189 2597 3336 2648 esse,
3370 2585 3436 2635 ut
3465 2582 3703 2636 munda
3744 2580 3817 2635 sit

2159 2672 2417 2730 Ecclesia
2460 2671 2578 2727 Dei.
2611 2672 2723 2727 Sed
2754 2671 3130 2743 Cataphrygze
3177 2669 3547 2725 occasionem
3602 2670 3815 2726 erroris

2161 2765 2729 2834 captantes,propter
2749 2760 2903 2832 quod
2918 2760 3335 2832 postdiaconos
3365 2758 3652 2815 mulieres
3674 2758 3813 2814 allo-

2160 2850 2381 2921 quitur,
2415 2848 2591 2903 etiam
2623 2848 2782 2919 ipsas
2814 2847 3088 2902 diaconas
3120 2846 3329 2901 debere
3360 2845 3632 2900 ordinari
3668 2863 3813 2900 vana

2160 2937 2613 3012 praesumptione
2644 2936 3121 3002 defendunt,cum
3140 2935 3330 2990 sciant
3358 2933 3666 3005 apostolos
3688 2952 3811 3006 sep-

2157 3034 2276 3085 tem
2318 3028 2595 3082 diaconos
2625 3024 2891 3097 elegisse.
2920 3024 3200 3095 Nunquid
3232 3022 3395 3078 nulla
3424 3024 3651 3079 mulier
3678 3028 3805 3078 tunc

2158 3118 2371 3173 idonea
2401 3114 2633 3170 inventa
2664 3118 2773 3179 est,
2805 3129 2939 3168 cum
2989 3112 3142 3167 inter
3189 3112 3460 3167 undecim
3513 3112 3803 3182 apostolos

2161 3212 2393 3263 sanctas
2427 3203 2700 3259 mulieres
2750 3202 2930 3257 fuisse
2977 3200 3279 3273 legamus?
3309 3201 3419 3256 Sed
3454 3205 3523 3256 ut
3554 3200 3809 3257 haeretici

476 3284 693 3353 Oportet
722 3297 903 3344 autem
931 3308 1057 3346 eum
1092 3276 1143 3348 et
1184 3295 1557 3349 testimonium
1603 3294 1803 3348 habere
1847 3295 2045 3349 bonum
2081 3272 2123 3338 (ἶ
2162 3296 2426 3351 animum
2450 3309 2625 3350 suum
2658 3290 2871 3358 verbis,
2897 3306 3013 3345 non
3043 3272 3219 3346 sensu
3248 3289 3397 3361 legis
3428 3294 3694 3345 astruere
3730 3291 3809 3343 vi-

402 3370 472 3424 ab
497 3372 582 3428 his
610 3377 708 3445 qui
728 3379 870 3447 foris
899 3385 1045 3435 sunt.
1076 3381 1329 3436 Sensum
1384 3382 1749 3437 Dominicum
1788 3387 2047 3447 secutus,

401 3458 486 3515 ait
515 3468 780 3533 oportere
810 3467 1072 3524 futurum
1104 3470 1467 3541 episcopum,
1500 3469 1904 3525 testimonium
1947 3471 2047 3524 bo-

404 3563 547 3603 num
580 3550 793 3608 habere
823 3555 894 3610 ab
925 3562 1215 3613 extraneis
1249 3575 1261 3612 :
1295 3558 1433 3629 quia
1478 3560 1580 3629 qui
1626 3560 1882 3613 minimis
1926 3558 2051 3627 ﬁde-

405 3637 475 3690 lis
512 3643 613 3706 est,
646 3645 698 3695 et
729 3644 787 3697 in
814 3648 1057 3715 magnis,
1091 3646 1244 3701 sicut
1271 3647 1416 3702 dicit
1445 3647 1729 3703 Dominus
1752 3648 1900 3713 (Luc.
1933 3665 2049 3719 xvx,

406 3725 516 3795 10).
550 3727 612 3781 Si
639 3730 701 3783 in
729 3732 909 3786 alieno
940 3750 1256 3790 mammona
1283 3736 1463 3806 ﬁdeles
1510 3752 1620 3791 non
1662 3737 1870 3806 fuistis,
1903 3738 2054 3808 quod

405 3818 644 3869 vestrum
671 3822 770 3884 est,
802 3822 925 3889 quis
952 3822 1104 3877 dabit
1131 3824 1325 3879 vobis?
1353 3826 1516 3892 (Ibid.
1552 3826 1660 3895 11).
1692 3825 1766 3879 Ut
1796 3824 1911 3891 hic,
1953 3826 2053 3897 qui

407 3902 467 3955 in
511 3906 829 3964 mundanis
861 3909 1055 3975 rebus,
1090 3916 1147 3966 et
1175 3914 1610 3969 conversatione
1640 3913 1899 3969 humana
1919 3914 2057 3969 ﬁde-

408 3989 482 4046 lis
512 3992 752 4050 minime
783 3997 1094 4064 invenitur,
1119 4001 1365 4057 dubium
1399 4019 1513 4057 non
1544 4003 1788 4074 sit,quia
1816 4008 1872 4057 et
1894 4003 1950 4057 in
1973 4003 2057 4057 di-

408 4079 559 4136 vinis
588 4084 763 4139 rebus
794 4086 1041 4144 idoneus
1089 4106 1204 4145 non
1248 4090 1375 4145 erit.
1400 4092 1457 4146 Si
1489 4096 1687 4146 autem
1718 4090 2055 4147 hominibus

408 4168 584 4225 ﬁdem
617 4173 965 4245 exhibuerit,
986 4179 1173 4234 multo
1207 4180 1400 4251 magis
1430 4180 1632 4235 Deo.Si
1664 4181 1934 4235 timorem
1954 4180 2057 4235 Dei

409 4263 544 4313 ante
575 4260 775 4318 oculos
807 4281 921 4319 non
956 4265 1232 4323 habuerit
1262 4268 1843 4339 episcopus,tempori
1870 4269 2058 4340 magis

411 4362 473 4401 se
499 4352 941 4421 commendans,
975 4354 1134 4409 hunc
1165 4356 1335 4426 quasi
1367 4355 1663 4411 inﬁdelem
1704 4360 1762 4411 et
1804 4356 2058 4426 pseudo-

412 4437 759 4506 prophetam
794 4440 1012 4495 deserit
1043 4447 1212 4512 Deus,
1229 4447 1287 4497 et
1313 4444 1592 4499 deformis
1622 4443 1851 4499 videtur
1870 4444 2059 4500 omni-

414 4523 527 4578 bus
557 4530 613 4579 et
637 4528 998 4596 maculosus,
1018 4530 1158 4601 quia
1185 4531 1354 4586 aliter
1385 4533 1524 4588 facit
1551 4550 1727 4604 quam
1759 4533 2058 4604 praedicat,

2161 3386 2433 3450 deantur,
2464 3379 2719 3453 Apostoli
2768 3379 2961 3435 verbis
3004 3382 3204 3434 contra
3249 3394 3492 3433 sensum
3544 3379 3813 3434 nituntur

2158 3471 2443 3544 Apostoli,
2476 3475 2541 3524 ut
2570 3485 2703 3524 cum
2735 3467 2836 3523 ille
2867 3466 3173 3523 mulierem
3218 3466 3279 3521 in
3324 3465 3589 3523 Ecclesia
3628 3467 3689 3521 in
3734 3467 3809 3522 si-

2159 3560 2340 3617 lentio
2374 3575 2503 3615 esse
2531 3558 2739 3612 debere
2770 3555 3088 3628 pracipiat,
3121 3554 3205 3609 illi
3235 3559 3473 3610 econtra
3501 3554 3682 3611 etiam
3706 3572 3812 3611 au-

2162 3650 2486 3706 ctoritatem
2515 3646 2573 3701 in
2605 3645 2863 3701 Ecclesia
2889 3644 3187 3700 vindicent
3217 3643 3552 3699 ministerii.

2236 3740 2496 3793 Diaconos
2557 3736 2672 3791 sint
2700 3734 2865 3789 unius
2894 3735 3084 3789 uxoris
3112 3734 3243 3803 viri,
3275 3732 3418 3802 ﬁlios
3457 3734 3591 3789 bene
3620 3750 3813 3806 regen-

2163 3832 2261 3898 tes,
2290 3832 2343 3883 et
2369 3826 2550 3881 domos
2600 3824 2877 3895 praprias.
2925 3824 3030 3891 Qui
3072 3823 3223 3878 enim
3268 3822 3403 3877 bene
3448 3824 3813 3879 ministrave-

2161 3918 2295 3982 rint,
2328 3915 2565 3988 gradum
2596 3914 2795 3968 bonum
2823 3912 2933 3966 sibi
2962 3913 3278 3982 acquirunt,
3306 3918 3358 3967 et
3381 3912 3636 3968 multum
3670 3913 3812 3982 ﬁdu-

2161 4006 2313 4061 ciam
2342 4006 2401 4058 in
2435 4004 2561 4074 ﬁde,
2593 4016 2717 4074 quae
2743 4004 2821 4057 est
2850 4002 2911 4055 in
2941 3999 3150 4055 Christo
3195 4002 3344 4056 Iesu.
3395 4000 3497 4071 Ea,
3531 4017 3664 4071 quae
3709 4002 3813 4056 mi-

2164 4111 2278 4148 nus
2308 4092 2532 4148 dixerat
2561 4092 2633 4146 de
2662 4090 3025 4146 ordinatione
3057 4089 3599 4154 diaconatus,nunc
3619 4090 3814 4161 subje-

2165 4181 2539 4237 cit.Ostendit
2569 4179 2746 4235 etiam
2778 4179 2922 4235 istos
2954 4178 3130 4232 unius
3161 4176 3357 4233 uxoris
3386 4176 3543 4232 viros
3564 4194 3701 4233 esse
3723 4179 3816 4233 de-

2166 4272 2323 4335 bere,
2366 4273 2431 4323 ut
2460 4269 2519 4323 hi
2552 4268 2622 4323 ad
2657 4265 3051 4321 ministerium
3084 4265 3185 4320 Dei
3216 4264 3527 4337 eligantur,
3561 4265 3667 4336 qui
3709 4283 3817 4322 non

2168 4358 2287 4414 sint
2314 4357 2534 4429 egressi
2566 4354 2951 4411 constitutum
2998 4353 3113 4408 Dei.
3145 4352 3376 4409 Homini
3425 4353 3589 4409 enim
3642 4372 3819 4411 unam

2169 4461 2405 4502 uxorem
2430 4444 2685 4500 decrevit
2706 4444 3029 4506 Deus,eum
3055 4457 3172 4513 qua
3190 4441 3603 4498 benedicatur.
3638 4444 3817 4500 Nemo

2169 4534 2326 4590 enim
2349 4549 2482 4588 cum
2505 4528 3271 4601 secundalbenediciturﬂui
3297 4529 3347 4585 si
3368 4528 3523 4586 ﬁlios
3546 4532 3703 4588 bene
3722 4550 3816 4606 gu-

414 4612 607 4701 verbis
660 4616 785 4671 suis
832 4616 957 4687 ipse
1013 4635 1075 4674 se
1124 4635 1427 4691 accusans,
1461 4621 1599 4692 quia
1628 4622 1945 4693 deputatus
1973 4626 2062 4678 est
2093 4636 2139 4701 D
2169 4621 2557 4691 bernaverint,
2590 4625 2648 4675 et
2676 4620 2881 4674 domos
2910 4635 3068 4684 suas,
3100 4617 3154 4672 id
3189 4623 3281 4673 est
3321 4621 3699 4688 vernaculos,
3729 4627 3816 4677 aut

416 4700 576 4773 gregi
607 4702 1021 4761 Satanae-Juno
1047 4707 1201 4763 enim
1236 4724 1369 4763 vera
1399 4726 1461 4764 se
1492 4710 1701 4780 probat
1728 4710 2063 4781 praedicare,

417 4787 467 4841 si
494 4804 562 4843 ea
591 4797 833 4847 conetur
862 4799 918 4849 et
942 4810 1159 4866 gerere.
1182 4797 1393 4868 Magna
1424 4813 1561 4870 ergo
1591 4814 1731 4853 cura
1760 4796 2064 4870 eligendus

416 4880 507 4931 est
536 4878 634 4947 qui
667 4880 909 4936 domum
942 4884 1039 4938 Dei
1071 4885 1386 4956 regendam
1418 4885 1753 4957 accipiat.Si
1774 4886 1931 4941 enim
1955 4890 2068 4940 ter-

416 4967 691 5021 restrium
750 4987 943 5024 rerum
1007 4972 1441 5042 dispensatores
1510 4973 1702 5029 idonei
1769 4971 2066 5045 quaerendi

419 5059 577 5123 sunt,
594 5062 810 5125 quanto
843 5059 1027 5131 magis
1058 5060 1379 5116 cmlestium
1401 5062 1428 5115 ?

491 5143 745 5199 Disconos
791 5149 921 5217 pari
963 5148 1124 5204 modo
1168 5150 1434 5220 publicos,
1464 5165 1574 5204 non
1605 5149 1901 5220 bilingues,
1957 5163 2068 5203 non

423 5230 551 5283 vino
578 5233 748 5287 multo
775 5236 1009 5301 deditos,
1041 5254 1151 5291 non
1178 5238 1433 5307 turpibus
1464 5240 1632 5292 lucris
1664 5241 1935 5302 vacantes,
1970 5235 2065 5289 ha-

426 5318 605 5358 hmine
633 5327 951 5358 muciuma‘anm
990 5326 1115 5358 £11.»;
1145 5329 1201 5358 in
1241 5330 1566 5358 nam-nanmlo'n
1599 5345 1737 5358 mnum-
1760 5344 1771 5355 ο
1806 5330 1854 5358 ιιι
1888 5326 1943 5358 λδ
1970 5342 2066 5358 ηιιιμ

2174 4709 2831 4781 domesticos,poterunt
2859 4707 3022 4779 digni
3051 4707 3174 4762 ﬁeri
3205 4707 3555 4779 sacerdotio,
3588 4714 3653 4766 et
3686 4712 3823 4766 fidu-

2172 4801 2324 4856 ciam
2354 4798 2569 4854 habere
2600 4798 2754 4869 apud
2785 4801 2987 4867 Deum,
3019 4800 3086 4852 ut
3113 4796 3305 4852 sciant
3334 4811 3396 4852 se
3426 4813 3607 4867 posse
3638 4800 3821 4871 impe-

2173 4895 2328 4945 trare
2358 4888 2514 4960 quod
2536 4885 2981 4959 postulantjam
3003 4886 3074 4941 de
3095 4889 3298 4941 caetero
3328 4901 3391 4940 se
3418 4884 3493 4940 ab
3517 4902 3634 4942 usu
3661 4888 3824 4943 femi-

2175 4994 2264 5032 nae
2311 4975 2671 5031 cohibentes.
2706 4973 3012 5030 Veteribus
3040 4972 3196 5028 enim
3226 4971 3443 5028 idcirco
3476 4989 3827 5033 concessum

2175 5070 2265 5121 est
2294 5064 2615 5129 levitis,aut
2636 5061 3037 5119 sacerdotibus
3058 5077 3267 5116 uxores
3287 5061 3359 5117 ad
3384 5077 3564 5117 usum
3587 5062 3827 5127 habere.

2177 5153 2316 5226 quia
2342 5152 2594 5208 multum
2616 5156 2852 5223 tempus
2871 5151 2989 5205 otio
3008 5149 3294 5205 vacabant
3313 5167 3348 5205 a
3371 5150 3715 5210 ministerio
3735 5154 3827 5211 aut

2178 5239 2843 5299 sacerdotio.Multitudo
2874 5240 3032 5295 enim
3062 5242 3184 5295 erat
3215 5239 3589 5295 sacerdotum
3621 5247 3683 5297 et
3712 5259 3826 5297 ωας

2178 5346 2286 5358 η-ιιιι
2324 5329 2485 5358 ΛΛτὶζῆ
2520 5327 2820 5358 ῘΛινῖιηυινιΜ
2852 5332 2905 5358 Λῦ
2937 5327 3349 5358 ιιιπηειηιιῖηηνιη
3376 5332 3533 5358 nni-On
3566 5333 3827 5358 ‘Amnnm
