3974 5358
113 379 221 439 673

514 374 927 438 EXPOSITIO
972 375 1050 437 IN
1096 374 1521 438 EPISTOLAS
1564 374 1821 437 PAULI.
1853 406 1929 418 —
1969 374 2049 435 IN
2094 375 2344 437 EPIST.
2392 379 2411 437 1
2458 379 2559 438 AD
2604 379 3103 444 TlMOTHEUM.

3390 389 3508 447 674

110 511 219 567 tuit
237 506 630 575 sacerdotum,
650 512 717 563 ut
741 507 965 564 vicibus
988 508 1363 565 deservirent.
1390 507 1553 563 Unde
1577 506 1753 562 Ahias
1780 508 1836 574 Α
1865 506 2208 563 remissione
2239 513 2631 581 peccatorum,
2662 528 2837 583 quam
2871 513 2964 568 hic
2992 512 3052 569 in
3090 518 3357 585 praesenti
3392 518 3510 575 lar—

113 604 366 655 octavam
397 594 646 651 classem
678 595 912 663 habuit;
946 597 1115 667 cujus
1136 595 1260 651 vice
1284 596 1591 651 Zacharias
1622 596 1753 649 fun-

112 686 350 759 gebatur
370 684 713 751 sacerdotio,
738 684 889 739 sicut
919 684 1250 740 continetur
1278 684 1335 739 in
1359 684 1750 754 Paralipome-

112 792 222 832 non
255 774 325 841 Il,
346 790 487 830 xm:
513 773 594 828 ita
626 778 691 828 ut
722 780 1003 845 tempore,
1027 791 1140 845 quo
1167 790 1279 829 non
1312 773 1442 829 illos
1460 772 1754 843 continge-

111 865 207 920 bat
234 861 525 917 deservire
556 861 745 929 altari,
769 863 1075 917 domorum
1110 879 1353 917 suarum
1385 866 1623 933 agerent
1653 878 1752 915 cu-

111 968 249 1009 ram.
284 954 359 1004 At
385 950 483 1005 ubi
516 953 712 1006 autem
758 955 991 1022 tempus
1040 950 1386 1006 imminebat
1416 949 1754 1016 ministerii,

110 1038 399 1115 purificati
429 1038 745 1110 aliquantis
763 1039 971 1094 diebus
993 1039 1349 1095 accedebant
1371 1039 1443 1094 ad
1467 1038 1754 1109 templum

111 1129 313 1185 offerre
372 1127 507 1182 Deo.
539 1126 705 1183 Nunc
762 1131 959 1183 autem
1020 1134 1239 1198 septem
1299 1128 1574 1182 diaconos
1625 1142 1753 1181 esse

111 1221 353 1290 oportet,
395 1215 727 1287 aliquantos
770 1216 1161 1288 presbyteros,
1196 1220 1258 1271 ut
1313 1215 1436 1271 bini
1486 1215 1604 1270 sint
1651 1230 1755 1286 per

112 1304 417 1373 Ecclesiae,
434 1308 499 1359 ut
518 1320 672 1360 unus
703 1303 762 1358 in
784 1304 1017 1359 civitate
1041 1304 1394 1375 Episcopus;
1420 1320 1486 1358 ac
1519 1320 1619 1375 per
1648 1302 1759 1358 hoc

111 1409 311 1451 omnes
339 1410 373 1448 a
404 1397 692 1449 conventu
744 1392 973 1448 feminae
1021 1392 1316 1448 abstinere
1361 1392 1589 1458 debere,
1624 1391 1761 1462 quia

110 1497 349 1539 necesse
375 1486 466 1537 est
485 1497 584 1539 eos
607 1481 865 1553 quotidie
887 1486 1097 1553 praesto
1117 1497 1245 1537 esse
1276 1481 1335 1535 in
1356 1480 1632 1549 Ecclesia,
1654 1495 1761 1535 nec

109 1571 328 1627 habere
355 1568 717 1635 dilationem,
746 1574 810 1624 ut
834 1574 968 1641 post
988 1574 1335 1625 conventum
1364 1568 1621 1641 legitime
1654 1586 1760 1641 pu-

110 1659 436 1726 riﬁcentur,
489 1658 642 1713 sicut
697 1662 939 1713 veteres.
972 1657 1142 1712 Omni
1190 1657 1344 1712 enim
1395 1658 1763 1713 hebdomade

106 1747 476 1803 offerendum
524 1750 634 1811 est,
662 1746 891 1801 etiamsi
945 1763 1059 1801 non
1110 1746 1372 1817 quotidie
1415 1745 1761 1818 peregrinis,

103 1835 320 1892 incolis
343 1839 541 1891 tamen
563 1834 652 1891 vel
680 1835 772 1891 bis
802 1835 861 1890 in
895 1834 1290 1902 hebdomade;
1322 1839 1380 1890 et
1401 1852 1515 1891 non
1549 1836 1765 1890 desunt

102 1926 201 1997 qui
233 1940 421 1997 prope
442 1923 707 1995 quotidie
728 1924 1099 1995 baptizentur
1117 1924 1274 1996 agri.
1299 1928 1446 1979 Nam
1466 1924 1763 1979 veteribus

100 2014 232 2070 ideo
268 2028 617 2069 concessum
648 2017 758 2077 est,
783 2012 919 2083 quia
955 2012 1141 2067 multo
1164 2016 1425 2084 tempore
1454 2013 1513 2066 in
1546 2012 1762 2083 templo

100 2118 217 2157 non
249 2099 627 2167 videbantur,
658 2101 760 2156 sed
804 2104 970 2156 erant
1007 2104 1071 2155 ut
1101 2100 1329 2172 privati.
1359 2100 1419 2156 Si
1454 2100 1607 2156 enim
1641 2100 1763 2171 ple-

101 2191 195 2246 bis
226 2188 581 2245 hominihus
600 2188 883 2245 orationis
904 2205 1084 2244 causa
1105 2189 1175 2243 ad
1208 2194 1442 2260 tempus
1472 2189 1765 2245 abstinere

98 2295 161 2334 se
192 2277 493 2351 praecipit,
519 2282 585 2333 ut
613 2282 817 2333 vacent
839 2277 1089 2333 orationi
1114 2294 1127 2332 :
1156 2282 1375 2348 quanto
1406 2278 1595 2349 magis
1626 2277 1763 2332 levi-

96 2368 196 2433 tis,
230 2372 346 2422 aut
374 2366 781 2422 sacerdotibus
810 2370 1036 2437 oportet
1075 2366 1278 2421 orare?
1306 2367 1640 2421 Mundiores
1673 2383 1763 2421 er-

91 2472 163 2527 go
200 2471 343 2511 esse
370 2454 583 2511 debent
612 2454 860 2520 caeteris,
891 2456 1032 2527 quia
1063 2460 1287 2510 actores
1318 2457 1416 2510 Dei
1448 2460 1604 2511 sunt.

159 2563 302 2618 Haec
326 2564 432 2616 tibi
453 2562 653 2629 scribo,
683 2578 915 2632 sperans
956 2578 1042 2617 me
1090 2564 1197 2618 cito
1244 2565 1434 2619 venire
1481 2563 1551 2618 ad
1603 2572 1669 2618 te.
1705 2563 1767 2618 Si

1906 595 2039 649 itur.

1906 610 2039 649 itur.

1864 610 1900 665 g
1935 684 2083 751 Quol
2112 683 2449 740 declaratum
2478 694 2555 741 est
2606 705 2664 743 in
2712 666 2899 757 carne,
2923 692 3293 762 justiﬁcatum
3343 701 3423 751 est
3450 698 3511 751 in

1860 774 2086 843 spiritu,
2118 775 2293 828 visum
2322 783 2398 829 cst
2442 777 2676 845 angelis,
2704 780 3070 849 praedicatum
3117 786 3193 835 est
3239 785 3512 849 gentibus.

1861 860 2126 916 creditum
2158 870 2235 916 est
2264 864 2323 917 in
2353 864 2449 917 hoc
2488 866 2710 927 mundo,
2742 879 3079 939 assumptum
3108 880 3190 924 est
3220 875 3281 925 in
3310 874 3511 939 gloria.

1864 950 2309 1005 Sacramentnm
2358 954 2617 1023 mysterii
2666 954 2788 1021 Dei,
2821 959 2970 1025 quod
3024 964 3112 1013 est
3158 960 3424 1016 Christus
3454 963 3510 1017 in

1866 1054 2061 1104 carne,
2095 1038 2236 1092 dicit
2277 1040 2713 1096 manifestatum
2748 1045 2901 1114 quod
2942 1046 3159 1102 latebat
3189 1050 3244 1102 in
3278 1050 3511 1120 spiritu.

1869 1126 2055 1181 Natus
2084 1128 2241 1182 enim
2292 1128 2466 1183 homo
2518 1130 2697 1185 Filius
2730 1132 2848 1198 Dei,
2885 1134 2982 1204 qui
3032 1136 3089 1189 in
3142 1144 3362 1193 secreto
3393 1145 3517 1195 erat

1870 1215 2024 1286 apud
2077 1220 2278 1282 Deum,
2324 1233 2516 1289 opere,
2549 1224 2604 1272 et
2654 1220 3062 1289 praedicatione
3111 1225 3425 1283 declaravit
3453 1246 3515 1285 se

1869 1308 2166 1359 creatum.
2201 1306 2269 1359 Et
2317 1306 2424 1360 hoc
2464 1311 2552 1361 est
2572 1308 2964 1377 justiticatum
2998 1328 3126 1368 esse
3171 1314 3229 1368 in
3282 1316 3513 1387 spiritu,

1868 1392 2145 1463 operibus
2167 1397 2223 1448 et
2242 1393 2455 1449 virtute
2480 1395 2762 1452 claruisse
2785 1414 2941 1467 eum,
2967 1401 3070 1471 qui
3093 1408 3216 1457 erat
3240 1404 3296 1458 in
3320 1421 3513 1472 carne,

1869 1481 2002 1551 quis
2032 1486 2215 1548 esset;
2247 1483 2459 1538 deinde
2490 1487 2833 1555 apparuisse
2874 1488 3121 1561 angelis,
3159 1508 3272 1547 non
3298 1495 3423 1563 jam
3456 1494 3515 1548 in

1870 1570 2068 1624 formae
2100 1569 2452 1638 humilitate,
2486 1573 2585 1627 sed
2637 1574 2696 1627 in
2741 1580 3044 1646 potestate.
3078 1580 3307 1637 Tandiu
3360 1582 3516 1637 enim

1871 1663 2107 1729 aspectu
2142 1658 2383 1714 humilis
2414 1660 2573 1716 visus
2604 1666 2691 1717 est
2726 1680 2827 1735 per
2856 1682 3114 1733 carnem,
3141 1670 3397 1738 quandiu
3424 1671 3517 1724 de-

1870 1747 2023 1802 victa
2052 1752 2237 1803 morte
2285 1756 2613 1820 resurgeret
2644 1769 2677 1805 a
2707 1754 2958 1809 mortuis
2989 1760 3046 1808 et
3074 1757 3365 1813 videretur
3394 1776 3516 1814 ma-

1794 1875 1841 1937 B
1862 1836 2049 1905 jestas
2080 1837 2229 1907 ejus,
2254 1838 2354 1908 qui
2388 1843 2560 1894 natus
2593 1844 2657 1894 ut
2687 1841 2887 1912 homo,
2911 1858 3024 1898 non
3056 1850 3198 1913 erat,
3230 1850 3389 1902 totus
3421 1848 3520 1903 ho-

1872 1940 2004 1979 mo:
2040 1929 2102 1979 ut
2132 1931 2513 1997 agnoscentes
2545 1928 2735 2001 angeli
2772 1932 3141 2003 mysterium,
3167 1936 3320 2005 quod
3356 1938 3519 2007 prius

1872 2012 2063 2080 latuit,
2079 2012 2437 2069 declaratum
2462 2015 2519 2068 in
2543 2032 2735 2081 carne,
2752 2034 2903 2089 genu
2930 2019 3013 2073 illi
3037 2022 3332 2078 ﬂectentes
3351 2026 3519 2095 quasi

1872 2100 1989 2155 Deo
2016 2102 2234 2172 gratias
2277 2109 2474 2174 agant,
2496 2103 2636 2174 quia
2687 2106 3017 2162 didicerunt
3049 2110 3367 2176 veritatem,
3392 2129 3519 2183 qum

1872 2190 2147 2259 gentibus
2179 2191 2490 2262 praedicata
2520 2198 2628 2260 est,
2654 2198 2718 2247 ut
2756 2195 2827 2249 ab
2859 2211 3056 2252 errore
3097 2197 3516 2269 liberarentur;

1872 2277 1931 2331 in
1963 2295 2077 2349 quo
2124 2281 2381 2334 mundus
2441 2282 2687 2351 proiicit,
2736 2288 2800 2337 ut
2858 2302 2969 2339 non
3021 2288 3351 2343 damnetur.
3390 2291 3520 2346 Ideo

1873 2367 2029 2421 enim
2073 2368 2354 2423 creditum
2408 2375 2498 2424 est
2546 2372 2765 2425 mundo
2818 2374 2913 2427 Dei
2968 2382 3421 2445 sacramentum,
3455 2385 3522 2434 ut

1874 2455 2116 2527 perﬁdia
2141 2458 2269 2527 ejus
2300 2458 2527 2512 veniam
2560 2460 2774 2514 erroris
2808 2463 3018 2516 mereri
3051 2479 3165 2518 non
3199 2467 3412 2536 possit;
3447 2468 3524 2522 si-

1875 2549 1973 2599 cut
2002 2543 2143 2599 dicit
2172 2546 2458 2601 Dominus
2492 2548 2563 2601 de
2590 2547 2809 2603 Judaeis
2842 2567 2855 2605 :
2890 2550 2951 2605 Si
2994 2567 3104 2607 non
3154 2556 3438 2625 venissem,
3472 2566 3524 2613 et

1874 2634 2083 2689 locutus
2114 2636 2193 2689 eis
2220 2636 2469 2705 fuissem,
2490 2645 2768 2705 peccatum
2800 2656 2911 2693 non
2939 2641 3222 2697 haberent.
3247 2645 3403 2698 Nunc
3418 2662 3523 2701 au-

1874 2731 1985 2777 tem
2009 2725 2414 2778 excusationem
2434 2740 2543 2779 non
2568 2724 2768 2781 habent
2790 2727 2854 2783 de
2870 2736 3095 2799 peccato
3112 2747 3208 2787 suo
3229 2732 3403 2802 (Joan.
3428 2752 3520 2801 xv,

1872 2810 1964 2879 22)
1988 2828 2000 2864 :
2027 2811 2165 2881 quia
2187 2811 2340 2881 quod
2363 2810 2519 2866 velut
2540 2813 2840 2869 inﬁrmum
2862 2821 2919 2871 et
2943 2818 3200 2874 deforme
3221 2824 3520 2893 contemp-

1876 2903 2097 2966 serunt,
2124 2904 2495 2970 assumptum
2537 2905 2624 2956 est
2655 2903 2714 2957 in
2747 2902 2947 2975 gloria.
2975 2905 3109 2961 Post
3138 2924 3370 2964 crucem
3403 2927 3523 2968 ma-

1878 2986 2088 3041 nifesta
2119 3003 2363 3057 persona
2410 2992 2466 3042 et
2494 2989 2709 3045 virtute
2740 3009 2865 3059 sua,
2899 2993 3163 3050 Salvator
3210 2998 3403 3068 palam
3437 3002 3521 3056 ta-

86 2655 301 2706 autem
328 2650 635 2711 tardavero,
666 2655 730 2705 ut
770 2653 912 2707 scias
957 2652 1411 2722 quemadmodum
1439 2656 1683 2723 oporteat
1718 2660 1767 2708 te

86 2741 154 2794 in
188 2740 359 2795 domo
401 2740 499 2794 Dei
544 2742 879 2805 conversari,
910 2754 1038 2810 qua!
1079 2745 1161 2795 est
1190 2740 1428 2795 Ecclesia
1476 2741 1573 2795 Dei
1626 2742 1763 2805 vivi,

92 2829 397 2895 columna,
445 2838 496 2883 et
540 2829 958 2897 firmamentum
1016 2829 1287 2883 veritatis.
1338 2828 1633 2891 Quantum
1694 2830 1765 2883 ad

89 2915 428 2972 scientiam
458 2916 586 2985 ejus
639 2914 987 2986 pertinebat,
1018 2914 1128 2969 hoc
1174 2919 1293 2970 erat
1324 2916 1383 2969 in
1417 2931 1482 2970 eo
1509 2917 1663 2985 quod
1696 2917 1771 2970 ci-

85 3006 235 3060 tius
272 3004 440 3058 illum
485 3003 722 3058 visurus
751 3008 924 3058 esset.
957 3003 1068 3059 Sed
1115 3003 1253 3074 quia
1284 3002 1431 3059 solet
1466 3003 1621 3058 aliud
1654 3003 1767 3059 Deo

76 3094 369 3166 placere,
393 3092 563 3161 cujus
593 3092 955 3163 providentia
987 3092 1101 3163 ipsi
1141 3091 1245 3146 soli
1279 3092 1512 3164 cognita
1541 3098 1648 3160 est,
1678 3092 1767 3146 id-
1878 3074 2239 3129 mulantibus
2271 3077 2529 3132 nubibus
2559 3080 2823 3134 ascendit
2851 3081 3138 3152 gloriosus
3169 3085 3227 3138 in
3263 3088 3457 3143 caelos.

79 3183 278 3237 circo
312 3196 384 3234 ne
414 3180 580 3247 forte,
615 3179 829 3250 inquit,
862 3180 1109 3245 tardem,
1143 3181 1332 3235 scribo
1364 3180 1489 3251 tibi,
1522 3186 1586 3235 ut
1615 3181 1768 3236 scias
1799 3235 1840 3263 η
1947 3181 2100 3251 (CAP.
2137 3181 2249 3252 IV.)
2281 3182 2523 3252 Spiritus
2567 3194 2749 3239 autem
2790 3190 3081 3258 manifeste
3111 3191 3267 3257 dicit,
3300 3196 3431 3263 quia
3462 3196 3519 3250 in

81 3269 415 3343 quomodo
437 3267 755 3323 Ecclesiam
789 3268 1041 3339 ordines,
1063 3285 1190 3339 quas
1220 3274 1309 3324 est
1328 3270 1539 3324 domus
1563 3270 1679 3336 Dei,
1705 3274 1769 3325 ut
1798 3235 1841 3302 α
1876 3271 2184 3324 novissimis
2216 3273 2543 3342 temporibus
2586 3274 2835 3329 recedent
2878 3235 3102 3347 quidam
3134 3297 3167 3333 α
3196 3235 3325 3349 fide:
3348 3286 3522 3339 atten-

86 3374 255 3415 cum
291 3361 450 3412 totus
481 3358 740 3412 mundus
788 3357 890 3412 Dei
921 3358 999 3412 sit
1029 3357 1305 3423 Ecclesia,
1329 3362 1523 3413 tamen
1557 3359 1769 3414 domus
1876 3358 2055 3414 dentes
2111 3361 2341 3430 spiritus
2394 3362 2635 3432 fallaces,
2686 3363 2961 3420 doctrinas
3011 3369 3411 3425 daamoniorum
3458 3374 3519 3427 in

84 3448 241 3518 ejus
280 3444 705 3515 dicatur,cujus
728 3444 899 3500 hodie
926 3450 1116 3501 rector
1138 3449 1228 3501 est
1246 3446 1535 3502 Damasus
1560 3448 1765 3518 (1304).
1877 3448 2231 3502 simulatione
2284 3450 2731 3520 falsiloquorum,
2774 3456 3156 3511 cauteritatam
3203 3457 3519 3515 habentium

83 3534 378 3591 Mundus
408 3533 567 3588 enim
600 3532 654 3587 in
689 3533 1160 3603 praavaricatione
1190 3538 1279 3590 est
1308 3535 1536 3591 diverso
1568 3537 1769 3591 turba-
1876 3538 2267 3593 conscientiam
2295 3554 2473 3605 suam,
2505 3540 2912 3609 prohibentium
2943 3545 3167 3613 nubere,
3192 3547 3458 3605 abstinere
3486 3567 3521 3605 a

81 3629 197 3679 tus
236 3638 459 3677 errore.
493 3621 627 3676 Ideo
675 3620 793 3677 illic
844 3638 1081 3678 necesse
1112 3628 1201 3678 est
1231 3623 1463 3679 dicatur
1508 3641 1637 3680 esse
1667 3625 1768 3680 do-
1878 3625 2033 3693 cibis,
2055 3641 2186 3697 quos
2218 3627 2356 3681 Deus
2385 3629 2591 3683 creavit
2618 3629 2689 3683 ad
2724 3632 3138 3703 percipiendum
3166 3652 3290 3691 cum
3314 3641 3522 3708 gratia-

82 3728 245 3768 mus
272 3710 467 3779 Dei,et
484 3710 719 3777 veritas,
739 3709 839 3766 ubi
866 3712 1192 3767 secundum
1213 3712 1574 3769 voluntatem
1599 3730 1769 3769 suam
1879 3730 2006 3769 rum
2033 3716 2246 3770 actione
2291 3716 2559 3787 ﬁdelibus,
2590 3721 2645 3773 et
2674 3718 2758 3774 his
2786 3724 2884 3792 qui
2909 3729 3273 3793 cognoverunt
3318 3730 3522 3783 verita-

83 3802 386 3869 timetur,
420 3799 529 3854 hoc
560 3799 972 3870 profitentibus
1004 3801 1076 3855 de
1123 3816 1189 3855 eo
1234 3801 1436 3866 servis,
1458 3803 1615 3872 quod
1645 3801 1771 3873 ipse
1881 3809 2023 3865 tem;
2053 3805 2183 3873 quia
2213 3807 2388 3860 omnis
2413 3816 2667 3862 creatura
2696 3811 2801 3863 Dei
2829 3811 2989 3878 bona,
3024 3822 3074 3867 et
3104 3816 3247 3869 nihil
3276 3817 3525 3887 rejicien-

84 3892 402 3963 dignatus
423 3892 512 3943 est
531 3888 792 3943 edocere.
818 3888 899 3943 Ne
922 3890 1066 3944 forte
1094 3889 1271 3944 verba
1298 3890 1427 3959 ejus
1447 3906 1574 3945 esse
1596 3906 1770 3962 nega-
1882 3890 2032 3961 dum,
2064 3892 2209 3961 quod
2236 3908 2359 3947 cum
2386 3896 2696 3963 gratiarum
2725 3900 2935 3955 actione
2961 3904 3278 3973 percipitur.
3312 3903 3529 3961 Sancti-

86 3982 345 4034 rentur.
378 3975 697 4031 virtutibus
728 3976 849 4031 haec
901 3977 1171 4048 signavit,
1206 3993 1333 4048 qum
1372 3994 1407 4033 a
1450 3977 1611 4033 nullo
1660 3977 1773 4034 alio
1882 3980 2083 4049 ﬁcatur
2110 3980 2254 4034 enim
2282 3996 2384 4051 per
2408 3982 2634 4037 verbum
2663 3985 2760 4039 Dei
2805 3989 2854 4040 et
2897 3990 3222 4045 orationem.
3255 3991 3388 4054 Quae
3420 3994 3532 4050 sibi

86 4066 236 4124 ﬁeri
292 4070 564 4138 possunt,
603 4069 668 4119 ut
712 4064 805 4120 his
854 4064 1171 4121 inﬁdelitas
1221 4071 1497 4122 accusata
1540 4066 1773 4123 inexcu-
1883 4067 2132 4139 Spiritus
2158 4072 2396 4124 sanctus
2419 4070 2614 4125 futura
2640 4073 2973 4130 revelaverit
2993 4078 3531 4137 adinstructionem

87 4153 327 4212 sabilis
359 4157 577 4225 pereat.
614 4153 1081 4209 Firmamentum
1114 4154 1271 4211 enim
1298 4156 1559 4211 veritatis
1596 4155 1776 4228 hujus

85 4245 295 4317 signa
325 4246 465 4298 sunt
495 4246 553 4297 et
580 4242 866 4314 prodigia.
1886 4246 2155 4301 Ecclesiae
2209 4244 2467 4301 sollicitae
2500 4247 2637 4319 sint,
2672 4266 2743 4304 ne
2792 4251 2863 4306 ab
2914 4251 3255 4324 bujusmodi
3304 4259 3534 4327 possint

169 4334 255 4387 Et
288 4330 511 4402 quidem
540 4332 788 4385 omnium
831 4332 1173 4401 confessione
1212 4349 1475 4401 magnum
1505 4337 1584 4390 est
1614 4333 1778 4405 hujus
1888 4334 2291 4391 circumveniri
2324 4335 2679 4393 hominibus.
2716 4340 2859 4402 Quid
2910 4342 3066 4397 enim
3114 4348 3235 4399 tam
3285 4344 3530 4416 clarum,

78 4421 351 4495 pietatis
378 4420 723 4491 mysterium.
753 4418 992 4474 Nullum
1016 4419 1278 4475 fidelium
1302 4422 1582 4477 admirari
1607 4426 1782 4494 negat
1887 4428 2126 4495 tamque
2157 4428 2423 4495 apertum
2457 4425 2527 4480 ad
2559 4427 2883 4497 evitandas,
2908 4435 3007 4485 aut
3040 4433 3225 4505 magis
3257 4437 3530 4491 condem-

84 4512 564 4567 sacramentum
589 4506 850 4562 veritatis
873 4508 931 4562 in
956 4508 1214 4563 Ecclesia
1238 4508 1581 4579 prmdicatse,
1602 4527 1777 4581 quam
1891 4514 2116 4568 nandos
2137 4514 2411 4568 doctrinae
2438 4513 2617 4585 hujus
2639 4517 2926 4587 pertiferee
2945 4521 3117 4589 viros,
3144 4523 3335 4593 potuit
3356 4526 3540 4580 mani-

86 4600 403 4673 pietatem
425 4594 701 4669 appellat.
722 4595 1201 4667 Magnanimitate
1222 4597 1379 4652 enim
1399 4602 1457 4652 et
1474 4597 1783 4655 clementia
1810 4602 1856 4667 D
1888 4600 2036 4657 festa
2063 4618 2200 4656 voce
2232 4603 2483 4672 praefari,
2507 4604 2616 4659 nisi
2668 4608 2731 4659 ut
2769 4611 3254 4665 asseverationem
3311 4627 3536 4684 eorum,

85 4705 221 4746 sua
260 4685 756 4757 cognoscentibus
788 4702 851 4741 se
879 4686 1075 4741 divina
1104 4685 1308 4741 tribuit
1339 4687 1511 4756 dona,
1538 4693 1777 4761 excepta
1887 4688 2149 4745 fallacem
2169 4706 2233 4743 ac
2252 4690 2589 4746 simulatam
2606 4692 2931 4749 doctrinam
2950 4697 3377 4754 daemoniorum
3393 4718 3543 4757 nun-

1884 4154 2277 4213 Ecclesiarum
2309 4161 2366 4212 et
2394 4158 2703 4225 cautelam,
2738 4178 2853 4217 non
2887 4167 3056 4233 tacet,
3080 4169 3145 4220 ut
3176 4169 3531 4237 praemonita:

175 4900 577 4976 (1395)__Anno
607 4899 822 4976 Christi
853 4901 958 4976 366
988 4904 1217 4976 creatus
1252 4899 1361 4976 fuit
1391 4901 1778 4976 papaDama—
1888 4904 2067 4976 tione,
2103 4903 2353 4974 probant
2382 4907 2618 4959 caeteras
2662 4903 2963 4976 epistolas,
2998 4908 3161 4964 hisce
3193 4907 3263 4959 ad
3292 4907 3557 4971 Thessa-

88 4970 244 5030 sus.
273 4971 643 5049 _Obii_t_anno
853 4973 1023 5049 Divus
1075 4970 1422 5026 Ambrosius
1470 4970 1780 5049 episcopus
1889 4970 2217 5049 lonicenses
2251 4970 2884 5049 duabustduabusque
2930 4970 3006 5033 ad
3051 4976 3429 5049 Timotheum
3463 5000 3559 5039 ex-

90 5042 505 5121 creatusfuit
546 5058 697 5095 anno
728 5043 1306 5121 3741mortuusvero
1348 5042 1783 5121 anno-397_.—Hi-
1892 5048 2095 5121 ceptis,
2131 5046 2307 5118 longe
2356 5051 2490 5121 post
2518 5042 2803 5121 Hilarium
2835 5052 2891 5101 et
2912 5049 3133 5121 divum
3179 5047 3571 5121 Ambrosium

90 5116 319 5194 larius
350 5113 807 5194 diaco‘nusanno
838 5115 965 5194 362.-
988 5115 1236 5194 Luciferi
1261 5116 1386 5183 jam
1411 5114 1603 5194 socius
1632 5117 1784 5194 lega-
1890 5113 2212 5194 expositas
2236 5113 2375 5194 esse
2406 5137 2417 5173 :
2449 5120 2538 5194 ‘in
2583 5120 2786 5194 primis
2839 5118 3081 5179 scilicet,
3128 5118 3202 5173 ad
3251 5114 3581 5194 Bo‘manos,

86 5184 312 5263 tionis
370 5185 441 5263 ad
490 5184 894 5263 qonstantium
952 5186 1364 5263 imperatorem
1428 5184 1783 5246 Luciferiano
1894 5184 2363 5259 ad‘CorinthiOS,
2398 5190 2467 5245 ad
2510 5184 2763 5257 Galatas,
2797 5194 2942 5263 etc_.,_
2973 5205 3177 5263 usque
3208 5184 3279 5263 ad
3313 5185 3483 5263 illam
3517 5184 3590 5252 ad

85 5254 705 5344 schismatiadhaasit
722 5256 992 5344 usquead
1012 5254 1533 5344 rebaptiza'tionem
1556 5276 1781 5326 eorum,
1893 5264 2313 5344 Philippenses
2347 5254 2514 5344 longe
2561 5268 2650 5344 est
2697 5254 2992 5344 espositio
3020 5335 3038 5344 ς
3060 5254 3279 5344 haec}?
3318 5256 3422 5344 1.119:
3451 5264 3593 5344 Am:
