3974 5358
481 290 598 350 675

1502 287 1839 348 ATTONIS
1885 286 2471 347 VERCELLENSIS
2518 286 2865 348 EPISCOPI
3718 297 3806 357 676
3828 356 3833 359 ,

484 425 745 492 cuparot,
768 424 835 473 ut
862 434 994 473 cum
1017 417 1195 488 hujus
1229 419 1675 473 asseverationis
1702 435 1998 473 sermones
2029 435 2126 472 au-
2155 422 2208 484 Α
2240 418 2298 471 in
2330 418 2757 489 disputationes
2790 418 3151 488 hujusmodi.
3186 418 3387 475 Pietati
3416 424 3598 475 autem
3626 438 3806 493 operam

482 511 747 573 diuntur,
799 525 831 561 a
881 507 1110 563 diabolo
1156 508 1481 577 composita
1538 524 1664 563 esse
1714 508 1977 562 doctrina
2009 507 2129 560 haec

483 598 753 662 sciretur,
778 612 954 671 quam
986 596 1324 666 praedixerat
1343 597 1595 666 Spiritus
1627 600 1883 662 sanctus,
1910 613 2036 666 qua:
2059 596 2129 648 de

482 684 880 741 incarnatione
926 683 1241 737 Salvatoris
1292 683 1502 737 asserit
1532 683 1693 753 falsa,
1724 701 1849 755 quas
1884 700 2036 738 nunc
2068 684 2127 736 in

480 773 866 837 Marcionitis,
889 771 1156 841 quamvis
1189 789 1335 842 pene
1378 773 1709 841 defecerint,
1734 772 1819 826 vel
1862 772 2126 827 Patritia-

484 864 577 917 nis
600 862 801 932 (1305),
835 865 934 915 aut
956 860 1207 914 maxime
1230 860 1286 913 in
1312 860 1647 915 Manichmis
1677 860 2027 915 denotatur?
2060 860 2126 914 Hi

483 950 639 1007 enim
668 955 726 1005 et
753 948 1049 1003 Christum
1083 952 1284 1002 natum
1318 954 1552 1019 negant,
1586 954 1642 1003 et
1670 949 1905 1019 nuptias
1938 949 2129 1019 prohi-

482 1040 640 1105 bent,
665 1042 721 1093 et
745 1036 1162 1091 abstinendum
1195 1053 1228 1089 a
1256 1036 1401 1091 cibis
1423 1037 1682 1090 tradunt.
1708 1039 1965 1100 Quorum
1991 1054 2123 1090 cau-

481 1127 751 1183 teriatam
801 1124 944 1180 dicit
990 1123 1429 1189 conscientiam,
1461 1124 1569 1179 hoc
1618 1130 1704 1179 est
1753 1126 2128 1180 simulatione

482 1220 835 1287 corruptam,
862 1213 999 1284 quia
1030 1212 1182 1267 sicut
1203 1212 1525 1266 cauterium
1553 1213 1772 1267 corium
1807 1213 2128 1284 corrumpit

483 1311 539 1360 et
568 1309 764 1359 notam
810 1301 1039 1373 infligit,
1072 1301 1152 1355 ita
1181 1306 1237 1355 et
1267 1300 1495 1356 fallacia
1526 1304 1964 1369 conscientiam,
2000 1319 2127 1373 quae

486 1392 617 1447 dolo
634 1389 1051 1447 malevolentiae
1080 1388 1235 1443 aliud
1260 1390 1390 1458 scit,
1413 1394 1469 1444 et
1495 1389 1653 1444 aliud
1678 1392 2001 1460 proﬁtetur,
2027 1392 2123 1446 de-

486 1488 649 1537 notat
679 1481 749 1534 ad
783 1479 1187 1551 perditionem.
1212 1478 1341 1532 Jam
1374 1478 1527 1531 enim
1560 1478 1859 1533 immutari
1889 1480 1994 1534 hos
2027 1497 2125 1535 ne-

482 1575 599 1641 gat,
615 1574 679 1623 ut
694 1565 1156 1636 salventur,quia
1174 1565 1325 1619 sicut
1343 1567 1666 1620 cauterium
1690 1568 1989 1621 immutari
2012 1586 2123 1623 non

482 1663 695 1730 potest,
720 1657 801 1711 ita
827 1671 931 1710 nec
956 1670 1156 1710 eorum
1180 1654 1412 1709 animus
1434 1656 1761 1723 emendari;
1798 1656 1944 1710 nihil
1968 1658 2122 1712 enim

482 1748 651 1818 pejus
699 1744 1092 1801 simulatione.
1126 1742 1293 1797 Tales
1340 1743 1497 1797 enim
1548 1743 1601 1797 bi
1653 1749 1812 1810 sunt,
1839 1746 2041 1816 quales
2071 1750 2127 1800 et

480 1834 667 1891 Judaei
710 1833 815 1901 illi,
850 1832 948 1902 qui
997 1830 1389 1902 intelligentes
1419 1832 1717 1887 Christum
1768 1835 1863 1888 Dei
1918 1835 2124 1889 virtute

480 1921 728 1995 operari,
748 1923 804 1976 in
824 1920 1141 1976 Beelzebub
1166 1919 1286 1974 haec
1304 1922 1374 1974 ab
1396 1936 1461 1975 eo
1482 1922 1605 1975 ﬁeri
1630 1922 2119 1992 dicebantWatth.

478 2031 571 2078 xx,
594 2012 692 2077 24;
716 2010 877 2065 Marc.
903 2026 986 2076 III,
1010 2009 1107 2075 22;
1132 2013 1258 2063 Luc.
1284 2026 1360 2074 x1,
1390 2010 1496 2080 15).
1522 2010 1593 2063 Ut
1618 2012 1771 2064 enim
1801 2011 2124 2066 Fabricato-

478 2119 599 2157 rem
634 2097 889 2155 hominis
921 2096 1071 2152 male
1112 2102 1378 2163 tractent,
1414 2115 1547 2152 cum
1580 2102 1749 2152 natos
1782 2116 1842 2153 se
1874 2117 1985 2153 non
2020 2103 2119 2155 d0-

476 2191 652 2255 leant,
687 2187 918 2257 nuptias
952 2190 1147 2240 tamen
1181 2186 1511 2255 prohibent,
1538 2193 1593 2240 et
1625 2188 1851 2241 Christo
1884 2205 2119 2244 carnem

477 2277 853 2343 subtrahunt,
887 2280 943 2329 et
972 2279 1038 2328 ut
1068 2275 1139 2328 ad
1185 2275 1311 2344 ejus
1358 2273 1637 2343 injuriam
1690 2277 2014 2346 proﬁciant,
2049 2280 2119 2332 ab

475 2368 737 2435 his,quaa
771 2364 976 2418 usibus
1008 2361 1224 2416 nostris
1268 2361 1545 2428 instituit,
1570 2363 1984 2418 abstinendum
2019 2367 2119 2420 do-

477 2459 630 2519 cent,
664 2458 729 2507 ut
776 2469 878 2523 per
932 2451 989 2505 id
1049 2450 1203 2521 quod
1236 2450 1663 2520 despiciuntur,
1697 2452 1852 2507 mala
1910 2470 2036 2508 esse
2065 2459 2121 2508 et

478 2542 631 2598 malo
685 2545 919 2596 auctore
975 2539 1209 2592 inventa
1263 2537 1586 2592 videantur.
1623 2540 1768 2595 Hinc
1820 2548 1908 2595 est
1968 2543 2120 2597 unde

474 2629 791 2703 Apostolus
821 2626 1019 2682 omnia
1049 2642 1083 2681 a
1113 2631 1224 2680 Deo
1248 2626 1400 2679 bona
1430 2625 1583 2681 facta
1612 2643 1739 2682 esse
1771 2629 2041 2695 ostendit,
2069 2630 2119 2683 si

475 2727 672 2775 tamen
696 2734 829 2773 cum
852 2715 1175 2787 gratiarum
1198 2717 1424 2768 actione
1450 2719 1780 2769 sumantur.
1812 2718 2121 2773 lmmunda

475 2808 631 2864 enim
662 2809 833 2861 erunt
864 2805 915 2859 ei
963 2804 1063 2874 qui
1115 2820 1227 2857 non
1260 2804 1461 2858 laudat
1513 2804 1571 2857 in
1621 2804 1713 2858 his
1767 2806 2115 2861 Creatorem.

474 2898 600 2952 Non
635 2894 790 2951 enim
821 2896 1068 2965 possunt
1116 2892 1260 2947 bene
1289 2890 1375 2944 illi
1418 2893 1713 2962 proﬁcere,
1747 2894 1845 2963 qui
1895 2896 1977 2949 sic
2022 2895 2120 2950 illa

474 2985 678 3049 sumit,
713 2987 779 3038 ut
813 2981 963 3036 male
993 2985 1197 3036 tractet
1226 2982 1535 3035 Auctorem
1566 2997 1789 3036 eorum.

548 3077 678 3128 ch
702 3074 873 3142 igitur
902 3085 1207 3141 proponens
1226 3069 1516 3138 fratribus,
1544 3069 1710 3123 bonus
1730 3073 1837 3123 eris
1870 3072 2120 3126 minister

2240 507 2491 561 dandam
2518 507 3014 578 commonet,quia
3034 509 3314 578 grandem
3338 508 3507 563 habet
3531 510 3807 581 profectum.

2239 596 2343 659 Qui
2377 597 2531 649 enim
2576 596 2989 651 misericordias
3036 597 3274 651 student
3317 597 3646 663 senioribus,
3672 601 3807 656 vicem

2238 684 2547 738 reddentes
2572 686 2935 755 parentibus,
2954 690 3010 739 et
3030 684 3088 739 in
3111 687 3381 755 praesenti
3402 687 3517 740 vita
3537 687 3727 765 auxilia
3742 691 3811 745 Dei

2240 789 2355 826 non
2391 774 2635 826 deerunt
2666 772 2802 837 illis,
2830 778 2887 827 et
2935 772 2993 827 in
3023 773 3216 827 futuro
3248 774 3719 830 immortalitatem
3744 778 3813 832 ha-

2238 860 2457 914 bebunt
2487 877 2618 915 cum
2653 861 2854 931 gloria.
2882 861 3234 916 Exercitium
3259 867 3455 916 autem
3486 864 3746 934 corporale
3770 868 3814 920 ad

2238 949 2533 1003 modicum
2569 949 2709 1003 utile
2739 948 2901 1003 dicit.
2934 950 3208 1018 Jejunare
3238 950 3416 1015 enim,
3447 956 3503 1003 et
3530 951 3815 1008 abstinerea

2237 1037 2404 1102 cibis,
2440 1042 2710 1092 manente
2759 1037 3102 1092 auctoritate
3128 1038 3432 1103 Creatoris,
3468 1055 3577 1092 non
3622 1040 3813 1096 multum

2237 1127 2496 1195 prodest,
2523 1126 2633 1180 nisi
2668 1130 2731 1180 ut
2753 1128 2925 1180 detur
2956 1126 3092 1181 huic
3122 1125 3326 1197 pietas,
3350 1127 3520 1196 cujus
3541 1143 3696 1198 opera
3712 1130 3817 1183 mul-

2238 1218 2428 1267 torum
2463 1215 2732 1283 precibus
2764 1214 3079 1283 adjuvetur
3109 1215 3178 1268 ad
3208 1214 3520 1269 Dominum
3555 1232 3814 1286 promeren-

2236 1302 2397 1356 dum.
2445 1303 2702 1373 Denique
2762 1302 2913 1372 illos,
2948 1302 3044 1373 qui
3106 1302 3383 1357 fratribus
3434 1303 3575 1375 largi
3629 1310 3753 1375 sunt,
3776 1314 3813 1361 et

2234 1391 2410 1445 variis
2442 1391 2632 1445 titulis
2663 1391 3069 1462 obsequentes,
3104 1391 3164 1445 in
3193 1391 3371 1445 vitam
3406 1396 3667 1461 aeternam
3693 1396 3815 1464 proli-

2235 1494 2364 1534 cere
2394 1479 2774 1549 Evangelicus
2806 1496 2996 1535 sermo
3028 1483 3310 1546 testatur;
3344 1480 3725 1535 dissentientes
3748 1499 3814 1537 au-

2234 1571 2351 1621 tem
2386 1569 2456 1622 ab
2492 1569 2599 1622 hoc
2630 1584 2823 1639 opere,
2846 1568 2902 1621 in
2926 1574 3209 1623 aeternum
3236 1568 3457 1639 ignem.
3482 1569 3721 1637 Corporis
3742 1586 3812 1623 au-

2239 1662 2351 1711 tem
2385 1657 2723 1711 exercitium
2757 1657 2902 1711 nihil
2930 1657 3089 1712 aliud
3114 1674 3292 1728 quam
3316 1658 3511 1711 carnis
3534 1658 3677 1712 frena
3700 1663 3812 1712 sunt.

2235 1746 2292 1799 Si
2327 1748 2458 1816 quis
2490 1762 2644 1816 ergo,
2670 1745 2808 1816 quia
2859 1745 3261 1801 misericordia
3290 1761 3511 1815 magna
3540 1761 3625 1800 res
3650 1750 3735 1813 est,
3752 1745 3813 1798 lu-

2233 1833 2458 1888 bricum
2486 1838 2680 1888 tamen
2703 1835 2900 1889 carnis
2922 1834 3196 1904 patiatur,
3217 1833 3562 1904 hujusmodi
3582 1833 3703 1904 quid
3719 1834 3813 1887 ﬁet?

2232 1921 2367 1976 Sine
2402 1922 2578 1976 dubio
2604 1921 2919 1992 vapulabit,
2945 1922 3082 1993 quia
3113 1922 3257 1975 illud
3282 1926 3512 1992 oportet
3534 1921 3662 1991 ﬁeri,
3681 1922 3812 1976 ethoc

2235 2010 2475 2065 minime
2500 2010 2884 2081 praetermitti.
2913 2011 2973 2065 Si
3006 2016 3196 2065 autem
3242 2010 3440 2065 solum
3489 2010 3717 2081 corporis
3740 2010 3811 2062 ha-

2237 2098 2361 2151 liuit
2391 2100 2752 2163 exercitium,
2783 2115 3068 2169 perennes
3100 2115 3301 2169 poenas
3334 2098 3605 2169 patietur,
3636 2098 3752 2152 sicut
3774 2098 3810 2149 in

2232 2189 2270 2240 L
2286 2186 2540 2257 vangelio
2567 2188 2851 2242 Dominus
2876 2186 3226 2257 repromisit.
3244 2186 3453 2241 Omnis
3475 2187 3622 2241 enim
3642 2202 3810 2240 summa

2230 2274 2553 2344 disciplinae
2588 2281 2801 2330 nostrae
2854 2276 2912 2329 in
2958 2275 3358 2330 misericordia
3406 2282 3466 2330 et
3516 2275 3701 2346 pietate
3735 2278 3808 2328 est.

2230 2362 2401 2416 Aliud
2438 2368 2629 2418 tamen
2663 2364 3003 2418 exercitium
3044 2365 3303 2435 corporis
3348 2364 3569 2418 habent
3594 2362 3807 2421 carnales.

2231 2456 2286 2504 et
2306 2450 2463 2505 aliud
2495 2451 2808 2522 spiritales.
2834 2452 3107 2509 Carnales
3133 2452 3286 2507 enim
3312 2452 3521 2523 sagina
3541 2456 3593 2507 et
3614 2450 3809 2522 pestibus

2232 2540 2500 2594 nutriunt
2540 2556 2783 2610 corpora
2815 2558 2943 2605 sua,
2977 2544 3041 2595 ut
3071 2540 3242 2595 celeri
3276 2544 3442 2595 motu
3476 2540 3741 2612 proﬁciant
3760 2539 3807 2591 ad

2230 2628 2649 2699 perditionem;
2674 2628 2964 2699 spiritales
2987 2634 3181 2683 autem
3198 2629 3431 2699 jejunis
3452 2634 3507 2683 et
3528 2624 3808 2683 abstinentia

2228 2720 2556 2787 temperant
2587 2734 2829 2788 corpora
2876 2734 3003 2787 sua,
3036 2724 3099 2771 ut
3130 2718 3294 2789 pigra
3342 2719 3499 2773 facta
3544 2718 3681 2771 circa
3701 2715 3803 2768 desi-

2229 2805 2422 2871 deria,‘
2444 2806 2670 2876 possint
2699 2806 2875 2875 digna
2906 2821 3031 2861 esse
3063 2806 3259 2860 futura
3295 2804 3715 2860 resurrectione.
3742 2802 3806 2854 llic

2227 2894 2383 2949 enim
2416 2898 2653 2964 propter
2690 2910 2851 2964 spem
2905 2894 3161 2948 futuram
3208 2893 3461 2965 castigat
3507 2888 3803 2964 corpus;ille

2226 2999 2357 3037 vero
2417 2986 2651 3052 propter
2711 2982 2891 3035 futuri
2950 2983 3416 3053 desperationem
3478 2983 3795 3049 fovet,curam

2228 3073 2355 3138 ejus
2389 3087 2566 3141 agens
2599 3069 2665 3124 ad
2711 3075 2969 3141 tempus,
3001 3076 3064 3124 ut
3106 3075 3408 3125 moveatur
3440 3070 3606 3125 citius
3632 3069 3693 3123 ad
3721 3082 3803 3137 pec-

478 3163 683 3217 Christi
708 3166 859 3227 Jesu,
891 3161 1166 3215 enutritus
1196 3158 1375 3212 verbis
1404 3157 1551 3225 ﬁdei,
1576 3166 1629 3212 et
1648 3161 1804 3214 bonae
1832 3160 2116 3227 doctrinae,
2154 3149 2193 3212 C
2235 3160 2507 3213 candum.

474 3269 639 3322 quam
666 3253 941 3305 assecutus
970 3264 1044 3302 es.
1072 3246 1219 3309 Quid
1262 3250 1382 3299 tam
1432 3263 1653 3311 verum,
1681 3248 1818 3317 quid
1852 3253 1971 3302 tam
2004 3248 2118 3302 cla-

476 3358 629 3405 rum,
658 3356 724 3394 ac
756 3337 1085 3410 providum,
1112 3334 1224 3389 nisi
1257 3338 1320 3386 ut
1348 3333 1659 3404 disciplina
1681 3335 2009 3391 Christiana
2039 3336 2121 3391 in-

475 3432 749 3499 corrupta
778 3426 1144 3491 tradatur,ut
1166 3424 1391 3476 fructus
1412 3424 1540 3491 ejus
1573 3423 1628 3475 in
1657 3439 1790 3477 area
1825 3425 2121 3479 Dominica

476 3516 682 3572 fertilis
714 3531 778 3570 ac
810 3516 1018 3567 ﬁrmus
1066 3509 1466 3564 collaudetur?
1514 3514 1633 3564 Hoc
1671 3516 1780 3579 est,
1808 3518 1874 3566 ut
1924 3513 1978 3566 in
2028 3514 2121 3567 die

469 3604 681 3676 judicii
713 3620 827 3657 non
860 3601 1162 3671 reprobus,
1186 3604 1242 3652 et
1274 3599 1394 3669 igni
1423 3600 1856 3655 comburendus
1886 3617 2121 3656 censea-

476 3698 591 3749 tur.
625 3693 743 3747 Hoc
790 3688 925 3744 boni
966 3687 1221 3742 doctoris
1270 3690 1359 3741 est
1402 3691 1576 3757 atque
1626 3686 1816 3741 idonei
1867 3689 2120 3743 ministri

477 3779 709 3835 Domini
751 3779 892 3833 Jesu
923 3775 1157 3845 Christi,
1182 3774 1397 3845 quippe
1429 3792 1562 3830 cum
1593 3776 1913 3830 enutritum
1966 3777 2121 3832 hunc

477 3869 633 3925 dicat
660 3868 849 3924 verbis
895 3865 1050 3930 ﬁdei,
1083 3868 1140 3919 et
1170 3864 1333 3919 bonae
1383 3864 1678 3926 doctrinm,
1715 3881 1890 3935 quam
1926 3868 1997 3920 ab
2029 3867 2119 3920 in-

476 3958 661 4014 fantia
690 3963 1026 4013 assecutum
1056 3953 1213 4006 hunc
1254 3952 1483 4006 asserit.
1518 3952 1623 4017 Qui
1676 3953 1830 4007 enim
1879 3954 2121 4023 integris

478 4048 752 4104 omnibus
783 4046 1154 4100 Hebraeorum
1204 4041 1366 4095 libris
1399 4041 1663 4095 imbutus
1711 4048 1854 4111 erat,
1888 4048 2121 4113 accepta

475 4138 591 4193 ﬁde
621 4136 938 4208 perfectum
973 4131 1105 4186 fecit
1130 4131 1445 4184 doctorem.

547 4227 821 4295 Profanos
850 4227 1055 4285 autem,
1087 4227 1138 4273 et
1166 4218 1341 4273 aniles
1381 4218 1604 4286 fabulas
1634 4219 1831 4286 abnue,
1864 4233 2121 4274 exercens

474 4314 828 4379 temetipsum
855 4311 925 4365 ad
950 4311 1234 4379 pietatem.
1271 4306 1577 4376 Corporalis
1616 4307 1764 4359 enim
1801 4310 2121 4364 exercitatio

476 4402 547 4457 ad
575 4401 847 4455 modicum
874 4398 1025 4452 utilis
1069 4403 1145 4453 est
1160 4411 1181 4456 ;
1210 4396 1390 4465 piatas
1438 4403 1621 4448 autem
1651 4393 1720 4447 ad
1748 4398 1933 4449 omnia
1966 4398 2121 4451 utilis

2298 3248 2496 3301 Fidelis
2536 3262 2715 3301 sermo
2761 3251 2811 3301 et
2855 3248 3005 3301 omni
3034 3250 3339 3318 acceptione
3388 3248 3603 3319 dignus.
3663 3244 3719 3300 Ad
3742 3245 3812 3295 hoc

2227 3339 2376 3391 enim
2411 3336 2747 3401 laboramus,
2771 3339 2821 3389 et
2847 3338 3253 3406 persecutiones
3282 3326 3564 3406 patimur,
3595 3336 3709 3407 quia
3728 3346 3813 3402 spe-

2230 3441 2414 3479 ramus
2448 3426 2505 3478 in
2535 3424 2705 3477 Deum
2736 3426 2942 3486 vivum,
2970 3426 3067 3493 qui
3099 3432 3175 3479 est
3204 3425 3483 3480 salutaris
3512 3426 3727 3480 omnium
3750 3419 3814 3472 ho-

2228 3514 2464 3581 minum,
2499 3514 2742 3565 maxime
2772 3513 3039 3582 ﬁdelium.
3079 3513 3321 3584 Dignum
3354 3518 3447 3569 est
3484 3514 3659 3585 plane,
3684 3516 3727 3564 et
3750 3522 3813 3561 ac-

2230 3607 2393 3671 cepto
2427 3601 2730 3654 ferendum
2766 3617 2867 3670 pro
2901 3617 3168 3671 spe,quae
3193 3605 3281 3657 est
3304 3602 3361 3655 in
3390 3607 3523 3665 Deo,
3546 3600 3652 3672 pati
3674 3610 3813 3670 perse-

2228 3690 2514 3755 cutiones,
2538 3688 2676 3758 quia
2706 3687 2766 3741 in
2800 3690 3071 3759 praesenti
3104 3690 3221 3743 vita
3262 3706 3395 3761 spes
3429 3691 3639 3745 caduca
3663 3692 3749 3751 est,
3772 3684 3812 3736 in

2230 3777 2619 3849 promissione
2669 3782 2863 3830 autem
2898 3776 3019 3841 Dei,
3056 3778 3224 3831 ﬁrma
3270 3784 3447 3849 atque
3481 3777 3705 3833 stabilis.
3722 3774 3812 3843 Ipse

2229 3871 2317 3922 est
2346 3865 2503 3920 enim
2534 3864 2695 3919 salus
2727 3865 3014 3928 omnium,
3035 3866 3173 3936 quia
3193 3882 3261 3920 ex
3289 3866 3438 3936 ipso,
3463 3873 3520 3922 et
3551 3882 3641 3936 per
3669 3865 3809 3934 ipsum

2226 3957 2448 4019 vivunt,
2468 3959 2756 4024 quantum
2788 3954 2857 4006 ad
2886 3959 3224 4023 prmsentem
3246 3955 3422 4010 vitam
3455 3956 3702 4026 pertinet,
3720 3965 3809 4004 om-

2230 4061 2362 4103 nes;
2396 4048 2684 4113 quantum
2716 4059 2848 4096 vero
2872 4044 2942 4095 ad
2976 4043 3324 4113 promissam
3357 4043 3623 4108 salutem,
3643 4038 3808 4095 ﬁdeles.

2228 4131 2721 4203 Cognoscentilius
2780 4130 2935 4185 enim
2998 4147 3079 4199 se,
3126 4136 3255 4202 post
3307 4133 3458 4187 hanc
3515 4132 3693 4195 vitam,
3720 4140 3807 4197 qus

2231 4225 2414 4275 morte
2437 4220 2658 4285 ﬁnitur,
2674 4218 2850 4273 aliam
2873 4220 3142 4275 daturam
3172 4222 3457 4291 promisit,
3483 4238 3605 4292 qua:
3633 4220 3809 4272 immor-

2230 4310 2449 4364 talitate
2481 4308 2713 4379 vigebit.
2748 4308 2880 4362 Ideo
2913 4324 3047 4380 ergo
3081 4308 3180 4375 ait,
3214 4312 3461 4365 maxime
3486 4310 3724 4381 ﬁdelium.

2302 4400 2547 4469 Prsecipe
2577 4397 2714 4463 haec,
2743 4405 2793 4451 et
2839 4396 2983 4452 doce.
3018 4399 3182 4452 Nemo
3201 4398 3544 4466 juventutem
3563 4402 3697 4451 tuam
3719 4406 3805 4447 con-

474 4495 575 4555 est,
608 4488 1028 4560 promissionem
1072 4484 1275 4538 habens
1304 4486 1431 4535 vitae
1460 4483 1750 4552 praesentis
1797 4487 1847 4536 et
1892 4485 2118 4553 futurae.
2153 4509 2198 4572 D
2231 4488 2453 4551 temnat,
2483 4484 2575 4539 sed
2601 4488 2783 4555 forma
2811 4490 2922 4540 esto
2962 4485 3226 4555 ﬁdelium,
3263 4488 3323 4541 in
3351 4487 3528 4551 verbo,
3560 4487 3613 4539 in
3642 4495 3801 4539 conre-

476 4579 723 4634 Profana
746 4576 938 4644 verba,
965 4574 1206 4628 adversa
1236 4570 1675 4641 intelliguntur;
1710 4571 1894 4627 aniles
1926 4580 2121 4628 autem

474 4666 710 4732 fabulae,
740 4664 1123 4719 deliramenta
1162 4666 1300 4715 sunt
1331 4661 1617 4730 quaedam.
1661 4660 1790 4715 Haec
1840 4678 2121 4731 quorum-

476 4757 612 4811 dam
636 4752 1126 4826 perstrepentium
1144 4749 1381 4804 vocibus
1399 4748 1588 4803 solent
1609 4749 1666 4802 in
1691 4750 2119 4805 contentionem

478 4844 710 4909 deduci,
727 4847 792 4897 ut
809 4841 978 4912 quasi
1003 4843 1283 4894 tractatus
1306 4838 1589 4891 habeatur
1612 4838 1693 4891 rei
1714 4837 1931 4902 inanis,
1951 4840 2120 4906 cujus

478 4934 719 4988 effectus
751 4932 949 4986 nullus
982 4933 1088 4997 est,
1118 4927 1229 4982 nisi
1260 4926 1552 4980 vanitatis.
1576 4926 1659 4978 Ab
1692 4925 1782 4978 his
1810 4942 1965 4996 ergo,
1994 4944 2120 4997 qua;

481 5020 768 5073 contraria
786 5024 942 5085 sunt,
988 5016 1403 5072 declinandum
1427 5018 1653 5066 monet:
1673 5012 1852 5066 simili
1874 5015 2044 5069 modo
2066 5021 2123 5070 et

481 5107 552 5161 ab
583 5106 721 5171 illis,
744 5123 870 5177 qua
914 5105 1091 5161 anilia
1132 5108 1289 5169 sunt,
1313 5102 1570 5156 vanitate
1600 5100 1853 5171 quadam
1887 5117 2120 5174 compo-

482 5194 614 5250 sita.
640 5192 789 5247 Sunt
818 5195 973 5249 enim
1005 5193 1208 5264 aliqui,
1230 5192 1328 5264 qui
1359 5189 1547 5245 calore
1577 5189 1760 5243 animi
1792 5189 2032 5245 mittunt
2061 5208 2122 5247 se

1189 5334 1374 5358 -.-1..-.ι-
1436 5334 1697 5358 “nimbum
1758 5349 1868 5358 ...Λ-ιι
1924 5350 2054 5358 ...ι-ι-..

555 5333 735 5358 I‘°)f\:\
782 5336 847 5358 ἶΙῖ

2230 4578 2465 4641 satione,
2494 4575 2549 4627 in
2583 4576 2831 4641 caritate,
2864 4575 2924 4627 in
2953 4574 3073 4643 fide,
3108 4577 3163 4629 in
3195 4578 3457 4631 castitate.
3494 4572 3801 4629 Timotheum

2231 4669 2516 4734 quantum
2549 4662 2619 4716 ad
2651 4667 2879 4715 aetatem
2931 4662 3196 4733 pertinet,
3220 4664 3456 4732 juvenis
3498 4669 3641 4726 erat;
3672 4672 3803 4729 quan-

2232 4756 2354 4805 tum
2389 4751 2459 4805 ad
2494 4766 2685 4804 mores
2715 4754 2772 4803 et
2801 4751 3320 4819 conversationem,
3351 4752 3540 4806 senior
3568 4755 3620 4805 et
3643 4744 3803 4820 gravis.

2231 4842 2405 4904 Quem
2442 4840 2566 4892 ideo
2598 4837 2680 4891 sic
2712 4843 2929 4901 monet,
2954 4844 3017 4892 ut
3060 4840 3356 4908 profectus
3389 4842 3509 4911 ejus
3544 4855 3633 4909 per
3658 4831 3807 4890 omnia

2230 4927 2557 4999 exemplum
2612 4932 2765 4980 esset
2812 4926 3096 4981 honorum
3147 4945 3410 4998 operum,
3462 4935 3520 4983 ut
3567 4928 3618 4980 in
3664 4920 3804 4978 adole-

2233 5024 2425 5072 sd'ente
2456 5014 2743 5069 mirabilis
2779 5015 3068 5069 videretur
3116 5022 3172 5069 et
3218 5018 3413 5087 gravis
3444 5013 3735 5085 disciplina,
3762 5010 3804 5059 οἱ

2231 5110 2392 5159 actus
2416 5105 2543 5171 ejus
2566 5107 2906 5156 excusarent
2928 5108 3172 5170 aetatem,
3196 5109 3253 5157 et
3276 5122 3389 5159 non
3418 5103 3575 5176 quasi
3598 5094 3801 5173 juvenis,

2230 5193 2329 5247 sed
2362 5192 2527 5261 quasi
2552 5190 2747 5245 senior
2768 5190 3098 5257 haberetur,
3115 5197 3170 5247 et
3193 5194 3591 5249 erubescerent
3611 5188 3803 5257 majores

2230 5350 2354 5358 ..η-..-
2412 5333 2477 5358 ..Ᾱ
2532 5331 3080 5358 νβιηηηι-...ιι-..ηξηκληλη
3156 5340 3197 5358 ,ιι
3253 5336 3316 5358 -J
3372 5333 3711 5358 m:_-_l.1.-um
3739 5339 3804 5358 nr.
