3974 5358
445 345 562 403 6'19

1460 339 1794 400 ATTONIS
1843 338 2422 401 VERCELLENSIS
2466 339 2817 400 EPISCOPI
3687 341 3778 405 680

443 476 552 532 hoc
584 474 808 544 indicit,
840 472 976 545 quia
1005 476 1200 543 spreto
1230 470 1351 526 viro
1381 471 1562 526 Deum
1595 471 1788 543 elegit,
1831 471 1921 526 cui
1955 488 2080 526 ser-
2111 473 2163 538 Α
2197 489 2298 525 nec
2332 473 2400 526 ad
2438 472 2662 526 veniam
2697 472 2864 526 debet
2894 469 3200 542 pertinere,
3234 469 3370 542 quia
3400 469 3690 543 primordio
3716 475 3782 529 ia-

441 566 559 620 viat
587 569 705 619 tota
737 567 930 619 mente
962 566 1198 633 propter
1244 560 1417 614 vitam
1453 559 1824 630 promissam.
1866 563 1939 614 Et
1967 560 2085 616 hwc

437 655 699 726 pracipe,
713 657 771 708 ut
790 649 1288 721 irreprehensibiles
1307 649 1697 702 sint.Tantum
1719 648 2081 719 diligentiam

443 749 682 799 actuum
711 758 775 796 ac
827 756 1055 794 morum
1088 737 1328 792 viduam
1367 736 1488 790 vult
1519 736 1751 804 habere,
1782 743 1844 790 ut
1876 754 2070 807 repre-

442 831 614 887 hendi
647 847 759 885 non
789 830 992 901 possit.
1016 830 1224 882 Amota
1245 826 1400 880 enim
1425 842 1458 880 a
1480 842 1579 896 Spe
1605 826 1910 878 mundanae
1944 841 2079 879 con-

439 919 805 984 versationis,
840 923 896 973 et
926 916 1184 987 corporis
1214 915 1453 969 curandi
1479 915 1690 978 officio,
1725 918 1956 985 propter
1974 913 2079 967 hoc

440 1025 503 1064 se
532 1009 600 1063 ad
635 1008 819 1064 Deum
859 1005 1127 1072 contulit,
1189 1009 1250 1057 ut
1298 1001 1656 1074 probabilem
1689 1006 1822 1072 agat
1876 1002 2075 1056 vitam.

440 1096 698 1154 Sublatis
727 1095 882 1152 enim
916 1093 1339 1160 occasionibus,
1367 1109 1491 1163 quis
1511 1091 1703 1146 aditus
1734 1090 1922 1145 solent
1943 1107 2076 1161 ape-

438 1187 554 1242 riro
592 1185 862 1258 peccatis,
894 1188 1084 1255 potest
1139 1183 1289 1238 bona
1345 1180 1708 1236 conversatio
1764 1178 2077 1234 incolumis

436 1289 798 1347 permanere.

509 1363 569 1418 Si
591 1363 710 1433 quis
737 1365 919 1416 autem
938 1374 1160 1414 suornm
1188 1365 1237 1412 et
1261 1358 1512 1412 maxime
1539 1355 1952 1410 domesticorum
1981 1370 2077 1408 cu-

436 1469 559 1507 ram
587 1469 692 1506 non
725 1450 902 1516 habet,
925 1451 1097 1519 ﬁdem
1124 1447 1362 1515 negavit,
1389 1450 1439 1500 et
1469 1453 1542 1499 est
1573 1444 1784 1513 inﬁdeli
1811 1443 2072 1498 deterior.

435 1539 594 1594 Hanc
626 1539 1014 1608 viduam,ques
1040 1534 1339 1608 negligens
1358 1533 1466 1587 fuit
1487 1533 1640 1588 circa
1661 1548 1798 1586 suos
1817 1532 2074 1596 affectos,

435 1633 501 1682 ut
530 1628 803 1683 educeret
840 1643 938 1682 eos
960 1626 1017 1679 in
1051 1623 1422 1694 disciplinam
1446 1625 1502 1677 et
1517 1622 1940 1692 correptionem
1966 1621 2074 1675 Do-

435 1715 1082 1785 mini,inhonorandam
1107 1711 1469 1785 (l306)dicit,
1503 1710 1642 1782 quia
1664 1709 1814 1764 sicut
1845 1709 2072 1780 perfidi,

347 1871 358 1876 η
431 1806 543 1877 legi
575 1806 671 1861 Dei
702 1821 815 1860 non
858 1803 1131 1906 pbedivit.
1187 1801 1258 1855 Ut
1290 1801 1460 1899 pejor.
1503 1799 1789 1854 habeatur
1837 1813 2075 1853 necesse
2109 1842 2155 1906 Β

433 1899 542 1962 est,
573 1894 673 1967 qui
715 1895 827 1948 sub
858 1891 982 1962 lege
1007 1896 1063 1948 et
1108 1890 1315 1945 timore
1365 1888 1464 1944 Dei
1496 1904 1677 1959 agens
1709 1891 2078 1958 contemptor

432 1988 540 2051 est,
575 1999 750 2055 quam
770 1981 868 2052 qui
902 1997 1014 2035 non
1039 1979 1339 2049 subjectus
1360 1981 1449 2032 est
1471 1976 1607 2048 legi.
1631 1975 1736 2029 Hic
1757 1975 1911 2030 enim
1946 1991 2075 2030 nes-

432 2072 548 2140 cit;
582 2071 679 2126 ille
708 2075 902 2126 autem
932 2066 1272 2124 contemnit.

507 2160 676 2216 Vidua
734 2159 979 2228 eligatur
1037 2173 1308 2212 annorum
1356 2169 1466 2208 non
1521 2155 1707 2207 minus
1762 2153 2073 2219 sexaginta,

427 2252 599 2306 unius
647 2251 756 2304 viri
802 2263 943 2302 uxor
989 2246 1194 2317 (1307),
1228 2247 1287 2299 in
1343 2242 1596 2314 aperibns
1630 2243 1778 2296 bouis
1829 2243 2071 2295 testimo-

427 2341 588 2394 nium
616 2338 838 2401 habens,
872 2338 923 2391 si
972 2335 1120 2404 ﬁlios
1175 2334 1462 2398 enutrivit,
1493 2333 1544 2385 si
1593 2331 1824 2402 hospitio
1857 2331 2071 2400 recepit,

426 2429 479 2482 si
524 2434 836 2482 sanctorum
859 2423 1018 2496 pedes
1069 2424 1221 2487 lavit,
1286 2423 1338 2475 si
1383 2436 1698 2491 pressuram
1743 2419 2075 2490 patientibus

429 2515 888 2581 subministravit,
920 2513 970 2567 si
998 2526 1157 2567 omne
1185 2525 1314 2580 opus
1349 2510 1545 2563 bonum
1574 2508 1856 2562 subsecuta
1886 2512 1982 2562 est.
2013 2507 2072 2561 Si

430 2602 808 2677 praerogativa
839 2600 1258 2672 praeteritorum
1290 2613 1530 2668 operum
1574 2597 1746 2650 vidua
1775 2611 2071 2651 commen-

429 2695 620 2760 datur,
653 2691 980 2764 eligendam
1013 2689 1162 2744 hanc
1191 2688 1375 2742 docet-
1404 2684 1634 2742 Domini
1678 2684 1832 2739 enim
1855 2683 2071 2755 judici-

429 2784 516 2838 cio
569 2781 881 2838 ascribitur
929 2795 1140 2834 nomen
1216 2778 1344 2847 ejus
1403 2773 1814 2830 ecclesiasticis
1865 2790 2072 2828 monu-

431 2871 666 2939 mentis,
698 2885 871 2940 quam
918 2867 1159 2939 dignam
1187 2871 1353 2920 vetus
1388 2863 1504 2919 vita
1533 2863 1808 2918 declarat.
1846 2863 2074 2916 Imbuta

430 2961 586 3014 enim
616 2957 828 3014 divinis
867 2955 1164 3026 obsequiis
1213 2959 1269 3009 et
1300 2954 1357 3008 in
1407 2953 1582 3007 vitam
1627 2957 1902 3018 atterens,
1935 2968 2071 3005 sus-

431 3047 698 3120 cipienda
727 3051 816 3102 est
844 3047 903 3100 in
936 3046 1068 3100 sinu
1104 3042 1365 3098 Ecclesia:
1396 3041 1495 3113 qui
1529 3040 1666 3096 olim
1719 3056 1780 3094 se
1811 3040 1961 3094 vovit
1993 3039 2068 3092 le-

429 3137 654 3210 gitimis
685 3134 956 3191 servitiis.
1041 3145 1054 3157 '

496 3227 751 3281 Iuniores
798 3228 990 3278 autem
1039 3220 1229 3276 viduas
1267 3219 1463 3274 devita.
1521 3218 1654 3272 Cum
1685 3217 1834 3272 enim
1864 3217 1921 3270 in
1972 3215 2068 3271 de-
2100 3203 2142 3268 C

426 3316 572 3370 liciis
619 3315 850 3384 egerint,
914 3314 970 3366 in
1029 3311 1238 3365 Christo
1297 3308 1497 3362 nubere
1544 3307 1752 3361 volunt.
1800 3305 2070 3360 Prohibet

426 3401 888 3460 adulescentulas
940 3399 1147 3455 viduas
1180 3398 1237 3451 in
1279 3396 1386 3450 hac
1435 3395 1655 3466 suscipi
1688 3394 2066 3466 professione.

427 3491 685 3547 Lubrica;
725 3491 880 3546 enim
932 3489 1080 3542 aetati
1116 3487 1259 3540 fides
1291 3483 1456 3539 facile
1501 3483 1698 3537 haberi
1730 3499 1843 3536 non
1875 3482 2066 3552 debet,

425 3579 640 3651 quippe
669 3595 803 3633 cum
838 3576 1224 3647 quarumdam
1265 3571 1530 3643 exempla
1561 3571 1906 3642 praecedant,
1939 3586 2066 3639 quae

424 3671 558 3740 post
607 3666 1026 3737 professionem
1072 3663 1222 3726 vitae,
1267 3659 1610 3715 deliciarum
1662 3657 2064 3723 oblectatione,

425 3772 660 3823 nomen,
694 3771 808 3809 non
858 3768 1034 3824 Opera
1061 3749 1364 3806 viduitatis
1404 3747 1639 3814 habent,
1673 3752 1729 3802 et
1781 3762 2066 3801 conversas

424 3843 646 3918 nuptiis
679 3841 1089 3898 sollicitantur.
1124 3838 1231 3905 Qui
1261 3837 1419 3894 enim
1450 3841 1616 3908 putat
1659 3851 1720 3890 se
1750 3836 1808 3890 in
1840 3835 2068 3891 Christo

423 3934 646 3991 deliciis
666 3933 847 3990 vitam
880 3947 1068 4004 agere,
1123 3928 1366 3985 minime
1407 3927 1685 3982 innocens
1717 3928 2063 3996 perseverat.

422 4023 673 4079 Luxuria
702 4022 858 4078 enim
883 4020 1064 4076 trahit
1094 4017 1260 4074 illum
1293 4017 1364 4073 ad
1399 4032 1508 4071 sua
1529 4015 1814 4079 membra,
1841 4019 1903 4068 ut
1933 4013 2068 4068 sub-

413 4112 654 4185 jiciatur
685 4116 936 4184 peccato.
968 4108 1194 4165 Deliciae
1225 4107 1380 4162 enim
1423 4106 1608 4177 janua
1655 4107 1794 4158 sunt
1824 4102 2063 4174 peccati.

421 4206 548 4257 Non
580 4199 738 4257 enim
766 4215 878 4272 quo
910 4199 1111 4254 tendat
1150 4198 1475 4268 ignoratur,
1508 4197 1608 4263 qui
1638 4191 1878 4246 fluidam
1911 4195 2069 4244 amat

420 4292 596 4345 vitam
609 4332 622 4345 .

493 4379 773 4432 [labentes
803 4376 1237 4443 damnationem,
1273 4374 1405 4444 quia
1440 4373 1681 4442 primam
1709 4369 1884 4439 ﬁdem
1933 4368 2067 4421 irri-

420 4470 532 4522 tam
559 4473 827 4536 [ecerunt.
895 4464 1041 4529 Quid
1080 4467 1314 4517 maneat
1351 4460 1518 4526 tales,
1553 4458 1824 4524 ostendit,
1886 4473 1956 4512 ne
1991 4457 2068 4510 fa-

2195 561 2382 616 fidelis
2415 562 2688 616 inventus
2719 567 2828 616 est.

2263 650 2442 703 Simul
2486 659 2668 704 autem
2719 650 2925 718 (1308),
2977 653 3029 703 et
3075 649 3283 718 otiosae,
3331 649 3545 704 discunt
3587 652 3779 706 circum-

2193 741 2274 792 ire
2319 739 2519 805 domos,
2581 754 2684 793 non
2744 739 2920 792 solum
2967 741 3153 791 autem
3209 738 3407 803 otiosae,
3465 738 3552 793 sed
3600 745 3645 794 et
3693 759 3780 796 ver-

2193 827 2330 881 bosa:
2354 836 2404 881 et
2432 829 2685 892 curiosw,
2740 827 3016 896 loquentes
3069 842 3190 896 qua
3243 842 3350 880 non
3415 835 3626 896 oportet.
3679 831 3782 894 Qua

2190 916 2322 968 dam
2356 915 2609 985 virgines
2641 920 2696 969 et
2734 916 2940 980 viduae,
2995 915 3440 970 commendante
3473 917 3782 986 professione

2188 1003 2530 1074 (gloriosum
2563 1008 2651 1058 est
2681 1004 2836 1058 enim
2869 1005 3047 1074 hujus
3079 1003 3158 1058 rei
3190 1003 3786 1078 vocabulum)accepta-

2188 1092 2335 1147 biles
2362 1097 2501 1147 sunt
2528 1091 2802 1146 domibus
2834 1092 3110 1158 divitum;
3144 1108 3271 1162 quae
3315 1093 3371 1147 id
3406 1099 3602 1164 agunt,
3632 1099 3687 1150 ut
3708 1113 3782 1166 pa-

2187 1186 2353 1235 reant
2382 1179 2773 1235 voluntatibus
2801 1197 2987 1246 erum,
3019 1179 3394 1236 ambulantes
3420 1187 3478 1236 et
3506 1191 3782 1253 quaerentes

2187 1286 2314 1340 quae
2347 1271 2639 1340 perferant
2657 1269 2729 1323 ad
2760 1268 3135 1340 illos,quibus
3157 1267 3536 1339 delectentur,
3560 1272 3780 1327 ulotiosa

2186 1357 2530 1413 muneribus
2553 1357 2903 1426 afficiantur,
2937 1362 2992 1412 et
3023 1358 3176 1413 malo
3208 1373 3368 1413 more
3404 1358 3538 1429 plus
3570 1367 3780 1430 quarunt

2186 1445 2403 1501 fabulis
2433 1463 2608 1517 quam
2642 1464 2767 1517 quae
2827 1451 3142 1516 operantur
3200 1446 3500 1515 manibus,
3559 1452 3619 1502 ut
3659 1447 3779 1503 elatae

2185 1535 2502 1605 procedant
2523 1541 2580 1590 et
2600 1535 2961 1606 compositae,
2986 1539 3188 1590 contra
3210 1535 3632 1607 professionem
3651 1554 3778 1592 suam

2185 1628 2442 1696 agentes.
2504 1624 2636 1686 Quae
2670 1641 2760 1678 res
2821 1623 3009 1678 solent
3065 1623 3181 1678 illis
3243 1624 3425 1679 etiam
3478 1623 3536 1677 in
3581 1625 3674 1680 hac
3696 1626 3780 1678 vita

2185 1729 2312 1768 esse
2361 1712 2682 1768 contrariae.
2745 1712 3054 1766 Revelatur
3103 1711 3259 1767 enim
3323 1712 3380 1768 id
3416 1713 3571 1785 quod
3601 1728 3780 1785 semper

2187 1801 2481 1858 occultum
2515 1804 2741 1871 putant.
2772 1799 2920 1862 Quid
2967 1804 3056 1855 est
3086 1797 3265 1870 enim,
3299 1805 3362 1855 ut
3423 1818 3491 1856 ea
3520 1799 3778 1872 loquantur

2187 1906 2317 1962 quas
2348 1905 2462 1945 non
2495 1888 2756 1960 oportet!
2794 1887 3142 1960 Nuptiarum
3175 1889 3331 1943 enim
3366 1893 3508 1944 sunt
3534 1889 3776 1960 proxime,

2187 1979 2506 2033 multorum
2538 1981 2890 2033 secretorum
2923 1977 3256 2049 participes,
3297 1977 3662 2044 adulatrices,
3689 1994 3776 2033 ser-

2188 2084 2390 2122 vorum
2426 2065 2704 2138 querulae.

2261 2157 2388 2211 Volo
2420 2158 2606 2226 itaque
2627 2156 2881 2226 juniores
2911 2155 3129 2225 nubere,
3163 2155 3304 2224 ﬁlios
3350 2172 3659 2227 procreare,
3696 2172 3759 2208 ma

2185 2250 2220 2299 ιιι
2259 2246 2543 2316 'sfamilias
2562 2261 2691 2299 esse.
2707 2245 2823 2299 lloc
2846 2247 2936 2299 est
2955 2243 3112 2298 enim
3134 2259 3330 2315 regere
3351 2245 3594 2300 domum
3616 2245 3773 2315 (1309i,

2183 2335 2406 2390 Nullam
2454 2333 2940 2388 occasionemdare
2967 2333 3281 2388 adversario
3311 2334 3596 2389 maledicti
3618 2336 3772 2404 gratia.

2180 2425 2302 2479 Jam
2332 2425 2478 2477 enim
2504 2422 2750 2492 quaedam
2779 2422 3167 2477 deerraverunt
3189 2431 3312 2495 post
3342 2424 3639 2478 Satanam:
3665 2425 3774 2487 Quo-

2182 2513 2363 2583 niam,
2397 2530 2522 2584 quze
2550 2528 2729 2582 supra
2757 2511 2903 2565 dixit
2951 2511 3022 2567 de
3053 2511 3423 2583 hujusmodi,
3458 2513 3715 2568 contraria
3735 2515 3775 2566 et

2183 2602 2384 2657 illicita
2401 2605 2558 2666 sunt,
2594 2601 2912 2672 perducent
2931 2617 3028 2655 eas
3052 2602 3124 2656 ad
3157 2605 3430 2657 mortem.
3460 2601 3662 2657 Idcirco
3680 2617 3774 2656 con-

2182 2691 2380 2746 silium
2408 2691 2507 2746 dat
2529 2695 2584 2744 et
2606 2688 2865 2760 praecipit
2886 2704 2954 2744 ea
2967 2689 3089 2744 ﬁeri
3111 2707 3239 2760 quae
3263 2689 3423 2745 licila
3445 2695 3597 2746 sunt.
3617 2687 3772 2744 Melius

2181 2784 2269 2835 est
2299 2779 2453 2834 enim
2485 2779 2697 2833 domus
2728 2795 2845 2832 sua:
2886 2794 3085 2832 curam
3126 2794 3323 2850 gerere
3345 2795 3528 2848 quam
3551 2778 3606 2832 in
3635 2776 3774 2832 aliena

2181 2869 2354 2924 domo
2376 2866 2621 2923 adulari.
2656 2868 2721 2921 Et
2746 2866 2996 2921 multum
3025 2867 3255 2938 expedit
3274 2867 3500 2922 nubere
3519 2883 3679 2937 quam
3696 2865 3772 2920 sub

2179 2960 2331 3014 bona
2375 2963 2431 3012 et
2461 2956 2554 3028 pia
2597 2955 2954 3027 professione
3010 2955 3282 3010 nobiliter
3339 2956 3626 3011 incedere.
3676 2954 3772 3008 Plus

2181 3050 2373 3100 autem
2406 3048 2494 3098 est
2542 3059 2677 3097 cum
2729 3042 2948 3113 pudore
2992 3041 3266 3096 manibus
3297 3041 3520 3098 victum
3567 3058 3769 3113 querere

2181 3150 2355 3204 quam
2418 3131 2804 3186 inverecunde
2835 3147 2967 3185 cum
3001 3130 3116 3185 otio
3166 3129 3354 3185 aliena
3417 3132 3675 3188 utensilia
3713 3147 3774 3185 et-

2182 3227 2462 3293 spectare.
2496 3221 2586 3275 Sic
2609 3221 2762 3275 enim
2788 3219 3006 3275 invenit
3025 3221 3388 3276 occasionem
3413 3222 3646 3277 Satanas
3665 3235 3773 3291 quo-

2180 3312 2350 3366 modo
2391 3311 2691 3365 subvertat
2723 3310 2951 3363 animas
2981 3309 3366 3381 inconsultas,
3402 3327 3539 3366 cum
3569 3311 3653 3380 pia
3674 3324 3768 3380 pro-

2180 3401 2409 3454 fitentes
2442 3399 2657 3468 injuste
2684 3403 3008 3452 versantur.
3045 3396 3202 3452 Nihil
3236 3399 3393 3454 enim
3449 3403 3566 3454 tam
3597 3398 3770 3470 pericu-

2175 3487 2367 3542 losum
2427 3492 2516 3541 est
2570 3503 2744 3556 quam
2793 3485 2840 3541 si
2893 3485 3242 3556 professioni
3276 3490 3445 3558 gesta
3480 3488 3771 3559 repugnent.

2178 3581 2456 3646 Apertum
2489 3574 2642 3630 enim
2695 3579 2918 3630 motum
2954 3591 3068 3628 non
3117 3573 3342 3630 zelatur
3383 3577 3644 3640 Satanas,
3672 3571 3773 3644 quia

2177 3665 2389 3736 gaudet
2421 3663 2478 3717 in
2531 3661 2627 3716 illo
2655 3680 2666 3729 ;
2699 3662 2877 3716 istum
2910 3678 3062 3727 vero,
3114 3679 3290 3734 quem
3322 3661 3479 3719 videt
3517 3662 3706 3726 fallere,
3731 3658 3770 3713 id

2177 3757 2309 3824 aget
2340 3756 2402 3806 ut
2450 3750 2784 3806 manifestet
2826 3748 2993 3804 illum
3025 3766 3198 3804 suum
3258 3749 3446 3806 filium
3501 3767 3640 3818 esse,
3685 3763 3769 3803 non

2177 3842 2306 3907 Dei;
2341 3841 2495 3912 quod
2530 3841 2746 3894 factum
2775 3856 2889 3894 non
2922 3837 3192 3910 displicet
3224 3844 3358 3895 Deo.

2247 3931 2307 3986 Si
2345 3931 2465 4002 quis
2512 3929 2715 3998 ﬁdelis,
2775 3926 2864 3982 vel
2891 3931 2941 3983 si
2987 3945 3095 4000 qua
3145 3929 3327 3998 ﬁdelis
3386 3929 3548 3985 habet
3598 3927 3767 3988 viduus,

2175 4021 2508 4090 sufﬁcienter
2535 4019 2911 4072 subministrei
2955 4017 3090 4083 illis,
3123 4021 3181 4072 ut
3210 4035 3319 4073 non
3351 4027 3606 4087 gravetur
3628 4015 3768 4072 Eccle-

2174 4111 2279 4175 sia,
2313 4111 2371 4161 ul
2402 4108 2542 4162 veris
2575 4106 2755 4161 viduis
2785 4105 3044 4176 sufﬁciat.
3068 4106 3217 4170 Quid
3252 4107 3469 4162 mirum
3500 4107 3548 4162 si
3580 4108 3764 4178 aposto-

2177 4195 2291 4251 lica
2316 4200 2572 4266 potestas
2605 4195 2801 4250 futura
2823 4195 3011 4266 potuit
3030 4195 3342 4267 praevidere
3360 4195 3387 4250 ?
3416 4200 3560 4250 Nam
3577 4195 3769 4266 apparet

2177 4285 2332 4356 quod
2365 4284 2528 4350 dixit,
2562 4283 2701 4354 quia
2732 4282 2992 4338 fidelium
3023 4284 3207 4339 viduae
3232 4284 3645 4340 nuncmultum
3669 4295 3766 4352 gra-

2178 4379 2314 4427 vant
2348 4371 2684 4441 Ecclesiam,
2718 4375 2774 4426 et
2803 4387 3025 4439 eorum,
3065 4373 3165 4443 qui
3199 4372 3516 4444 locupletes
3545 4372 3768 4425 videntur

2178 4462 2402 4529 mundi,
2437 4466 2493 4515 et
2523 4477 2622 4532 per
2678 4460 2994 4515 senectutis
3042 4477 3278 4515 causam
3325 4459 3659 4516 desistente—5
3695 4469 3764 4510 eas

421 4555 530 4611 cile
587 4555 861 4618 audeant,
907 4552 1060 4624 quod
1112 4549 1356 4621 implere
1403 4547 1638 4603 difficile
1694 4551 1800 4616 est,
1861 4551 1962 4601 aut
2018 4545 2066 4600 si
2097 4566 2143 4631 Β
2177 4550 2250 4604 ab
2281 4566 2452 4621 opere
2479 4547 2736 4615 lanificii,
2771 4547 3077 4602 retrahunt
3103 4548 3186 4603 eis
3217 4553 3274 4602 et
3313 4550 3705 4603 vestimentum
3727 4547 3764 4594 et

423 4645 657 4700 animus
686 4647 775 4698 est
822 4641 957 4696 huic
1005 4638 1292 4695 devotioni
1340 4638 1574 4693 deditus
1623 4637 1776 4708 apud
1819 4653 1878 4690 se
1910 4635 2062 4690 inte-

422 4735 532 4788 rim
567 4737 780 4803 teneat,
810 4731 948 4803 quia
977 4728 1181 4785 didicit
1211 4727 1590 4783 temerarium
1622 4741 1750 4780 esse
1782 4723 2062 4796 profiteri,

422 4823 574 4895 quod
608 4821 800 4877 adhuc
844 4817 1086 4891 juvenili
1116 4816 1271 4872 aetati
1296 4814 1450 4870 credi
1501 4830 1613 4869 non
1646 4813 1834 4868 debet.
1888 4816 2062 4866 Dam-

423 4910 643 4966 nationi
701 4908 857 4964 enim
921 4910 982 4962 fit
1011 4905 1317 4974 obnoxius,
1370 4903 1468 4974 qui
1527 4903 1598 4956 ab
1632 4901 1737 4956 hoc
1787 4899 2061 4966 declinat,

423 5001 577 5072 quod
608 5003 761 5054 recte
791 4998 1022 5053 fecerat.
1057 4997 1351 5059 Quantum
1411 4991 1565 5046 enim
1617 4987 1907 5044 laudabile
1955 4993 2061 5057 est,

423 5088 469 5128 ni
503 5087 740 5128 imnlpnt
783 5087 934 5128 nnan
993 5084 1142 5128 nler
1201 5084 1351 5130 vires
1405 5084 1534 5130 eius
1584 5079 1861 5130 creditur.
1906 5081 2064 5130 tanto

2173 4639 2412 4701 victum,
2459 4654 2572 4691 non
2628 4642 2815 4691 totum
2861 4645 3056 4691 tamen
3105 4654 3174 4691 ex
3203 4641 3384 4707 parte,
3436 4641 3497 4691 ut
3544 4635 3644 4690 illae
3672 4634 3763 4703 ipsa

2174 4727 2371 4797 inopia
2401 4727 2473 4780 ad
2504 4725 2821 4780 Ecclesiam
2863 4728 3277 4780 convertantur
3309 4731 3373 4780 ut
3409 4725 3618 4779 vivant.
3649 4721 3765 4783 Quos

2173 4816 2476 4887 oportebat
2495 4831 2608 4870 non
2625 4813 2813 4870 solum
2838 4813 2960 4868 suis
2975 4813 3370 4885 indigentibus
3390 4813 3763 4886 largiri,verum

2172 4905 2345 4959 etiam
2381 4903 2522 4958 alias
2555 4903 2754 4974 inepes
2779 4919 3010 4972 pascere
3033 4908 3088 4956 et
3107 4908 3414 4973 contegere
3443 4927 3454 4968 ;
3485 4901 3630 4972 quod
3654 4892 3766 4951 inul-

2172 4998 2298 5048 tum
2329 4994 2510 5048 obest.
2544 4994 2689 5047 Cum
2721 4992 2873 5046 enim
2909 4991 2999 5045 his
3031 4992 3218 5059 datur,
3244 4991 3465 5047 cazteris
3495 4988 3764 5044 autminus

2174 5089 2274 5132 aut
2323 5099 2436 5132 non
2495 5081 2683 5132 datur.
2717 5081 2934 5132 auibus
2994 5069 3180 5132 magis
3242 5081 3496 5132 dandum
3541 5084 3764 5132 est.aua
