3974 5358
146 427 240 486 68f
523 420 938 483 EXPOSI'I‘IO
986 422 1060 482 IN
1108 423 1535 485 EPISTOLAS
1584 426 1837 486 PAULI.
1866 461 1942 470 —
1983 428 2059 487 IN
2106 429 2352 490 EPIS’I‘.
2401 430 2422 488 Ι
2470 431 2571 488 AD
2616 429 3115 490 'I‘IMO'I‘HEUM.

3402 433 3520 490 682

144 557 359 613 deberet
386 552 597 610 vestire
638 569 875 624 paucos,
921 558 978 607 et
1031 553 1215 624 plebs,
1261 572 1387 623 quae
1436 554 1681 611 libenter
1711 560 1768 610 et
1798 561 1850 625 Α
1881 559 2117 614 dinatur
2148 560 2300 615 vitiis
2330 565 2385 615 et
2414 560 2637 615 delictis
2688 562 2835 631 ejus.
2888 562 2945 615 Si
2997 578 3131 632 ergo
3164 562 3402 617 omnino
3435 562 3521 616 la-

140 646 458 715 frcquenter
488 642 671 712 possit
702 641 1034 696 ministrare
1068 644 1287 713 paucis,
1320 643 1546 714 cogitur
1577 643 1769 714 plures

142 732 437 795 dimittere,
472 736 535 784 ut
579 735 679 783 aut
728 735 1055 785 murmuret
1099 737 1199 785 aut
1227 731 1453 785 tardius
1483 737 1767 787 occurrat.

138 822 271 875 Nam
296 835 427 873 cum
452 819 749 890 praecipiat
773 819 948 874 unius
969 819 1074 873 viri
1100 836 1333 875 uxorem
1353 819 1487 891 eligi
1510 821 1770 884 viduam,

140 924 283 964 nunc
315 906 692 961 inveniuntur
721 907 873 962 inter
900 924 998 963 eas
1032 925 1144 963 non
1176 908 1401 963 tauium
1435 910 1640 977 duum,
1674 914 1775 964 aut

138 998 304 1052 trium
338 996 687 1051 maritorum
738 1012 967 1063 uxores,
1002 997 1101 1052 sed
1152 1002 1208 1051 et
1255 1014 1379 1067 qua:
1430 998 1659 1068 turpius
1690 998 1772 1051 vi-

135 1085 329 1141 xerint.
346 1086 509 1149 Quod
530 1083 845 1155 aliquando
861 1101 961 1156 per
975 1085 1389 1157 negligentiam
1405 1088 1490 1149 lit,
1507 1086 1774 1157 aliquan-

134 1177 199 1230 do
231 1178 518 1245 potestate
546 1172 901 1227 insinuante.

199 1262 301 1331 Qui
348 1261 485 1316 bene
526 1264 775 1332 praesunt
826 1261 1151 1332 presbyteri,
1193 1262 1401 1332 duplici
1449 1269 1649 1318 honore
1679 1264 1777 1318 ha-

134 1354 361 1410 beantur
420 1351 598 1421 digni,
633 1352 871 1405 maxime
928 1353 1023 1421 qui
1087 1351 1345 1406 laborant
1412 1354 1469 1406 in
1520 1352 1678 1407 verbo
1726 1356 1778 1407 et

131 1442 401 1497 doctrina.
449 1439 589 1494 Boni
623 1440 1057 1510 dispensatores
1088 1457 1153 1495 ac
1185 1438 1405 1510 ﬁdeles,
1440 1457 1550 1496 non
1585 1440 1776 1495 solum

130 1531 340 1585 honore
373 1528 617 1585 sublimi
647 1529 802 1597 digni
857 1528 1069 1584 debent
1111 1530 1389 1600 judicari,
1442 1530 1541 1584 sed
1575 1535 1631 1584 et
1663 1536 1779 1584 ter-

128 1629 280 1681 reno,
320 1621 386 1671 ut
426 1634 537 1672 non
590 1618 1012 1671 contristentur
1056 1617 1378 1690 indigentia
1408 1622 1778 1688 sumptuum,

127 1707 219 1763 sed
254 1706 454 1778 magis
492 1706 789 1777 gaudeant
819 1709 931 1761 tide
977 1724 1084 1761 sua
1138 1712 1195 1761 et
1236 1706 1516 1762 doctrina.
1554 1709 1781 1762 Instan-

128 1794 230 1850 tior
259 1794 428 1850 enim
463 1795 545 1862 fit,
580 1794 629 1849 si
684 1810 798 1848 non
850 1793 1194 1849 humilietur
1243 1795 1458 1867 inopia,
1492 1800 1548 1851 et
1577 1795 1783 1850 crescit

124 1884 179 1937 in
212 1881 313 1937 illo
349 1882 699 1949 auctoritas,
741 1897 873 1937 cum
907 1882 1063 1937 videt
1109 1900 1169 1938 se
1202 1883 1375 1938 etiam
1417 1883 1477 1937 in
1509 1884 1779 1954 praesenti

121 1969 341 2025 laboris
375 1969 473 2025 sui
510 1968 764 2024 fructum
789 1970 1105 2041 percipere,
1138 1986 1252 2025 non
1286 1974 1351 2024 ut
1375 1970 1652 2035 abundet,
1676 1971 1777 2025 sed

124 2066 183 2111 ut
213 2075 332 2113 non
367 2058 625 2113 deficiat.

191 2148 340 2202 Dicit
372 2148 526 2201 enim
555 2146 878 2215 Scriptura:
934 2162 1043 2201 non
1092 2147 1419 2217 infremubis
1467 2148 1649 2203 bovem
1677 2149 1778 2202 tri-

121 2244 407 2291 turantem
463 2236 639 2307 (Deut.
703 2253 828 2300 xxv,
855 2236 883 2287 -’i
910 2252 921 2288 ε
986 2237 1007 2289 1
1040 2236 1158 2290 Cor.
1214 2254 1288 2301 ιχ,
1320 2238 1374 2307 9)
1403 2254 1416 2303 ;
1460 2238 1672 2307 Dignus
1702 2241 1783 2291 est

119 2327 418 2395 onerarias
478 2323 721 2379 mercede
779 2340 878 2377 sua
936 2325 1150 2393 (Matth.
1196 2343 1251 2395 x,
1304 2326 1406 2393 10;
1456 2327 1585 2381 Luc.
1617 2343 1671 2395 x,
1702 2326 1778 2393 7).

118 2413 309 2468 Tanta
333 2429 558 2468 merces
580 2413 748 2467 debet
769 2428 898 2467 esse
919 2412 1372 2485 evaugelizantis
1394 2430 1637 2486 regnum
1663 2414 1780 2483 Dei,

116 2520 235 2573 qua
274 2517 473 2573 neque
505 2502 883 2555 contristetur
914 2518 1099 2573 neque
1129 2502 1458 2557 extollatur.

184 2592 503 2646 Adversum
530 2591 916 2662 presbyterum
963 2593 1365 2646 accusationem
1394 2608 1460 2647 ne
1497 2593 1781 2663 receperis.

110 2680 422 2746 Quoniam
450 2680 628 2751 hujus
660 2680 878 2734 ordinis
905 2679 1178 2734 sublimis
1202 2679 1387 2734 honor
1418 2687 1544 2747 eet;
1576 2680 1783 2749 hujus-

1882 652 2062 702 tentia
2095 656 2227 703 sunt
2263 651 2491 720 delicta,
2528 651 2808 703 immunis
2841 652 2949 704 erit
2982 657 3183 719 rector,
3220 651 3355 721 quia
3387 668 3522 705 con-

1881 738 2124 793 scientia
2165 741 2290 809 ejus
2351 739 2529 794 libera
2573 744 2680 793 est.
2732 740 2993 809 Suspicio
3041 739 3193 793 enim
3226 740 3522 810 trepidum

1882 827 2036 880 facit.
2073 828 2270 881 l’eccat
2299 828 2477 891 enim,
2510 828 2559 881 si
2609 844 2723 881 non
2775 829 2998 898 probat,
3052 834 3109 881 et
3156 829 3237 882 sic
3272 828 3521 883 ordinat.

1886 914 2088 969 Melior
2119 915 2273 970 enim
2306 916 2530 970 caeteris
2564 916 2736 969 debet
2767 916 2998 987 probari
3030 917 3129 986 qui
3162 917 3524 971 ordinandus

1884 1008 1992 1057 est.
2027 1004 2149 1057 Non
2194 1004 2349 1058 enim
2406 1005 2624 1059 sufﬁcit
2680 1005 2726 1057 si
2784 1006 2910 1059 sine
2967 1005 3210 1059 crimine
3260 1006 3357 1071 sit,
3392 1007 3530 1077 quia

1887 1091 2097 1146 merita
2124 1092 2251 1161 ejus
2283 1093 2493 1147 debent
2525 1094 2725 1162 praeire
2757 1093 3041 1147 bonorum
3074 1109 3316 1165 operum
3349 1100 3414 1148 ut
3439 1095 3529 1148 di-

1886 1195 2039 1251 gnus
2071 1180 2355 1233 habeatur
2384 1180 2455 1234 ad
2487 1181 2931 1235 ordinationem.
2958 1181 3083 1235 Hiec
3106 1180 3414 1253 episcopus
3437 1199 3532 1236 cu-

1886 1268 2171 1337 stodiens,
2204 1274 2432 1323 castum
2485 1285 2547 1323 se
2595 1269 2888 1324 exhibebit
2932 1270 3215 1341 religioni,
3247 1272 3417 1341 cujus
3451 1270 3532 1325 rei

1889 1357 1947 1410 in
1979 1356 2179 1411 futuro
2219 1358 2525 1428 praemium
2554 1363 2961 1429 consequatur.

1958 1486 2091 1538 Jam
2138 1483 2257 1536 noli
2314 1481 2498 1537 bibere
2550 1500 2769 1552 aquam,
2830 1483 2919 1537 sed
2968 1488 3091 1538 vino
3148 1484 3354 1538 modico
3384 1489 3535 1538 utere

1887 1575 2105 1642 propter
2128 1573 2488 1638 stomachum,
2516 1577 2567 1625 et
2590 1574 2803 1627 crebras
2828 1578 2953 1625 tuas
2976 1572 3346 1641 inﬁrmitates.
3372 1572 3535 1625 Nunc

1891 1658 2141 1731 speciale
2173 1660 2481 1714 consilium
2529 1661 2649 1727 dat,
2701 1666 2765 1714 ut
2812 1660 3072 1732 seipsum
3122 1660 3340 1715 salubri
3376 1667 3538 1731 regat

1893 1748 2175 1803 doctrina.
2203 1749 2523 1803 Prudenter
2543 1749 2695 1803 enim
2722 1749 2873 1803 Deus
2897 1749 3005 1803 sibi
3032 1750 3230 1803 serviri
3254 1749 3396 1814 vult,
3422 1766 3536 1804 non

1893 1842 1958 1891 ut
1977 1837 2276 1891 nimietate
2298 1854 2405 1892 sua
2426 1834 2647 1891 debiles
2670 1838 2832 1901 ﬁant,
2856 1841 2911 1890 et
2950 1843 3151 1909 postea
3176 1837 3538 1892 medicorum

1816 1932 1862 1995 Β
1894 1923 2172 1996 suffragia
2200 1924 2518 1995 requirant.
2555 1926 3024 1996 Temperandum
3070 1931 3159 1980 est
3188 1925 3365 1995 enim,
3401 1929 3464 1979 ut
3490 1925 3538 1979 si

1893 2014 2014 2068 fieri
2047 2018 2257 2085 potest,
2292 2019 2544 2084 emptum
2580 2014 2925 2085 obsequium
2949 2014 3240 2085 gradatim
3266 2012 3541 2085 proveha-

1893 2108 2006 2167 tur,
2028 2118 2203 2172 quam
2227 2118 2325 2172 per
2344 2100 2895 2157 inconsiderantiam
2916 2103 3235 2157 minuatur.
3257 2104 3541 2172 Intempe-

1895 2190 2083 2243 rantia
2106 2190 2261 2244 enim
2287 2190 2475 2261 ipsam
2500 2190 2756 2244 animam
2784 2191 3104 2260 inquietam
3137 2190 3291 2253 facit,
3321 2194 3384 2243 ut
3405 2205 3537 2242 cum

1894 2278 1964 2331 de
1984 2278 2325 2332 infirmitate
2348 2278 2597 2334 sollicita
2618 2284 2725 2344 est,
2752 2296 2864 2333 non
2896 2284 3125 2333 tantum
3153 2277 3347 2332 dedita
3370 2279 3446 2331 sit
3464 2275 3543 2330 di-

1895 2366 2043 2421 vinis
2074 2366 2345 2421 servitiis.
2382 2368 2673 2421 Damnum
2711 2384 2845 2438 ergo
2879 2368 3046 2421 all'ert
3071 2366 3533 2438 improvidentia.

1895 2454 2109 2509 Anima
2142 2455 2294 2509 enim
2329 2456 2385 2509 in
2414 2455 2835 2526 tranquillitate
2868 2456 3073 2527 posita,
3108 2460 3293 2509 totum
3326 2471 3424 2510 cor
3446 2470 3538 2507 ex-

1898 2542 2049 2598 tollit
2078 2543 2149 2597 ad
2182 2543 2388 2607 Deum,
2424 2544 2647 2616 integro
2680 2542 2920 2599 consilio
2952 2544 3265 2598 obsecrans
3290 2560 3413 2613 qua:
3444 2558 3537 2612 pe—

1895 2632 2072 2687 tenda
2104 2636 2260 2686 sunt.

1968 2748 2346 2816 Quorumdam
2375 2748 2658 2802 hominum
2686 2756 2914 2818 peccatu
2944 2749 3239 2817 manifesta
3257 2750 3381 2801 sunt
3402 2762 3544 2816 pI‘ZB'

1894 2836 2142 2890 cedentia
2173 2837 2233 2889 in
2256 2836 2555 2904 judicium,
2588 2836 2845 2905 quosdam
2878 2852 2999 2891 vero
3042 2845 3091 2891 et
3118 2837 3544 2906 subsequuntur.

1896 2926 2033 2977 Pari
2077 2925 2236 2978 modo
2282 2933 2331 2978 et
2389 2941 2553 2993 opera
2600 2925 2739 2979 bona
2795 2926 3090 2995 mani/esto
3144 2928 3311 2984 sunt;
3343 2931 3392 2979 et
3423 2936 3547 2993 qua?

1898 3013 2061 3065 aliter
2087 3027 2147 3066 se
2174 3011 2391 3080 habent,
2426 3012 2680 3065 abscondi
2710 3029 2821 3067 non
2846 3021 3084 3083 possunt.
3114 3012 3349 3067 Nullam
3382 3031 3553 3067 excu-

1899 3099 2181 3153 sationem
2208 3098 2334 3152 vult
2354 3098 2599 3169 intelligi
2624 3100 2741 3153 fore
2754 3116 2976 3164 eorum,
2998 3102 3096 3171 qui
3117 3101 3208 3156 his
3226 3102 3542 3165 adhaerent,

107 2770 275 2823 modi
313 2768 482 2824 enim
514 2768 713 2823 vicarii
746 2768 959 2821 Christi
1001 2774 1138 2822 sunt
1170 2785 1185 2821 2
1221 2768 1433 2823 idcirco
1468 2786 1580 2823 non
1621 2768 1785 2823 facile

100 2858 176 2911 de
234 2858 357 2912 hac
410 2874 657 2928 persona
704 2856 997 2911 accusatio
1044 2857 1214 2911 debet
1246 2857 1496 2911 admitti.
1534 2856 1785 2911 Incredi-

93 2946 225 3001 bile
262 2944 438 3000 enim
473 2946 643 2999 debet
671 2944 852 2998 videri
886 2943 1087 3010 istum,
1122 2945 1223 3016 qui
1267 2944 1366 3000 Dei
1398 2945 1643 2999 antistes
1674 2949 1783 3013 est,

92 3034 435 3090 scenicum
468 3049 595 3087 esse
626 3032 1037 3103 turpissimum
1066 3033 1270 3103 (1310).

168 3123 593 3190 Belin-quentes
631 3126 810 3175 autem
839 3136 1023 3175 coram
1069 3122 1326 3176 omnibus
1370 3138 1560 3190 argue,
1591 3130 1649 3175 ut
1678 3136 1785 3177 cae-

82 3212 209 3267 teri
241 3187 477 3263 mettum
510 3209 760 3264 habeant.
789 3209 1085 3272 Quomodo
1110 3226 1224 3263 non
1253 3208 1417 3264 facile
1439 3187 1593 3264 credi
1618 3210 1788 3265 debet
1899 3203 2148 3258 quorum
2180 3192 2415 3258 Peccata
2452 3187 2749 3259 Propalam
2800 3193 2957 3253 sunt»
3009 3194 3072 3243 ιη
3122 3206 3256 3243 cum
3290 3191 3543 3244 θνίίειηάί

78 3302 160 3355 de
201 3297 571 3370 presbytere
612 3298 853 3363 crimen,
905 3297 952 3351 si
1002 3298 1279 3367 probetur
1325 3304 1542 3365 tamen,
1578 3304 1677 3353 aut
1709 3299 1786 3353 sit
1817 3294 1858 3361 C
1897 3276 2039 3370 ἕδη-ἵν
2067 3277 2254 3370 Ψῗίείε
2282 3276 3542 3370 honorisint-Hoqersqsisnilicat1131191119

80 3365 515 3444 manifestum
538 3425 551 3448 ,
600 3385 739 3456 quia
788 3365 1169 3441 irreverenter
1220 3391 1483 3442 versatus
1524 3392 1629 3453 est,
1683 3404 1786 3457 pu-
1897 3366 1996 3457 Del
2031 3366 2103 3457 ab
2134 3366 2225 3420 hi3
2253 3371 2608 3457 secernatur,
2640 3366 2890 3457 ωθξίῐᾨθ
2916 3367 3285 3457 dispensator
3306 3365 3539 3457 ChriStl-

80 3478 258 3533 blice
327 3454 633 3545 praecipit-
656 3475 1045 3545 arguendum,
1104 3480 1168 3529 ut
1198 3476 1385 3530 caeteri
1434 3454 1783 3530 terreant—ur.
1898 3454 1998 3526 (ἶυί
2032 3455 2207 3509 etiam
2240 3454 2714 3545 corripiendi?“
2748 3455 2921 3509 habet
2950 3455 3351 3545 aUCtOl‘ltatem
3378 3472 3392 3521 ἱ
3419 3454 3541 3545 (lilia

82 3566 273 3633 Quod
319 3543 453 3618 non
509 3543 1041 3617 solum—ordinatis
1099 3565 1345 3634 proficit,
1391 3564 1491 3618 sed
1523 3569 1580 3619 et
1609 3563 1783 3635 plebi.
1898 3546 1944 3597 εί
1979 3562 2041 3599 se
2072 3544 2383 3635 emendare
2434 3544 3141 3635 Pliommuntrlfctinendi
3191 3550 3348 3635 3‘“??-
3381 3543 3543 3635 -‘1i93

81 3654 374 3722 Quando
402 3651 562 3706 enim
583 3651 779 3705 vident
795 3650 1157 3721 dignitosum
1174 3652 1361 3707 virum
1379 3652 1591 3707 erroris
1608 3669 1775 3707 causa

1900 3650 2029 3688 vero
2060 3633 2339 3703 subsequi
2393 3632 2545 3687 mala
2594 3649 2769 3704 opera
2818 3633 3051 3688 illorum
3097 3633 3373 3703 ostendit,
3408 3633 3545 3703 quia

77 3721 361 3814 οδηίρί,
405 3755 643 3794 necesse
674 3743 763 3794 εει
790 3743 855 3793 ιη
883 3738 995 3793 sibi
1024 3745 1281 3795 caveant.
1897 3739 2027 3776 cum
2062 3722 2321 3776 viventes
2354 3722 2719 3776 aestimantur
2749 3721 2905 3789 boni,
2932 3724 3143 3777 mortui
3169 3723 3543 3794 deteguntur,

159 3810 385 3888 Tes—tor
420 3845 605 3884 coram
653 3829 777 3891 Deo,
835 3832 890 3883 et
950 3828 1161 3883 Christo
1206 3831 1351 3895 Iesu,
1384 3834 1434 3885 et
1472 3831 1655 3884 electis
1684 3846 1775 3884 an-

1900 3811 2076 3881 utqui
2098 3811 2259 3882 prius
2278 3810 2663 3865 ostendebant
2684 3826 2746 3865 se
2770 3811 3026 3877 idoneos,
3054 3811 3428 3881 postmodum
3452 3811 3546 3865 de-

72 3924 262 3991 gelis,
304 3927 384 3975 ut
442 3918 560 3974 haec
613 3916 884 3972 custodias
940 3919 1063 3972 sine
1112 3919 1468 3989 praejudicio,
1526 3918 1673 3973 nihil
1699 3921 1775 3988 fa-

1900 3898 2195 3953 clarentur
2214 3898 2580 3968 impostores.
2607 3898 2913 3968 Superiore
2930 3900 3174 3963 ratione,
3195 3899 3345 3954 sicut
3368 3899 3541 3961 mala,

72 4015 243 4067 ciens
278 4013 353 4065 in
391 4010 616 4075 partem
645 4008 820 4061 aliam
848 4006 1150 4062 declinans.
1200 4007 1388 4061 Manus
1415 4010 1527 4062 cito
1576 4009 1775 4062 nemini

1900 3988 1978 4042 ita
1998 3992 2054 4041 et
2082 3987 2231 4041 facta
2254 3987 2405 4041 bona
2428 3987 2738 4040 manifesta
2772 3992 2931 4040 sunt.
2972 3986 3131 4041 Bona
3170 3989 3326 4041 enim
3350 3989 3468 4042 vita
3489 3994 3545 4042 et

75 4099 488 4173 i-mposueris,
539 4112 712 4167 neque
757 4098 1245 4151 communicaveris
1286 4099 1517 4167 peccatis
1565 4098 1775 4151 alienis.

1900 4080 2065 4130 actus
2098 4075 2343 4129 modesti
2377 4075 2653 4129 abscondi
2688 4091 2803 4129 non
2844 4082 3092 4145 possunt
3129 4076 3389 4129 adhibita
3422 4076 3540 4146 pie-

75 4162 502 4257 Temetipwm
531 4162 741 4239 eas-tum
782 4184 1010 4239 custodi.
1060 4162 1548 4239 Coutestationem
1583 4186 1787 4257 depro-
1898 4170 2015 4261 tat}?
2048 4163 2268 4261 faciunt
2300 4164 2605 4261 Ρθνῗθοίοδς
2642 4163 2752 4261 ﬁed
2785 4162 2936 4261 f’i‘c‘“
2965 4164 3232 4261 (Iliadum
3267 4162 3424 4261 mf‘la
3455 4180 3542 4217 οε·

74 4279 200 4333 mil:
236 4250 433 4347 apud
471 4274 648 4327 Deum
680 4273 931 4338 Patrem,
963 4276 1020 4327 et
1057 4272 1351 4328 Christum
1399 4273 1607 4328 Filium
1637 4250 1787 4345 ejus,
1898 4252 2057 4350 οξλίίξλ
2089 4252 2157 4350 “fi
2186 4268 2441 4350 Ρτξεεξυδ
2465 4256 2623 4350 sum:
2649 4252 2730 4350 ila
2752 4256 2807 4349 ei
2829 4250 3215 4350 bona-‘Nem‘o.
3240 4250 3395 4305 enim
3418 4268 3539 4349 θηξ-

68 4372 129 4422 et
163 4366 434 4423 electos
468 4360 727 4432 angelos,
761 4377 910 4432 quos
932 4361 1215 4416 Dominus
1246 4361 1304 4416 in
1330 4363 1639 4435 Evangelio
1662 4380 1775 4418 sant

1900 4341 1997 4395 nia
2026 4340 2083 4394 in
2119 4339 2457 4394 hominibus
2490 4344 2679 4410 potest
2709 4340 2895 4405 scire;
2931 4340 3030 4393 sed
3064 4356 3130 4393 ex
3160 4340 3274 4407 his,
3307 4356 3434 4409 qua}
3463 4340 3543 4393 vi-

68 4461 211 4511 ctos
251 4428 577 4525 appellat:
624 4428 873 4521 Hilergo
924 4449 1087 4505 electi
1138 4456 1294 4517 sunt,
1340 4428 1665 4521 quiavsunt
1691 4451 1775 4505 alii

1900 4430 1995 4483 det
2025 4434 2081 4483 et
2114 4429 2297 4493 audit,
2332 4428 2539 4499 probat
2568 4433 2623 4482 et
2658 4429 2905 4498 judicat.
2942 4429 3251 4499 Pcrpendit
3280 4428 3438 4483 enim
3472 4447 3545 4484 an

67 4518 377 4617 reprobi;
420 4540 529 4610 qui
559 4543 699 4594 sunt
733 4518 847 4593 non
888 4538 988 4593 Dei
1020 4537 1230 4609 angeli,
1276 4518 1376 4594 sed
1426 4540 1663 4607 diaboli,
1696 4556 1788 4593 as-
1899 4534 1968 4617 f3“
1989 4534 2117 4587 qm“3
2138 4518 2421 4617 fimum?“
2443 4519 2791 4617 ἶοηνθοίξωί
2812 4520 2862 4573 ei
2885 4520 2953 4572 de
2975 4536 3089 4617 (ξυο
3111 4518 3405 4617 ξίίουξλῖυξκ
3431 4519 3549 4617 Si"?

69 4605 465 4689 sentientes
495 4627 801 4699 apostasia;
831 4628 976 4697 ejus.
1028 4627 1147 4681 Sub
1193 4627 1503 4682 testatione
1535 4644 1669 4699 ergo
1700 4644 1786 4694 ea,
1824 4655 1870 4719 Β
1901 4606 2076 4719 δξῖιξιεὶ,
2102 4605 2581 4719 S_lvelma.la.‘Qu'ie
2609 4611 2835 4719 autemn
2849 4607 3076 4719 oopulYt‘a
3114 4608 3330 4719 fuerint
3361 4608 3548 4662 homi-

71 4742 223 4796 quaa
263 4721 356 4777 ad
424 4693 877 4772 ordinationem-
901 4714 1166 4770 Ecclesia;
1215 4716 1456 4770 mandat
1486 4693 1764 4772 custodiri

1902 4695 2100 4761 nibus,
2125 4694 2181 4747 in
2205 4693 2297 4748 die
2332 4694 2542 4763 judicii
2584 4693 2777 4764 palam
2803 4694 2964 4747 fient.
3011 4696 3247 4765 Propter
3277 4695 3385 4748 hoc
3416 4712 3551 4766 ergo

72 4782 397 4887 pracipit
437 4806 586 4861 nihil
645 4806 767 4862 fieri
820 4806 946 4861 sine
998 4805 1358 4876 prmjudicio,
1392 4822 1464 4860 ne
1494 4806 1659 4861 facile
1690 4806 1775 4861 ali

1905 4784 2061 4838 dicta
2084 4787 2240 4847 sunt,
2266 4782 3224 4851 utscianthujusmodigraviorem
3242 4798 3301 4835 se
3315 4799 3553 4837 causam

70 4870 230 4975 quis
271 4870 558 4969 accipiat
586 4895 1039 4951 ecclesiasticam
1072 4895 1441 4967 dignitatem,
1484 4896 1592 4950 nisi
1628 4896 1793 4968 prius
1906 4870 2118 4975 δδὶξθτθ
2146 4886 2260 4975 ξΤίΒ
2284 4873 2517 4975 “nens:
2548 4870 2714 4975 Pclof'
2747 4874 2835 4923 θδί
2871 4884 3150 4975 θηιῐῖξὶίμιι
3193 4884 3275 4962 ἓθι
3302 4884 3436 4975 θυξῐι
3481 4877 3557 4975 SI?

70 4994 152 5049 de
188 4992 337 5046 vita
377 4988 524 5056 ejus
562 4989 619 5038 et
665 4985 926 5039 moribus
969 4985 1142 5040 fuerit
1189 4984 1577 5054 disputatum,
1613 4991 1675 5040 ut
1705 4986 1791 5039 di-

74 5098 255 5154 gnus
294 5073 689 5148 approbatus
720 5073 1000 5142 minister,
1035 5085 1137 5133 aut
1168 5073 1443 5130 sacerdos
1476 5074 1792 5129 constitua-

74 5176 214 5241 tur,
260 5172 344 5223 ut
413 5178 536 5217 non
597 5167 816 5233 postea,
876 5160 923 5215 si
975 5161 1461 5232 reprehensibilis
1510 5165 1795 5229 videatur,

474 5252 617 5276 ραι-ολ
996 5266 1085 5280 Ἇημ

1904 4958 2117 5024 malus,
2152 4958 2373 5013 bonum
2430 4958 2719 5022 ostendat,
2765 4972 2941 5028 quam
2988 4956 3084 5011 ille
3117 4955 3213 5025 qui
3247 4960 3442 5026 aperte
3472 4964 3561 5013 est

1903 5047 2115 5104 malus.

1977 5165 2132 5235 (CAP.
2167 5162 2291 5233 Vl.)
2350 5165 2635 5239 Quotquot
2692 5162 2871 5231 (1311)
2926 5165 3058 5215 sunt
3114 5158 3210 5210 sub
3242 5158 3372 5227 iugo
3403 5166 3569 5229 Servi.

2211 5267 2333 5288 (sane
2394 5261 2561 5288 rem”;
2621 5254 2815 5288 hnnnro
2860 5248 3059 5288 Λίηηηε
3112 5245 3455 5288 arbitr-mitur
3509 5268 3578 5288 ma

1164 5254 1202 5280 ‘l:
1247 5265 1358 5282 nnn
1397 5252 1464 5282 nil
1501 5251 1792 5286 Ιῖηι-ἶιῖηπι
1910 5255 2156 5288 λίην-ἥδυΛο
