  <div class='ocr_page' id='page_1' title='image "/cluster/home/n/w/nwhite01/storage/ocr_20150623/134/hvd.32044015471741/339.png"; bbox 0 0 3974 5358; ppageno 0'>
   <div class='ocr_carea' id='block_1_1' title="bbox 444 419 560 478">
    <p class='ocr_par' dir='ltr' id='par_1_1' title="bbox 444 419 560 478">
     <span class='ocr_line' id='line_1_1' title="bbox 444 419 560 478; baseline 0.017 -2"><span class='ocrx_word' id='word_1_1' title='bbox 444 419 560 478; x_wconf 84' lang='lat'>683</span> 
     </span>
    </p>
   </div>
   <div class='ocr_carea' id='block_1_2' title="bbox 441 550 2161 622">
    <p class='ocr_par' dir='ltr' id='par_1_2' title="bbox 441 550 2161 622">
     <span class='ocr_line' id='line_1_2' title="bbox 441 550 2161 622; baseline -0.002 -14"><span class='ocrx_word' id='word_1_2' title='bbox 441 552 695 619; x_wconf 88' lang='lat' dir='ltr'>servitia,</span> <span class='ocrx_word' id='word_1_3' title='bbox 750 552 895 607; x_wconf 84' lang='lat' dir='ltr'>forte</span> <span class='ocrx_word' id='word_1_4' title='bbox 947 552 1122 606; x_wconf 90' lang='lat' dir='ltr'>etiam</span> <span class='ocrx_word' id='word_1_5' title='bbox 1182 550 1293 622; x_wconf 89' lang='lat' dir='ltr'>ipsi</span> <span class='ocrx_word' id='word_1_6' title='bbox 1353 550 1486 605; x_wconf 85' lang='lat' dir='ltr'>huic</span> <span class='ocrx_word' id='word_1_7' title='bbox 1542 569 1603 607; x_wconf 89' lang='lat' dir='ltr'>se</span> <span class='ocrx_word' id='word_1_8' title='bbox 1650 551 1968 622; x_wconf 87' lang='lat' dir='ltr'>subjiciant</span> <span class='ocrx_word' id='word_1_9' title='bbox 1995 552 2081 606; x_wconf 88' lang='lat' dir='ltr'>di-</span> <span class='ocrx_word' id='word_1_10' title='bbox 2113 556 2161 619; x_wconf 86' lang='grc' dir='ltr'><strong>Α</strong></span> 
     </span>
    </p>
   </div>
   <div class='ocr_carea' id='block_1_3' title="bbox 439 641 719 714">
    <p class='ocr_par' dir='ltr' id='par_1_3' title="bbox 439 641 719 714">
     <span class='ocr_line' id='line_1_3' title="bbox 439 641 719 714; baseline -0.011 -15"><span class='ocrx_word' id='word_1_11' title='bbox 439 641 719 714; x_wconf 72' lang='grc' dir='ltr'>εοὶριίηω.</span> 
     </span>
    </p>
   </div>
   <div class='ocr_carea' id='block_1_4' title="bbox 511 728 2083 799">
    <p class='ocr_par' dir='ltr' id='par_1_4' title="bbox 511 728 2083 799">
     <span class='ocr_line' id='line_1_4' title="bbox 511 728 2083 799; baseline -0.002 -13"><span class='ocrx_word' id='word_1_12' title='bbox 511 731 616 799; x_wconf 85' lang='lat' dir='ltr'>Qui</span> <span class='ocrx_word' id='word_1_13' title='bbox 644 745 766 786; x_wconf 88' lang='lat' dir='ltr'>vero</span> <span class='ocrx_word' id='word_1_14' title='bbox 808 728 991 799; x_wconf 82' lang='lat' dir='ltr'>fideles</span> <span class='ocrx_word' id='word_1_15' title='bbox 1038 731 1245 785; x_wconf 78' lang='lat' dir='ltr'>habent</span> <span class='ocrx_word' id='word_1_16' title='bbox 1285 729 1552 798; x_wconf 82' lang='lat' dir='ltr'>dominos,</span> <span class='ocrx_word' id='word_1_17' title='bbox 1582 746 1690 785; x_wconf 90' lang='lat' dir='ltr'>non</span> <span class='ocrx_word' id='word_1_18' title='bbox 1712 732 2083 797; x_wconf 81' lang='lat' dir='ltr'>contemnant,</span> 
     </span>
    </p>
   </div>
   <div class='ocr_carea' id='block_1_5' title="bbox 432 818 2086 894">
    <p class='ocr_par' dir='ltr' id='par_1_5' title="bbox 432 818 2086 894">
     <span class='ocr_line' id='line_1_5' title="bbox 432 818 2086 894; baseline -0.003 -18"><span class='ocrx_word' id='word_1_19' title='bbox 432 822 566 894; x_wconf 87' lang='lat' dir='ltr'>quia</span> <span class='ocrx_word' id='word_1_20' title='bbox 588 822 789 891; x_wconf 86' lang='lat' dir='ltr'>fratres</span> <span class='ocrx_word' id='word_1_21' title='bbox 817 827 980 887; x_wconf 85' lang='lat' dir='ltr'>sunt;</span> <span class='ocrx_word' id='word_1_22' title='bbox 1002 820 1094 875; x_wconf 88' lang='lat' dir='ltr'>sed</span> <span class='ocrx_word' id='word_1_23' title='bbox 1111 820 1293 887; x_wconf 89' lang='lat' dir='ltr'>magis</span> <span class='ocrx_word' id='word_1_24' title='bbox 1317 820 1582 885; x_wconf 75' lang='lat' dir='ltr'>serviant,</span> <span class='ocrx_word' id='word_1_25' title='bbox 1605 822 1736 890; x_wconf 89' lang='lat' dir='ltr'>quia</span> <span class='ocrx_word' id='word_1_26' title='bbox 1754 818 1938 888; x_wconf 85' lang='lat' dir='ltr'>ﬁdeles</span> <span class='ocrx_word' id='word_1_27' title='bbox 1959 818 2086 871; x_wconf 87' lang='lat' dir='ltr'>sunt</span> 
     </span>
    </p>
   </div>
   <div class='ocr_carea' id='block_1_6' title="bbox 434 906 2087 981">
    <p class='ocr_par' dir='ltr' id='par_1_6' title="bbox 434 906 2087 981">
     <span class='ocr_line' id='line_1_6' title="bbox 434 906 2087 981; baseline -0.004 -15"><span class='ocrx_word' id='word_1_28' title='bbox 434 918 486 966; x_wconf 86' lang='lat' dir='ltr'>et</span> <span class='ocrx_word' id='word_1_29' title='bbox 512 909 702 965; x_wconf 77' lang='lat' dir='ltr'>dilecti</span> <span class='ocrx_word' id='word_1_30' title='bbox 728 910 826 981; x_wconf 92' lang='lat' dir='ltr'>qui</span> <span class='ocrx_word' id='word_1_31' title='bbox 855 908 1174 980; x_wconf 82' lang='lat' dir='ltr'>beneﬁcium</span> <span class='ocrx_word' id='word_1_32' title='bbox 1205 909 1497 979; x_wconf 83' lang='lat' dir='ltr'>recipiunt.</span> <span class='ocrx_word' id='word_1_33' title='bbox 1532 907 1591 962; x_wconf 90' lang='lat' dir='ltr'>Si</span> <span class='ocrx_word' id='word_1_34' title='bbox 1615 906 1874 979; x_wconf 80' lang='lat' dir='ltr'>profanis</span> <span class='ocrx_word' id='word_1_35' title='bbox 1901 906 2087 961; x_wconf 82' lang='lat' dir='ltr'>domi-</span> 
     </span>
    </p>
   </div>
   <div class='ocr_carea' id='block_1_7' title="bbox 433 995 2085 1066">
    <p class='ocr_par' dir='ltr' id='par_1_7' title="bbox 433 995 2085 1066">
     <span class='ocr_line' id='line_1_7' title="bbox 433 995 2085 1066; baseline -0.004 -12"><span class='ocrx_word' id='word_1_36' title='bbox 433 999 526 1054; x_wconf 89' lang='lat' dir='ltr'>nis</span> <span class='ocrx_word' id='word_1_37' title='bbox 558 997 928 1054; x_wconf 88' lang='lat' dir='ltr'>serviendum</span> <span class='ocrx_word' id='word_1_38' title='bbox 959 1000 1082 1052; x_wconf 88' lang='lat' dir='ltr'>tota</span> <span class='ocrx_word' id='word_1_39' title='bbox 1133 995 1531 1052; x_wconf 84' lang='lat' dir='ltr'>sollicitudine</span> <span class='ocrx_word' id='word_1_40' title='bbox 1562 995 1832 1066; x_wconf 88' lang='lat' dir='ltr'>imperat,</span> <span class='ocrx_word' id='word_1_41' title='bbox 1864 998 2085 1065; x_wconf 87' lang='lat' dir='ltr'>quanto</span> 
     </span>
    </p>
   </div>
   <div class='ocr_carea' id='block_1_8' title="bbox 432 1082 2083 1159">
    <p class='ocr_par' dir='ltr' id='par_1_8' title="bbox 432 1082 2083 1159">
     <span class='ocr_line' id='line_1_8' title="bbox 432 1082 2083 1159; baseline -0.003 -17"><span class='ocrx_word' id='word_1_42' title='bbox 432 1087 621 1159; x_wconf 82' lang='lat' dir='ltr'>magis</span> <span class='ocrx_word' id='word_1_43' title='bbox 656 1085 927 1142; x_wconf 80' lang='lat' dir='ltr'>ﬁdelibus</span> <span class='ocrx_word' id='word_1_44' title='bbox 952 1085 981 1141; x_wconf 76' lang='lat' dir='ltr'>‘t</span> <span class='ocrx_word' id='word_1_45' title='bbox 1007 1086 1172 1140; x_wconf 88' lang='lat' dir='ltr'>Tunc</span> <span class='ocrx_word' id='word_1_46' title='bbox 1206 1084 1362 1140; x_wconf 88' lang='lat' dir='ltr'>enim</span> <span class='ocrx_word' id='word_1_47' title='bbox 1396 1084 1601 1156; x_wconf 81' lang='lat' dir='ltr'>probat</span> <span class='ocrx_word' id='word_1_48' title='bbox 1649 1099 1711 1139; x_wconf 91' lang='lat' dir='ltr'>se</span> <span class='ocrx_word' id='word_1_49' title='bbox 1756 1082 1952 1138; x_wconf 81' lang='lat' dir='ltr'>timori</span> <span class='ocrx_word' id='word_1_50' title='bbox 1987 1083 2083 1138; x_wconf 86' lang='lat' dir='ltr'>Dei</span> 
     </span>
    </p>
   </div>
   <div class='ocr_carea' id='block_1_9' title="bbox 434 1170 2083 1247">
    <p class='ocr_par' dir='ltr' id='par_1_9' title="bbox 434 1170 2083 1247">
     <span class='ocr_line' id='line_1_9' title="bbox 434 1170 2083 1247; baseline -0.004 -15"><span class='ocrx_word' id='word_1_51' title='bbox 434 1177 786 1247; x_wconf 78' lang='lat' dir='ltr'>subjectum,</span> <span class='ocrx_word' id='word_1_52' title='bbox 809 1175 859 1229; x_wconf 91' lang='lat' dir='ltr'>si</span> <span class='ocrx_word' id='word_1_53' title='bbox 887 1173 1043 1229; x_wconf 80' lang='lat' dir='ltr'>fideli</span> <span class='ocrx_word' id='word_1_54' title='bbox 1069 1179 1126 1229; x_wconf 92' lang='lat' dir='ltr'>et</span> <span class='ocrx_word' id='word_1_55' title='bbox 1148 1170 1456 1244; x_wconf 80' lang='lat' dir='ltr'>temporali</span> <span class='ocrx_word' id='word_1_56' title='bbox 1481 1172 1719 1227; x_wconf 92' lang='lat' dir='ltr'>domino</span> <span class='ocrx_word' id='word_1_57' title='bbox 1740 1175 1861 1227; x_wconf 92' lang='lat' dir='ltr'>toto</span> <span class='ocrx_word' id='word_1_58' title='bbox 1884 1171 2083 1226; x_wconf 90' lang='lat' dir='ltr'>animo</span> 
     </span>
    </p>
   </div>
   <div class='ocr_carea' id='block_1_10' title="bbox 432 1260 2083 1330">
    <p class='ocr_par' dir='ltr' id='par_1_10' title="bbox 432 1260 2083 1330">
     <span class='ocr_line' id='line_1_10' title="bbox 432 1260 2083 1330; baseline -0.003 -10"><span class='ocrx_word' id='word_1_59' title='bbox 432 1264 608 1320; x_wconf 84' lang='lat' dir='ltr'>fuerit</span> <span class='ocrx_word' id='word_1_60' title='bbox 635 1264 973 1320; x_wconf 74' lang='lat' dir='ltr'>obsecutus.</span> <span class='ocrx_word' id='word_1_61' title='bbox 1020 1262 1134 1318; x_wconf 89' lang='lat' dir='ltr'>Nec</span> <span class='ocrx_word' id='word_1_62' title='bbox 1187 1261 1677 1317; x_wconf 89' lang='lat' dir='ltr'>contemnendum</span> <span class='ocrx_word' id='word_1_63' title='bbox 1724 1265 1908 1330; x_wconf 89' lang='lat' dir='ltr'>putet,</span> <span class='ocrx_word' id='word_1_64' title='bbox 1942 1260 2083 1330; x_wconf 89' lang='lat' dir='ltr'>quia</span> 
     </span>
    </p>
   </div>
   <div class='ocr_carea' id='block_1_11' title="bbox 435 1349 2083 1420">
    <p class='ocr_par' dir='ltr' id='par_1_11' title="bbox 435 1349 2083 1420">
     <span class='ocr_line' id='line_1_11' title="bbox 435 1349 2083 1420; baseline -0.002 -12"><span class='ocrx_word' id='word_1_65' title='bbox 435 1354 612 1409; x_wconf 82' lang='lat' dir='ltr'>frater</span> <span class='ocrx_word' id='word_1_66' title='bbox 657 1352 870 1408; x_wconf 91' lang='lat' dir='ltr'>dicitur</span> <span class='ocrx_word' id='word_1_67' title='bbox 920 1368 1100 1407; x_wconf 88' lang='lat' dir='ltr'>causa</span> <span class='ocrx_word' id='word_1_68' title='bbox 1146 1349 1479 1406; x_wconf 86' lang='lat' dir='ltr'>communis</span> <span class='ocrx_word' id='word_1_69' title='bbox 1525 1349 1659 1403; x_wconf 85' lang='lat' dir='ltr'>ﬁdei</span> <span class='ocrx_word' id='word_1_70' title='bbox 1710 1349 1849 1419; x_wconf 90' lang='lat' dir='ltr'>quia</span> <span class='ocrx_word' id='word_1_71' title='bbox 1893 1350 2083 1420; x_wconf 81' lang='lat' dir='ltr'>magis</span> 
     </span>
    </p>
   </div>
   <div class='ocr_carea' id='block_1_12' title="bbox 435 1436 2081 1515">
    <p class='ocr_par' dir='ltr' id='par_1_12' title="bbox 435 1436 2081 1515">
     <span class='ocr_line' id='line_1_12' title="bbox 435 1436 2081 1515; baseline -0.004 -16"><span class='ocrx_word' id='word_1_72' title='bbox 435 1442 838 1515; x_wconf 88' lang='lat' dir='ltr'>corripiendus</span> <span class='ocrx_word' id='word_1_73' title='bbox 860 1440 968 1496; x_wconf 90' lang='lat' dir='ltr'>erit</span> <span class='ocrx_word' id='word_1_74' title='bbox 990 1440 1088 1512; x_wconf 90' lang='lat' dir='ltr'>qui</span> <span class='ocrx_word' id='word_1_75' title='bbox 1114 1438 1343 1494; x_wconf 80' lang='lat' dir='ltr'>fidelem</span> <span class='ocrx_word' id='word_1_76' title='bbox 1370 1436 2081 1506; x_wconf 60' lang='lat' dir='ltr'>Dominumﬁcontemnen-</span> 
     </span>
    </p>
   </div>
   <div class='ocr_carea' id='block_1_13' title="bbox 434 1528 912 1604">
    <p class='ocr_par' dir='ltr' id='par_1_13' title="bbox 434 1528 912 1604">
     <span class='ocr_line' id='line_1_13' title="bbox 434 1528 912 1604; baseline -0.015 -15"><span class='ocrx_word' id='word_1_77' title='bbox 434 1534 575 1589; x_wconf 91' lang='lat' dir='ltr'>dum</span> <span class='ocrx_word' id='word_1_78' title='bbox 607 1528 912 1604; x_wconf 83' lang='lat' dir='ltr'>putaverit.</span> 
     </span>
    </p>
   </div>
   <div class='ocr_carea' id='block_1_14' title="bbox 504 1614 2078 1689">
    <p class='ocr_par' dir='ltr' id='par_1_14' title="bbox 504 1614 2078 1689">
     <span class='ocr_line' id='line_1_14' title="bbox 504 1614 2078 1689; baseline -0.004 -13"><span class='ocrx_word' id='word_1_79' title='bbox 504 1622 632 1677; x_wconf 71' lang='lat' dir='ltr'>Haec</span> <span class='ocrx_word' id='word_1_80' title='bbox 663 1619 813 1689; x_wconf 89' lang='lat' dir='ltr'>doce,</span> <span class='ocrx_word' id='word_1_81' title='bbox 858 1626 909 1673; x_wconf 90' lang='lat' dir='ltr'>et</span> <span class='ocrx_word' id='word_1_82' title='bbox 955 1616 1264 1672; x_wconf 74' lang='lat' dir='ltr'>exhortare.</span> <span class='ocrx_word' id='word_1_83' title='bbox 1325 1615 1656 1670; x_wconf 87' lang='lat' dir='ltr'>Doctrinam</span> <span class='ocrx_word' id='word_1_84' title='bbox 1716 1614 2078 1670; x_wconf 90' lang='lat' dir='ltr'>Dominicam</span> 
     </span>
    </p>
   </div>
   <div class='ocr_carea' id='block_1_15' title="bbox 435 1704 2080 1775">
    <p class='ocr_par' dir='ltr' id='par_1_15' title="bbox 435 1704 2080 1775">
     <span class='ocr_line' id='line_1_15' title="bbox 435 1704 2080 1775; baseline -0.003 -10"><span class='ocrx_word' id='word_1_85' title='bbox 435 1708 797 1765; x_wconf 87' lang='lat' dir='ltr'>manifestari</span> <span class='ocrx_word' id='word_1_86' title='bbox 845 1704 989 1771; x_wconf 86' lang='lat' dir='ltr'>vult,</span> <span class='ocrx_word' id='word_1_87' title='bbox 1032 1708 1100 1760; x_wconf 88' lang='lat' dir='ltr'>ut</span> <span class='ocrx_word' id='word_1_88' title='bbox 1147 1705 1564 1759; x_wconf 85' lang='lat' dir='ltr'>obtrectatores</span> <span class='ocrx_word' id='word_1_89' title='bbox 1612 1704 1907 1769; x_wconf 84' lang='lat' dir='ltr'>studeant,</span> <span class='ocrx_word' id='word_1_90' title='bbox 1941 1705 2080 1775; x_wconf 87' lang='lat' dir='ltr'>quia</span> 
     </span>
    </p>
   </div>
   <div class='ocr_carea' id='block_1_16' title="bbox 432 1792 2079 1868">
    <p class='ocr_par' dir='ltr' id='par_1_16' title="bbox 432 1792 2079 1868">
     <span class='ocr_line' id='line_1_16' title="bbox 432 1792 2079 1868; baseline -0.004 -13"><span class='ocrx_word' id='word_1_91' title='bbox 432 1815 547 1855; x_wconf 91' lang='lat' dir='ltr'>non</span> <span class='ocrx_word' id='word_1_92' title='bbox 578 1802 668 1853; x_wconf 90' lang='lat' dir='ltr'>est</span> <span class='ocrx_word' id='word_1_93' title='bbox 696 1795 853 1868; x_wconf 92' lang='lat' dir='ltr'>quod</span> <span class='ocrx_word' id='word_1_94' title='bbox 885 1792 1346 1866; x_wconf 86' lang='lat' dir='ltr'>reprehendatur</span> <span class='ocrx_word' id='word_1_95' title='bbox 1390 1792 1448 1847; x_wconf 91' lang='lat' dir='ltr'>in</span> <span class='ocrx_word' id='word_1_96' title='bbox 1498 1809 1585 1859; x_wconf 90' lang='lat' dir='ltr'>ea,</span> <span class='ocrx_word' id='word_1_97' title='bbox 1638 1793 2079 1849; x_wconf 88' lang='lat' dir='ltr'>considerantes</span> 
     </span>
    </p>
   </div>
   <div class='ocr_carea' id='block_1_17' title="bbox 431 1880 2079 1958">
    <p class='ocr_par' dir='ltr' id='par_1_17' title="bbox 431 1880 2079 1958">
     <span class='ocr_line' id='line_1_17' title="bbox 431 1880 2079 1958; baseline -0.004 -16"><span class='ocrx_word' id='word_1_98' title='bbox 431 1885 648 1958; x_wconf 88' lang='lat' dir='ltr'>pariter</span> <span class='ocrx_word' id='word_1_99' title='bbox 677 1900 805 1956; x_wconf 66' lang='lat' dir='ltr'>qua:</span> <span class='ocrx_word' id='word_1_100' title='bbox 836 1883 895 1937; x_wconf 90' lang='lat' dir='ltr'>in</span> <span class='ocrx_word' id='word_1_101' title='bbox 927 1880 1110 1938; x_wconf 90' lang='lat' dir='ltr'>sacris</span> <span class='ocrx_word' id='word_1_102' title='bbox 1143 1897 1345 1937; x_wconf 91' lang='lat' dir='ltr'>eorum</span> <span class='ocrx_word' id='word_1_103' title='bbox 1376 1880 1494 1936; x_wconf 90' lang='lat' dir='ltr'>sint</span> <span class='ocrx_word' id='word_1_104' title='bbox 1525 1880 1753 1938; x_wconf 87' lang='lat' dir='ltr'>occulta</span> <span class='ocrx_word' id='word_1_105' title='bbox 1785 1880 2001 1952; x_wconf 88' lang='lat' dir='ltr'>turpia,</span> <span class='ocrx_word' id='word_1_106' title='bbox 2024 1885 2079 1936; x_wconf 89' lang='lat' dir='ltr'>et</span> 
     </span>
    </p>
   </div>
   <div class='ocr_carea' id='block_1_18' title="bbox 431 1968 1779 2044">
    <p class='ocr_par' dir='ltr' id='par_1_18' title="bbox 431 1968 1779 2044">
     <span class='ocr_line' id='line_1_18' title="bbox 431 1968 1779 2044; baseline -0.004 -13"><span class='ocrx_word' id='word_1_107' title='bbox 431 1974 782 2031; x_wconf 86' lang='lat' dir='ltr'>erubescant</span> <span class='ocrx_word' id='word_1_108' title='bbox 810 1987 915 2044; x_wconf 88' lang='lat' dir='ltr'>per</span> <span class='ocrx_word' id='word_1_109' title='bbox 943 1971 1097 2042; x_wconf 90' lang='lat' dir='ltr'>quod</span> <span class='ocrx_word' id='word_1_110' title='bbox 1129 1968 1555 2026; x_wconf 84' lang='lat' dir='ltr'>inexcusabiles</span> <span class='ocrx_word' id='word_1_111' title='bbox 1584 1974 1779 2025; x_wconf 90' lang='lat' dir='ltr'>erunt.</span> 
     </span>
    </p>
   </div>
   <div class='ocr_carea' id='block_1_19' title="bbox 502 2059 2083 2134">
    <p class='ocr_par' dir='ltr' id='par_1_19' title="bbox 502 2059 2083 2134">
     <span class='ocr_line' id='line_1_19' title="bbox 502 2059 2083 2134; baseline -0.003 -16"><span class='ocrx_word' id='word_1_112' title='bbox 502 2062 567 2119; x_wconf 93' lang='lat' dir='ltr'>Si</span> <span class='ocrx_word' id='word_1_113' title='bbox 584 2063 706 2134; x_wconf 88' lang='lat' dir='ltr'>quis</span> <span class='ocrx_word' id='word_1_114' title='bbox 724 2061 904 2117; x_wconf 78' lang='lat' dir='ltr'>aliter</span> <span class='ocrx_word' id='word_1_115' title='bbox 921 2059 1072 2115; x_wconf 84' lang='lat' dir='ltr'>docet</span> <span class='ocrx_word' id='word_1_116' title='bbox 1091 2075 1201 2115; x_wconf 88' lang='lat' dir='ltr'>non</span> <span class='ocrx_word' id='word_1_117' title='bbox 1232 2060 1528 2130; x_wconf 80' lang='lat' dir='ltr'>acquiescit</span> <span class='ocrx_word' id='word_1_118' title='bbox 1565 2060 1717 2114; x_wconf 88' lang='lat' dir='ltr'>sanis</span> <span class='ocrx_word' id='word_1_119' title='bbox 1739 2061 2083 2114; x_wconf 79' lang='lat' dir='ltr'>sermonibus</span> 
     </span>
    </p>
   </div>
   <div class='ocr_carea' id='block_1_20' title="bbox 433 2146 2083 2217">
    <p class='ocr_par' dir='ltr' id='par_1_20' title="bbox 433 2146 2083 2217">
     <span class='ocr_line' id='line_1_20' title="bbox 433 2146 2083 2217; baseline -0.004 -10"><span class='ocrx_word' id='word_1_120' title='bbox 433 2152 661 2208; x_wconf 80' lang='lat' dir='ltr'>Domini</span> <span class='ocrx_word' id='word_1_121' title='bbox 688 2150 863 2206; x_wconf 80' lang='lat' dir='ltr'>nostri</span> <span class='ocrx_word' id='word_1_122' title='bbox 906 2150 1029 2204; x_wconf 87' lang='lat' dir='ltr'>Jesu</span> <span class='ocrx_word' id='word_1_123' title='bbox 1073 2147 1301 2214; x_wconf 84' lang='lat' dir='ltr'>Christi,</span> <span class='ocrx_word' id='word_1_124' title='bbox 1358 2152 1411 2202; x_wconf 88' lang='lat' dir='ltr'>et</span> <span class='ocrx_word' id='word_1_125' title='bbox 1451 2146 1599 2214; x_wconf 86' lang='lat' dir='ltr'>huic,</span> <span class='ocrx_word' id='word_1_126' title='bbox 1631 2162 1757 2217; x_wconf 67' lang='lat' dir='ltr'>quae</span> <span class='ocrx_word' id='word_1_127' title='bbox 1784 2147 2083 2202; x_wconf 87' lang='lat' dir='ltr'>secundum</span> 
     </span>
    </p>
   </div>
   <div class='ocr_carea' id='block_1_21' title="bbox 433 2236 2080 2312">
    <p class='ocr_par' dir='ltr' id='par_1_21' title="bbox 433 2236 2080 2312">
     <span class='ocr_line' id='line_1_21' title="bbox 433 2236 2080 2312; baseline -0.004 -16"><span class='ocrx_word' id='word_1_128' title='bbox 433 2242 695 2312; x_wconf 87' lang='lat' dir='ltr'>pietatem</span> <span class='ocrx_word' id='word_1_129' title='bbox 718 2243 817 2308; x_wconf 87' lang='lat' dir='ltr'>est,</span> <span class='ocrx_word' id='word_1_130' title='bbox 836 2238 1119 2301; x_wconf 73' lang='lat' dir='ltr'>doctrinae,</span> <span class='ocrx_word' id='word_1_131' title='bbox 1148 2238 1396 2308; x_wconf 74' lang='lat' dir='ltr'>superbit</span> <span class='ocrx_word' id='word_1_132' title='bbox 1416 2244 1619 2305; x_wconf 89' lang='lat' dir='ltr'>autem,</span> <span class='ocrx_word' id='word_1_133' title='bbox 1644 2239 1695 2290; x_wconf 89' lang='lat' dir='ltr'>et</span> <span class='ocrx_word' id='word_1_134' title='bbox 1714 2236 1864 2290; x_wconf 89' lang='lat' dir='ltr'>nihil</span> <span class='ocrx_word' id='word_1_135' title='bbox 1884 2238 2080 2298; x_wconf 87' lang='lat' dir='ltr'>sciens,</span> 
     </span>
    </p>
   </div>
   <div class='ocr_carea' id='block_1_22' title="bbox 436 2325 2083 2398">
    <p class='ocr_par' dir='ltr' id='par_1_22' title="bbox 436 2325 2083 2398">
     <span class='ocr_line' id='line_1_22' title="bbox 436 2325 2083 2398; baseline -0.002 -14"><span class='ocrx_word' id='word_1_136' title='bbox 436 2330 535 2384; x_wconf 84' lang='lat' dir='ltr'>sed</span> <span class='ocrx_word' id='word_1_137' title='bbox 552 2328 821 2397; x_wconf 78' lang='lat' dir='ltr'>languens</span> <span class='ocrx_word' id='word_1_138' title='bbox 844 2328 1001 2382; x_wconf 88' lang='lat' dir='ltr'>circa</span> <span class='ocrx_word' id='word_1_139' title='bbox 1021 2328 1352 2398; x_wconf 57' lang='lat' dir='ltr'>quaestiones</span> <span class='ocrx_word' id='word_1_140' title='bbox 1373 2333 1423 2379; x_wconf 89' lang='lat' dir='ltr'>et</span> <span class='ocrx_word' id='word_1_141' title='bbox 1440 2340 1656 2396; x_wconf 85' lang='lat' dir='ltr'>pugnas</span> <span class='ocrx_word' id='word_1_142' title='bbox 1676 2325 1983 2392; x_wconf 81' lang='lat' dir='ltr'>verborum,</span> <span class='ocrx_word' id='word_1_143' title='bbox 2013 2340 2083 2380; x_wconf 74' lang='lat' dir='ltr'>ea:</span> 
     </span>
    </p>
   </div>
   <div class='ocr_carea' id='block_1_23' title="bbox 439 2412 2083 2488">
    <p class='ocr_par' dir='ltr' id='par_1_23' title="bbox 439 2412 2083 2488">
     <span class='ocr_line' id='line_1_23' title="bbox 439 2412 2083 2488; baseline -0.003 -16"><span class='ocrx_word' id='word_1_144' title='bbox 439 2417 634 2488; x_wconf 80' lang='lat' dir='ltr'>quibus</span> <span class='ocrx_word' id='word_1_145' title='bbox 661 2417 725 2486; x_wconf 77' lang='lat' dir='ltr'>ﬁt</span> <span class='ocrx_word' id='word_1_146' title='bbox 765 2416 1003 2485; x_wconf 86' lang='lat' dir='ltr'>invidia,</span> <span class='ocrx_word' id='word_1_147' title='bbox 1044 2415 1441 2480; x_wconf 82' lang='lat' dir='ltr'>contentiones,</span> <span class='ocrx_word' id='word_1_148' title='bbox 1486 2412 1862 2484; x_wconf 64' lang='lat' dir='ltr'>blasphemiae,</span> <span class='ocrx_word' id='word_1_149' title='bbox 1892 2415 2083 2485; x_wconf 86' lang='lat' dir='ltr'>suspi-</span> 
     </span>
    </p>
   </div>
   <div class='ocr_carea' id='block_1_24' title="bbox 435 2501 2085 2573">
    <p class='ocr_par' dir='ltr' id='par_1_24' title="bbox 435 2501 2085 2573">
     <span class='ocr_line' id='line_1_24' title="bbox 435 2501 2085 2573; baseline -0.002 -12"><span class='ocrx_word' id='word_1_150' title='bbox 435 2506 620 2561; x_wconf 89' lang='lat' dir='ltr'>ciones</span> <span class='ocrx_word' id='word_1_151' title='bbox 668 2503 858 2570; x_wconf 69' lang='lat' dir='ltr'>malae,</span> <span class='ocrx_word' id='word_1_152' title='bbox 896 2503 1264 2573; x_wconf 86' lang='lat' dir='ltr'>conﬂictiones</span> <span class='ocrx_word' id='word_1_153' title='bbox 1320 2501 1623 2566; x_wconf 85' lang='lat' dir='ltr'>hominum,</span> <span class='ocrx_word' id='word_1_154' title='bbox 1683 2503 1780 2572; x_wconf 87' lang='lat' dir='ltr'>qui</span> <span class='ocrx_word' id='word_1_155' title='bbox 1833 2502 2085 2573; x_wconf 86' lang='lat' dir='ltr'>corrupti</span> 
     </span>
    </p>
   </div>
   <div class='ocr_carea' id='block_1_25' title="bbox 436 2591 2083 2663">
    <p class='ocr_par' dir='ltr' id='par_1_25' title="bbox 436 2591 2083 2663">
     <span class='ocr_line' id='line_1_25' title="bbox 436 2591 2083 2663; baseline -0.001 -14"><span class='ocrx_word' id='word_1_156' title='bbox 436 2598 570 2650; x_wconf 82' lang='lat' dir='ltr'>sunt</span> <span class='ocrx_word' id='word_1_157' title='bbox 597 2599 779 2648; x_wconf 84' lang='lat' dir='ltr'>mente</span> <span class='ocrx_word' id='word_1_158' title='bbox 811 2601 862 2647; x_wconf 91' lang='lat' dir='ltr'>et</span> <span class='ocrx_word' id='word_1_159' title='bbox 896 2593 1126 2646; x_wconf 82' lang='lat' dir='ltr'>ueritate</span> <span class='ocrx_word' id='word_1_160' title='bbox 1158 2592 1479 2656; x_wconf 85' lang='lat' dir='ltr'>caruerunt,</span> <span class='ocrx_word' id='word_1_161' title='bbox 1520 2591 1900 2646; x_wconf 74' lang='lat' dir='ltr'>existimantes</span> <span class='ocrx_word' id='word_1_162' title='bbox 1937 2605 2083 2663; x_wconf 64' lang='lat' dir='ltr'>quae-</span> 
     </span>
    </p>
   </div>
   <div class='ocr_carea' id='block_1_26' title="bbox 436 2678 2082 2752">
    <p class='ocr_par' dir='ltr' id='par_1_26' title="bbox 436 2678 2082 2752">
     <span class='ocr_line' id='line_1_26' title="bbox 436 2678 2082 2752; baseline -0.003 -14"><span class='ocrx_word' id='word_1_163' title='bbox 436 2690 582 2738; x_wconf 90' lang='lat' dir='ltr'>stum</span> <span class='ocrx_word' id='word_1_164' title='bbox 611 2696 724 2737; x_wconf 90' lang='lat' dir='ltr'>esse</span> <span class='ocrx_word' id='word_1_165' title='bbox 758 2682 1021 2752; x_wconf 83' lang='lat' dir='ltr'>pietatem</span> <span class='ocrx_word' id='word_1_166' title='bbox 1064 2681 1115 2734; x_wconf 84' lang='lat' dir='ltr'>et</span> <span class='ocrx_word' id='word_1_167' title='bbox 1160 2681 1266 2734; x_wconf 86' lang='lat' dir='ltr'>Dei</span> <span class='ocrx_word' id='word_1_168' title='bbox 1300 2680 1614 2734; x_wconf 89' lang='lat' dir='ltr'>culturam:</span> <span class='ocrx_word' id='word_1_169' title='bbox 1646 2678 1855 2733; x_wconf 80' lang='lat' dir='ltr'>discede</span> <span class='ocrx_word' id='word_1_170' title='bbox 1883 2679 1950 2733; x_wconf 89' lang='lat' dir='ltr'>ab</span> <span class='ocrx_word' id='word_1_171' title='bbox 1982 2679 2082 2734; x_wconf 88' lang='lat' dir='ltr'>hu-</span> 
     </span>
    </p>
   </div>
   <div class='ocr_carea' id='block_1_27' title="bbox 428 2766 2084 2843">
    <p class='ocr_par' dir='ltr' id='par_1_27' title="bbox 428 2766 2084 2843">
     <span class='ocr_line' id='line_1_27' title="bbox 428 2766 2084 2843; baseline -0.003 -16"><span class='ocrx_word' id='word_1_172' title='bbox 428 2771 703 2843; x_wconf 84' lang='lat' dir='ltr'>jusmodi.</span> <span class='ocrx_word' id='word_1_173' title='bbox 737 2769 1145 2840; x_wconf 87' lang='lat' dir='ltr'>Discrepantes</span> <span class='ocrx_word' id='word_1_174' title='bbox 1175 2785 1210 2822; x_wconf 91' lang='lat' dir='ltr'>a</span> <span class='ocrx_word' id='word_1_175' title='bbox 1256 2766 1571 2839; x_wconf 86' lang='lat' dir='ltr'>disciplina</span> <span class='ocrx_word' id='word_1_176' title='bbox 1601 2766 1886 2822; x_wconf 87' lang='lat' dir='ltr'>catholica</span> <span class='ocrx_word' id='word_1_177' title='bbox 1916 2784 2084 2839; x_wconf 86' lang='lat' dir='ltr'>sper-</span> 
     </span>
    </p>
   </div>
   <div class='ocr_carea' id='block_1_28' title="bbox 437 2856 2085 2930">
    <p class='ocr_par' dir='ltr' id='par_1_28' title="bbox 437 2856 2085 2930">
     <span class='ocr_line' id='line_1_28' title="bbox 437 2856 2085 2930; baseline -0.002 -14"><span class='ocrx_word' id='word_1_178' title='bbox 437 2860 660 2916; x_wconf 88' lang='lat' dir='ltr'>nendos</span> <span class='ocrx_word' id='word_1_179' title='bbox 707 2857 984 2930; x_wconf 65' lang='lat' dir='ltr'>praecipit,</span> <span class='ocrx_word' id='word_1_180' title='bbox 1008 2856 1260 2912; x_wconf 86' lang='lat' dir='ltr'>maxime</span> <span class='ocrx_word' id='word_1_181' title='bbox 1277 2857 1376 2928; x_wconf 92' lang='lat' dir='ltr'>qui</span> <span class='ocrx_word' id='word_1_182' title='bbox 1398 2856 1641 2911; x_wconf 82' lang='lat' dir='ltr'>convicti</span> <span class='ocrx_word' id='word_1_183' title='bbox 1660 2856 1977 2929; x_wconf 89' lang='lat' dir='ltr'>etcorrepti</span> <span class='ocrx_word' id='word_1_184' title='bbox 1996 2874 2085 2913; x_wconf 88' lang='lat' dir='ltr'>ac-</span> 
     </span>
    </p>
   </div>
   <div class='ocr_carea' id='block_1_29' title="bbox 438 2944 2081 3021">
    <p class='ocr_par' dir='ltr' id='par_1_29' title="bbox 438 2944 2081 3021">
     <span class='ocr_line' id='line_1_29' title="bbox 438 2944 2081 3021; baseline -0.002 -17"><span class='ocrx_word' id='word_1_185' title='bbox 438 2949 739 3021; x_wconf 85' lang='lat' dir='ltr'>quiescere</span> <span class='ocrx_word' id='word_1_186' title='bbox 778 2945 987 3001; x_wconf 89' lang='lat' dir='ltr'>nolunt</span> <span class='ocrx_word' id='word_1_187' title='bbox 1027 2945 1464 3017; x_wconf 83' lang='lat' dir='ltr'>perturbatione</span> <span class='ocrx_word' id='word_1_188' title='bbox 1498 2944 1710 3001; x_wconf 91' lang='lat' dir='ltr'>mentis</span> <span class='ocrx_word' id='word_1_189' title='bbox 1741 2962 1947 3017; x_wconf 69' lang='lat' dir='ltr'>pravae,</span> <span class='ocrx_word' id='word_1_190' title='bbox 1982 2946 2081 3018; x_wconf 91' lang='lat' dir='ltr'>qui</span> 
     </span>
    </p>
   </div>
   <div class='ocr_carea' id='block_1_30' title="bbox 438 3032 2083 3106">
    <p class='ocr_par' dir='ltr' id='par_1_30' title="bbox 438 3032 2083 3106">
     <span class='ocr_line' id='line_1_30' title="bbox 438 3032 2083 3106; baseline -0.002 -14"><span class='ocrx_word' id='word_1_191' title='bbox 438 3035 914 3093; x_wconf 86' lang='lat' dir='ltr'>contentionibus</span> <span class='ocrx_word' id='word_1_192' title='bbox 926 3034 1358 3090; x_wconf 88' lang='lat' dir='ltr'>delectanturet</span> <span class='ocrx_word' id='word_1_193' title='bbox 1369 3032 1917 3106; x_wconf 89' lang='lat' dir='ltr'>pascuntur.Elatus</span> <span class='ocrx_word' id='word_1_194' title='bbox 1929 3036 2083 3089; x_wconf 89' lang='lat' dir='ltr'>enim</span> 
     </span>
    </p>
   </div>
   <div class='ocr_carea' id='block_1_31' title="bbox 366 3123 2086 3207">
    <p class='ocr_par' dir='ltr' id='par_1_31' title="bbox 366 3123 2086 3207">
     <span class='ocr_line' id='line_1_31' title="bbox 366 3123 2086 3207; baseline -0.002 -25"><span class='ocrx_word' id='word_1_195' title='bbox 366 3194 372 3207; x_wconf 40' lang='grc' dir='ltr'>ι</span> <span class='ocrx_word' id='word_1_196' title='bbox 436 3126 590 3182; x_wconf 89' lang='lat' dir='ltr'>vinci</span> <span class='ocrx_word' id='word_1_197' title='bbox 620 3141 682 3181; x_wconf 90' lang='lat' dir='ltr'>se</span> <span class='ocrx_word' id='word_1_198' title='bbox 714 3140 829 3181; x_wconf 88' lang='lat' dir='ltr'>non</span> <span class='ocrx_word' id='word_1_199' title='bbox 860 3124 1113 3196; x_wconf 89' lang='lat' dir='ltr'>patitur:</span> <span class='ocrx_word' id='word_1_200' title='bbox 1149 3124 1366 3195; x_wconf 89' lang='lat' dir='ltr'>quippe</span> <span class='ocrx_word' id='word_1_201' title='bbox 1395 3139 1528 3178; x_wconf 92' lang='lat' dir='ltr'>cum</span> <span class='ocrx_word' id='word_1_202' title='bbox 1562 3124 1633 3178; x_wconf 87' lang='lat' dir='ltr'>ad</span> <span class='ocrx_word' id='word_1_203' title='bbox 1659 3123 1910 3179; x_wconf 83' lang='lat' dir='ltr'>favorem</span> <span class='ocrx_word' id='word_1_204' title='bbox 1935 3140 2086 3194; x_wconf 64' lang='lat' dir='ltr'>quis-</span> 
     </span>
    </p>
   </div>
   <div class='ocr_carea' id='block_1_32' title="bbox 439 3212 2080 3285">
    <p class='ocr_par' dir='ltr' id='par_1_32' title="bbox 439 3212 2080 3285">
     <span class='ocr_line' id='line_1_32' title="bbox 439 3212 2080 3285; baseline -0.002 -14"><span class='ocrx_word' id='word_1_205' title='bbox 439 3216 688 3272; x_wconf 89' lang='lat' dir='ltr'>rendum</span> <span class='ocrx_word' id='word_1_206' title='bbox 704 3214 763 3269; x_wconf 89' lang='lat' dir='ltr'>in</span> <span class='ocrx_word' id='word_1_207' title='bbox 778 3213 1114 3269; x_wconf 84' lang='lat' dir='ltr'>conﬂictum</span> <span class='ocrx_word' id='word_1_208' title='bbox 1127 3216 1474 3285; x_wconf 87' lang='lat' dir='ltr'>prorumpat</span> <span class='ocrx_word' id='word_1_209' title='bbox 1489 3230 1502 3280; x_wconf 90' lang='lat'><strong>;</strong></span> <span class='ocrx_word' id='word_1_210' title='bbox 1519 3213 1671 3284; x_wconf 91' lang='lat' dir='ltr'>quod</span> <span class='ocrx_word' id='word_1_211' title='bbox 1691 3212 2080 3283; x_wconf 88' lang='lat' dir='ltr'>amansuetis,</span> 
     </span>
    </p>
   </div>
   <div class='ocr_carea' id='block_1_33' title="bbox 439 3287 2157 3360">
    <p class='ocr_par' dir='ltr' id='par_1_33' title="bbox 439 3287 2157 3360">
     <span class='ocr_line' id='line_1_33' title="bbox 439 3287 2157 3360; baseline -0.003 0"><span class='ocrx_word' id='word_1_212' title='bbox 439 3309 497 3360; x_wconf 91' lang='lat' dir='ltr'>et</span> <span class='ocrx_word' id='word_1_213' title='bbox 525 3303 695 3359; x_wconf 88' lang='lat' dir='ltr'>bonis</span> <span class='ocrx_word' id='word_1_214' title='bbox 724 3302 865 3358; x_wconf 89' lang='lat' dir='ltr'>viris</span> <span class='ocrx_word' id='word_1_215' title='bbox 894 3302 1196 3357; x_wconf 87' lang='lat' dir='ltr'>vitandum</span> <span class='ocrx_word' id='word_1_216' title='bbox 1238 3307 1345 3356; x_wconf 90' lang='lat' dir='ltr'>est.</span> <span class='ocrx_word' id='word_1_217' title='bbox 1395 3301 1701 3356; x_wconf 86' lang='lat' dir='ltr'>Contentio</span> <span class='ocrx_word' id='word_1_218' title='bbox 1741 3301 1899 3356; x_wconf 91' lang='lat' dir='ltr'>enim</span> <span class='ocrx_word' id='word_1_219' title='bbox 1930 3318 2081 3356; x_wconf 89' lang='lat' dir='ltr'>nun-</span> <span class='ocrx_word' id='word_1_220' title='bbox 2114 3287 2157 3354; x_wconf 84' lang='lat' dir='ltr'>C</span> 
     </span>
    </p>
   </div>
   <div class='ocr_carea' id='block_1_34' title="bbox 2115 1922 2159 1986">
    <p class='ocr_par' dir='ltr' id='par_1_34' title="bbox 2115 1922 2159 1986">
     <span class='ocr_line' id='line_1_34' title="bbox 2115 1922 2159 1986; baseline 0 0"><span class='ocrx_word' id='word_1_221' title='bbox 2115 1922 2159 1986; x_wconf 91' lang='lat' dir='ltr'><strong>B</strong></span> 
     </span>
    </p>
   </div>
   <div class='ocr_carea' id='block_1_35' title="bbox 443 3388 2084 3464">
    <p class='ocr_par' dir='ltr' id='par_1_35' title="bbox 443 3388 2084 3464">
     <span class='ocr_line' id='line_1_35' title="bbox 443 3388 2084 3464; baseline -0.002 -16"><span class='ocrx_word' id='word_1_222' title='bbox 443 3410 621 3464; x_wconf 88' lang='lat' dir='ltr'>quam</span> <span class='ocrx_word' id='word_1_223' title='bbox 643 3396 733 3448; x_wconf 89' lang='lat' dir='ltr'>est</span> <span class='ocrx_word' id='word_1_224' title='bbox 751 3391 877 3446; x_wconf 89' lang='lat' dir='ltr'>sine</span> <span class='ocrx_word' id='word_1_225' title='bbox 897 3389 1018 3457; x_wconf 84' lang='lat' dir='ltr'>lite,</span> <span class='ocrx_word' id='word_1_226' title='bbox 1045 3394 1103 3445; x_wconf 91' lang='lat' dir='ltr'>et</span> <span class='ocrx_word' id='word_1_227' title='bbox 1126 3405 1332 3461; x_wconf 89' lang='lat' dir='ltr'>parum</span> <span class='ocrx_word' id='word_1_228' title='bbox 1356 3394 1528 3455; x_wconf 85' lang='lat' dir='ltr'>esset,</span> <span class='ocrx_word' id='word_1_229' title='bbox 1568 3389 1615 3442; x_wconf 90' lang='lat' dir='ltr'>si</span> <span class='ocrx_word' id='word_1_230' title='bbox 1662 3388 1735 3444; x_wconf 89' lang='lat' dir='ltr'>lis</span> <span class='ocrx_word' id='word_1_231' title='bbox 1759 3388 1885 3444; x_wconf 90' lang='lat' dir='ltr'>sola</span> <span class='ocrx_word' id='word_1_232' title='bbox 1907 3391 2084 3445; x_wconf 83' lang='lat' dir='ltr'>orire-</span> 
     </span>
    </p>
   </div>
   <div class='ocr_carea' id='block_1_36' title="bbox 441 3476 2086 3552">
    <p class='ocr_par' dir='ltr' id='par_1_36' title="bbox 441 3476 2086 3552">
     <span class='ocr_line' id='line_1_36' title="bbox 441 3476 2086 3552; baseline -0.003 -13"><span class='ocrx_word' id='word_1_233' title='bbox 441 3486 560 3552; x_wconf 87' lang='lat' dir='ltr'>tur,</span> <span class='ocrx_word' id='word_1_234' title='bbox 588 3481 688 3538; x_wconf 87' lang='lat' dir='ltr'>sed</span> <span class='ocrx_word' id='word_1_235' title='bbox 714 3478 1089 3551; x_wconf 65' lang='lat' dir='ltr'>blasphemiae</span> <span class='ocrx_word' id='word_1_236' title='bbox 1111 3482 1168 3532; x_wconf 90' lang='lat' dir='ltr'>et</span> <span class='ocrx_word' id='word_1_237' title='bbox 1188 3476 1540 3542; x_wconf 79' lang='lat' dir='ltr'>inimicitiae;</span> <span class='ocrx_word' id='word_1_238' title='bbox 1566 3477 1719 3549; x_wconf 91' lang='lat' dir='ltr'>quod</span> <span class='ocrx_word' id='word_1_239' title='bbox 1739 3495 1772 3533; x_wconf 77' lang='grc' dir='ltr'>ε.</span> <span class='ocrx_word' id='word_1_240' title='bbox 1790 3479 1880 3532; x_wconf 88' lang='lat' dir='ltr'>Dei</span> <span class='ocrx_word' id='word_1_241' title='bbox 1901 3478 2086 3534; x_wconf 89' lang='lat' dir='ltr'>servis</span> 
     </span>
    </p>
   </div>
   <div class='ocr_carea' id='block_1_37' title="bbox 445 3566 2084 3638">
    <p class='ocr_par' dir='ltr' id='par_1_37' title="bbox 445 3566 2084 3638">
     <span class='ocr_line' id='line_1_37' title="bbox 445 3566 2084 3638; baseline -0.004 -11"><span class='ocrx_word' id='word_1_242' title='bbox 445 3570 702 3627; x_wconf 84' lang='lat' dir='ltr'>alienum</span> <span class='ocrx_word' id='word_1_243' title='bbox 726 3574 835 3625; x_wconf 91' lang='lat' dir='ltr'>est.</span> <span class='ocrx_word' id='word_1_244' title='bbox 861 3567 946 3622; x_wconf 88' lang='lat' dir='ltr'>Ab</span> <span class='ocrx_word' id='word_1_245' title='bbox 968 3567 1060 3621; x_wconf 91' lang='lat' dir='ltr'>bis</span> <span class='ocrx_word' id='word_1_246' title='bbox 1082 3571 1275 3621; x_wconf 85' lang='lat' dir='ltr'>autem</span> <span class='ocrx_word' id='word_1_247' title='bbox 1314 3566 1434 3636; x_wconf 91' lang='lat' dir='ltr'>qui,</span> <span class='ocrx_word' id='word_1_248' title='bbox 1474 3566 1729 3638; x_wconf 88' lang='lat' dir='ltr'>corrupti</span> <span class='ocrx_word' id='word_1_249' title='bbox 1771 3571 1961 3621; x_wconf 86' lang='lat' dir='ltr'>mente</span> <span class='ocrx_word' id='word_1_250' title='bbox 1992 3583 2084 3622; x_wconf 89' lang='lat' dir='ltr'>ve-</span> 
     </span>
    </p>
   </div>
   <div class='ocr_carea' id='block_1_38' title="bbox 446 3652 2087 3730">
    <p class='ocr_par' dir='ltr' id='par_1_38' title="bbox 446 3652 2087 3730">
     <span class='ocr_line' id='line_1_38' title="bbox 446 3652 2087 3730; baseline -0.003 -16"><span class='ocrx_word' id='word_1_251' title='bbox 446 3659 616 3714; x_wconf 84' lang='lat' dir='ltr'>ritate</span> <span class='ocrx_word' id='word_1_252' title='bbox 638 3656 845 3730; x_wconf 88' lang='lat' dir='ltr'>privati</span> <span class='ocrx_word' id='word_1_253' title='bbox 873 3659 1031 3722; x_wconf 90' lang='lat' dir='ltr'>sunt,</span> <span class='ocrx_word' id='word_1_254' title='bbox 1064 3652 1207 3709; x_wconf 85' lang='lat' dir='ltr'>utile</span> <span class='ocrx_word' id='word_1_255' title='bbox 1228 3653 1551 3724; x_wconf 87' lang='lat' dir='ltr'>judicatur.</span> <span class='ocrx_word' id='word_1_256' title='bbox 1583 3653 1685 3709; x_wconf 87' lang='lat' dir='ltr'>Dei</span> <span class='ocrx_word' id='word_1_257' title='bbox 1716 3654 1870 3709; x_wconf 90' lang='lat' dir='ltr'>enim</span> <span class='ocrx_word' id='word_1_258' title='bbox 1896 3654 2087 3711; x_wconf 59' lang='lat' dir='ltr'>cultuJ</span> 
     </span>
    </p>
   </div>
   <div class='ocr_carea' id='block_1_39' title="bbox 442 3742 2085 3818">
    <p class='ocr_par' dir='ltr' id='par_1_39' title="bbox 442 3742 2085 3818">
     <span class='ocr_line' id='line_1_39' title="bbox 442 3742 2085 3818; baseline -0.001 -16"><span class='ocrx_word' id='word_1_259' title='bbox 442 3763 568 3802; x_wconf 89' lang='lat' dir='ltr'>ram</span> <span class='ocrx_word' id='word_1_260' title='bbox 591 3752 648 3802; x_wconf 88' lang='lat' dir='ltr'>et</span> <span class='ocrx_word' id='word_1_261' title='bbox 668 3745 941 3818; x_wconf 83' lang='lat' dir='ltr'>pietatem</span> <span class='ocrx_word' id='word_1_262' title='bbox 968 3748 1255 3815; x_wconf 64' lang='lat' dir='ltr'>questum</span> <span class='ocrx_word' id='word_1_263' title='bbox 1280 3742 1638 3811; x_wconf 84' lang='lat' dir='ltr'>existimant,</span> <span class='ocrx_word' id='word_1_264' title='bbox 1662 3760 1777 3798; x_wconf 91' lang='lat' dir='ltr'>non</span> <span class='ocrx_word' id='word_1_265' title='bbox 1801 3744 1871 3799; x_wconf 90' lang='lat' dir='ltr'>de</span> <span class='ocrx_word' id='word_1_266' title='bbox 1891 3745 2085 3801; x_wconf 87' lang='lat' dir='ltr'>tuturo</span> 
     </span>
    </p>
   </div>
   <div class='ocr_carea' id='block_1_40' title="bbox 440 3831 2080 3916">
    <p class='ocr_par' dir='ltr' id='par_1_40' title="bbox 440 3831 2080 3916">
     <span class='ocr_line' id='line_1_40' title="bbox 440 3831 2080 3916; baseline -0.001 -26"><span class='ocrx_word' id='word_1_267' title='bbox 440 3834 662 3916; x_wconf 84' lang='lat' dir='ltr'>aliquid</span> <span class='ocrx_word' id='word_1_268' title='bbox 683 3838 1005 3906; x_wconf 87' lang='lat' dir='ltr'>sperantes,</span> <span class='ocrx_word' id='word_1_269' title='bbox 1030 3832 1129 3888; x_wconf 89' lang='lat' dir='ltr'>sed</span> <span class='ocrx_word' id='word_1_270' title='bbox 1158 3834 1452 3903; x_wconf 90' lang='lat' dir='ltr'>quomodo</span> <span class='ocrx_word' id='word_1_271' title='bbox 1471 3831 1528 3886; x_wconf 90' lang='lat' dir='ltr'>in</span> <span class='ocrx_word' id='word_1_272' title='bbox 1549 3832 1815 3904; x_wconf 64' lang='lat' dir='ltr'>praesenti</span> <span class='ocrx_word' id='word_1_273' title='bbox 1839 3849 1901 3888; x_wconf 90' lang='lat' dir='ltr'>se</span> <span class='ocrx_word' id='word_1_274' title='bbox 1923 3838 2080 3889; x_wconf 89' lang='lat' dir='ltr'>tran-</span> 
     </span>
    </p>
   </div>
   <div class='ocr_carea' id='block_1_41' title="bbox 438 3920 2084 3996">
    <p class='ocr_par' dir='ltr' id='par_1_41' title="bbox 438 3920 2084 3996">
     <span class='ocr_line' id='line_1_41' title="bbox 438 3920 2084 3996; baseline -0.001 -16"><span class='ocrx_word' id='word_1_275' title='bbox 438 3924 634 3996; x_wconf 80' lang='lat' dir='ltr'>sigant</span> <span class='ocrx_word' id='word_1_276' title='bbox 664 3921 1032 3995; x_wconf 87' lang='lat' dir='ltr'>providentes</span> <span class='ocrx_word' id='word_1_277' title='bbox 1072 3921 1223 3976; x_wconf 87' lang='lat' dir='ltr'>sicut</span> <span class='ocrx_word' id='word_1_278' title='bbox 1273 3925 1331 3975; x_wconf 89' lang='lat' dir='ltr'>et</span> <span class='ocrx_word' id='word_1_279' title='bbox 1378 3920 1685 3975; x_wconf 67' lang='lat' dir='ltr'>mundanae</span> <span class='ocrx_word' id='word_1_280' title='bbox 1718 3926 1905 3987; x_wconf 68' lang='lat' dir='ltr'>sectis,</span> <span class='ocrx_word' id='word_1_281' title='bbox 1937 3939 2084 3994; x_wconf 88' lang='lat' dir='ltr'>quas</span> 
     </span>
    </p>
   </div>
   <div class='ocr_carea' id='block_1_42' title="bbox 388 4009 2081 4083">
    <p class='ocr_par' dir='ltr' id='par_1_42' title="bbox 388 4009 2081 4083">
     <span class='ocr_line' id='line_1_42' title="bbox 388 4009 2081 4083; baseline -0.001 -15"><span class='ocrx_word' id='word_1_282' title='bbox 388 4054 395 4061; x_wconf 62' lang='grc' dir='ltr'><em>ι</em></span> <span class='ocrx_word' id='word_1_283' title='bbox 435 4016 665 4069; x_wconf 87' lang='lat' dir='ltr'>constat</span> <span class='ocrx_word' id='word_1_284' title='bbox 693 4016 931 4083; x_wconf 87' lang='lat' dir='ltr'>propter</span> <span class='ocrx_word' id='word_1_285' title='bbox 961 4009 1267 4082; x_wconf 66' lang='lat' dir='ltr'>presentia</span> <span class='ocrx_word' id='word_1_286' title='bbox 1304 4010 1465 4063; x_wconf 89' lang='lat' dir='ltr'>lucra</span> <span class='ocrx_word' id='word_1_287' title='bbox 1507 4009 1793 4065; x_wconf 86' lang='lat' dir='ltr'>inventas.</span> <span class='ocrx_word' id='word_1_288' title='bbox 1825 4010 1951 4065; x_wconf 89' lang='lat' dir='ltr'>Non</span> <span class='ocrx_word' id='word_1_289' title='bbox 1983 4027 2081 4067; x_wconf 89' lang='lat' dir='ltr'>ne-</span> 
     </span>
    </p>
   </div>
   <div class='ocr_carea' id='block_1_43' title="bbox 432 4099 2082 4174">
    <p class='ocr_par' dir='ltr' id='par_1_43' title="bbox 432 4099 2082 4174">
     <span class='ocr_line' id='line_1_43' title="bbox 432 4099 2082 4174; baseline -0.001 -16"><span class='ocrx_word' id='word_1_290' title='bbox 432 4102 536 4158; x_wconf 90' lang='lat' dir='ltr'>scii</span> <span class='ocrx_word' id='word_1_291' title='bbox 568 4103 855 4174; x_wconf 86' lang='lat' dir='ltr'>quosdam</span> <span class='ocrx_word' id='word_1_292' title='bbox 884 4100 991 4155; x_wconf 93' lang='lat' dir='ltr'>hoc</span> <span class='ocrx_word' id='word_1_293' title='bbox 1022 4099 1272 4154; x_wconf 87' lang='lat' dir='ltr'>libenter</span> <span class='ocrx_word' id='word_1_294' title='bbox 1300 4099 1522 4166; x_wconf 90' lang='lat' dir='ltr'>audire,</span> <span class='ocrx_word' id='word_1_295' title='bbox 1557 4099 1710 4170; x_wconf 85' lang='lat' dir='ltr'>quod</span> <span class='ocrx_word' id='word_1_296' title='bbox 1746 4100 1803 4153; x_wconf 90' lang='lat' dir='ltr'>in</span> <span class='ocrx_word' id='word_1_297' title='bbox 1828 4099 1935 4154; x_wconf 88' lang='lat' dir='ltr'>hac</span> <span class='ocrx_word' id='word_1_298' title='bbox 1964 4101 2082 4156; x_wconf 87' lang='lat' dir='ltr'>vita</span> 
     </span>
    </p>
   </div>
   <div class='ocr_carea' id='block_1_44' title="bbox 430 4187 2001 4258">
    <p class='ocr_par' dir='ltr' id='par_1_44' title="bbox 430 4187 2001 4258">
     <span class='ocr_line' id='line_1_44' title="bbox 430 4187 2001 4258; baseline -0.003 -11"><span class='ocrx_word' id='word_1_299' title='bbox 430 4191 760 4247; x_wconf 86' lang='lat' dir='ltr'>ﬂorendum</span> <span class='ocrx_word' id='word_1_300' title='bbox 792 4190 906 4257; x_wconf 87' lang='lat' dir='ltr'>sit;</span> <span class='ocrx_word' id='word_1_301' title='bbox 940 4188 1067 4244; x_wconf 91' lang='lat' dir='ltr'>ideo</span> <span class='ocrx_word' id='word_1_302' title='bbox 1097 4187 1499 4243; x_wconf 88' lang='lat' dir='ltr'>desistendum</span> <span class='ocrx_word' id='word_1_303' title='bbox 1534 4187 1607 4241; x_wconf 92' lang='lat' dir='ltr'>ab</span> <span class='ocrx_word' id='word_1_304' title='bbox 1638 4187 2001 4258; x_wconf 85' lang='lat' dir='ltr'>hujusmodi.</span> 
     </span>
    </p>
   </div>
   <div class='ocr_carea' id='block_1_45' title="bbox 498 4276 2076 4349">
    <p class='ocr_par' dir='ltr' id='par_1_45' title="bbox 498 4276 2076 4349">
     <span class='ocr_line' id='line_1_45' title="bbox 498 4276 2076 4349; baseline -0.003 -14"><span class='ocrx_word' id='word_1_305' title='bbox 498 4280 592 4335; x_wconf 86' lang='lat' dir='ltr'>Est</span> <span class='ocrx_word' id='word_1_306' title='bbox 618 4284 807 4335; x_wconf 88' lang='lat' dir='ltr'>autem</span> <span class='ocrx_word' id='word_1_307' title='bbox 835 4281 1069 4349; x_wconf 70' lang='lat' dir='ltr'>quazstus</span> <span class='ocrx_word' id='word_1_308' title='bbox 1097 4291 1346 4346; x_wconf 88' lang='lat' dir='ltr'>magnus,</span> <span class='ocrx_word' id='word_1_309' title='bbox 1378 4277 1555 4346; x_wconf 88' lang='lat' dir='ltr'>pietas</span> <span class='ocrx_word' id='word_1_310' title='bbox 1576 4292 1696 4329; x_wconf 86' lang='lat' dir='ltr'>cum</span> <span class='ocrx_word' id='word_1_311' title='bbox 1716 4276 2076 4344; x_wconf 74' lang='lat' dir='ltr'>sufficientia.</span> 
     </span>
    </p>
   </div>
   <div class='ocr_carea' id='block_1_46' title="bbox 425 4363 2076 4439">
    <p class='ocr_par' dir='ltr' id='par_1_46' title="bbox 425 4363 2076 4439">
     <span class='ocr_line' id='line_1_46' title="bbox 425 4363 2076 4439; baseline -0.001 -16"><span class='ocrx_word' id='word_1_312' title='bbox 425 4367 668 4439; x_wconf 82' lang='lat' dir='ltr'>Magnas</span> <span class='ocrx_word' id='word_1_313' title='bbox 691 4367 944 4431; x_wconf 87' lang='lat' dir='ltr'>divitias,</span> <span class='ocrx_word' id='word_1_314' title='bbox 970 4370 1025 4420; x_wconf 90' lang='lat' dir='ltr'>et</span> <span class='ocrx_word' id='word_1_315' title='bbox 1055 4363 1505 4435; x_wconf 82' lang='lat' dir='ltr'>acquisitiunem</span> <span class='ocrx_word' id='word_1_316' title='bbox 1530 4364 1586 4417; x_wconf 89' lang='lat' dir='ltr'>in</span> <span class='ocrx_word' id='word_1_317' title='bbox 1612 4379 1677 4417; x_wconf 90' lang='lat' dir='ltr'>eo</span> <span class='ocrx_word' id='word_1_318' title='bbox 1699 4364 1842 4419; x_wconf 89' lang='lat' dir='ltr'>dicit</span> <span class='ocrx_word' id='word_1_319' title='bbox 1861 4364 1909 4419; x_wconf 91' lang='lat' dir='ltr'>si</span> <span class='ocrx_word' id='word_1_320' title='bbox 1942 4366 2076 4437; x_wconf 89' lang='lat' dir='ltr'>quis</span> 
     </span>
    </p>
   </div>
   <div class='ocr_carea' id='block_1_47' title="bbox 425 4451 2078 4524">
    <p class='ocr_par' dir='ltr' id='par_1_47' title="bbox 425 4451 2078 4524">
     <span class='ocr_line' id='line_1_47' title="bbox 425 4451 2078 4524; baseline -0.001 -14"><span class='ocrx_word' id='word_1_321' title='bbox 425 4455 617 4511; x_wconf 83' lang='lat' dir='ltr'>fidelis</span> <span class='ocrx_word' id='word_1_322' title='bbox 648 4471 755 4511; x_wconf 91' lang='lat' dir='ltr'>suo</span> <span class='ocrx_word' id='word_1_323' title='bbox 786 4458 1097 4510; x_wconf 89' lang='lat' dir='ltr'>contentus</span> <span class='ocrx_word' id='word_1_324' title='bbox 1128 4453 1224 4507; x_wconf 90' lang='lat' dir='ltr'>sit.</span> <span class='ocrx_word' id='word_1_325' title='bbox 1252 4451 1388 4506; x_wconf 90' lang='lat' dir='ltr'>Pius</span> <span class='ocrx_word' id='word_1_326' title='bbox 1410 4452 1565 4506; x_wconf 91' lang='lat' dir='ltr'>enim</span> <span class='ocrx_word' id='word_1_327' title='bbox 1594 4451 1651 4505; x_wconf 88' lang='lat' dir='ltr'>in</span> <span class='ocrx_word' id='word_1_328' title='bbox 1679 4452 1996 4524; x_wconf 88' lang='lat' dir='ltr'>semetipso</span> <span class='ocrx_word' id='word_1_329' title='bbox 2020 4457 2078 4509; x_wconf 90' lang='lat' dir='ltr'>et</span> 
     </span>
    </p>
   </div>
   <div class='ocr_carea' id='block_1_48' title="bbox 424 4539 2073 4614">
    <p class='ocr_par' dir='ltr' id='par_1_48' title="bbox 424 4539 2073 4614">
     <span class='ocr_line' id='line_1_48' title="bbox 424 4539 2073 4614; baseline -0.001 -14"><span class='ocrx_word' id='word_1_330' title='bbox 424 4543 646 4600; x_wconf 66' lang='lat' dir='ltr'>cateris</span> <span class='ocrx_word' id='word_1_331' title='bbox 677 4548 788 4610; x_wconf 89' lang='lat' dir='ltr'>est,</span> <span class='ocrx_word' id='word_1_332' title='bbox 823 4543 920 4614; x_wconf 91' lang='lat' dir='ltr'>qui</span> <span class='ocrx_word' id='word_1_333' title='bbox 956 4540 1417 4597; x_wconf 75' lang='lat' dir='ltr'>misericordiam</span> <span class='ocrx_word' id='word_1_334' title='bbox 1454 4539 1552 4594; x_wconf 90' lang='lat' dir='ltr'>Dei</span> <span class='ocrx_word' id='word_1_335' title='bbox 1585 4542 1981 4611; x_wconf 90' lang='lat' dir='ltr'>acquisiturus</span> <span class='ocrx_word' id='word_1_336' title='bbox 2001 4544 2073 4598; x_wconf 85' lang='lat' dir='ltr'>ad</span> 
     </span>
    </p>
   </div>
   <div class='ocr_carea' id='block_1_49' title="bbox 423 4628 2151 4717">
    <p class='ocr_par' dir='ltr' id='par_1_49' title="bbox 423 4628 2151 4717">
     <span class='ocr_line' id='line_1_49' title="bbox 423 4628 2151 4717; baseline -0.001 -29"><span class='ocrx_word' id='word_1_337' title='bbox 423 4633 681 4688; x_wconf 90' lang='lat' dir='ltr'>futuram</span> <span class='ocrx_word' id='word_1_338' title='bbox 705 4631 904 4700; x_wconf 87' lang='lat' dir='ltr'>vitam,</span> <span class='ocrx_word' id='word_1_339' title='bbox 929 4631 1000 4685; x_wconf 91' lang='lat' dir='ltr'>ad</span> <span class='ocrx_word' id='word_1_340' title='bbox 1028 4645 1283 4702; x_wconf 68' lang='lat' dir='ltr'>praesens</span> <span class='ocrx_word' id='word_1_341' title='bbox 1306 4628 1572 4717; x_wconf 77' lang='lat' dir='ltr'>sufficere</span> <span class='ocrx_word' id='word_1_342' title='bbox 1593 4629 1704 4685; x_wconf 89' lang='lat' dir='ltr'>sibi</span> <span class='ocrx_word' id='word_1_343' title='bbox 1730 4635 1897 4703; x_wconf 88' lang='lat' dir='ltr'>putat</span> <span class='ocrx_word' id='word_1_344' title='bbox 1916 4632 2072 4702; x_wconf 90' lang='lat' dir='ltr'>quod</span> <span class='ocrx_word' id='word_1_345' title='bbox 2106 4654 2151 4717; x_wconf 73' lang='grc' dir='ltr'>Ι)</span> 
     </span>
    </p>
   </div>
   <div class='ocr_carea' id='block_1_50' title="bbox 423 4716 2071 4789">
    <p class='ocr_par' dir='ltr' id='par_1_50' title="bbox 423 4716 2071 4789">
     <span class='ocr_line' id='line_1_50' title="bbox 423 4716 2071 4789; baseline -0.001 -13"><span class='ocrx_word' id='word_1_346' title='bbox 423 4721 619 4787; x_wconf 90' lang='lat' dir='ltr'>habet,</span> <span class='ocrx_word' id='word_1_347' title='bbox 647 4737 761 4776; x_wconf 91' lang='lat' dir='ltr'>non</span> <span class='ocrx_word' id='word_1_348' title='bbox 789 4719 1067 4776; x_wconf 89' lang='lat' dir='ltr'>dubitans</span> <span class='ocrx_word' id='word_1_349' title='bbox 1098 4735 1167 4773; x_wconf 83' lang='lat' dir='ltr'>ex</span> <span class='ocrx_word' id='word_1_350' title='bbox 1189 4733 1255 4773; x_wconf 89' lang='lat' dir='ltr'>eo</span> <span class='ocrx_word' id='word_1_351' title='bbox 1280 4718 1405 4789; x_wconf 89' lang='lat' dir='ltr'>ipso</span> <span class='ocrx_word' id='word_1_352' title='bbox 1445 4716 1665 4789; x_wconf 86' lang='lat' dir='ltr'>largiri.</span> <span class='ocrx_word' id='word_1_353' title='bbox 1689 4719 1894 4774; x_wconf 87' lang='lat' dir='ltr'>Omnis</span> <span class='ocrx_word' id='word_1_354' title='bbox 1916 4720 2071 4775; x_wconf 89' lang='lat' dir='ltr'>enim</span> 
     </span>
    </p>
   </div>
   <div class='ocr_carea' id='block_1_51' title="bbox 422 4805 1854 4881">
    <p class='ocr_par' dir='ltr' id='par_1_51' title="bbox 422 4805 1854 4881">
     <span class='ocr_line' id='line_1_51' title="bbox 422 4805 1854 4881; baseline -0.003 -16"><span class='ocrx_word' id='word_1_355' title='bbox 422 4826 633 4865; x_wconf 89' lang='lat' dir='ltr'>avarus</span> <span class='ocrx_word' id='word_1_356' title='bbox 665 4810 885 4881; x_wconf 91' lang='lat' dir='ltr'>impius</span> <span class='ocrx_word' id='word_1_357' title='bbox 919 4812 1025 4875; x_wconf 89' lang='lat' dir='ltr'>est,</span> <span class='ocrx_word' id='word_1_358' title='bbox 1060 4812 1117 4863; x_wconf 90' lang='lat' dir='ltr'>et</span> <span class='ocrx_word' id='word_1_359' title='bbox 1147 4805 1257 4862; x_wconf 82' lang='lat' dir='ltr'>sibi</span> <span class='ocrx_word' id='word_1_360' title='bbox 1288 4811 1345 4862; x_wconf 91' lang='lat' dir='ltr'>et</span> <span class='ocrx_word' id='word_1_361' title='bbox 1368 4807 1587 4862; x_wconf 65' lang='lat' dir='ltr'>caeteris</span> <span class='ocrx_word' id='word_1_362' title='bbox 1619 4824 1854 4863; x_wconf 85' lang='lat' dir='ltr'>nocens.</span> 
     </span>
    </p>
   </div>
   <div class='ocr_carea' id='block_1_52' title="bbox 492 4895 2073 4953">
    <p class='ocr_par' dir='ltr' id='par_1_52' title="bbox 492 4895 2073 4953">
     <span class='ocr_line' id='line_1_52' title="bbox 492 4895 2073 4953; baseline -0.001 0"><span class='ocrx_word' id='word_1_363' title='bbox 492 4897 646 4953; x_wconf 80' lang='lat' dir='ltr'>Nihil</span> <span class='ocrx_word' id='word_1_364' title='bbox 674 4900 827 4953; x_wconf 88' lang='lat' dir='ltr'>enim</span> <span class='ocrx_word' id='word_1_365' title='bbox 882 4897 1177 4952; x_wconf 79' lang='lat' dir='ltr'>intulimus</span> <span class='ocrx_word' id='word_1_366' title='bbox 1232 4897 1292 4950; x_wconf 89' lang='lat' dir='ltr'>in</span> <span class='ocrx_word' id='word_1_367' title='bbox 1342 4896 1485 4950; x_wconf 85' lang='lat' dir='ltr'>hunc</span> <span class='ocrx_word' id='word_1_368' title='bbox 1538 4895 1826 4951; x_wconf 80' lang='lat' dir='ltr'>mundum.</span> <span class='ocrx_word' id='word_1_369' title='bbox 1867 4902 2073 4953; x_wconf 80' lang='lat' dir='ltr'>Verum</span> 
     </span>
    </p>
   </div>
   <div class='ocr_carea' id='block_1_53' title="bbox 418 4984 2069 5058">
    <p class='ocr_par' dir='ltr' id='par_1_53' title="bbox 418 4984 2069 5058">
     <span class='ocr_line' id='line_1_53' title="bbox 418 4984 2069 5058; baseline 0 -17"><span class='ocrx_word' id='word_1_370' title='bbox 418 4987 552 5057; x_wconf 90' lang='lat' dir='ltr'>quia</span> <span class='ocrx_word' id='word_1_371' title='bbox 580 5002 680 5042; x_wconf 87' lang='lat' dir='ltr'>nec</span> <span class='ocrx_word' id='word_1_372' title='bbox 702 4990 929 5057; x_wconf 81' lang='lat' dir='ltr'>auferre</span> <span class='ocrx_word' id='word_1_373' title='bbox 974 5002 1264 5058; x_wconf 78' lang='lat' dir='ltr'>possumus</span> <span class='ocrx_word' id='word_1_374' title='bbox 1308 4984 1623 5058; x_wconf 84' lang='lat' dir='ltr'>quidquam.</span> <span class='ocrx_word' id='word_1_375' title='bbox 1675 4986 1939 5041; x_wconf 83' lang='lat' dir='ltr'>Habentes</span> <span class='ocrx_word' id='word_1_376' title='bbox 1969 5003 2069 5041; x_wconf 88' lang='lat' dir='ltr'>au-</span> 
     </span>
    </p>
   </div>
   <div class='ocr_carea' id='block_1_54' title="bbox 421 5074 2069 5144">
    <p class='ocr_par' dir='ltr' id='par_1_54' title="bbox 421 5074 2069 5144">
     <span class='ocr_line' id='line_1_54' title="bbox 421 5074 2069 5144; baseline 0.001 -14"><span class='ocrx_word' id='word_1_377' title='bbox 421 5077 529 5130; x_wconf 87' lang='lat' dir='ltr'>tem</span> <span class='ocrx_word' id='word_1_378' title='bbox 557 5075 908 5144; x_wconf 88' lang='lat' dir='ltr'>alimentum,</span> <span class='ocrx_word' id='word_1_379' title='bbox 930 5076 1014 5130; x_wconf 88' lang='lat' dir='ltr'>his</span> <span class='ocrx_word' id='word_1_380' title='bbox 1034 5076 1274 5130; x_wconf 83' lang='lat' dir='ltr'>contenti</span> <span class='ocrx_word' id='word_1_381' title='bbox 1291 5090 1504 5129; x_wconf 85' lang='lat' dir='ltr'>sumus.</span> <span class='ocrx_word' id='word_1_382' title='bbox 1531 5074 1771 5128; x_wconf 89' lang='lat' dir='ltr'>Frustra</span> <span class='ocrx_word' id='word_1_383' title='bbox 1793 5074 2069 5131; x_wconf 89' lang='lat' dir='ltr'>mortales</span> 
     </span>
    </p>
   </div>
   <div class='ocr_carea' id='block_1_55' title="bbox 422 5160 1794 5186">
    <p class='ocr_par' dir='ltr' id='par_1_55' title="bbox 422 5160 1794 5186">
     <span class='ocr_line' id='line_1_55' title="bbox 422 5160 1794 5186; baseline 0.009 -12"><span class='ocrx_word' id='word_1_384' title='bbox 422 5160 436 5174; x_wconf 67' lang='grc' dir='ltr'><strong>ε</strong></span> <span class='ocrx_word' id='word_1_385' title='bbox 567 5162 579 5174; x_wconf 76' lang='grc' dir='ltr'>ι</span> <span class='ocrx_word' id='word_1_386' title='bbox 823 5165 834 5175; x_wconf 72' lang='grc' dir='ltr'><strong>ο</strong></span> <span class='ocrx_word' id='word_1_387' title='bbox 910 5162 964 5178; x_wconf 75' lang='grc' dir='ltr'>ιιι</span> <span class='ocrx_word' id='word_1_388' title='bbox 1033 5164 1047 5178; x_wconf 71' lang='grc' dir='ltr'><strong>ι</strong></span> <span class='ocrx_word' id='word_1_389' title='bbox 1134 5178 1137 5179; x_wconf 66' lang='lat'>,</span> <span class='ocrx_word' id='word_1_390' title='bbox 1182 5161 1258 5180; x_wconf 78' lang='grc' dir='ltr'>,ιι</span> <span class='ocrx_word' id='word_1_391' title='bbox 1310 5160 1794 5186; x_wconf 61' lang='grc' dir='ltr'>---..1-Δς-η--ἔ--..1</span> 
     </span>
    </p>
   </div>
   <div class='ocr_carea' id='block_1_56' title="bbox 1422 5160 2063 5188">
    <p class='ocr_par' dir='ltr' id='par_1_56' title="bbox 1422 5160 2063 5188">
     <span class='ocr_line' id='line_1_56' title="bbox 1422 5160 2063 5188; baseline 0.009 -6"><span class='ocrx_word' id='word_1_392' title='bbox 1422 5160 1558 5184; x_wconf 64' lang='lat' dir='ltr'>I-A--</span> <span class='ocrx_word' id='word_1_393' title='bbox 1576 5160 1695 5184; x_wconf 67' lang='lat'>{3--2</span> <span class='ocrx_word' id='word_1_394' title='bbox 1713 5161 1852 5186; x_wconf 60' lang='grc' dir='ltr'>---ηι-</span> <span class='ocrx_word' id='word_1_395' title='bbox 1873 5167 2063 5188; x_wconf 51' lang='grc'>---4.-</span> 
     </span>
    </p>
   </div>
   <div class='ocr_carea' id='block_1_57' title="bbox 1461 420 2820 482">
    <p class='ocr_par' dir='ltr' id='par_1_57' title="bbox 1461 420 2820 482">
     <span class='ocr_line' id='line_1_57' title="bbox 1461 420 2820 482; baseline 0.001 -4"><span class='ocrx_word' id='word_1_396' title='bbox 1461 421 1795 481; x_wconf 81' lang='lat' dir='ltr'>A&#39;I‘TONIS</span> <span class='ocrx_word' id='word_1_397' title='bbox 1847 421 1890 476; x_wconf 89' lang='lat' dir='ltr'><strong>V</strong></span> <span class='ocrx_word' id='word_1_398' title='bbox 1904 420 2424 480; x_wconf 66' lang='lat' dir='ltr'>l‘lltCELLENSlS</span> <span class='ocrx_word' id='word_1_399' title='bbox 2475 421 2820 482; x_wconf 75' lang='lat' dir='ltr'>EPISCOPI</span> 
     </span>
    </p>
   </div>
   <div class='ocr_carea' id='block_1_58' title="bbox 3690 427 3778 487">
    <p class='ocr_par' dir='ltr' id='par_1_58' title="bbox 3690 427 3778 487">
     <span class='ocr_line' id='line_1_58' title="bbox 3690 427 3778 487; baseline 0 0"><span class='ocrx_word' id='word_1_400' title='bbox 3690 427 3778 487; x_wconf 63' lang='grc'>684</span> 
     </span>
    </p>
   </div>
   <div class='ocr_carea' id='block_1_59' title="bbox 2197 551 3782 627">
    <p class='ocr_par' dir='ltr' id='par_1_59' title="bbox 2197 551 3782 627">
     <span class='ocr_line' id='line_1_59' title="bbox 2197 551 3782 627; baseline 0.005 -22"><span class='ocrx_word' id='word_1_401' title='bbox 2197 551 2388 622; x_wconf 86' lang='lat' dir='ltr'>qualis</span> <span class='ocrx_word' id='word_1_402' title='bbox 2410 554 2579 609; x_wconf 90' lang='lat' dir='ltr'>venit.</span> <span class='ocrx_word' id='word_1_403' title='bbox 2608 554 2768 620; x_wconf 87' lang='lat' dir='ltr'>Quod</span> <span class='ocrx_word' id='word_1_404' title='bbox 2791 553 2964 609; x_wconf 89' lang='lat' dir='ltr'>etiam</span> <span class='ocrx_word' id='word_1_405' title='bbox 3002 554 3238 626; x_wconf 88' lang='lat' dir='ltr'>scripsit</span> <span class='ocrx_word' id='word_1_406' title='bbox 3262 554 3389 621; x_wconf 89' lang='lat' dir='ltr'>Job,</span> <span class='ocrx_word' id='word_1_407' title='bbox 3411 559 3467 609; x_wconf 88' lang='lat' dir='ltr'>et</span> <span class='ocrx_word' id='word_1_408' title='bbox 3487 552 3538 608; x_wconf 83' lang='lat' dir='ltr'>in</span> <span class='ocrx_word' id='word_1_409' title='bbox 3567 570 3661 609; x_wconf 88' lang='lat' dir='ltr'>sua</span> <span class='ocrx_word' id='word_1_410' title='bbox 3679 574 3782 627; x_wconf 81' lang='lat' dir='ltr'>pas-</span> 
     </span>
    </p>
   </div>
   <div class='ocr_carea' id='block_1_60' title="bbox 2196 642 3784 707">
    <p class='ocr_par' dir='ltr' id='par_1_60' title="bbox 2196 642 3784 707">
     <span class='ocr_line' id='line_1_60' title="bbox 2196 642 3784 707; baseline 0.004 -12"><span class='ocrx_word' id='word_1_411' title='bbox 2196 642 2357 697; x_wconf 86' lang='lat' dir='ltr'>sione</span> <span class='ocrx_word' id='word_1_412' title='bbox 2394 644 2625 707; x_wconf 81' lang='lat' dir='ltr'>fatetur,</span> <span class='ocrx_word' id='word_1_413' title='bbox 2658 643 2883 698; x_wconf 89' lang='lat' dir='ltr'>dicens:</span> <span class='ocrx_word' id='word_1_414' title='bbox 2933 642 3116 698; x_wconf 84' lang='lat' dir='ltr'>Nudus</span> <span class='ocrx_word' id='word_1_415' title='bbox 3170 645 3313 698; x_wconf 86' lang='lat' dir='ltr'>evivi</span> <span class='ocrx_word' id='word_1_416' title='bbox 3347 643 3413 698; x_wconf 87' lang='lat' dir='ltr'>de</span> <span class='ocrx_word' id='word_1_417' title='bbox 3456 648 3600 698; x_wconf 88' lang='lat' dir='ltr'>utero</span> <span class='ocrx_word' id='word_1_418' title='bbox 3626 650 3784 701; x_wconf 83' lang='lat' dir='ltr'>matris</span> 
     </span>
    </p>
   </div>
   <div class='ocr_carea' id='block_1_61' title="bbox 2194 730 3787 803">
    <p class='ocr_par' dir='ltr' id='par_1_61' title="bbox 2194 730 3787 803">
     <span class='ocr_line' id='line_1_61' title="bbox 2194 730 3787 803; baseline 0.003 -18"><span class='ocrx_word' id='word_1_419' title='bbox 2194 747 2346 797; x_wconf 69' lang='lat' dir='ltr'>meae,</span> <span class='ocrx_word' id='word_1_420' title='bbox 2381 730 2563 786; x_wconf 86' lang='lat' dir='ltr'>nudus</span> <span class='ocrx_word' id='word_1_421' title='bbox 2589 736 2796 803; x_wconf 86' lang='lat' dir='ltr'>oportet</span> <span class='ocrx_word' id='word_1_422' title='bbox 2827 738 2886 786; x_wconf 88' lang='lat' dir='ltr'>ut</span> <span class='ocrx_word' id='word_1_423' title='bbox 2911 747 3032 786; x_wconf 87' lang='lat' dir='ltr'>eam</span> <span class='ocrx_word' id='word_1_424' title='bbox 3062 733 3121 785; x_wconf 86' lang='lat' dir='ltr'>in</span> <span class='ocrx_word' id='word_1_425' title='bbox 3154 736 3375 786; x_wconf 89' lang='lat' dir='ltr'>terram.</span> <span class='ocrx_word' id='word_1_426' title='bbox 3408 733 3490 786; x_wconf 83' lang='lat' dir='ltr'>Sit</span> <span class='ocrx_word' id='word_1_427' title='bbox 3515 748 3691 788; x_wconf 82' lang='lat' dir='ltr'>nomen</span> <span class='ocrx_word' id='word_1_428' title='bbox 3714 735 3787 789; x_wconf 91' lang='lat' dir='ltr'>Do-</span> 
     </span>
    </p>
   </div>
   <div class='ocr_carea' id='block_1_62' title="bbox 2194 819 3789 892">
    <p class='ocr_par' dir='ltr' id='par_1_62' title="bbox 2194 819 3789 892">
     <span class='ocr_line' id='line_1_62' title="bbox 2194 819 3789 892; baseline 0.003 -20"><span class='ocrx_word' id='word_1_429' title='bbox 2194 820 2339 873; x_wconf 88' lang='lat' dir='ltr'>mini</span> <span class='ocrx_word' id='word_1_430' title='bbox 2368 819 2704 875; x_wconf 85' lang='lat' dir='ltr'>benedictum</span> <span class='ocrx_word' id='word_1_431' title='bbox 2734 819 2850 891; x_wconf 80' lang='lat' dir='ltr'>(lob</span> <span class='ocrx_word' id='word_1_432' title='bbox 2880 837 2921 886; x_wconf 80' lang='grc' dir='ltr'>ι,</span> <span class='ocrx_word' id='word_1_433' title='bbox 2950 821 3060 892; x_wconf 87' lang='grc'>21).</span> <span class='ocrx_word' id='word_1_434' title='bbox 3093 820 3255 883; x_wconf 87' lang='lat' dir='ltr'>Quod</span> <span class='ocrx_word' id='word_1_435' title='bbox 3299 820 3345 875; x_wconf 91' lang='lat' dir='ltr'>si</span> <span class='ocrx_word' id='word_1_436' title='bbox 3374 821 3526 875; x_wconf 85' lang='lat' dir='ltr'>avari</span> <span class='ocrx_word' id='word_1_437' title='bbox 3558 838 3662 877; x_wconf 89' lang='lat' dir='ltr'>non</span> <span class='ocrx_word' id='word_1_438' title='bbox 3687 824 3789 877; x_wconf 86' lang='lat' dir='ltr'>reti-</span> 
     </span>
    </p>
   </div>
   <div class='ocr_carea' id='block_1_63' title="bbox 2198 908 3789 983">
    <p class='ocr_par' dir='ltr' id='par_1_63' title="bbox 2198 908 3789 983">
     <span class='ocr_line' id='line_1_63' title="bbox 2198 908 3789 983; baseline 0.003 -21"><span class='ocrx_word' id='word_1_439' title='bbox 2198 913 2400 963; x_wconf 89' lang='lat' dir='ltr'>nerent</span> <span class='ocrx_word' id='word_1_440' title='bbox 2429 909 2487 963; x_wconf 89' lang='lat' dir='ltr'>in</span> <span class='ocrx_word' id='word_1_441' title='bbox 2527 909 2840 979; x_wconf 86' lang='lat' dir='ltr'>perniciem</span> <span class='ocrx_word' id='word_1_442' title='bbox 2885 925 3077 976; x_wconf 88' lang='lat' dir='ltr'>suam,</span> <span class='ocrx_word' id='word_1_443' title='bbox 3130 908 3301 980; x_wconf 88' lang='lat' dir='ltr'>pauci</span> <span class='ocrx_word' id='word_1_444' title='bbox 3346 910 3649 965; x_wconf 88' lang='lat' dir='ltr'>conderent</span> <span class='ocrx_word' id='word_1_445' title='bbox 3671 913 3789 983; x_wconf 90' lang='lat' dir='ltr'>quod</span> 
     </span>
    </p>
   </div>
   <div class='ocr_carea' id='block_1_64' title="bbox 2196 995 3792 1069">
    <p class='ocr_par' dir='ltr' id='par_1_64' title="bbox 2196 995 3792 1069">
     <span class='ocr_line' id='line_1_64' title="bbox 2196 995 3792 1069; baseline 0.004 -20"><span class='ocrx_word' id='word_1_446' title='bbox 2196 995 2465 1067; x_wconf 89' lang='lat' dir='ltr'>pluribus</span> <span class='ocrx_word' id='word_1_447' title='bbox 2496 1002 2688 1068; x_wconf 82' lang='lat' dir='ltr'>posset</span> <span class='ocrx_word' id='word_1_448' title='bbox 2722 998 2991 1053; x_wconf 78' lang='lat' dir='ltr'>sufﬁcere</span> <span class='ocrx_word' id='word_1_449' title='bbox 3021 1014 3155 1052; x_wconf 89' lang='lat' dir='ltr'>cum</span> <span class='ocrx_word' id='word_1_450' title='bbox 3179 1014 3378 1053; x_wconf 87' lang='lat' dir='ltr'>eorum</span> <span class='ocrx_word' id='word_1_451' title='bbox 3402 997 3650 1069; x_wconf 89' lang='lat' dir='ltr'>ipsorum</span> <span class='ocrx_word' id='word_1_452' title='bbox 3672 1016 3792 1055; x_wconf 56' lang='lat' dir='ltr'>emo.</span> 
     </span>
    </p>
   </div>
   <div class='ocr_carea' id='block_1_65' title="bbox 2194 1083 2479 1141">
    <p class='ocr_par' dir='ltr' id='par_1_65' title="bbox 2194 1083 2479 1141">
     <span class='ocr_line' id='line_1_65' title="bbox 2194 1083 2479 1141; baseline 0.007 -2"><span class='ocrx_word' id='word_1_453' title='bbox 2194 1083 2479 1141; x_wconf 81' lang='lat' dir='ltr'>iumento.</span> 
     </span>
    </p>
   </div>
   <div class='ocr_carea' id='block_1_66' title="bbox 2265 1193 3789 1264">
    <p class='ocr_par' dir='ltr' id='par_1_66' title="bbox 2265 1193 3789 1264">
     <span class='ocr_line' id='line_1_66' title="bbox 2265 1193 3789 1264; baseline 0.002 -16"><span class='ocrx_word' id='word_1_454' title='bbox 2265 1196 2407 1248; x_wconf 70' lang='lat' dir='ltr'>Nam</span> <span class='ocrx_word' id='word_1_455' title='bbox 2435 1194 2533 1264; x_wconf 89' lang='lat' dir='ltr'>qui</span> <span class='ocrx_word' id='word_1_456' title='bbox 2560 1193 2753 1248; x_wconf 77' lang='lat' dir='ltr'>volunt</span> <span class='ocrx_word' id='word_1_457' title='bbox 2776 1193 2969 1249; x_wconf 77' lang='lat' dir='ltr'>divites</span> <span class='ocrx_word' id='word_1_458' title='bbox 3018 1193 3161 1264; x_wconf 82' lang='lat' dir='ltr'>ﬁeri,</span> <span class='ocrx_word' id='word_1_459' title='bbox 3196 1194 3460 1250; x_wconf 85' lang='lat' dir='ltr'>incidunt</span> <span class='ocrx_word' id='word_1_460' title='bbox 3493 1196 3547 1249; x_wconf 90' lang='lat' dir='ltr'>in</span> <span class='ocrx_word' id='word_1_461' title='bbox 3579 1199 3789 1251; x_wconf 83' lang='lat' dir='ltr'>tentatio-</span> 
     </span>
    </p>
   </div>
   <div class='ocr_carea' id='block_1_67' title="bbox 2192 1282 3786 1352">
    <p class='ocr_par' dir='ltr' id='par_1_67' title="bbox 2192 1282 3786 1352">
     <span class='ocr_line' id='line_1_67' title="bbox 2192 1282 3786 1352; baseline 0.004 -19"><span class='ocrx_word' id='word_1_462' title='bbox 2192 1297 2337 1346; x_wconf 87' lang='lat' dir='ltr'>nem,</span> <span class='ocrx_word' id='word_1_463' title='bbox 2358 1285 2409 1336; x_wconf 85' lang='lat' dir='ltr'>et</span> <span class='ocrx_word' id='word_1_464' title='bbox 2429 1282 2701 1352; x_wconf 86' lang='lat' dir='ltr'>laqueum.</span> <span class='ocrx_word' id='word_1_465' title='bbox 2725 1285 2776 1337; x_wconf 90' lang='lat' dir='ltr'>et</span> <span class='ocrx_word' id='word_1_466' title='bbox 2795 1283 3074 1338; x_wconf 86' lang='lat' dir='ltr'>desideria</span> <span class='ocrx_word' id='word_1_467' title='bbox 3094 1284 3290 1348; x_wconf 89' lang='lat' dir='ltr'>multa,</span> <span class='ocrx_word' id='word_1_468' title='bbox 3313 1288 3366 1338; x_wconf 90' lang='lat' dir='ltr'>et</span> <span class='ocrx_word' id='word_1_469' title='bbox 3388 1284 3628 1351; x_wconf 88' lang='lat' dir='ltr'>inutilia,</span> <span class='ocrx_word' id='word_1_470' title='bbox 3648 1290 3690 1340; x_wconf 76' lang='lat' dir='ltr'>et</span> <span class='ocrx_word' id='word_1_471' title='bbox 3720 1302 3786 1340; x_wconf 57' lang='lat' dir='ltr'>no.</span> 
     </span>
    </p>
   </div>
   <div class='ocr_carea' id='block_1_68' title="bbox 2191 1370 3782 1439">
    <p class='ocr_par' dir='ltr' id='par_1_68' title="bbox 2191 1370 3782 1439">
     <span class='ocr_line' id='line_1_68' title="bbox 2191 1370 3782 1439; baseline 0.003 -18"><span class='ocrx_word' id='word_1_472' title='bbox 2191 1373 2310 1424; x_wconf 86' lang='lat' dir='ltr'>civa</span> <span class='ocrx_word' id='word_1_473' title='bbox 2332 1386 2450 1439; x_wconf 73' lang='lat' dir='ltr'>quae</span> <span class='ocrx_word' id='word_1_474' title='bbox 2470 1370 2792 1438; x_wconf 86' lang='lat' dir='ltr'>demergunt</span> <span class='ocrx_word' id='word_1_475' title='bbox 2814 1370 3067 1425; x_wconf 84' lang='lat' dir='ltr'>homines</span> <span class='ocrx_word' id='word_1_476' title='bbox 3097 1371 3156 1424; x_wconf 88' lang='lat' dir='ltr'>in</span> <span class='ocrx_word' id='word_1_477' title='bbox 3189 1370 3431 1425; x_wconf 74' lang='lat' dir='ltr'>exitium</span> <span class='ocrx_word' id='word_1_478' title='bbox 3457 1379 3509 1425; x_wconf 90' lang='lat' dir='ltr'>et</span> <span class='ocrx_word' id='word_1_479' title='bbox 3528 1371 3782 1425; x_wconf 82' lang='lat' dir='ltr'>interitum.</span> 
     </span>
    </p>
   </div>
   <div class='ocr_carea' id='block_1_69' title="bbox 2191 1458 3781 1531">
    <p class='ocr_par' dir='ltr' id='par_1_69' title="bbox 2191 1458 3781 1531">
     <span class='ocr_line' id='line_1_69' title="bbox 2191 1458 3781 1531; baseline 0.001 -18"><span class='ocrx_word' id='word_1_480' title='bbox 2191 1458 2371 1513; x_wconf 69' lang='lat' dir='ltr'>Radix</span> <span class='ocrx_word' id='word_1_481' title='bbox 2390 1475 2455 1513; x_wconf 91' lang='lat' dir='ltr'>en</span> <span class='ocrx_word' id='word_1_482' title='bbox 2463 1460 2539 1513; x_wconf 87' lang='lat' dir='ltr'>im</span> <span class='ocrx_word' id='word_1_483' title='bbox 2554 1461 2792 1515; x_wconf 69' lang='lat' dir='ltr'>secnium</span> <span class='ocrx_word' id='word_1_484' title='bbox 2812 1461 3083 1515; x_wconf 86' lang='lat' dir='ltr'>malorum</span> <span class='ocrx_word' id='word_1_485' title='bbox 3099 1468 3177 1516; x_wconf 88' lang='lat' dir='ltr'>est</span> <span class='ocrx_word' id='word_1_486' title='bbox 3191 1460 3457 1528; x_wconf 83' lang='lat' dir='ltr'>avaritia,</span> <span class='ocrx_word' id='word_1_487' title='bbox 3477 1468 3525 1515; x_wconf 91' lang='lat' dir='ltr'>et</span> <span class='ocrx_word' id='word_1_488' title='bbox 3538 1477 3683 1531; x_wconf 87' lang='lat' dir='ltr'>quam</span> <span class='ocrx_word' id='word_1_489' title='bbox 3692 1463 3781 1531; x_wconf 79' lang='lat' dir='ltr'>qui-</span> 
     </span>
    </p>
   </div>
   <div class='ocr_carea' id='block_1_70' title="bbox 2189 1546 3780 1619">
    <p class='ocr_par' dir='ltr' id='par_1_70' title="bbox 2189 1546 3780 1619">
     <span class='ocr_line' id='line_1_70' title="bbox 2189 1546 3780 1619; baseline 0.002 -18"><span class='ocrx_word' id='word_1_490' title='bbox 2189 1546 2315 1601; x_wconf 85' lang='lat' dir='ltr'>dam</span> <span class='ocrx_word' id='word_1_491' title='bbox 2334 1550 2638 1618; x_wconf 81' lang='lat' dir='ltr'>appetentes</span> <span class='ocrx_word' id='word_1_492' title='bbox 2658 1558 2980 1604; x_wconf 74' lang='lat' dir='ltr'>erraverunt</span> <span class='ocrx_word' id='word_1_493' title='bbox 3001 1566 3037 1603; x_wconf 80' lang='grc' dir='ltr'><strong><em>(ι</em></strong></span> <span class='ocrx_word' id='word_1_494' title='bbox 3055 1550 3184 1619; x_wconf 80' lang='lat' dir='ltr'>fide,</span> <span class='ocrx_word' id='word_1_495' title='bbox 3226 1552 3275 1604; x_wconf 88' lang='lat' dir='ltr'>et</span> <span class='ocrx_word' id='word_1_496' title='bbox 3298 1551 3637 1604; x_wconf 85' lang='lat' dir='ltr'>inseruerunt</span> <span class='ocrx_word' id='word_1_497' title='bbox 3653 1565 3697 1603; x_wconf 89' lang='lat' dir='ltr'>se</span> <span class='ocrx_word' id='word_1_498' title='bbox 3711 1552 3780 1604; x_wconf 85' lang='lat' dir='ltr'>do-</span> 
     </span>
    </p>
   </div>
   <div class='ocr_carea' id='block_1_71' title="bbox 2190 1635 3774 1710">
    <p class='ocr_par' dir='ltr' id='par_1_71' title="bbox 2190 1635 3774 1710">
     <span class='ocr_line' id='line_1_71' title="bbox 2190 1635 3774 1710; baseline 0.001 -21"><span class='ocrx_word' id='word_1_499' title='bbox 2190 1635 2399 1690; x_wconf 85' lang='lat' dir='ltr'>loribus</span> <span class='ocrx_word' id='word_1_500' title='bbox 2417 1636 2625 1692; x_wconf 87' lang='lat' dir='ltr'>multis.</span> <span class='ocrx_word' id='word_1_501' title='bbox 2652 1636 2808 1693; x_wconf 85' lang='lat' dir='ltr'>Nihil</span> <span class='ocrx_word' id='word_1_502' title='bbox 2832 1641 2948 1692; x_wconf 91' lang='lat' dir='ltr'>tam</span> <span class='ocrx_word' id='word_1_503' title='bbox 2970 1653 3267 1709; x_wconf 90' lang='lat' dir='ltr'>asperum,</span> <span class='ocrx_word' id='word_1_504' title='bbox 3292 1641 3532 1710; x_wconf 85' lang='lat' dir='ltr'>tamque</span> <span class='ocrx_word' id='word_1_505' title='bbox 3551 1638 3774 1709; x_wconf 84' lang='lat' dir='ltr'>pernicio-</span> 
     </span>
    </p>
   </div>
   <div class='ocr_carea' id='block_1_72' title="bbox 2190 1724 3779 1798">
    <p class='ocr_par' dir='ltr' id='par_1_72' title="bbox 2190 1724 3779 1798">
     <span class='ocr_line' id='line_1_72' title="bbox 2190 1724 3779 1798; baseline 0.002 -20"><span class='ocrx_word' id='word_1_506' title='bbox 2190 1741 2320 1779; x_wconf 88' lang='lat' dir='ltr'>sum</span> <span class='ocrx_word' id='word_1_507' title='bbox 2345 1728 2433 1779; x_wconf 88' lang='lat' dir='ltr'>est</span> <span class='ocrx_word' id='word_1_508' title='bbox 2455 1741 2633 1796; x_wconf 90' lang='lat' dir='ltr'>quam</span> <span class='ocrx_word' id='word_1_509' title='bbox 2656 1727 2705 1779; x_wconf 91' lang='lat' dir='ltr'>si</span> <span class='ocrx_word' id='word_1_510' title='bbox 2728 1724 3157 1782; x_wconf 86' lang='lat' dir='ltr'>ecclesiasticus</span> <span class='ocrx_word' id='word_1_511' title='bbox 3177 1727 3433 1782; x_wconf 81' lang='lat' dir='ltr'>maxime</span> <span class='ocrx_word' id='word_1_512' title='bbox 3451 1726 3549 1798; x_wconf 91' lang='lat' dir='ltr'>qui</span> <span class='ocrx_word' id='word_1_513' title='bbox 3567 1726 3779 1781; x_wconf 86' lang='lat' dir='ltr'>sublimis</span> 
     </span>
    </p>
   </div>
   <div class='ocr_carea' id='block_1_73' title="bbox 2190 1812 3778 1887">
    <p class='ocr_par' dir='ltr' id='par_1_73' title="bbox 2190 1812 3778 1887">
     <span class='ocr_line' id='line_1_73' title="bbox 2190 1812 3778 1887; baseline 0.001 -20"><span class='ocrx_word' id='word_1_514' title='bbox 2190 1813 2295 1868; x_wconf 90' lang='lat' dir='ltr'>loci</span> <span class='ocrx_word' id='word_1_515' title='bbox 2320 1818 2428 1875; x_wconf 81' lang='lat' dir='ltr'>est,</span> <span class='ocrx_word' id='word_1_516' title='bbox 2453 1812 2667 1869; x_wconf 87' lang='lat' dir='ltr'>divitiis</span> <span class='ocrx_word' id='word_1_517' title='bbox 2687 1813 2869 1884; x_wconf 85' lang='lat' dir='ltr'>hujus</span> <span class='ocrx_word' id='word_1_518' title='bbox 2883 1814 3079 1870; x_wconf 71' lang='lat' dir='ltr'>saeculi</span> <span class='ocrx_word' id='word_1_519' title='bbox 3094 1816 3343 1883; x_wconf 87' lang='lat' dir='ltr'>studeat,</span> <span class='ocrx_word' id='word_1_520' title='bbox 3362 1816 3504 1887; x_wconf 88' lang='lat' dir='ltr'>quia</span> <span class='ocrx_word' id='word_1_521' title='bbox 3518 1832 3619 1870; x_wconf 91' lang='lat' dir='ltr'>non</span> <span class='ocrx_word' id='word_1_522' title='bbox 3636 1814 3778 1871; x_wconf 84' lang='lat' dir='ltr'>solum</span> 
     </span>
    </p>
   </div>
   <div class='ocr_carea' id='block_1_74' title="bbox 2189 1901 3777 1973">
    <p class='ocr_par' dir='ltr' id='par_1_74' title="bbox 2189 1901 3777 1973">
     <span class='ocr_line' id='line_1_74' title="bbox 2189 1901 3777 1973; baseline 0.001 -16"><span class='ocrx_word' id='word_1_523' title='bbox 2189 1901 2301 1957; x_wconf 85' lang='lat' dir='ltr'>sibi</span> <span class='ocrx_word' id='word_1_524' title='bbox 2325 1902 2459 1973; x_wconf 89' lang='lat' dir='ltr'>ipsi,</span> <span class='ocrx_word' id='word_1_525' title='bbox 2495 1903 2593 1957; x_wconf 89' lang='lat' dir='ltr'>sed</span> <span class='ocrx_word' id='word_1_526' title='bbox 2617 1907 2673 1957; x_wconf 89' lang='lat' dir='ltr'>et</span> <span class='ocrx_word' id='word_1_527' title='bbox 2695 1903 2916 1959; x_wconf 78' lang='lat' dir='ltr'>caeteris</span> <span class='ocrx_word' id='word_1_528' title='bbox 2939 1904 3122 1960; x_wconf 90' lang='lat' dir='ltr'>obest.</span> <span class='ocrx_word' id='word_1_529' title='bbox 3147 1904 3510 1960; x_wconf 80' lang='lat' dir='ltr'>Contrarium</span> <span class='ocrx_word' id='word_1_530' title='bbox 3532 1905 3670 1959; x_wconf 89' lang='lat' dir='ltr'>enim</span> <span class='ocrx_word' id='word_1_531' title='bbox 3693 1905 3777 1959; x_wconf 63' lang='grc' dir='ltr'>[οπο</span> 
     </span>
    </p>
   </div>
   <div class='ocr_carea' id='block_1_75' title="bbox 2190 1991 3779 2060">
    <p class='ocr_par' dir='ltr' id='par_1_75' title="bbox 2190 1991 3779 2060">
     <span class='ocr_line' id='line_1_75' title="bbox 2190 1991 3779 2060; baseline 0.001 -15"><span class='ocrx_word' id='word_1_532' title='bbox 2190 2007 2347 2045; x_wconf 86' lang='lat' dir='ltr'>mam</span> <span class='ocrx_word' id='word_1_533' title='bbox 2371 1992 2471 2046; x_wconf 89' lang='lat' dir='ltr'>dat</span> <span class='ocrx_word' id='word_1_534' title='bbox 2496 1991 2835 2048; x_wconf 90' lang='lat' dir='ltr'>hominibus</span> <span class='ocrx_word' id='word_1_535' title='bbox 2860 2010 2873 2060; x_wconf 94' lang='lat'><strong>;</strong></span> <span class='ocrx_word' id='word_1_536' title='bbox 2903 2009 3135 2049; x_wconf 87' lang='lat' dir='ltr'>necesse</span> <span class='ocrx_word' id='word_1_537' title='bbox 3160 1999 3250 2049; x_wconf 89' lang='lat' dir='ltr'>est</span> <span class='ocrx_word' id='word_1_538' title='bbox 3279 1994 3440 2049; x_wconf 89' lang='lat' dir='ltr'>enim</span> <span class='ocrx_word' id='word_1_539' title='bbox 3465 1992 3664 2048; x_wconf 85' lang='lat' dir='ltr'>multos</span> <span class='ocrx_word' id='word_1_540' title='bbox 3681 1993 3779 2047; x_wconf 86' lang='lat' dir='ltr'>imi-</span> 
     </span>
    </p>
   </div>
   <div class='ocr_carea' id='block_1_76' title="bbox 2188 2080 3776 2154">
    <p class='ocr_par' dir='ltr' id='par_1_76' title="bbox 2188 2080 3776 2154">
     <span class='ocr_line' id='line_1_76' title="bbox 2188 2080 3776 2154; baseline 0.002 -22"><span class='ocrx_word' id='word_1_541' title='bbox 2188 2084 2407 2135; x_wconf 86' lang='lat' dir='ltr'>tatores</span> <span class='ocrx_word' id='word_1_542' title='bbox 2431 2081 2558 2151; x_wconf 86' lang='lat' dir='ltr'>ejus</span> <span class='ocrx_word' id='word_1_543' title='bbox 2600 2080 2841 2136; x_wconf 84' lang='lat' dir='ltr'>existere</span> <span class='ocrx_word' id='word_1_544' title='bbox 2878 2082 2947 2135; x_wconf 90' lang='lat' dir='ltr'>ad</span> <span class='ocrx_word' id='word_1_545' title='bbox 2975 2081 3382 2154; x_wconf 90' lang='lat' dir='ltr'>perditionem.</span> <span class='ocrx_word' id='word_1_546' title='bbox 3424 2083 3636 2148; x_wconf 88' lang='lat' dir='ltr'>Quanto</span> <span class='ocrx_word' id='word_1_547' title='bbox 3663 2082 3776 2136; x_wconf 89' lang='lat' dir='ltr'>enim</span> 
     </span>
    </p>
   </div>
   <div class='ocr_carea' id='block_1_77' title="bbox 2191 2169 3771 2242">
    <p class='ocr_par' dir='ltr' id='par_1_77' title="bbox 2191 2169 3771 2242">
     <span class='ocr_line' id='line_1_77' title="bbox 2191 2169 3771 2242; baseline 0.001 -20"><span class='ocrx_word' id='word_1_548' title='bbox 2191 2169 2665 2224; x_wconf 82' lang='lat' dir='ltr'>honoriﬁcentior</span> <span class='ocrx_word' id='word_1_549' title='bbox 2702 2169 2904 2225; x_wconf 90' lang='lat' dir='ltr'>ordine</span> <span class='ocrx_word' id='word_1_550' title='bbox 2925 2175 3033 2236; x_wconf 90' lang='lat' dir='ltr'>est,</span> <span class='ocrx_word' id='word_1_551' title='bbox 3060 2175 3216 2226; x_wconf 90' lang='lat' dir='ltr'>tanto</span> <span class='ocrx_word' id='word_1_552' title='bbox 3240 2171 3432 2242; x_wconf 81' lang='lat' dir='ltr'>magis</span> <span class='ocrx_word' id='word_1_553' title='bbox 3460 2172 3651 2226; x_wconf 88' lang='lat' dir='ltr'>suadet</span> <span class='ocrx_word' id='word_1_554' title='bbox 3678 2170 3771 2224; x_wconf 87' lang='lat' dir='ltr'>imi-</span> 
     </span>
    </p>
   </div>
   <div class='ocr_carea' id='block_1_78' title="bbox 2192 2258 3771 2331">
    <p class='ocr_par' dir='ltr' id='par_1_78' title="bbox 2192 2258 3771 2331">
     <span class='ocr_line' id='line_1_78' title="bbox 2192 2258 3771 2331; baseline 0.001 -20"><span class='ocrx_word' id='word_1_555' title='bbox 2192 2258 2433 2311; x_wconf 84' lang='lat' dir='ltr'>tandum</span> <span class='ocrx_word' id='word_1_556' title='bbox 2469 2275 2550 2323; x_wconf 86' lang='lat' dir='ltr'>se,</span> <span class='ocrx_word' id='word_1_557' title='bbox 2585 2259 2836 2313; x_wconf 87' lang='lat' dir='ltr'>maxime</span> <span class='ocrx_word' id='word_1_558' title='bbox 2867 2259 2925 2312; x_wconf 90' lang='lat' dir='ltr'>in</span> <span class='ocrx_word' id='word_1_559' title='bbox 2958 2259 3065 2314; x_wconf 91' lang='lat' dir='ltr'>hac</span> <span class='ocrx_word' id='word_1_560' title='bbox 3097 2277 3176 2330; x_wconf 87' lang='lat' dir='ltr'>re,</span> <span class='ocrx_word' id='word_1_561' title='bbox 3202 2260 3411 2331; x_wconf 62' lang='lat' dir='ltr'>quaein</span> <span class='ocrx_word' id='word_1_562' title='bbox 3435 2259 3547 2315; x_wconf 88' lang='lat' dir='ltr'>ista</span> <span class='ocrx_word' id='word_1_563' title='bbox 3566 2260 3664 2313; x_wconf 86' lang='lat' dir='ltr'>vita</span> <span class='ocrx_word' id='word_1_564' title='bbox 3683 2275 3771 2330; x_wconf 88' lang='lat' dir='ltr'>pro-</span> 
     </span>
    </p>
   </div>
   <div class='ocr_carea' id='block_1_79' title="bbox 2190 2345 3773 2420">
    <p class='ocr_par' dir='ltr' id='par_1_79' title="bbox 2190 2345 3773 2420">
     <span class='ocr_line' id='line_1_79' title="bbox 2190 2345 3773 2420; baseline 0.002 -22"><span class='ocrx_word' id='word_1_565' title='bbox 2190 2345 2352 2401; x_wconf 83' lang='lat' dir='ltr'>clivis</span> <span class='ocrx_word' id='word_1_566' title='bbox 2374 2351 2480 2401; x_wconf 89' lang='lat' dir='ltr'>est.</span> <span class='ocrx_word' id='word_1_567' title='bbox 2506 2346 2758 2401; x_wconf 85' lang='lat' dir='ltr'>Avaritia</span> <span class='ocrx_word' id='word_1_568' title='bbox 2778 2346 2931 2401; x_wconf 91' lang='lat' dir='ltr'>enim</span> <span class='ocrx_word' id='word_1_569' title='bbox 2956 2347 3153 2403; x_wconf 89' lang='lat' dir='ltr'>omnia</span> <span class='ocrx_word' id='word_1_570' title='bbox 3173 2347 3328 2403; x_wconf 88' lang='lat' dir='ltr'>mala</span> <span class='ocrx_word' id='word_1_571' title='bbox 3351 2354 3543 2420; x_wconf 88' lang='lat' dir='ltr'>potest</span> <span class='ocrx_word' id='word_1_572' title='bbox 3562 2346 3773 2403; x_wconf 79' lang='lat' dir='ltr'>admitte-</span> 
     </span>
    </p>
   </div>
   <div class='ocr_carea' id='block_1_80' title="bbox 2191 2434 3771 2508">
    <p class='ocr_par' dir='ltr' id='par_1_80' title="bbox 2191 2434 3771 2508">
     <span class='ocr_line' id='line_1_80' title="bbox 2191 2434 3771 2508; baseline 0.001 -20"><span class='ocrx_word' id='word_1_573' title='bbox 2191 2450 2271 2489; x_wconf 91' lang='lat' dir='ltr'>re.</span> <span class='ocrx_word' id='word_1_574' title='bbox 2307 2434 2440 2489; x_wconf 90' lang='lat' dir='ltr'>Ideo</span> <span class='ocrx_word' id='word_1_575' title='bbox 2468 2435 2629 2489; x_wconf 84' lang='lat' dir='ltr'>radix</span> <span class='ocrx_word' id='word_1_576' title='bbox 2660 2435 2923 2490; x_wconf 90' lang='lat' dir='ltr'>omnium</span> <span class='ocrx_word' id='word_1_577' title='bbox 2956 2435 3244 2491; x_wconf 89' lang='lat' dir='ltr'>malorum</span> <span class='ocrx_word' id='word_1_578' title='bbox 3275 2441 3385 2502; x_wconf 90' lang='lat' dir='ltr'>est,</span> <span class='ocrx_word' id='word_1_579' title='bbox 3421 2436 3573 2508; x_wconf 88' lang='lat' dir='ltr'>quia,</span> <span class='ocrx_word' id='word_1_580' title='bbox 3598 2435 3771 2491; x_wconf 83' lang='lat' dir='ltr'>utdesi-</span> 
     </span>
    </p>
   </div>
   <div class='ocr_carea' id='block_1_81' title="bbox 2191 2522 3772 2596">
    <p class='ocr_par' dir='ltr' id='par_1_81' title="bbox 2191 2522 3772 2596">
     <span class='ocr_line' id='line_1_81' title="bbox 2191 2522 3772 2596; baseline 0.001 -19"><span class='ocrx_word' id='word_1_581' title='bbox 2191 2522 2352 2577; x_wconf 89' lang='lat' dir='ltr'>deria</span> <span class='ocrx_word' id='word_1_582' title='bbox 2381 2541 2489 2579; x_wconf 92' lang='lat' dir='ltr'>sua</span> <span class='ocrx_word' id='word_1_583' title='bbox 2516 2523 2761 2595; x_wconf 80' lang='lat' dir='ltr'>expleat,</span> <span class='ocrx_word' id='word_1_584' title='bbox 2793 2524 2947 2596; x_wconf 93' lang='lat' dir='ltr'>quod</span> <span class='ocrx_word' id='word_1_585' title='bbox 2982 2524 3346 2596; x_wconf 88' lang='lat' dir='ltr'>impossibile</span> <span class='ocrx_word' id='word_1_586' title='bbox 3378 2530 3489 2590; x_wconf 89' lang='lat' dir='ltr'>est,</span> <span class='ocrx_word' id='word_1_587' title='bbox 3528 2529 3581 2580; x_wconf 90' lang='lat' dir='ltr'>et</span> <span class='ocrx_word' id='word_1_588' title='bbox 3602 2524 3772 2579; x_wconf 86' lang='lat' dir='ltr'>maleﬁ-</span> 
     </span>
    </p>
   </div>
   <div class='ocr_carea' id='block_1_82' title="bbox 2191 2611 3773 2687">
    <p class='ocr_par' dir='ltr' id='par_1_82' title="bbox 2191 2611 3773 2687">
     <span class='ocr_line' id='line_1_82' title="bbox 2191 2611 3773 2687; baseline 0.001 -21"><span class='ocrx_word' id='word_1_589' title='bbox 2191 2612 2302 2677; x_wconf 87' lang='lat' dir='ltr'>cia,</span> <span class='ocrx_word' id='word_1_590' title='bbox 2332 2616 2389 2667; x_wconf 91' lang='lat' dir='ltr'>et</span> <span class='ocrx_word' id='word_1_591' title='bbox 2418 2611 2754 2677; x_wconf 89' lang='lat' dir='ltr'>homicidia,</span> <span class='ocrx_word' id='word_1_592' title='bbox 2777 2617 2833 2668; x_wconf 87' lang='lat' dir='ltr'>et</span> <span class='ocrx_word' id='word_1_593' title='bbox 2856 2613 3301 2681; x_wconf 89' lang='lat' dir='ltr'>obscenitatem,</span> <span class='ocrx_word' id='word_1_594' title='bbox 3322 2618 3380 2669; x_wconf 87' lang='lat' dir='ltr'>et</span> <span class='ocrx_word' id='word_1_595' title='bbox 3404 2614 3667 2687; x_wconf 88' lang='lat' dir='ltr'>quidquid</span> <span class='ocrx_word' id='word_1_596' title='bbox 3685 2629 3773 2668; x_wconf 79' lang='lat' dir='ltr'>sce-</span> 
     </span>
    </p>
   </div>
   <div class='ocr_carea' id='block_1_83' title="bbox 2189 2699 3772 2774">
    <p class='ocr_par' dir='ltr' id='par_1_83' title="bbox 2189 2699 3772 2774">
     <span class='ocr_line' id='line_1_83' title="bbox 2189 2699 3772 2774; baseline 0 -20"><span class='ocrx_word' id='word_1_597' title='bbox 2189 2699 2327 2756; x_wconf 89' lang='lat' dir='ltr'>leris</span> <span class='ocrx_word' id='word_1_598' title='bbox 2376 2707 2465 2756; x_wconf 88' lang='lat' dir='ltr'>est</span> <span class='ocrx_word' id='word_1_599' title='bbox 2497 2706 2807 2773; x_wconf 87' lang='lat' dir='ltr'>perpetrat,</span> <span class='ocrx_word' id='word_1_600' title='bbox 2867 2718 2971 2757; x_wconf 90' lang='lat' dir='ltr'>nec</span> <span class='ocrx_word' id='word_1_601' title='bbox 3020 2702 3090 2757; x_wconf 86' lang='lat' dir='ltr'>ad</span> <span class='ocrx_word' id='word_1_602' title='bbox 3143 2720 3398 2774; x_wconf 66' lang='lat' dir='ltr'>praesens</span> <span class='ocrx_word' id='word_1_603' title='bbox 3440 2720 3646 2770; x_wconf 84' lang='lat' dir='ltr'>secura,</span> <span class='ocrx_word' id='word_1_604' title='bbox 3678 2700 3772 2773; x_wconf 82' lang='lat' dir='ltr'>quia</span> 
     </span>
    </p>
   </div>
   <div class='ocr_carea' id='block_1_84' title="bbox 2192 2789 3394 2863">
    <p class='ocr_par' dir='ltr' id='par_1_84' title="bbox 2192 2789 3394 2863">
     <span class='ocr_line' id='line_1_84' title="bbox 2192 2789 3394 2863; baseline 0 -16"><span class='ocrx_word' id='word_1_605' title='bbox 2192 2806 2423 2861; x_wconf 88' lang='lat' dir='ltr'>semper</span> <span class='ocrx_word' id='word_1_606' title='bbox 2453 2789 2663 2863; x_wconf 88' lang='lat' dir='ltr'>cupida</span> <span class='ocrx_word' id='word_1_607' title='bbox 2690 2793 2746 2845; x_wconf 87' lang='lat' dir='ltr'>et</span> <span class='ocrx_word' id='word_1_608' title='bbox 2775 2790 2834 2845; x_wconf 91' lang='lat' dir='ltr'>in</span> <span class='ocrx_word' id='word_1_609' title='bbox 2868 2791 3061 2846; x_wconf 77' lang='lat' dir='ltr'>futuro</span> <span class='ocrx_word' id='word_1_610' title='bbox 3093 2792 3394 2847; x_wconf 87' lang='lat' dir='ltr'>damnata.</span> 
     </span>
    </p>
   </div>
   <div class='ocr_carea' id='block_1_85' title="bbox 2265 2905 3770 2977">
    <p class='ocr_par' dir='ltr' id='par_1_85' title="bbox 2265 2905 3770 2977">
     <span class='ocr_line' id='line_1_85' title="bbox 2265 2905 3770 2977; baseline -0.001 -16"><span class='ocrx_word' id='word_1_611' title='bbox 2265 2908 2337 2961; x_wconf 88' lang='lat' dir='ltr'>Tu</span> <span class='ocrx_word' id='word_1_612' title='bbox 2362 2911 2566 2972; x_wconf 89' lang='lat' dir='ltr'>autem,</span> <span class='ocrx_word' id='word_1_613' title='bbox 2597 2905 2758 2961; x_wconf 87' lang='lat' dir='ltr'>homo</span> <span class='ocrx_word' id='word_1_614' title='bbox 2793 2907 2917 2974; x_wconf 89' lang='lat' dir='ltr'>Dei,</span> <span class='ocrx_word' id='word_1_615' title='bbox 2949 2907 3068 2963; x_wconf 54' lang='lat' dir='ltr'>haec</span> <span class='ocrx_word' id='word_1_616' title='bbox 3093 2909 3245 2977; x_wconf 83' lang='lat' dir='ltr'>fuge.</span> <span class='ocrx_word' id='word_1_617' title='bbox 3278 2905 3770 2965; x_wconf 87' lang='lat' dir='ltr'>Abscindereseho-</span> 
     </span>
    </p>
   </div>
   <div class='ocr_carea' id='block_1_86' title="bbox 2195 2992 3770 3069">
    <p class='ocr_par' dir='ltr' id='par_1_86' title="bbox 2195 2992 3770 3069">
     <span class='ocr_line' id='line_1_86' title="bbox 2195 2992 3770 3069; baseline -0.004 -18"><span class='ocrx_word' id='word_1_618' title='bbox 2195 2996 2413 3051; x_wconf 88' lang='lat' dir='ltr'>minem</span> <span class='ocrx_word' id='word_1_619' title='bbox 2447 2995 2544 3050; x_wconf 89' lang='lat' dir='ltr'>Dei</span> <span class='ocrx_word' id='word_1_620' title='bbox 2590 2996 2661 3051; x_wconf 90' lang='lat' dir='ltr'>ab</span> <span class='ocrx_word' id='word_1_621' title='bbox 2711 2994 2819 3050; x_wconf 88' lang='lat' dir='ltr'>hac</span> <span class='ocrx_word' id='word_1_622' title='bbox 2859 2994 3129 3050; x_wconf 89' lang='lat' dir='ltr'>hortatur</span> <span class='ocrx_word' id='word_1_623' title='bbox 3157 3002 3215 3051; x_wconf 89' lang='lat' dir='ltr'>et</span> <span class='ocrx_word' id='word_1_624' title='bbox 3245 2997 3531 3069; x_wconf 65' lang='lat' dir='ltr'>praecipit,</span> <span class='ocrx_word' id='word_1_625' title='bbox 3563 3001 3619 3051; x_wconf 88' lang='lat' dir='ltr'>ut</span> <span class='ocrx_word' id='word_1_626' title='bbox 3642 3000 3689 3050; x_wconf 89' lang='lat' dir='ltr'>et</span> <span class='ocrx_word' id='word_1_627' title='bbox 3710 2992 3770 3046; x_wconf 87' lang='lat' dir='ltr'>hic</span> 
     </span>
    </p>
   </div>
   <div class='ocr_carea' id='block_1_87' title="bbox 2193 3081 3765 3155">
    <p class='ocr_par' dir='ltr' id='par_1_87' title="bbox 2193 3081 3765 3155">
     <span class='ocr_line' id='line_1_87' title="bbox 2193 3081 3765 3155; baseline -0.004 -15"><span class='ocrx_word' id='word_1_628' title='bbox 2193 3101 2437 3141; x_wconf 90' lang='lat' dir='ltr'>securus</span> <span class='ocrx_word' id='word_1_629' title='bbox 2474 3083 2551 3139; x_wconf 90' lang='lat' dir='ltr'>sit</span> <span class='ocrx_word' id='word_1_630' title='bbox 2580 3089 2638 3139; x_wconf 90' lang='lat' dir='ltr'>et</span> <span class='ocrx_word' id='word_1_631' title='bbox 2673 3083 2732 3139; x_wconf 88' lang='lat' dir='ltr'>in</span> <span class='ocrx_word' id='word_1_632' title='bbox 2762 3083 2959 3139; x_wconf 85' lang='lat' dir='ltr'>futuro</span> <span class='ocrx_word' id='word_1_633' title='bbox 2984 3085 3241 3155; x_wconf 67' lang='lat' dir='ltr'>praemiis</span> <span class='ocrx_word' id='word_1_634' title='bbox 3263 3089 3653 3142; x_wconf 87' lang='lat' dir='ltr'>remuneretur</span> <span class='ocrx_word' id='word_1_635' title='bbox 3669 3081 3765 3137; x_wconf 77' lang='lat' dir='ltr'>divi-</span> 
     </span>
    </p>
   </div>
   <div class='ocr_carea' id='block_1_88' title="bbox 2194 3171 3769 3245">
    <p class='ocr_par' dir='ltr' id='par_1_88' title="bbox 2194 3171 3769 3245">
     <span class='ocr_line' id='line_1_88' title="bbox 2194 3171 3769 3245; baseline -0.003 -16"><span class='ocrx_word' id='word_1_636' title='bbox 2194 3174 2305 3229; x_wconf 82' lang='lat' dir='ltr'>nis.</span> <span class='ocrx_word' id='word_1_637' title='bbox 2340 3174 2463 3229; x_wconf 88' lang='lat' dir='ltr'>Non</span> <span class='ocrx_word' id='word_1_638' title='bbox 2495 3172 2651 3229; x_wconf 90' lang='lat' dir='ltr'>enim</span> <span class='ocrx_word' id='word_1_639' title='bbox 2685 3172 2977 3228; x_wconf 90' lang='lat' dir='ltr'>immerito</span> <span class='ocrx_word' id='word_1_640' title='bbox 3026 3175 3400 3232; x_wconf 88' lang='lat' dir='ltr'>coronandus</span> <span class='ocrx_word' id='word_1_641' title='bbox 3444 3179 3531 3230; x_wconf 90' lang='lat' dir='ltr'>est</span> <span class='ocrx_word' id='word_1_642' title='bbox 3555 3172 3644 3245; x_wconf 90' lang='lat' dir='ltr'>qui</span> <span class='ocrx_word' id='word_1_643' title='bbox 3666 3171 3769 3226; x_wconf 81' lang='lat' dir='ltr'>hanc</span> 
     </span>
    </p>
   </div>
   <div class='ocr_carea' id='block_1_89' title="bbox 2194 3261 3068 3336">
    <p class='ocr_par' dir='ltr' id='par_1_89' title="bbox 2194 3261 3068 3336">
     <span class='ocr_line' id='line_1_89' title="bbox 2194 3261 3068 3336; baseline -0.003 -16"><span class='ocrx_word' id='word_1_644' title='bbox 2194 3262 2418 3336; x_wconf 90' lang='lat' dir='ltr'>spernit</span> <span class='ocrx_word' id='word_1_645' title='bbox 2449 3279 2575 3334; x_wconf 73' lang='lat' dir='ltr'>qua:</span> <span class='ocrx_word' id='word_1_646' title='bbox 2609 3261 2810 3317; x_wconf 92' lang='lat' dir='ltr'>multis</span> <span class='ocrx_word' id='word_1_647' title='bbox 2841 3263 3068 3318; x_wconf 89' lang='lat' dir='ltr'>suadet.</span> 
     </span>
    </p>
   </div>
   <div class='ocr_carea' id='block_1_90' title="bbox 2265 3370 3766 3441">
    <p class='ocr_par' dir='ltr' id='par_1_90' title="bbox 2265 3370 3766 3441">
     <span class='ocr_line' id='line_1_90' title="bbox 2265 3370 3766 3441; baseline -0.003 -15"><span class='ocrx_word' id='word_1_648' title='bbox 2265 3372 2497 3441; x_wconf 86' lang='lat' dir='ltr'>Sequere</span> <span class='ocrx_word' id='word_1_649' title='bbox 2516 3378 2709 3426; x_wconf 82' lang='lat' dir='ltr'>autem</span> <span class='ocrx_word' id='word_1_650' title='bbox 2726 3370 3030 3441; x_wconf 87' lang='lat' dir='ltr'>justitiam,</span> <span class='ocrx_word' id='word_1_651' title='bbox 3058 3373 3335 3441; x_wconf 73' lang='lat' dir='ltr'>pietatem,</span> <span class='ocrx_word' id='word_1_652' title='bbox 3380 3370 3563 3440; x_wconf 83' lang='lat' dir='ltr'>fidem,</span> <span class='ocrx_word' id='word_1_653' title='bbox 3590 3370 3766 3425; x_wconf 72' lang='lat' dir='ltr'>charito-</span> 
     </span>
    </p>
   </div>
   <div class='ocr_carea' id='block_1_91' title="bbox 2193 3457 3768 3531">
    <p class='ocr_par' dir='ltr' id='par_1_91' title="bbox 2193 3457 3768 3531">
     <span class='ocr_line' id='line_1_91' title="bbox 2193 3457 3768 3531; baseline -0.003 -15"><span class='ocrx_word' id='word_1_654' title='bbox 2193 3464 2320 3530; x_wconf 89' lang='lat' dir='ltr'>tem,</span> <span class='ocrx_word' id='word_1_655' title='bbox 2346 3460 2709 3531; x_wconf 87' lang='lat' dir='ltr'>patientiam,</span> <span class='ocrx_word' id='word_1_656' title='bbox 2744 3458 3207 3531; x_wconf 86' lang='lat' dir='ltr'>tranquillitatem</span> <span class='ocrx_word' id='word_1_657' title='bbox 3234 3460 3434 3514; x_wconf 86' lang='lat' dir='ltr'>animi.</span> <span class='ocrx_word' id='word_1_658' title='bbox 3464 3460 3608 3514; x_wconf 78' lang='lat' dir='ltr'>Certa</span> <span class='ocrx_word' id='word_1_659' title='bbox 3625 3457 3768 3511; x_wconf 68' lang='lat' dir='ltr'>bonum</span> 
     </span>
    </p>
   </div>
   <div class='ocr_carea' id='block_1_92' title="bbox 2193 3547 3767 3619">
    <p class='ocr_par' dir='ltr' id='par_1_92' title="bbox 2193 3547 3767 3619">
     <span class='ocr_line' id='line_1_92' title="bbox 2193 3547 3767 3619; baseline -0.001 -16"><span class='ocrx_word' id='word_1_660' title='bbox 2193 3551 2471 3604; x_wconf 79' lang='lat' dir='ltr'>certamen</span> <span class='ocrx_word' id='word_1_661' title='bbox 2492 3547 2643 3618; x_wconf 79' lang='lat' dir='ltr'>ﬁdei,</span> <span class='ocrx_word' id='word_1_662' title='bbox 2675 3547 3020 3619; x_wconf 88' lang='lat' dir='ltr'>adprehende</span> <span class='ocrx_word' id='word_1_663' title='bbox 3056 3550 3230 3604; x_wconf 83' lang='lat' dir='ltr'>vitam</span> <span class='ocrx_word' id='word_1_664' title='bbox 3275 3552 3536 3605; x_wconf 71' lang='lat' dir='ltr'>aeternam</span> <span class='ocrx_word' id='word_1_665' title='bbox 3561 3547 3630 3602; x_wconf 90' lang='lat' dir='ltr'>ad</span> <span class='ocrx_word' id='word_1_666' title='bbox 3650 3556 3767 3615; x_wconf 68' lang='lat' dir='ltr'>quam</span> 
     </span>
    </p>
   </div>
   <div class='ocr_carea' id='block_1_93' title="bbox 2196 3636 3887 3709">
    <p class='ocr_par' dir='ltr' id='par_1_93' title="bbox 2196 3636 3887 3709">
     <span class='ocr_line' id='line_1_93' title="bbox 2196 3636 3887 3709; baseline -0.004 -17"><span class='ocrx_word' id='word_1_667' title='bbox 2196 3646 2409 3692; x_wconf 87' lang='lat' dir='ltr'>vocatus</span> <span class='ocrx_word' id='word_1_668' title='bbox 2439 3653 2514 3704; x_wconf 90' lang='lat' dir='ltr'>es,</span> <span class='ocrx_word' id='word_1_669' title='bbox 2544 3645 2595 3692; x_wconf 91' lang='lat' dir='ltr'>et</span> <span class='ocrx_word' id='word_1_670' title='bbox 2617 3638 2890 3706; x_wconf 83' lang='lat' dir='ltr'>confessus</span> <span class='ocrx_word' id='word_1_671' title='bbox 2919 3652 2975 3691; x_wconf 89' lang='lat' dir='ltr'>es</span> <span class='ocrx_word' id='word_1_672' title='bbox 3002 3636 3203 3692; x_wconf 82' lang='lat' dir='ltr'>bonam</span> <span class='ocrx_word' id='word_1_673' title='bbox 3230 3637 3614 3709; x_wconf 82' lang='lat' dir='ltr'>confessionem</span> <span class='ocrx_word' id='word_1_674' title='bbox 3634 3645 3769 3689; x_wconf 70' lang='lat' dir='ltr'>eorum</span> <span class='ocrx_word' id='word_1_675' title='bbox 3886 3664 3887 3709; x_wconf 17' lang='grc' dir='ltr'><strong>ᾖ</strong></span> 
     </span>
    </p>
   </div>
   <div class='ocr_carea' id='block_1_94' title="bbox 2194 3678 3887 3796">
    <p class='ocr_par' dir='ltr' id='par_1_94' title="bbox 2194 3678 3887 3796">
     <span class='ocr_line' id='line_1_94' title="bbox 2198 3678 3767 3709; baseline -0.002 -18"><span class='ocrx_word' id='word_1_676' title='bbox 2198 3678 2409 3692; x_wconf 50' lang='lat' dir='ltr'>tot...“</span> <span class='ocrx_word' id='word_1_677' title='bbox 2439 3678 2514 3704; x_wconf 75' lang='grc' dir='ltr'>νυ,</span> <span class='ocrx_word' id='word_1_678' title='bbox 2544 3678 2594 3692; x_wconf 78' lang='grc' dir='ltr'>ν.</span> <span class='ocrx_word' id='word_1_679' title='bbox 2617 3678 2887 3706; x_wconf 49' lang='lat' dir='ltr'>mw“...</span> <span class='ocrx_word' id='word_1_680' title='bbox 2919 3678 2972 3691; x_wconf 63' lang='grc' dir='ltr'>νυ</span> <span class='ocrx_word' id='word_1_681' title='bbox 3002 3678 3203 3692; x_wconf 58' lang='grc' dir='ltr'>ηπ...</span> <span class='ocrx_word' id='word_1_682' title='bbox 3230 3678 3614 3709; x_wconf 69' lang='grc' dir='ltr'>νυ..,ννν.ν..ν...</span> <span class='ocrx_word' id='word_1_683' title='bbox 3634 3678 3767 3689; x_wconf 56' lang='grc' dir='ltr'>πη-.-</span> 
     </span>
     <span class='ocr_line' id='line_1_95' title="bbox 2194 3678 3887 3796; baseline -0.003 -16"><span class='ocrx_word' id='word_1_684' title='bbox 2194 3727 2383 3781; x_wconf 86' lang='lat' dir='ltr'>multis</span> <span class='ocrx_word' id='word_1_685' title='bbox 2437 3726 2685 3782; x_wconf 86' lang='lat' dir='ltr'>testibus.</span> <span class='ocrx_word' id='word_1_686' title='bbox 2732 3724 3017 3789; x_wconf 88' lang='lat' dir='ltr'>Quoniam</span> <span class='ocrx_word' id='word_1_687' title='bbox 3068 3725 3309 3782; x_wconf 88' lang='lat' dir='ltr'>avaritia</span> <span class='ocrx_word' id='word_1_688' title='bbox 3359 3743 3456 3783; x_wconf 87' lang='lat' dir='ltr'>res</span> <span class='ocrx_word' id='word_1_689' title='bbox 3493 3724 3669 3796; x_wconf 85' lang='lat' dir='ltr'>iniqua</span> <span class='ocrx_word' id='word_1_690' title='bbox 3689 3723 3766 3783; x_wconf 83' lang='lat' dir='ltr'>est,</span> <span class='ocrx_word' id='word_1_691' title='bbox 3886 3678 3887 3749; x_wconf 32' lang='grc' dir='ltr'>ι</span> 
     </span>
    </p>
   </div>
   <div class='ocr_carea' id='block_1_95' title="bbox 2196 3804 3767 3886">
    <p class='ocr_par' dir='ltr' id='par_1_95' title="bbox 2196 3804 3767 3886">
     <span class='ocr_line' id='line_1_96' title="bbox 2196 3804 3767 3886; baseline -0.001 -17"><span class='ocrx_word' id='word_1_692' title='bbox 2196 3814 2490 3870; x_wconf 89' lang='lat' dir='ltr'>hominem</span> <span class='ocrx_word' id='word_1_693' title='bbox 2516 3814 2613 3869; x_wconf 88' lang='lat' dir='ltr'>Dei</span> <span class='ocrx_word' id='word_1_694' title='bbox 2638 3819 2702 3869; x_wconf 92' lang='lat' dir='ltr'>ut</span> <span class='ocrx_word' id='word_1_695' title='bbox 2721 3814 2792 3869; x_wconf 87' lang='lat' dir='ltr'>ab</span> <span class='ocrx_word' id='word_1_696' title='bbox 2831 3813 2939 3869; x_wconf 89' lang='lat' dir='ltr'>hac</span> <span class='ocrx_word' id='word_1_697' title='bbox 2977 3813 3308 3881; x_wconf 86' lang='lat' dir='ltr'>dissentiat,</span> <span class='ocrx_word' id='word_1_698' title='bbox 3342 3815 3622 3886; x_wconf 88' lang='lat' dir='ltr'>justitiam</span> <span class='ocrx_word' id='word_1_699' title='bbox 3646 3804 3767 3879; x_wconf 78' lang='lat' dir='ltr'>sequi</span> 
     </span>
    </p>
   </div>
   <div class='ocr_carea' id='block_1_96' title="bbox 2185 3897 3764 3976">
    <p class='ocr_par' dir='ltr' id='par_1_96' title="bbox 2185 3897 3764 3976">
     <span class='ocr_line' id='line_1_97' title="bbox 2185 3897 3764 3976; baseline -0.004 -18"><span class='ocrx_word' id='word_1_700' title='bbox 2185 3904 2379 3974; x_wconf 85' lang='lat' dir='ltr'>jubet,</span> <span class='ocrx_word' id='word_1_701' title='bbox 2410 3909 2586 3974; x_wconf 89' lang='lat' dir='ltr'>atque</span> <span class='ocrx_word' id='word_1_702' title='bbox 2628 3902 2901 3973; x_wconf 87' lang='lat' dir='ltr'>pietatem</span> <span class='ocrx_word' id='word_1_703' title='bbox 2935 3908 2994 3958; x_wconf 88' lang='lat' dir='ltr'>et</span> <span class='ocrx_word' id='word_1_704' title='bbox 3037 3902 3153 3959; x_wconf 91' lang='lat' dir='ltr'>alia</span> <span class='ocrx_word' id='word_1_705' title='bbox 3195 3920 3324 3976; x_wconf 60' lang='lat' dir='ltr'>quas</span> <span class='ocrx_word' id='word_1_706' title='bbox 3374 3905 3654 3960; x_wconf 88' lang='lat' dir='ltr'>memorat.</span> <span class='ocrx_word' id='word_1_707' title='bbox 3679 3897 3764 3953; x_wconf 84' lang='lat' dir='ltr'>Non</span> 
     </span>
    </p>
   </div>
   <div class='ocr_carea' id='block_1_97' title="bbox 2194 3988 3766 4063">
    <p class='ocr_par' dir='ltr' id='par_1_97' title="bbox 2194 3988 3766 4063">
     <span class='ocr_line' id='line_1_98' title="bbox 2194 3988 3766 4063; baseline -0.004 -15"><span class='ocrx_word' id='word_1_708' title='bbox 2194 3992 2350 4048; x_wconf 88' lang='lat' dir='ltr'>enim</span> <span class='ocrx_word' id='word_1_709' title='bbox 2383 3992 2594 4063; x_wconf 89' lang='lat' dir='ltr'>poterit</span> <span class='ocrx_word' id='word_1_710' title='bbox 2625 3992 2777 4047; x_wconf 87' lang='lat' dir='ltr'>hanc</span> <span class='ocrx_word' id='word_1_711' title='bbox 2812 3992 3048 4058; x_wconf 89' lang='lat' dir='ltr'>evitare,</span> <span class='ocrx_word' id='word_1_712' title='bbox 3087 3992 3201 4047; x_wconf 91' lang='lat' dir='ltr'>nisi</span> <span class='ocrx_word' id='word_1_713' title='bbox 3243 3991 3336 4048; x_wconf 90' lang='lat' dir='ltr'>his</span> <span class='ocrx_word' id='word_1_714' title='bbox 3375 3988 3766 4056; x_wconf 61' lang='lat' dir='ltr'>adhaeseritquw</span> 
     </span>
    </p>
   </div>
   <div class='ocr_carea' id='block_1_98' title="bbox 2192 4080 3767 4153">
    <p class='ocr_par' dir='ltr' id='par_1_98' title="bbox 2192 4080 3767 4153">
     <span class='ocr_line' id='line_1_99' title="bbox 2192 4080 3767 4153; baseline -0.006 -18"><span class='ocrx_word' id='word_1_715' title='bbox 2192 4080 2445 4137; x_wconf 64' lang='lat' dir='ltr'>avarities</span> <span class='ocrx_word' id='word_1_716' title='bbox 2470 4081 2712 4135; x_wconf 89' lang='lat' dir='ltr'>adversa</span> <span class='ocrx_word' id='word_1_717' title='bbox 2734 4085 2891 4135; x_wconf 91' lang='lat' dir='ltr'>sunt.</span> <span class='ocrx_word' id='word_1_718' title='bbox 2917 4080 3023 4143; x_wconf 89' lang='lat' dir='ltr'>Qui</span> <span class='ocrx_word' id='word_1_719' title='bbox 3055 4081 3214 4135; x_wconf 89' lang='lat' dir='ltr'>enim</span> <span class='ocrx_word' id='word_1_720' title='bbox 3236 4080 3361 4136; x_wconf 83' lang='lat' dir='ltr'>ﬁeri</span> <span class='ocrx_word' id='word_1_721' title='bbox 3386 4083 3587 4153; x_wconf 89' lang='lat' dir='ltr'>potest,</span> <span class='ocrx_word' id='word_1_722' title='bbox 3610 4081 3660 4131; x_wconf 88' lang='lat' dir='ltr'>ut</span> <span class='ocrx_word' id='word_1_723' title='bbox 3678 4086 3767 4127; x_wconf 78' lang='lat' dir='ltr'>m-</span> 
     </span>
    </p>
   </div>
   <div class='ocr_carea' id='block_1_99' title="bbox 2192 4160 3765 4241">
    <p class='ocr_par' dir='ltr' id='par_1_99' title="bbox 2192 4160 3765 4241">
     <span class='ocr_line' id='line_1_100' title="bbox 2192 4160 3765 4241; baseline -0.006 -18"><span class='ocrx_word' id='word_1_724' title='bbox 2192 4186 2293 4223; x_wconf 90' lang='lat' dir='ltr'>rus</span> <span class='ocrx_word' id='word_1_725' title='bbox 2326 4167 2512 4223; x_wconf 73' lang='lat' dir='ltr'>fidelis</span> <span class='ocrx_word' id='word_1_726' title='bbox 2544 4168 2639 4238; x_wconf 90' lang='lat' dir='ltr'>sit,</span> <span class='ocrx_word' id='word_1_727' title='bbox 2674 4168 2773 4238; x_wconf 90' lang='lat' dir='ltr'>qui</span> <span class='ocrx_word' id='word_1_728' title='bbox 2804 4168 3079 4240; x_wconf 90' lang='lat' dir='ltr'>operibus</span> <span class='ocrx_word' id='word_1_729' title='bbox 3110 4173 3303 4240; x_wconf 85' lang='lat' dir='ltr'>negat,</span> <span class='ocrx_word' id='word_1_730' title='bbox 3335 4170 3490 4241; x_wconf 92' lang='lat' dir='ltr'>quod</span> <span class='ocrx_word' id='word_1_731' title='bbox 3520 4163 3680 4223; x_wconf 83' lang='lat' dir='ltr'>verbis</span> <span class='ocrx_word' id='word_1_732' title='bbox 3702 4160 3765 4214; x_wconf 81' lang='lat' dir='ltr'>fa-</span> 
     </span>
    </p>
   </div>
   <div class='ocr_carea' id='block_1_100' title="bbox 2191 4250 3761 4323">
    <p class='ocr_par' dir='ltr' id='par_1_100' title="bbox 2191 4250 3761 4323">
     <span class='ocr_line' id='line_1_101' title="bbox 2191 4250 3761 4323; baseline -0.004 -12"><span class='ocrx_word' id='word_1_733' title='bbox 2191 4257 2295 4314; x_wconf 86' lang='lat' dir='ltr'>teri</span> <span class='ocrx_word' id='word_1_734' title='bbox 2320 4256 2758 4313; x_wconf 81' lang='lat' dir='ltr'>videtur‘?Unde</span> <span class='ocrx_word' id='word_1_735' title='bbox 2778 4262 2973 4313; x_wconf 89' lang='lat' dir='ltr'>autem</span> <span class='ocrx_word' id='word_1_736' title='bbox 2997 4263 3226 4313; x_wconf 87' lang='lat' dir='ltr'>amator</span> <span class='ocrx_word' id='word_1_737' title='bbox 3245 4250 3761 4323; x_wconf 75' lang='lat' dir='ltr'>fraternitatis,cujm</span> 
     </span>
    </p>
   </div>
   <div class='ocr_carea' id='block_1_101' title="bbox 2192 4342 3760 4417">
    <p class='ocr_par' dir='ltr' id='par_1_101' title="bbox 2192 4342 3760 4417">
     <span class='ocr_line' id='line_1_102' title="bbox 2192 4342 3760 4417; baseline -0.006 -18"><span class='ocrx_word' id='word_1_738' title='bbox 2192 4361 2401 4400; x_wconf 91' lang='lat' dir='ltr'>manus</span> <span class='ocrx_word' id='word_1_739' title='bbox 2422 4349 2563 4400; x_wconf 89' lang='lat' dir='ltr'>sunt</span> <span class='ocrx_word' id='word_1_740' title='bbox 2582 4345 2793 4401; x_wconf 76' lang='lat' dir='ltr'>aridae?</span> <span class='ocrx_word' id='word_1_741' title='bbox 2814 4345 3115 4408; x_wconf 88' lang='lat' dir='ltr'>Quomodo</span> <span class='ocrx_word' id='word_1_742' title='bbox 3135 4361 3269 4401; x_wconf 88' lang='lat' dir='ltr'>vero</span> <span class='ocrx_word' id='word_1_743' title='bbox 3294 4345 3539 4417; x_wconf 88' lang='lat' dir='ltr'>patiens,</span> <span class='ocrx_word' id='word_1_744' title='bbox 3555 4342 3639 4414; x_wconf 88' lang='lat' dir='ltr'>qui</span> <span class='ocrx_word' id='word_1_745' title='bbox 3656 4351 3760 4394; x_wconf 86' lang='lat' dir='ltr'>sem-</span> 
     </span>
    </p>
   </div>
   <div class='ocr_carea' id='block_1_102' title="bbox 2188 4421 3757 4506">
    <p class='ocr_par' dir='ltr' id='par_1_102' title="bbox 2188 4421 3757 4506">
     <span class='ocr_line' id='line_1_103' title="bbox 2188 4421 3757 4506; baseline -0.003 -17"><span class='ocrx_word' id='word_1_746' title='bbox 2188 4451 2289 4505; x_wconf 90' lang='lat' dir='ltr'>per</span> <span class='ocrx_word' id='word_1_747' title='bbox 2309 4434 2380 4488; x_wconf 89' lang='lat' dir='ltr'>ad</span> <span class='ocrx_word' id='word_1_748' title='bbox 2405 4432 2595 4488; x_wconf 88' lang='lat' dir='ltr'>aliena</span> <span class='ocrx_word' id='word_1_749' title='bbox 2616 4450 2677 4488; x_wconf 90' lang='lat' dir='ltr'>se</span> <span class='ocrx_word' id='word_1_750' title='bbox 2698 4434 2885 4491; x_wconf 87' lang='lat' dir='ltr'>tendit</span> <span class='ocrx_word' id='word_1_751' title='bbox 2906 4434 2932 4488; x_wconf 78' lang='lat' dir='ltr'>‘l</span> <span class='ocrx_word' id='word_1_752' title='bbox 2952 4436 3069 4490; x_wconf 86' lang='lat' dir='ltr'>Aut</span> <span class='ocrx_word' id='word_1_753' title='bbox 3092 4440 3382 4506; x_wconf 88' lang='lat' dir='ltr'>quatenus</span> <span class='ocrx_word' id='word_1_754' title='bbox 3411 4434 3642 4506; x_wconf 87' lang='lat' dir='ltr'>quietem</span> <span class='ocrx_word' id='word_1_755' title='bbox 3670 4421 3757 4506; x_wconf 53' lang='grc' dir='ltr'>ᾲξιῇο</span> 
     </span>
    </p>
   </div>
   <div class='ocr_carea' id='block_1_103' title="bbox 2188 4501 3756 4586">
    <p class='ocr_par' dir='ltr' id='par_1_103' title="bbox 2188 4501 3756 4586">
     <span class='ocr_line' id='line_1_104' title="bbox 2188 4501 3756 4586; baseline -0.008 -18"><span class='ocrx_word' id='word_1_756' title='bbox 2188 4501 2267 4568; x_wconf 83' lang='lat' dir='ltr'>mi</span> <span class='ocrx_word' id='word_1_757' title='bbox 2292 4514 2480 4586; x_wconf 82' lang='lat' dir='ltr'>possit</span> <span class='ocrx_word' id='word_1_758' title='bbox 2498 4512 2728 4578; x_wconf 90' lang='lat' dir='ltr'>habere,</span> <span class='ocrx_word' id='word_1_759' title='bbox 2752 4516 2852 4584; x_wconf 89' lang='lat' dir='ltr'>qui</span> <span class='ocrx_word' id='word_1_760' title='bbox 2874 4514 2969 4569; x_wconf 90' lang='lat' dir='ltr'>die</span> <span class='ocrx_word' id='word_1_761' title='bbox 2992 4501 3283 4586; x_wconf 75' lang='lat' dir='ltr'>noctuque</span> <span class='ocrx_word' id='word_1_762' title='bbox 3305 4501 3568 4570; x_wconf 79' lang='lat' dir='ltr'>aviditate</span> <span class='ocrx_word' id='word_1_763' title='bbox 3585 4501 3756 4578; x_wconf 83' lang='lat' dir='ltr'>cupidi-</span> 
     </span>
    </p>
   </div>
   <div class='ocr_carea' id='block_1_104' title="bbox 2183 4592 3751 4674">
    <p class='ocr_par' dir='ltr' id='par_1_104' title="bbox 2183 4592 3751 4674">
     <span class='ocr_line' id='line_1_105' title="bbox 2183 4592 3751 4674; baseline -0.008 -16"><span class='ocrx_word' id='word_1_764' title='bbox 2183 4604 2321 4659; x_wconf 89' lang='lat' dir='ltr'>tatis</span> <span class='ocrx_word' id='word_1_765' title='bbox 2342 4602 2673 4659; x_wconf 88' lang='lat' dir='ltr'>incenditur</span> <span class='ocrx_word' id='word_1_766' title='bbox 2691 4602 2718 4657; x_wconf 82' lang='lat'><strong>?</strong></span> <span class='ocrx_word' id='word_1_767' title='bbox 2741 4603 2851 4659; x_wconf 91' lang='lat' dir='ltr'>Sed</span> <span class='ocrx_word' id='word_1_768' title='bbox 2876 4602 3015 4674; x_wconf 89' lang='lat' dir='ltr'>quia</span> <span class='ocrx_word' id='word_1_769' title='bbox 3037 4604 3111 4660; x_wconf 87' lang='lat' dir='ltr'>ab</span> <span class='ocrx_word' id='word_1_770' title='bbox 3132 4603 3370 4659; x_wconf 87' lang='lat' dir='ltr'>homine</span> <span class='ocrx_word' id='word_1_771' title='bbox 3393 4602 3491 4660; x_wconf 86' lang='lat' dir='ltr'>Dei</span> <span class='ocrx_word' id='word_1_772' title='bbox 3520 4592 3751 4656; x_wconf 79' lang='lat' dir='ltr'>Timotheo</span> 
     </span>
    </p>
   </div>
   <div class='ocr_carea' id='block_1_105' title="bbox 2182 4683 3749 4763">
    <p class='ocr_par' dir='ltr' id='par_1_105' title="bbox 2182 4683 3749 4763">
     <span class='ocr_line' id='line_1_106' title="bbox 2182 4683 3749 4763; baseline -0.004 -17"><span class='ocrx_word' id='word_1_773' title='bbox 2182 4691 2462 4763; x_wconf 73' lang='lat' dir='ltr'>iniquitas</span> <span class='ocrx_word' id='word_1_774' title='bbox 2483 4691 2603 4747; x_wconf 65' lang='lat' dir='ltr'>haec</span> <span class='ocrx_word' id='word_1_775' title='bbox 2623 4691 2813 4748; x_wconf 87' lang='lat' dir='ltr'>aliena</span> <span class='ocrx_word' id='word_1_776' title='bbox 2833 4696 2979 4759; x_wconf 85' lang='lat' dir='ltr'>erat,</span> <span class='ocrx_word' id='word_1_777' title='bbox 3004 4692 3222 4747; x_wconf 90' lang='lat' dir='ltr'>bonum</span> <span class='ocrx_word' id='word_1_778' title='bbox 3257 4697 3541 4748; x_wconf 80' lang='lat' dir='ltr'>certamen</span> <span class='ocrx_word' id='word_1_779' title='bbox 3562 4683 3670 4743; x_wconf 84' lang='lat' dir='ltr'>ﬁdei</span> <span class='ocrx_word' id='word_1_780' title='bbox 3685 4694 3749 4750; x_wconf 75' lang='lat' dir='ltr'>ag-</span> 
     </span>
    </p>
   </div>
   <div class='ocr_carea' id='block_1_106' title="bbox 2180 4767 3754 4851">
    <p class='ocr_par' dir='ltr' id='par_1_106' title="bbox 2180 4767 3754 4851">
     <span class='ocr_line' id='line_1_107' title="bbox 2180 4767 3754 4851; baseline -0.008 -15"><span class='ocrx_word' id='word_1_781' title='bbox 2180 4782 2341 4851; x_wconf 84' lang='lat' dir='ltr'>gredi</span> <span class='ocrx_word' id='word_1_782' title='bbox 2376 4781 2629 4849; x_wconf 88' lang='lat' dir='ltr'>jubetur.</span> <span class='ocrx_word' id='word_1_783' title='bbox 2666 4780 2825 4835; x_wconf 88' lang='lat' dir='ltr'>Fidei</span> <span class='ocrx_word' id='word_1_784' title='bbox 2856 4780 3011 4835; x_wconf 91' lang='lat' dir='ltr'>enim</span> <span class='ocrx_word' id='word_1_785' title='bbox 3036 4781 3280 4837; x_wconf 86' lang='lat' dir='ltr'>victoria</span> <span class='ocrx_word' id='word_1_786' title='bbox 3311 4786 3421 4849; x_wconf 89' lang='lat' dir='ltr'>est,</span> <span class='ocrx_word' id='word_1_787' title='bbox 3462 4794 3585 4836; x_wconf 88' lang='lat' dir='ltr'>cum</span> <span class='ocrx_word' id='word_1_788' title='bbox 3609 4767 3754 4829; x_wconf 67' lang='lat' dir='ltr'>omnis</span> 
     </span>
    </p>
   </div>
   <div class='ocr_carea' id='block_1_107' title="bbox 2182 4857 3749 4951">
    <p class='ocr_par' dir='ltr' id='par_1_107' title="bbox 2182 4857 3749 4951">
     <span class='ocr_line' id='line_1_108' title="bbox 2182 4857 3749 4951; baseline -0.001 -28"><span class='ocrx_word' id='word_1_789' title='bbox 2182 4869 2337 4937; x_wconf 88' lang='lat' dir='ltr'>vitia,</span> <span class='ocrx_word' id='word_1_790' title='bbox 2369 4874 2426 4925; x_wconf 89' lang='lat' dir='ltr'>et</span> <span class='ocrx_word' id='word_1_791' title='bbox 2473 4869 2721 4924; x_wconf 88' lang='lat' dir='ltr'>crimina</span> <span class='ocrx_word' id='word_1_792' title='bbox 2771 4869 3185 4941; x_wconf 84' lang='lat' dir='ltr'>subjugantur,</span> <span class='ocrx_word' id='word_1_793' title='bbox 3236 4876 3304 4926; x_wconf 89' lang='lat' dir='ltr'>ut</span> <span class='ocrx_word' id='word_1_794' title='bbox 3332 4870 3404 4926; x_wconf 87' lang='lat' dir='ltr'>ad</span> <span class='ocrx_word' id='word_1_795' title='bbox 3442 4873 3641 4924; x_wconf 66' lang='lat' dir='ltr'>aeterne</span> <span class='ocrx_word' id='word_1_796' title='bbox 3661 4857 3749 4951; x_wconf 40' lang='lat' dir='ltr'>vii;8</span> 
     </span>
    </p>
   </div>
   <div class='ocr_carea' id='block_1_108' title="bbox 2182 4944 3753 5030">
    <p class='ocr_par' dir='ltr' id='par_1_108' title="bbox 2182 4944 3753 5030">
     <span class='ocr_line' id='line_1_109' title="bbox 2182 4944 3753 5030; baseline -0.003 -18"><span class='ocrx_word' id='word_1_797' title='bbox 2182 4958 2420 5030; x_wconf 73' lang='lat' dir='ltr'>prmmia</span> <span class='ocrx_word' id='word_1_798' title='bbox 2450 4957 2736 5028; x_wconf 90' lang='lat' dir='ltr'>veniatur,</span> <span class='ocrx_word' id='word_1_799' title='bbox 2769 4959 2942 5029; x_wconf 89' lang='lat' dir='ltr'>cujus</span> <span class='ocrx_word' id='word_1_800' title='bbox 2988 4958 3286 5014; x_wconf 88' lang='lat' dir='ltr'>confessio</span> <span class='ocrx_word' id='word_1_801' title='bbox 3332 4959 3480 5014; x_wconf 89' lang='lat' dir='ltr'>inter</span> <span class='ocrx_word' id='word_1_802' title='bbox 3506 4958 3618 5027; x_wconf 83' lang='lat' dir='ltr'>ipsa</span> <span class='ocrx_word' id='word_1_803' title='bbox 3642 4944 3753 5004; x_wconf 72' lang='grc' dir='ltr'>ταδί·</span> 
     </span>
    </p>
   </div>
   <div class='ocr_carea' id='block_1_109' title="bbox 2181 5040 3748 5119">
    <p class='ocr_par' dir='ltr' id='par_1_109' title="bbox 2181 5040 3748 5119">
     <span class='ocr_line' id='line_1_110' title="bbox 2181 5040 3748 5119; baseline -0.006 -17"><span class='ocrx_word' id='word_1_804' title='bbox 2181 5051 2377 5102; x_wconf 87' lang='lat' dir='ltr'>menta</span> <span class='ocrx_word' id='word_1_805' title='bbox 2426 5046 2560 5101; x_wconf 86' lang='lat' dir='ltr'>ﬁdei</span> <span class='ocrx_word' id='word_1_806' title='bbox 2611 5051 2753 5102; x_wconf 88' lang='lat' dir='ltr'>teste</span> <span class='ocrx_word' id='word_1_807' title='bbox 2802 5040 3201 5119; x_wconf 85' lang='lat' dir='ltr'>interrogante</span> <span class='ocrx_word' id='word_1_808' title='bbox 3249 5048 3455 5119; x_wconf 87' lang='grc'>(1312),</span> <span class='ocrx_word' id='word_1_809' title='bbox 3495 5049 3549 5101; x_wconf 87' lang='lat' dir='ltr'>et</span> <span class='ocrx_word' id='word_1_810' title='bbox 3572 5047 3748 5109; x_wconf 59' lang='lat' dir='ltr'>respolr</span> 
     </span>
    </p>
   </div>
   <div class='ocr_carea' id='block_1_110' title="bbox 2180 5133 3590 5188">
    <p class='ocr_par' dir='ltr' id='par_1_110' title="bbox 2180 5133 3590 5188">
     <span class='ocr_line' id='line_1_111' title="bbox 2180 5133 3590 5188; baseline -0.001 0"><span class='ocrx_word' id='word_1_811' title='bbox 2180 5137 2351 5188; x_wconf 87' lang='lat' dir='ltr'>dente</span> <span class='ocrx_word' id='word_1_812' title='bbox 2380 5135 2782 5188; x_wconf 87' lang='lat' dir='ltr'>monumentis</span> <span class='ocrx_word' id='word_1_813' title='bbox 2813 5133 3223 5188; x_wconf 83' lang='lat' dir='ltr'>ecclesiasticis</span> <span class='ocrx_word' id='word_1_814' title='bbox 3262 5136 3590 5188; x_wconf 83' lang='lat' dir='ltr'>continetur.</span> 
     </span>
    </p>
   </div>
  </div>
