3976 5348
181 428 294 491 693

736 426 1148 489 EXPOSITIO
1192 428 1270 489 IN
1316 428 1742 489 EPISTOLAS
1789 427 2148 490 PAULL—
2180 430 2255 489 IN
2301 430 2549 493 EPIST.
2595 431 2648 493 II
2693 433 2797 493 AD
2842 431 3007 493 TlM.

3463 429 3581 491 694

186 560 568 633 promissione
598 561 747 631 ejus.
776 562 1154 633 Signaculum
1187 562 1382 634 itaque
1413 562 1820 634 promissionis
1850 570 1903 626 Α
1933 560 2189 629 clesiam,
2226 563 2282 617 in
2340 582 2457 636 qua
2512 583 2715 621 omnes
2773 566 2884 623 sub
2942 567 3119 621 unius
3176 565 3408 623 Domini
3442 569 3583 623 sunt

188 650 274 704 Dei
308 650 452 704 ﬁdes
486 656 686 704 nostra
718 656 823 716 est,
871 668 997 721 quae
1031 654 1228 705 ﬁrmat
1283 654 1375 706 Dei
1408 654 1603 706 verba.
1640 653 1697 705 In
1732 651 1824 704 die

176 738 381 811 judicii
413 745 721 811 cognoscet
772 745 920 793 Deus
971 740 1070 811 qui
1120 740 1339 795 habent
1390 742 1623 811 signum
1675 740 1821 807 ejus,

182 828 593 884 dissentientes
623 846 654 882 a
689 830 1069 900 perﬁdorum,
1100 835 1156 883 et
1176 829 1576 884 haereticorum
1611 828 1824 899 iniqui-

182 923 316 983 tate,
351 934 476 987 quze
531 918 628 972 Dei
682 919 1131 987 promissionem
1194 920 1491 973 inﬁrmare
1545 936 1605 973 se
1640 922 1822 989 putat.

178 1005 331 1062 Nihil
363 1007 519 1060 enim
552 1012 670 1062 tam
695 1006 987 1078 iniquum,
1025 1024 1201 1078 quam
1230 1008 1330 1062 Dei
1355 1007 1486 1061 ﬁdei
1517 1006 1823 1061 contraire.

178 1096 261 1149 Sic
299 1099 355 1148 et
410 1095 656 1163 Dathan,
714 1101 772 1150 et
831 1096 1049 1150 Abiron
1100 1102 1157 1150 et
1215 1096 1398 1149 Chore
1432 1097 1652 1149 dictum
1677 1100 1828 1149 esta

180 1185 394 1255 Moyse,
460 1201 591 1237 cum
616 1189 817 1238 contra
834 1184 924 1239 Dei
951 1191 1302 1255 praeceptum
1318 1186 1522 1239 offerre
1544 1184 1829 1238 sacriﬁcia

182 1278 623 1345 praesumerent.
659 1273 941 1343 Cognovit
1003 1274 1200 1343 itaque
1250 1273 1533 1327 Dominus
1566 1272 1661 1343 qui
1692 1277 1830 1326 sunt

180 1362 325 1432 ejus.
359 1362 479 1424 Quo
502 1363 653 1415 dicto
679 1362 1086 1432 ostendit,qua3
1116 1362 1401 1433 pernicies
1426 1367 1686 1415 maneret
1708 1378 1826 1423 eos,

179 1450 274 1522 qui
310 1451 411 1505 Dei
445 1451 615 1505 verba
646 1451 1015 1505 inverterent.

247 1562 273 1589 ‹‹
313 1541 381 1593 In
416 1557 627 1608 magna
675 1545 869 1594 autem
914 1541 1084 1594 domo
1137 1557 1250 1594 non
1302 1540 1489 1594 solum
1526 1545 1663 1593 sunt
1694 1555 1831 1592 vasa

178 1645 358 1685 aurea
389 1633 445 1682 et
475 1633 769 1699 argentea,
802 1630 901 1683 sed
932 1635 986 1683 et
1013 1629 1207 1699 lignea
1247 1633 1300 1683 et
1335 1628 1552 1695 ﬁctilia,
1586 1632 1643 1681 et
1674 1644 1829 1698 quaa-

181 1719 311 1773 dam
342 1719 401 1771 in
426 1718 1004 1788 honorem,quazdam
1025 1723 1216 1773 autem
1248 1719 1303 1771 in
1330 1717 1765 1772 contumeliam.
1804 1752 1821 1771 ,ι

182 1809 293 1862 Hoc
316 1807 471 1861 dicto
495 1806 843 1878 signiﬁcavit
867 1806 923 1861 in
948 1806 1201 1862 Ecclesia
1222 1807 1480 1861 diversos
1500 1822 1627 1861 esse
1651 1805 1833 1859 homi-

185 1912 325 1963 nes;
353 1896 639 1965 quosdam
665 1895 846 1949 bonos
869 1899 925 1950 et
949 1911 1213 1950 summos
1237 1894 1410 1957 viros,
1429 1911 1577 1965 quos
1604 1894 1660 1948 in
1685 1910 1826 1947 auro
1864 1928 1908 1991 Β

181 1983 432 2055 intelligi
467 1983 629 2050 vult;
663 1985 947 2054 quosdam
973 1984 1154 2038 bonos
1188 1988 1436 2045 tantum,
1462 2000 1609 2054 quos
1648 1981 1706 2035 in
1740 1998 1827 2035 ar-

179 2078 357 2144 gento
387 2072 695 2143 designat;
730 2072 875 2127 alios
932 2090 1062 2127 vero
1114 2090 1228 2127 non
1276 2073 1479 2141 bonos,
1515 2089 1662 2142 quos
1694 2088 1831 2124 vasa

181 2161 449 2233 ligneaet
464 2160 957 2232 ﬁetiliaappellnt;
979 2162 1132 2232 quod
1150 2160 1293 2215 nulli
1310 2162 1651 2233 ambiguum
1669 2165 1829 2230 puto.

180 2251 327 2305 Nam
363 2251 421 2303 in
454 2249 891 2305 Corinthiorum
916 2249 1022 2303 hoc
1046 2249 1302 2304 Ecclesia
1326 2251 1531 2317 probat
1559 2250 1830 2321 frequens

179 2356 375 2395 sermo
401 2339 770 2411 objurgantis
791 2338 1069 2409 Apostoli.
1097 2340 1261 2393 Nunc
1280 2344 1474 2394 autem
1498 2339 1553 2392 in
1578 2336 1832 2392 Ecclesia

178 2433 383 2483 nostra
412 2428 605 2500 palam
639 2432 727 2482 est
754 2433 843 2494 ;et
869 2428 925 2482 in
951 2426 1166 2498 templo
1187 2426 1589 2497 Jcrosolymis,
1624 2426 1679 2480 in
1715 2444 1829 2497 quo

181 2523 359 2589 typus
390 2523 515 2572 erat
543 2516 828 2585 Ecclesiae,
886 2515 1210 2571 manifestis
1242 2514 1589 2571 lectionibus
1620 2533 1829 2588 appro-

179 2606 374 2661 batur.
406 2610 583 2661 Erant
613 2605 768 2659 enim
802 2604 881 2659 illi
911 2605 1231 2668 Sadducasi,
1255 2620 1322 2658 ex
1352 2622 1604 2676 quorum
1638 2605 1830 2660 radice

179 2700 350 2750 erant
378 2696 724 2767 Hymenaeus
779 2699 835 2748 et
884 2693 1180 2765 Phyletus.
1233 2693 1312 2748 De
1360 2712 1609 2765 quorum
1660 2710 1833 2764 prava

179 2784 497 2850 sententia,
532 2800 667 2837 cum
700 2781 1014 2853 Apostolus
1045 2787 1201 2837 esset
1227 2782 1477 2853 locutus,
1501 2784 1698 2837 statim
1724 2783 1833 2837 hoc

179 2872 462 2941 subjecit,
498 2876 561 2925 ut
592 2887 705 2924 non
757 2875 911 2924 esset
961 2870 1226 2925 mirabile
1266 2872 1324 2924 in
1370 2871 1626 2925 Ecclesia
1654 2872 1834 2926 videri

178 2960 460 3015 homines
490 2959 925 3014 dissentientes.
978 2958 1121 3012 Nam
1167 2959 1223 3012 in
1275 2959 1703 3013 Corinthiorum
1733 2962 1835 3015 Ec-

174 3048 422 3113 eelesia,
448 3048 519 3101 de
540 3065 657 3118 qua
676 3047 813 3117 dixi,
834 3046 1071 3117 quidam
1099 3053 1283 3113 erant,
1306 3049 1403 3117 qui
1425 3048 1838 3104 dissentientes

175 3135 672 3190 resurrectionem
694 3136 1265 3207 negabant.lnsanus
1284 3136 1838 3192 tamenNovatianus

172 3229 241 3279 ut
276 3223 468 3278 errori
500 3241 605 3279 suo
639 3223 993 3292 blandiatur,
1046 3224 1215 3280 aliter
1245 3224 1353 3279 hoc
1392 3224 1836 3297 intelligendum

164 3312 387 3379 tradit,
422 3318 485 3367 ut
519 3314 731 3368 domus
781 3328 996 3384 magna
1038 3316 1197 3368 totus
1228 3314 1488 3368 mundus
1518 3314 1836 3385 signiﬁcari

166 3403 481 3470 credatur,
516 3401 655 3472 quia
686 3401 862 3455 habet
899 3400 1208 3455 hominum
1254 3402 1670 3471 diversitatem,
1704 3421 1834 3459 cum

164 3494 409 3547 constet
441 3489 787 3562 Apostolum
820 3489 1085 3561 exemplo
1109 3507 1281 3545 usum
1314 3491 1525 3545 domus
1557 3492 1751 3548 divitis
1782 3498 1838 3548 et

165 3579 501 3652 opulentis,
535 3595 662 3650 quae
695 3578 965 3650 quamvis
1016 3580 1249 3650 cepiosa
1282 3580 1377 3646 sit,
1410 3581 1592 3653 (1322)
1626 3582 1836 3637 habeat

172 3676 384 3724 tamen
409 3674 466 3721 et
485 3666 723 3722 vitiosos
751 3672 807 3721 et
832 3684 1005 3738 prava
1028 3668 1363 3735 sentientes,
1391 3669 1542 3722 sicut
1564 3672 1835 3741 superius

180 3756 527 3814 memoravi.
560 3758 716 3820 Quos
747 3757 1100 3811 contumelia
1153 3756 1362 3828 dignos
1411 3760 1683 3825 ostendit,
1720 3777 1833 3815 non

174 3854 388 3903 tamen
422 3846 736 3917 perituros,
786 3846 884 3899 sed
921 3846 1257 3916 purgandos
1300 3862 1402 3915 per
1450 3846 1663 3917 ignem,
1699 3849 1836 3919 quia

179 3936 389 3992 domui
425 3952 491 3990 ex
523 3934 720 4005 aliqua
750 3938 911 4005 parte
945 3933 1269 3987 necessaria
1292 3938 1448 3987 sunt.
1482 3935 1834 3991 Novatianus

177 4031 383 4082 autem
416 4022 605 4079 elatus
637 4022 926 4094 superbia,
964 4026 1025 4075 ut
1057 4020 1323 4076 Ecclesia
1361 4040 1477 4076 sure
1508 4025 1832 4092 veritatem,

176 4122 232 4170 et
254 4116 635 4171 sanctitatem
669 4110 999 4183 generalem
1025 4110 1376 4180 defenderet,
1400 4111 1509 4165 hoc
1542 4113 1714 4167 modo
1746 4112 1833 4167 in-

172 4203 568 4276 telligendum
607 4199 879 4271 decrevit,
930 4200 1095 4271 quasi
1147 4200 1398 4254 Ecclesia
1430 4218 1608 4272 penes
1641 4202 1832 4273 ipsum

173 4294 271 4361 sit,
307 4296 370 4348 et
403 4294 647 4345 cunctos
678 4289 892 4343 habeat
914 4289 1252 4360 puriﬁcatos
1278 4294 1513 4360 propter
1543 4290 1674 4346 illas
1697 4308 1833 4346 cau-

173 4400 293 4449 sas,
329 4378 552 4451 quibus
583 4386 691 4433 nos
720 4379 1059 4432 innocentes
1090 4383 1341 4433 accusat.
1368 4379 1477 4433 Sed
1510 4379 1647 4450 quid
1686 4397 1833 4451 opus

174 4474 305 4527 erat
329 4471 446 4525 hoc
476 4469 601 4524 loco
633 4469 703 4521 de
738 4468 958 4521 mundo
991 4467 1211 4537 aliquid
1245 4468 1569 4537 dicere,aut
1600 4476 1661 4523 ut
1691 4471 1830 4541 quid

176 4560 511 4616 affirmaret
544 4557 828 4611 mundum
864 4556 1100 4610 domum
1156 4573 1427 4627 magnam
1461 4558 1834 4629 signiﬁcare?

1935 667 2192 706 nomine.

2008 765 2035 791 «
2070 744 2125 798 Si
2159 744 2291 814 quis
2321 760 2456 814 ergo
2485 746 2815 815 purgaverit
2842 746 3225 817 semetipsum
3255 747 3324 800 ab
3357 745 3585 814 his,erit

1935 851 2034 888 vas
2069 835 2127 887 in
2160 834 2378 887 honore
2411 832 3009 901 sanctiﬁcatum,utile
3040 834 3384 899 Domino,ad
3411 848 3584 889 omne

1936 941 2084 994 opus
2116 925 2333 976 bonum
2362 927 2770 991 praeparatum.
2797 922 2961 979 Nunc
2986 922 3097 977 alia
3122 921 3361 976 haeresis
3385 921 3587 977 fraude

1937 1029 2044 1067 sua
2060 1010 2439 1075 convincitur,
2455 1027 2581 1081 qua:
2601 1011 2809 1064 asserit
2826 1011 3051 1065 animas
3070 1011 3354 1081 quasdam
3375 1014 3585 1065 natura

1938 1117 2065 1155 esse
2100 1101 2303 1162 malas,
2338 1117 2465 1168 quae
2498 1099 2567 1152 ad
2597 1099 2813 1153 bonum
2848 1100 2972 1169 cogi
3007 1115 3119 1153 non
3153 1099 3413 1168 possint:
3448 1115 3583 1154 cum

1939 1190 2032 1244 hic
2052 1190 2206 1243 dicat
2229 1205 2397 1259 posse
2424 1188 2609 1242 malos
2632 1188 2931 1242 immutari
2956 1188 3014 1241 in
3034 1189 3215 1243 bonos
3237 1193 3293 1244 et
3317 1188 3582 1244 sordidos

1940 1279 2255 1350 puriﬁcari.
2311 1278 2579 1331 Poterant
2626 1277 2779 1331 enim
2824 1277 3188 1349 Hymenaeus,
3224 1283 3279 1333 et
3312 1277 3583 1350 Phyletus

1940 1370 2223 1424 mundare
2254 1384 2491 1422 sensum
2526 1368 2777 1437 suum,si
2808 1367 3221 1433 voluissent,ut
3252 1368 3454 1422 ﬁerent
3482 1384 3583 1422 vas

1938 1458 2389 1521 sanctiﬁcatum,
2424 1462 2809 1528 praeparatum
2841 1456 2898 1509 in
2932 1456 3231 1511 honorem.

2012 1568 2039 1597 ‹‹
2062 1545 2355 1601 Juvenilia
2376 1550 2570 1600 autem
2596 1544 2885 1599 desideria
2902 1545 3053 1617 fuge.
3078 1568 3105 1595 ››
3126 1545 3415 1601 Juvenilia
3436 1545 3586 1599 desi-

1940 1636 2101 1690 deria
2122 1636 2361 1689 adversa
2384 1640 2541 1688 sunt.
2560 1638 2704 1687 Sunt
2727 1634 2879 1689 enim
2904 1633 3229 1705 voluptates
3253 1634 3581 1702 mundanae,

1941 1742 2062 1793 quae
2092 1725 2365 1779 omnibus
2390 1724 2679 1777 illecebris
2700 1722 3039 1793 mancipata:
3066 1728 3225 1789 sunt,
3254 1740 3319 1777 ac
3349 1739 3447 1793 per
3475 1722 3585 1778 hoc

1941 1814 2039 1868 Dei
2075 1830 2238 1867 servo
2269 1812 2555 1884 fugienda
2588 1818 2745 1867 sunt.

2015 1924 2041 1951 ‹‹
2074 1903 2304 1957 Sectare
2334 1918 2466 1956 vero
2491 1902 2807 1971 justitiam,
2841 1902 3037 1965 ﬁdem,
3077 1901 3444 1967 charitatem,
3479 1916 3586 1971 pa-

1943 2006 2064 2045 cem
2101 2008 2232 2045 eum
2266 1991 2357 2045 bis
2390 1990 2486 2060 qui
2539 1990 2810 2045 invocant
2846 1992 3021 2045 Deum
3056 1991 3126 2044 de
3158 1990 3324 2045 corde
3354 2006 3520 2061 puro.
3558 2010 3585 2037 »

1942 2085 2072 2134 Haec
2103 2080 2380 2133 sectanda
2399 2078 2984 2150 jubet,quaejuvenili
3009 2078 3161 2133 aetati
3192 2078 3355 2134 devia
3382 2078 3586 2132 viden-

1943 2172 2037 2221 tur
2067 2172 2123 2222 et
2155 2184 2378 2238 aspera.
2414 2167 2517 2232 Qui
2564 2167 2718 2222 enim
2765 2168 3056 2237 justitiam
3107 2166 3298 2239 elegit,
3356 2167 3407 2221 ei
3438 2165 3584 2220 nihil

1942 2258 2078 2311 facit
2108 2257 2464 2310 contrarium
2494 2283 2507 2323 ,
2540 2256 2713 2327 etqui
2748 2257 2917 2310 ﬁdem
2943 2256 3134 2327 diligit
3163 2260 3394 2311 servant
3420 2272 3582 2310 man-

1941 2347 2095 2400 data.
2156 2347 2261 2410 Qui
2313 2350 2507 2400 autem
2570 2345 2913 2400 charitatem
2969 2344 3255 2415 sequitur,
3308 2345 3583 2400 omnibus

1941 2434 2186 2489 humilis
2215 2439 2321 2489 est.
2358 2434 2521 2489 Pacis
2564 2450 2696 2489 vero
2742 2437 2938 2488 custos
2967 2432 3197 2488 nullum
3246 2431 3483 2488 lacessit
3511 2433 3584 2488 ad

1931 2524 2218 2595 jurgium.

2014 2636 2040 2662 ‹‹
2074 2612 2297 2667 Stultas
2331 2616 2547 2677 autem,
2575 2615 2631 2667 et
2653 2610 2975 2666 ineruditas
2999 2610 3349 2681 quaestiones
3380 2610 3591 2679 devita,

1944 2702 2135 2757 sciens
2166 2702 2303 2771 quia
2332 2704 2613 2771 generant
2642 2700 2795 2754 lites.
2832 2721 2858 2748 »
2894 2701 3205 2755 Insensatae
3240 2698 3593 2770 quaestiones

1946 2790 2158 2861 partim
2175 2789 2739 2860 inﬁdelium,partim
2752 2788 3156 2843 haereticorum
3177 2786 3594 2853 sunt,aliorum

1946 2896 2013 2933 ex
2033 2877 2761 2948 parteindeﬁdelium,qua3
2783 2877 3079 2931 modestos
3094 2876 3363 2932 homines
3381 2880 3600 2948 cogunt

1948 2968 2019 3021 ad
2047 2967 2203 3020 litem
2217 3010 2226 3019 .
2239 2967 2633 3020 Immutantur
2649 2966 2804 3020 enim
2820 2965 3001 3020 nimia
3017 2965 3473 3021 contradictione
3495 2965 3601 3019 im-

1950 3054 2182 3125 pietatis
2213 3058 2497 3123 eorum,et
2520 3054 2648 3107 irati
2676 3054 2880 3108 dicunt
2912 3054 3133 3124 aliquid
3156 3059 3359 3110 contra
3388 3070 3601 3126 propo-

1951 3145 2129 3199 situm
2163 3159 2361 3198 suum.
2393 3142 2537 3198 Nam
2572 3141 2760 3197 solent
2790 3142 3029 3213 quidam
3060 3142 3462 3198 haereticorum
3496 3158 3597 3213 pa-

1949 3233 2217 3288 tientiam
2252 3232 2467 3304 ﬁngere
2514 3230 2782 3303 quamvis
2830 3248 2864 3286 a
2910 3230 3193 3286 catholico
3223 3247 3336 3285 non
3372 3230 3598 3301 possint

1869 3294 1910 3359 ί]
1951 3323 2153 3377 audire
2184 3320 2405 3392 aliquid
2438 3336 2734 3393 asperum,
2766 3324 2832 3375 ut
2862 3321 3275 3375 commendent
3296 3336 3471 3391 prava
3490 3336 3599 3375 sua

1948 3410 2284 3481 colloquia;
2315 3409 2445 3465 ideo
2476 3408 2977 3464 dissimulandum
3008 3409 3079 3463 ab
3110 3408 3205 3463 bis
3235 3412 3344 3464 est.

2025 3505 2313 3555 «Servum
2340 3504 2534 3553 autem
2567 3498 2793 3554 Domini
2826 3514 2941 3553 non
2975 3502 3197 3568 oportet
3222 3496 3471 3569 litigare,
3493 3498 3594 3553 sed

1948 3590 2149 3644 mitem
2183 3606 2311 3644 esse
2334 3590 2404 3644 ad
2428 3605 2655 3656 omnes,
2679 3586 3011 3653 docibilem,
3037 3586 3374 3657 patientem,
3394 3587 3593 3642 mode-

1946 3684 2104 3733 stum
2137 3696 2149 3744 ;
2183 3679 2566 3749 corrigentem
2627 3693 2745 3743 eos,
2796 3676 2893 3746 qui
2953 3675 3181 3732 diversa
3206 3675 3488 3743 sentiunt,
3521 3692 3594 3731 ne

1947 3769 2180 3839 quando
2212 3768 2308 3821 det
2335 3767 2451 3823 illis
2483 3767 2634 3821 Deus
2675 3767 2861 3835 (1323)
2896 3763 3296 3836 paenitentiam
3326 3766 3395 3820 ad
3427 3765 3590 3837 agni-

1944 3856 2159 3909 tionem
2213 3854 2491 3919 veritatis,
2540 3858 2596 3909 et
2647 3853 2994 3925 resipiscant
3040 3871 3074 3909 a
3119 3852 3333 3909 diaboli
3364 3852 3590 3927 laqueis

1947 3945 2097 4014 capti
2132 3943 2203 3997 ab
2236 3959 2301 3997 eo
2327 3943 2396 3997 ad
2432 3943 2619 4012 ipsius
2650 3941 3027 3997 voluntatem.
3057 3965 3077 3989 ι
3108 3943 3233 3997 llam
3254 3940 3418 3998 nulla
3448 3942 3594 3997 indi-

1946 4030 2606 4102 gentinterpretatione:
2634 4029 2944 4084 suntenim
2970 4030 3594 4101 manifesta,quantum

1944 4124 2141 4173 tamen
2175 4118 2359 4185 prosit
2387 4118 2690 4184 modestia,
2734 4116 3069 4173 declaravit.
3104 4118 3164 4173 Si
3208 4119 3365 4173 enim
3396 4126 3504 4175 hoc
3534 4120 3595 4176 in

1946 4207 2298 4279 quibusdam
2333 4205 2617 4261 haereticis
2650 4205 2927 4277 placitum
2963 4206 3217 4277 est,quia
3243 4205 3497 4263 humiles
3519 4209 3595 4262 vi-

1944 4298 2174 4363 dentur,
2209 4299 2425 4366 quanto
2461 4294 2646 4366 magis
2672 4293 2983 4363 laudabile,
3002 4299 3056 4349 et
3088 4296 3452 4350 fructuosum
3481 4298 3593 4353 erit

1945 4386 2003 4440 in
2036 4384 2395 4453 catholico,si
2429 4384 2605 4438 fuerit
2636 4383 2816 4450 mitis,
2845 4382 2903 4438 in
2936 4399 3052 4454 quo
3083 4389 3139 4438 et
3163 4399 3373 4439 sensus
3404 4384 3587 4454 utilis,

1943 4480 1997 4529 et
2029 4475 2251 4545 gravita
2280 4473 2566 4528 imitanda
2598 4472 2992 4543 perspicitur?

2016 4564 2170 4633 (ΟΑΡ.
2198 4563 2317 4633 ΙΙΙ.)
2338 4584 2363 4615 «ι
2376 4563 2490 4618 Hoc
2505 4568 2697 4617 autem
2713 4561 2880 4629 scito,
2896 4561 3033 4632 quia
3047 4562 3103 4617 in
3118 4562 3452 4619 novissimis
3474 4565 3568 4621 die

174 4649 326 4703 Nam
347 4646 798 4702 dicitDominus
817 4644 1093 4716 apostolis
1119 4661 1131 4699 :
1153 4667 1179 4693 ››
1206 4645 1327 4700 Non
1345 4647 1487 4701 estis
1504 4648 1573 4701 de
1598 4649 1837 4708 mundo.
1874 4659 1915 4722 D
1950 4656 2060 4710 bus
2094 4654 2400 4707 instabunt
2439 4658 2701 4723 tempora
2723 4651 3046 4721 periculosa
3079 4668 3091 4705 :
3126 4657 3298 4706 erunt
3316 4652 3587 4711 homines

180 4738 297 4811 Ego
332 4739 536 4791 autem
559 4734 706 4805 elegi
727 4750 827 4788 vos
859 4735 1035 4805 (Joan.
1068 4750 1159 4800 xv,
1185 4734 1293 4805 19).
1331 4759 1352 4786 θ
1381 4736 1679 4799 Quomodo
1702 4754 1837 4809 ergo

179 4826 341 4880 intra
371 4823 665 4878 mundum
697 4822 1081 4878 concludendi
1126 4828 1283 4891 sunt,
1318 4824 1414 4895 qui
1451 4830 1738 4896 negantur
1768 4827 1839 4881 de

181 4913 415 4970 mundo
444 4915 619 4967 esse?
671 4912 741 4965 Et
784 4911 911 4966 ideo
958 4910 1313 4982 Apostolus:
1371 4934 1395 4961 ‹‹
1445 4913 1591 4975 Quid
1626 4913 1834 4985 inquit,

184 5003 331 5058 mihi
368 5001 442 5056 de
459 5000 573 5067 his,
598 5000 697 5070 qui
719 5001 859 5055 foris
881 4999 1365 5070 sunt,judicare?
1387 5000 1435 5070 (Ι
1455 5000 1573 5057 Cor.
1595 5021 1645 5072 ν,
1673 5003 1782 5072 12.)
1809 5025 1835 5051 ››

178 5091 330 5147 Nam
363 5090 426 5146 in
460 5106 577 5144 una
596 5090 767 5145 domo
790 5105 991 5144 omnes
1015 5091 1124 5144 sub
1155 5105 1270 5143 uno
1293 5094 1433 5144 sunt
1452 5090 1839 5146 nomine.Uno

177 5181 337 5235 enim
371 5178 605 5233 Domini
638 5179 729 5233 sui
752 5176 983 5233 nomine
1006 5181 1322 5233 censentur
1350 5180 1838 5235 omnes.Mnndus

1948 4742 2037 4798 sui
2067 4746 2297 4796 tantum
2332 4739 3433 4812 amatores,avari,insolentes,superbi,
3464 4741 3590 4800 bla-

1949 4828 2546 4903 sphemi,parentibus
2568 4845 2683 4883 non
2705 4829 3112 4897 obsequentes,
3137 4827 3368 4897 ingrati,
3401 4828 3593 4905 impii,

1947 4921 2073 4975 sine
2092 4916 2698 4986 ﬁde,sinedilectione,
2714 4914 3599 4989 criminatores,incontinentes,

1947 5009 2226 5077 immites,
2248 5008 2537 5063 bonorum
2562 5005 2804 5071 inimici,
2828 5004 3174 5074 proditores,
3202 5004 3472 5073 protervi,
3505 5011 3606 5068 tu.

1948 5097 2115 5162 midi,
2146 5098 2513 5168 voluptatum
2537 5099 2825 5152 amatores
2849 5092 3038 5165 magis
3058 5106 3236 5161 quam
3254 5089 3617 5159 Dei,haben-

1946 5190 2033 5236 ῒρςι
2067 5187 2314 5236 formam
2353 5182 2606 5236 pietatis.
2641 5182 2914 5235 virtutem
2970 5181 3098 5236 eius
3129 5176 3505 5236 abneeantes.
3544 5190 3624 5236 Rt
