3976 5348
176 396 287 457 697
730 398 1143 464 EXPOSITIO
1188 402 1264 462 IN
1312 396 1741 461 EPISTULAS
1785 391 2045 456 PAULI.
2080 424 2158 438 -
2188 393 2264 453 IN
2313 394 2561 459 EPIST.
2610 395 2662 456 ΙΙ
2701 394 2808 456 ΑΒ
2851 393 3016 457 ΤΙΜ.
3457 395 3574 457 698

175 531 513 600 opportune,
575 529 907 603 importune
938 535 1145 605 (1327),
1188 550 1387 607 argue,
1438 533 1690 599 hortare,
1723 530 1813 586 in-
1845 528 1899 593 Α
1928 528 2212 594 coronari,
2236 530 2374 599 quia
2404 531 2559 587 Deus
2581 531 2784 602 justus
2807 530 2989 601 judex
3014 528 3178 585 dabit
3206 528 3575 600 amplissima

173 633 361 689 crepa,
394 619 455 673 in
486 621 647 675 omni
697 620 1182 695 magnanimitate
1212 630 1269 679 et
1300 624 1586 680 doctrina.
1614 645 1642 673 »
1674 622 1816 676 Tam
1928 617 2167 687 praemia
2205 618 2583 691 diligentibus
2615 625 2784 684 επεὶ
2831 618 3306 690 exspectantibus
3358 618 3571 675 Filium

175 706 417 763 sollicite
435 710 674 765 mandat
695 711 965 767 inviolate
989 713 1423 783 praedicandum
1454 712 1549 767 Dei
1572 712 1813 778 donum,
1925 707 2053 776 ejus
2085 708 2153 761 de
2182 708 2363 764 ccelis.

178 802 238 851 ut
265 815 401 853 cum
432 800 746 856 testatione
775 801 874 857 Dei
922 802 1131 868 Patris,
1164 809 1220 857 et
1249 801 1459 857 Christi
1508 800 1637 856 Filii
1666 800 1813 868 ejus,
1998 820 2025 845 α
2057 796 2352 853 Sollicitus
2380 804 2504 853 esto
2524 800 2717 855 venire
2740 801 2809 854 ad
2836 816 2929 855 me
2954 815 3131 871 quam
3165 798 3442 870 primum.
3468 802 3568 854 De-

176 886 281 941 hoc
310 894 548 943 moneat
576 891 922 956 curandum,
946 892 1402 962 instandumque
1433 890 1490 944 in
1522 906 1607 958 eo,
1632 893 1697 942 ut
1720 904 1813 943 as-
1927 902 2051 940 mas
2084 886 2238 942 enim
2273 904 2364 943 me
2394 887 2721 958 dereliquit,
2756 889 3005 961 diligens
3036 890 3143 944 hoc
3177 887 3478 956 saeculum,
3510 894 3565 943 et

174 974 341 1030 sidua
401 977 829 1048 praedicatione,
874 984 929 1034 et
974 982 1179 1036 crebra
1225 979 1629 1051 objurgatione
1678 993 1812 1031 cum
1923 975 2065 1030 abiit
2084 976 2957 1045 Thessalonicam,Crescensin
2986 978 3477 1048 Galatiam,Titus
3504 978 3563 1033 in

174 1066 605 1135 opportunitate
632 1074 903 1139 provocet
934 1070 1005 1124 ad
1038 1068 1337 1127 meliorem
1370 1070 1715 1140 profectum.
1750 1065 1814 1119 Et
1925 1064 2290 1121 Dalmatiam.
2316 1068 2500 1122 Lucas
2523 1072 2610 1121 est
2633 1083 2861 1123 mecum
2888 1067 3070 1122 solus.
3098 1068 3357 1123 Marcum
3386 1084 3562 1123 assu-

174 1157 233 1206 ut
267 1152 497 1210 facilius
549 1157 815 1227 arguenti
870 1158 1213 1223 assentiant,
1246 1159 1371 1213 sine
1421 1155 1811 1212 amaritudine
1922 1169 2033 1218 me,
2059 1159 2115 1209 et
2144 1156 2334 1211 adhuc
2368 1161 2597 1211 tecum:
2627 1162 2717 1211 est
2747 1156 2903 1211 enim
2929 1155 3071 1210 mihi
3105 1156 3262 1211 utilis
3296 1156 3352 1210 in
3388 1156 3562 1210 mini-

170 1240 272 1296 hoc
302 1244 597 1313 agendum
632 1245 918 1303 hortatur.
1920 1244 2117 1298 sterio.
2167 1245 2485 1315 Tychicum
2545 1250 2743 1301 autem
2801 1246 2935 1300 misi
2995 1245 3313 1316 Ephesum.
3358 1266 3385 1293 n
3416 1240 3560 1299 Cum

236 1352 263 1379 ‹‹
295 1332 417 1387 Erit
445 1334 603 1388 enim
641 1339 895 1407 tempus,
929 1353 1062 1391 cum
1096 1353 1301 1392 sanam
1335 1336 1658 1391 doctrinam
1691 1351 1805 1389 non
1916 1338 2143 1387 constet
2175 1350 2409 1391 omnem
2441 1334 2885 1390 instructionem
2911 1334 3066 1403 juris
3095 1333 3471 1389 ecclesiastici
3502 1333 3560 1387 in

165 1420 559 1489 sustinebunt,
589 1424 689 1479 sed
721 1442 754 1479 a
783 1442 891 1479 sua
921 1426 1210 1480 desideria
1240 1427 1663 1481 coacervabunt
1692 1424 1805 1479 sibi
1915 1420 2161 1492 epistola
2192 1424 2494 1489 contineri,
2530 1428 2765 1494 propter
2804 1422 3046 1477 multam
3081 1426 3275 1477 tamen
3307 1422 3559 1477 charita-

166 1509 495 1580 magistros,
520 1514 849 1582 prurientes
871 1515 1228 1570 auribuszet
1250 1515 1541 1569 averitate
1563 1514 1800 1585 quidam
1915 1514 2033 1564 tem
2068 1511 2435 1581 praesentiam
2478 1513 2606 1582 ejus
2654 1512 2966 1567 desiderat:
3001 1511 3192 1565 Marco
3241 1516 3436 1565 autem
3471 1511 3556 1565 id-

162 1598 428 1653 auditum
448 1604 811 1663 avertent.ad
837 1604 1069 1659 fabulas
1094 1621 1228 1659 vero
1251 1609 1715 1659 convertentur.»
1737 1604 1804 1658 Et
1914 1597 2064 1653 circo
2094 1598 2498 1655 testimonium
2537 1601 2822 1671 perhibet,
2858 1600 2998 1671 quia
3046 1616 3271 1654 memor
3298 1604 3385 1654 est
3418 1616 3555 1670 prae-

162 1685 275 1741 haac
306 1686 486 1742 simili
522 1691 692 1745 modo
724 1692 1047 1763 prophetia,
1074 1698 1163 1748 est
1184 1692 1370 1748 sancti
1392 1692 1674 1764 Apostoli,
1701 1691 1802 1764 qui
1910 1687 2217 1742 teritorum
2242 1690 2369 1759 ejus
2399 1688 2686 1743 laborum.
3060 1699 3075 1709 ‘

161 1775 436 1846 praescius
459 1777 809 1845 futurorum,
826 1780 1163 1835 instandum
1188 1782 1245 1835 in
1269 1781 1534 1836 doctrina
1554 1780 1731 1836 sollici

1984 1798 2010 1825 ‹‹
2046 1776 2348 1842 Penulam,
2383 1794 2562 1848 quam
2594 1777 2803 1848 reliqui
2834 1778 3058 1832 Troade
3089 1778 3243 1847 apud
3277 1776 3554 1847 Carpum,

161 1866 453 1935 precepit,
476 1870 541 1919 ut
570 1868 786 1921 ﬁrmati
817 1869 874 1922 in
906 1870 1039 1939 ﬁde,
1072 1874 1127 1924 et
1160 1872 1329 1925 bonis
1356 1871 1633 1941 operibus
1666 1887 1796 1924 cru-
1832 1899 1877 1963 Β
1909 1866 2149 1921 veniens
2170 1866 2885 1933 alfer,et1ibros,maxime
2902 1872 3097 1922 autem
3121 1866 3553 1921 membranas.»

160 1951 254 2007 diti
278 1951 343 2006 in
368 1953 676 2025 disciplina
695 1973 840 2011 sana
859 1958 1084 2013 robusti
1108 1966 1401 2027 maneant,
1419 1966 1483 2014 ut
1504 1963 1798 2031 postremo
1832 1951 1876 1963 ”
1906 1955 2221 2025 Apostolus
2241 1962 2451 2010 natura
2471 1956 2710 2011 Judasus
2736 1957 2865 2021 fuit,
2890 1961 2945 2011 et
2976 1973 3080 2011 nec
3102 1955 3425 2027 quidquam
3457 1954 3554 2010 ha-

158 2045 435 2112 tempore,
450 2059 583 2098 cum
606 2045 846 2115 quidam
872 2048 1155 2102 averitate
1176 2049 1246 2103 ad
1268 2066 1521 2104 errorem
1544 2049 1798 2104 converti
1906 2044 2035 2098 buit
2064 2043 2340 2100 alienum.
2365 2045 2526 2100 Unde
2556 2062 2691 2116 ergo
2726 2046 2806 2099 illi
2842 2045 3092 2117 penula?
3122 2046 3231 2100 Sed
3263 2045 3396 2115 quia
3428 2050 3550 2099 erat

156 2130 454 2201 coeperint,
487 2132 820 2189 immobiles
852 2143 1238 2206 perseverent.
1264 2138 1433 2194 Tales
1471 2139 1625 2193 enim
1660 2138 1799 2194 dicit
1905 2148 1940 2186 α
1969 2133 2165 2199 Tarso,
2201 2150 2349 2204 quos
2395 2140 2624 2190 constat
2658 2136 2713 2189 in
2764 2135 3099 2189 societatem
3152 2134 3546 2188 Romanorum

154 2217 511 2290 futuros,qui
540 2238 641 2292 pro
672 2224 976 2279 desideriis
1006 2226 1130 2280 suis
1151 2228 1341 2281 doceri
1368 2243 1431 2282 se
1452 2228 1645 2293 velint,
1672 2234 1735 2281 ut
1766 2245 1799 2282 a
1906 2228 2188 2292 receptos,
2209 2228 2273 2277 ut
2300 2224 2372 2278 de
2399 2228 2604 2278 caetero
2635 2222 2787 2279 cives
2814 2222 3245 2294 appellarentur
3274 2222 3545 2289 Romani,

152 2307 454 2379 magistris
476 2311 974 2383 constantibus,et
992 2315 1296 2370 veracibus
1317 2317 1389 2371 ad
1420 2317 1525 2371 hos
1558 2333 1793 2373 conver-
1905 2310 2119 2365 idcirco
2151 2314 2409 2380 necesse;
2430 2318 2520 2367 est
2560 2329 2658 2367 eos
2689 2316 2747 2367 et
2785 2313 3006 2367 curiam
3057 2311 3290 2376 habere,
3322 2311 3378 2365 in
3429 2328 3545 2381 qua

148 2399 371 2463 tantur,
391 2399 487 2467 qui
512 2398 633 2454 hinc
663 2400 793 2456 illos
816 2402 1078 2465 doceant,
1110 2421 1235 2474 qua:
1257 2404 1503 2460 libenter
1527 2407 1792 2474 audiant,
1905 2416 2065 2455 more
2097 2401 2493 2456 Romanorum
2523 2400 2780 2472 penulati
2813 2400 3177 2456 conveniant
3203 2400 3545 2471 Quicunque

147 2484 287 2554 qnia
318 2485 531 2542 veritas
561 2487 679 2543 illis
709 2506 917 2561 aspera
936 2492 1183 2562 videtur,
1210 2498 1274 2549 ut
1294 2494 1495 2550 relicta
1527 2512 1669 2551 sana
1698 2498 1796 2551 do-
1902 2488 2054 2543 enim
2088 2490 2186 2544 illo
2212 2494 2476 2561 tempore
2498 2507 2631 2545 cum
2667 2489 3011 2545 muneribus
3034 2489 3263 2544 obviam
3293 2490 3549 2545 exissent

146 2573 334 2628 ctrina
361 2574 579 2630 fabulis
608 2584 828 2635 vacent.
865 2580 1085 2636 Nolunt
1121 2582 1272 2638 enim
1322 2585 1487 2655 argui
1539 2585 1716 2657 malig

1972 2580 2203 2645 imanis,
2244 2579 2617 2635 immunitate
2661 2584 2937 2650 perpetua
2986 2578 3383 2645 donati,cives
3433 2578 3542 2633 Ro-

145 2676 325 2732 opera
351 2680 459 2718 sua
491 2681 504 2718 :
539 2682 719 2736 quare
763 2668 910 2724 tales
940 2669 1145 2726 volunt
1177 2672 1509 2744 magistros,
1542 2673 1643 2744 qui
1672 2690 1791 2728 ser-
1903 2669 2085 2734 mani,
2108 2675 2163 2723 et
2190 2670 2399 2723 fratres
2419 2685 2620 2723 eorum
2644 2668 3153 2739 nuncupabantur,
3178 2672 3324 2722 teste
3344 2668 3541 2723 eodem

145 2750 305 2806 viant
334 2754 601 2810 moribus
631 2772 855 2810 eorum.
889 2759 1168 2813 Pruriunt
1187 2761 1343 2815 enim
1366 2778 1537 2816 aures
1567 2777 1791 2829 eorum,
1901 2756 2197 2827 Apostolo.
2232 2757 2427 2812 Potest
2473 2774 2609 2827 ergo
2640 2758 2783 2824 fieri,
2815 2762 2877 2810 ut
2925 2757 2972 2811 si
3025 2774 3139 2811 non
3185 2774 3375 2825 suam,
3409 2756 3546 2827 quia

145 2841 210 2892 ut
241 2840 485 2894 audiant
528 2842 754 2898 fabulas
794 2845 1117 2901 vanitatum
1162 2849 1514 2919 compositas
1546 2852 1654 2904 sub
1690 2866 1792 2903 no-
1903 2849 2087 2899 totum
2125 2862 2186 2899 se
2217 2845 2327 2917 legi
2361 2846 2619 2911 dederat,
2644 2847 2827 2917 patris
2859 2845 2949 2901 sui
2980 2845 3221 2901 haberet
3246 2844 3539 2917 penulam.

146 2926 307 2982 mine
336 2929 856 3001 doctrinae,quibus
880 2933 1435 3001 delectentur.Quod
1461 2937 1639 2992 nullis
1673 2944 1792 2993 tam
1978 2955 2005 2985 α
2035 2934 2357 2990 Alexander
2385 2936 2627 2990 aerarius
2666 2935 2851 2989 multa
2896 2934 3047 2989 mala
3093 2934 3235 2989 mihi
3269 2935 3540 2989 ostendit.

143 3016 451 3086 proprium
484 3023 591 3087 est,
612 3036 789 3090 quam
819 3022 1289 3097 Manichasis,qui
1324 3027 1514 3082 nescio
1537 3045 1663 3098 quas
1690 3027 1793 3082 ha-
1903 3024 2127 3079 Reddat
2166 3024 2347 3093 (1328)
2379 3023 2461 3078 illi
2510 3024 2791 3079 Dominus
2822 3025 3145 3080 secundum
3179 3040 3355 3095 Opera
3386 3040 3494 3079 sua
3527 3039 3539 3077 :

138 3103 287 3157 bent
316 3103 545 3161 diversa
574 3115 904 3166 commenta
947 3112 1165 3168 inflatis
1198 3115 1534 3171 nominibus
1565 3134 1790 3172 nuncu-
1903 3130 2077 3185 quem
2108 3118 2164 3168 et
2194 3123 2255 3168 tu
2290 3113 2694 3168 devita.Va1de
2715 3113 2871 3168 enim
2896 3112 3316 3167 restititverbis
3338 3113 3539 3166 meis.»

132 3196 299 3261 pata,
324 3209 457 3249 cum
484 3195 601 3250 sint
632 3214 722 3252 res
748 3198 982 3267 frivolas,
1005 3204 1351 3273 etquaedam
1384 3204 1784 3262 deliramenta.
1829 3266 1860 3273 ﬂ
1899 3200 2224 3256 Alexander
2257 3204 2384 3269 iste,
2420 3206 2475 3255 et
2508 3202 2719 3256 Demas
2759 3201 3130 3272 supradictus
3162 3200 3395 3271 collega:
3428 3200 3544 3256 fue-

216 3300 244 3331 α
267 3280 353 3335 Tu
389 3298 517 3338 vero
548 3286 782 3343 sobrius
811 3293 953 3357 esto,
980 3291 1037 3345 in
1062 3266 1337 3348 omnibus
1368 3294 1615 3365 patiens,
1640 3312 1785 3366 opus
1819 3266 1861 3333 C
1901 3297 2055 3345 runt.
2092 3290 2159 3345 Hi
2193 3266 2519 3362 prius-cum
2570 3266 2849 3361 Apostolo
2875 3295 3039 3345 erant
3080 3266 3424 3344 simulantes
3458 3288 3540 3343 illi

131 3369 224 3424 fac
247 3371 636 3443 evangelistze,
664 3376 1053 3434 ministerium
1085 3385 1253 3436 tuum
1276 3382 1461 3453 exple.
1489 3384 1607 3455 Ego
1628 3385 1783 3439 enim
1896 3380 2247 3445 amicitiam;
2293 3385 2351 3434 et
2393 3379 2531 3451 quia
2559 3378 2794 3434 fallaces
2826 3383 3088 3449 tempore
3122 3378 3539 3448 probabantur,

124 3458 251 3527 jam
284 3458 531 3531 delibor,
556 3468 612 3517 et
643 3468 874 3536 tempus
896 3466 1205 3524 solutionis
1240 3487 1381 3526 meas
1408 3471 1640 3527 instat.»
1668 3475 1783 3528 Ad-
1894 3469 2067 3522 ambo
2098 3469 2168 3523 ab
2214 3484 2280 3523 eu
2328 3473 2713 3523 recesserunt.
2748 3467 2850 3521 Hic
2897 3472 3092 3521 autem
3143 3466 3404 3537 aerarius,
3436 3466 3535 3538 qui

132 3551 331 3601 monet
360 3554 418 3603 et
452 3548 733 3623 hortatur,
760 3558 823 3609 ut
845 3555 1063 3627 vigilet,
1089 3558 1147 3611 in
1178 3558 1490 3631 disciplina
1511 3562 1784 3618 ecclesia-
1894 3557 2171 3612 audacior
2222 3564 2345 3612 erat
2395 3557 2449 3611 in
2484 3555 2676 3623 millia,
2719 3557 3008 3627 810(13‘39)
3042 3556 3113 3609 ab
3163 3571 3229 3609 ρο
3274 3555 3531 3623 recessit.

130 3635 277 3690 stica
305 3635 548 3693 viriliter
577 3646 731 3711 agat,
753 3643 1085 3715 Scripturas
1116 3647 1403 3717 explanet,
1432 3654 1493 3704 ut
1527 3652 1781 3722 pruden-
1893 3650 1958 3700 ut
2014 3652 2069 3701 et
2126 3645 2515 3701 contradictor
2566 3645 2874 3701 verborum
2933 3647 3060 3716 ejus
3112 3646 3399 3700 existeret.
3426 3646 3533 3710 Ουί

131 3728 236 3795 tes,
263 3730 321 3779 et
344 3727 558 3783 eruditi
580 3727 784 3785 inanes
814 3732 1041 3788 fabulas
1064 3735 1261 3790 vitent.
1289 3737 1600 3808 Apostolus
1622 3740 1778 3795 enim
1890 3751 2026 3806 ergo
2052 3736 2327 3807 Apostolo
2358 3752 2537 3790 ausus
2570 3741 2691 3790 erat
2732 3734 3144 3801 contradicere,
3180 3751 3293 3788 non
3326 3734 3530 3788 imme-

129 3812 320 3869 sciens
352 3817 685 3885 passionem
731 3837 900 3876 suam
946 3822 1273 3889 imminere,
1307 3827 1637 3897 exemplum
1675 3830 1781 3899 piae
1890 3825 2000 3878 rito
2032 3824 2366 3880 evitandum
2418 3824 2572 3879 hunc
2606 3825 2902 3888 admonet,
2935 3824 3035 3878 Dei
3078 3822 3301 3894 judicio
3351 3822 3531 3877 istum

130 3903 605 3973 conversationis,
629 3911 687 3961 et
738 3925 892 3962 sanie
924 3911 1203 3966 doctrinae
1238 3912 1295 3966 in
1327 3919 1530 3968 sancto
1580 3916 1775 3971 Timo-
1890 3914 2212 3967 dimittens.

125 3989 258 4047 'theo
306 3992 428 4047 vult
474 3994 823 4066 relinquere,
857 4002 923 4052 ut
968 4015 1073 4070 per
1118 4003 1419 4057 traducem
1475 4020 1775 4075 nunquam
1968 4020 1989 4049 α
2026 4001 2086 4054 In
2128 4001 2317 4072 prima
2360 4016 2488 4054 mea
2536 4000 2870 4056 defensione
2901 4018 3070 4056 nemo
3121 4001 3263 4055 mihi
3307 4002 3526 4070 adfuit;

130 4078 401 4135 deessent
429 4082 694 4139 doctores
724 4086 938 4141 idonei.
974 4090 1189 4144 Tamen
1242 4090 1574 4161 passionem
1606 4109 1774 4148 suam
1888 4090 1987 4144 sed
2021 4106 2224 4144 omnes
2255 4105 2347 4143 me
2369 4087 2825 4158 dereliquorunt.
2858 4090 2980 4143 Non
3004 4088 3120 4143 illis
3151 4090 3526 4161 imputetur.»

128 4166 541 4225 delibationem
566 4172 839 4244 appellat,
855 4175 968 4231 Deo
993 4178 1148 4233 enim
1172 4178 1532 4245 immolatur,
1549 4181 1649 4251 qui
1674 4199 1777 4253 pro
1887 4180 2252 4248 Pressuram,
2272 4183 2328 4232 et
2347 4176 2751 4232 tribulationes
2775 4176 2884 4231 sibi
2909 4176 3528 4242 illatas,defensionem

121 4254 356 4327 justitia
380 4259 511 4330 ejus
541 4261 781 4331 patitur.
1888 4284 2057 4323 suam
2090 4272 2412 4338 nuncupat.
2442 4265 2639 4322 Passio
2661 4266 2817 4321 enim
2841 4265 3187 4322 Christianis
3206 4267 3324 4321 vita
3345 4272 3451 4337 est,
3474 4273 3532 4323 et

192 4368 220 4393 ‹‹
245 4345 552 4403 Certamen
575 4354 795 4405 bonum
819 4354 1053 4422 certavi,
1078 4372 1317 4412 cursum
1342 4362 1764 4435 consummavi,
1888 4355 2212 4427 persecuito
2235 4355 2515 4411 defensio.
2538 4356 2818 4411 Pressura
2848 4355 3000 4409 enim
3036 4355 3196 4410 illata
3230 4372 3329 4427 pro
3352 4357 3529 4427 justi-

128 4431 298 4488 lidem
322 4436 545 4491 servavi
572 4455 584 4491 :
611 4439 764 4510 quod
793 4439 1083 4511 reliquum
1108 4450 1215 4514 est,
1242 4448 1499 4518 reposita
1519 4454 1608 4503 est
1632 4431 1778 4509 mih'i
1886 4445 1966 4499 tia
1998 4446 2268 4499 defendet
2300 4445 2461 4499 illum
2512 4444 2570 4498 in
2621 4445 2715 4499 die
2740 4443 2969 4514 judicii,
3002 4462 3129 4499 reos
3166 4445 3528 4502 constituens

126 4537 339 4578 ϐοτοΰᾶ
363 4524 629 4595 justitiaa,
654 4543 829 4597 quam
862 4529 1066 4584 reddet
1094 4533 1239 4587 mihi
1276 4537 1557 4592 Dominus
1588 4540 1643 4593 in
1676 4542 1777 4597 illa
1882 4534 2154 4604 perﬁdos.
2179 4534 2475 4605 Interipsa
2492 4550 2627 4605 ergo
2645 4534 3006 4589 initiaillatas
3026 4550 3309 4605 pressura:
3328 4536 3525 4592 dereli-

127 4609 652 4700 diejustusjudex.
680 4616 804 4671 Non
827 4617 1018 4673 solum
1040 4625 1235 4676 autem
1259 4624 1424 4689 mihi,
1454 4628 1552 4682 sed
1577 4634 1633 4683 et
1652 4630 1766 4700 his,
1800 4628 1847 4692 D
1879 4627 2035 4676 ctum
2061 4638 2121 4676 se
2137 4622 2614 4691 conqueritur;et
2631 4623 2769 4693 quia
2784 4622 2893 4676 scit
2910 4622 3057 4677 hanc
3074 4639 3202 4678 esse
3219 4628 3528 4679 consuetu-

128 4699 223 4767 qui
258 4700 514 4772 diligunt
544 4704 857 4759 adventum
889 4706 1037 4777 ejus.
1064 4731 1091 4758 ››
1124 4712 1353 4783 Omnia,
1388 4732 1518 4785 quas
1549 4718 1682 4789 Sibi,
1716 4699 1771 4776 of
1881 4711 2102 4774 dinem,
2128 4726 2241 4764 non
2266 4708 2384 4763 illis
2414 4710 2539 4765 vult
2560 4709 2860 4781 imputari,
2892 4712 3029 4781 quia
3058 4715 3114 4766 et
3146 4711 3459 4767 Dominum
3494 4732 3529 4770 a

128 4789 347 4844 caeteris
379 4790 564 4863 utilia,
594 4797 650 4847 et
695 4810 973 4867 prospera
1015 4807 1231 4871 essent,
1264 4818 1527 4861 servasse
1555 4825 1616 4863 se
1648 4827 1768 4866 me-
1878 4799 2099 4854 Judaeis
2126 4797 2558 4870 apprehensum
2582 4798 2851 4870 discipuli
2878 4800 3243 4871 reliquerunt
3270 4815 3282 4855 :
3308 4802 3529 4875 quippe

130 4882 331 4933 morat.
376 4879 500 4935 Non
552 4880 743 4937 solum
775 4884 930 4938 enim
962 4888 1175 4957 verbis,
1200 4894 1288 4945 set
1316 4897 1373 4947 et
1403 4893 1461 4948 in
1493 4898 1768 4967 operibus
1878 4904 2013 4943 cum
2045 4887 2333 4959 scriptum
2366 4887 2443 4941 Sit
2473 4888 2534 4942 in
2565 4886 2884 4959 Propheta:
2915 4912 2943 4937 (ί
2968 4887 3299 4943 Pen“th
3332 4896 3533 4959 Ὠδεῖο-

126 4966 368 5023 formam
399 4985 463 5025 se
494 4971 741 5042 praebuit
785 4974 1181 5043 audientibus,
1206 4984 1271 5033 ut
1301 4985 1357 5035 et
1404 4966 1623 5041 auctori
1659 5006 1764 5044 suo
1877 4992 2033 5043 rem;
2067 4981 2126 5032 et
2156 4977 2567 5047 dispergentur
2597 4992 2729 5031 oves
2761 4977 2957 5049 gregis
2987 4975 3171 5050 (Zach.
3195 4993 3321 5047 xm,
3352 4980 3432 5049 7).
3465 5006 3501 5036 ))

124 5056 359 5151 veritate
387 5058 816 5151 praedicationis
836 5062 1033 5151 Aﬁdelis
1064 5068 1442 5138 dispensator
1471 5072 1763 5145 existeret,
1948 5088 1975 5115 α
2008 5066 2289 5121 Dominus
2321 5070 2519 5124 autem
2546 5065 2735 5123 astitit
2766 5065 2933 5135 mihi.
2957 5072 3015 5123 et
3036 5065 3383 5121 οοῐὶῖονῖανὶὶ
3416 5086 3558 5151 me,

124 5146 177 5232 et
204 5151 404 5201 contra
436 5147 639 5202 mundi
661 5149 974 5222 principes,
999 5160 1054 5210 et
1076 5162 1398 5229 potestates
1421 5164 1577 5217 omni
1612 5166 1694 5221 sol

2000 5172 2071 5211 .er
2102 5171 2195 5210 me
2237 5155 2574 5232 praedicatio
2620 5154 2987 5224 impleretur,
3020 5159 3078 5209 et
3108 5153 3382 5210 audirent
3412 5146 3570 5232 om;

123 5230 464 5329 citudine,et
484 5236 692 5329 peritia
710 5226 1762 5324 colluctatus,‘exemplum,quomodo
1875 5260 1979 5299 Des
2009 5248 2232 5317 gentes-
2261 5265 2287 5291 ”
2316 5226 2557 5319 Ρτορίθι*
2589 5243 2742 5316 (1³οά
2774 5242 3011 5301 Domini
3054 5239 3273 5296 ebriati
3304 5226 3577 5321 8“minis

144 5324 488 5348 ’ἶνιΑΑ-ΑηΑ----
540 5324 678 5348 ..Α-1³-
694 5336 797 5348 Α---
