3976 5348
470 396 587 458 699

1484 411 1818 473 ATTONIS
1863 409 2442 474 VERCELLENSIS
2488 409 2837 472 EPlSCOPl
3706 414 3798 472 100

475 531 620 600 petit
647 531 752 598 eis,
786 549 818 587 a
850 535 1065 605 quibus
1095 538 1406 595 derelictus
1445 547 1535 597 est
1566 543 1623 597 in
1660 545 2023 609 necessitate,
2058 548 2123 597 ut
2153 546 2207 609 Α
2237 543 2497 597 domum.
2551 542 2790 597 Erastus
2832 539 3115 596 remansit
3160 537 3442 594 Corinthi.
3487 538 3802 610 Trapbimum

477 619 621 673 bene
663 628 937 693 acceptus
969 643 1000 679 a
1031 626 1165 695 Deo,
1197 628 1513 685 vindictam
1565 648 1677 685 non
1728 638 1968 703 quaerat.
2006 633 2119 686 Hac

476 709 629 763 enim
665 727 844 765 causa
871 714 1123 785 amplius
1154 718 1421 785 adiutum
1456 737 1515 775 se
1546 722 1729 775 credit
1762 739 1792 775 a
1822 722 1957 788 Deo,
1984 721 2121 792 quia

477 798 787 854 derelictus
817 808 903 855 est
936 804 1007 856 ab
1048 804 1406 862 hominibus.

551 910 578 936 ‹‹
614 890 680 943 Et
710 888 989 945 liberatus
1024 910 1153 948 sum
1206 896 1275 950 de
1325 913 1423 951 ore
1473 898 1675 955 leonis.
1713 900 1998 955 Liberavit
2029 917 2119 954 me

480 977 761 1031 Dominus
791 981 863 1033 ab
895 983 1052 1035 omni
1094 1000 1263 1053 opere
1311 985 1481 1055 malo,
1517 994 1571 1042 et
1602 988 1826 1042 salvum
1862 990 2031 1043 faciet
2062 988 2118 1042 in

479 1081 656 1137 regno
688 1083 793 1121 suo
825 1068 1061 1124 caelesti.
1096 1073 1197 1126 Cui
1233 1072 1411 1145 gloria
1443 1077 1497 1128 in
1531 1082 1830 1132 aeternum.
1859 1086 2064 1131 Amen.
2093 1101 2119 1125 ››

479 1154 760 1210 Similiter
818 1158 958 1211 dicit
1014 1166 1069 1213 et
1118 1164 1320 1217 Petrus
1371 1164 1738 1235 coapostulus
1785 1168 1932 1236 ejus,
1986 1166 2123 1235 quia

478 1244 847 1300 adversarius
878 1252 1075 1303 noster
1107 1250 1373 1306 diabolus
1403 1254 1631 1320 circuit,
1666 1256 1936 1322 fremens,
1972 1255 2123 1308 sicut

477 1331 587 1397 leo,
621 1350 885 1403 quaerens
918 1353 1090 1406 quem
1137 1340 1366 1395 devoret
1397 1343 1447 1412 (Ι
1476 1344 1622 1397 Patr.
1656 1360 1709 1411 v,
1744 1345 1815 1413 8).
1846 1344 1951 1397 Sed
1985 1343 2123 1413 quia

478 1419 537 1474 in
565 1423 842 1491 Apostolo
874 1426 1234 1481 occasionem
1270 1446 1383 1483 non
1418 1432 1769 1496 inveniebat,
1807 1448 1923 1501 qua
1954 1431 2119 1486 illum

481 1509 792 1580 deciperet,
825 1528 926 1580 per
956 1512 1106 1568 filios
1138 1532 1277 1571 suos
1319 1534 1650 1587 pressuram
1695 1520 1778 1573 illi
1814 1520 2118 1587 excitabat,

479 1604 534 1653 et
567 1616 786 1669 poenas,
816 1607 881 1655 ut
910 1602 957 1655 si
993 1620 1107 1657 non
1159 1606 1325 1674 quasi
1361 1614 1646 1677 peccator,
1681 1608 1767 1663 vel
1816 1610 1984 1679 quasi
2029 1610 2121 1677 ju-

479 1692 628 1753 stus,
665 1688 735 1743 de
765 1689 873 1744 hac
905 1695 1098 1746 tamen
1131 1693 1431 1749 tolleretur
1459 1696 1596 1763 vita,
1632 1712 1701 1750 ne
1738 1696 1951 1751 multos
1985 1699 2123 1752 hor-

477 1781 700 1830 taretur
729 1779 798 1832 ad
852 1780 1046 1835 ﬁdem.
1081 1781 1240 1843 Quod
1291 1800 1423 1838 cum
1476 1801 1652 1855 prope
1702 1786 1988 1855 impleret,
2025 1788 2120 1841 Dei

480 1866 843 1973 providentia
871 1866 1150 1973 liberatus
1179 1873 1513 1942 Apostolus,
1545 1874 1792 1929 insultat
1830 1875 1933 1939 illi,
1966 1875 2123 1929 infir—
2155 1910 2201 1973 Β

480 1970 643 2008 mum
692 1954 856 2009 illum
906 1958 1247 2025 testiﬁcans,
1283 1962 1416 2031 quia
1446 1963 1517 2017 de
1550 1980 1646 2018 ore
1703 1965 1830 2033 ejus
1888 1968 2123 2035 ereptus

478 2047 597 2109 est;
630 2044 767 2114 quia
797 2047 951 2115 quod
996 2048 1210 2117 cupivit
1238 2049 1499 2121 implere,
1534 2069 1648 2106 non
1701 2053 1905 2123 potuit.
1942 2053 2122 2123 Igitur

479 2131 577 2185 Dei
636 2132 868 2189 auxiliis
927 2137 1097 2191 morti
1148 2154 1209 2192 se
1261 2144 1522 2209 ereptum
1582 2140 1929 2211 gratulatur,
1963 2145 2021 2195 et
2050 2142 2121 2197 de

477 2220 835 2291 providentia
866 2225 1093 2279 Domini
1128 2232 1246 2281 tam
1290 2244 1529 2283 securus
1559 2234 1665 2295 est,
1704 2233 1768 2283 ut
1815 2235 1871 2283 et
1924 2231 1994 2283 de
2029 2231 2121 2283 fu-

477 2309 629 2363 turis
659 2312 1078 2368 tentationibus
1114 2315 1341 2369 liberari
1367 2333 1428 2371 se
1454 2317 1669 2381 credat,
1696 2322 1753 2371 et
1784 2334 1897 2372 non
1932 2318 2122 2373 solum

480 2396 712 2453 liberari
744 2400 811 2453 ad
849 2418 1126 2471 praesens,
1158 2420 1357 2457 verum
1406 2405 1581 2459 etiam
1614 2404 1838 2460 salvum
1872 2424 1933 2461 se
1964 2408 2123 2461 futu-

482 2502 613 2539 rum
644 2487 703 2540 in
736 2488 827 2542 die
866 2489 1098 2559 judicii,
1140 2499 1195 2546 et
1251 2498 1628 2563 regnaturum
1689 2511 1820 2549 cum
1884 2496 2124 2550 Domino

486 2574 714 2630 Christo
748 2576 804 2629 in
836 2581 1049 2633 aeterna
1080 2580 1308 2634 saecula.

566 2684 587 2711 ι
622 2664 825 2720 Saluta
870 2666 1211 2733 Priscillam,
1255 2676 1311 2723 et
1351 2670 1646 2742 Aquilam,
1679 2678 1734 2727 et
1782 2673 2128 2744 Onesipbori

558 2825 740 2897 (1330)
768 2830 837 2883 In
865 2830 1046 2900 prima
1076 2829 1289 2902 legitur
1319 2830 1374 2885 in
1407 2833 1535 2888 cod.

2230 636 2422 686 autem
2459 631 2667 701 reliqui
2699 630 2995 683 infirmum
3030 628 3231 683 Mileti.
3260 626 3551 682 Sollicitus
3578 634 3684 683 esto
3711 638 3804 687 ante

2231 721 2483 777 hiemem
2517 719 2729 773 venire.
2764 741 2787 767 ι)
2810 717 3042 789 Aquila,
3066 723 3123 772 et
3154 716 3414 771 Priscilla
3445 716 3501 770 hi
3535 722 3676 778 sunt,
3697 724 3803 789 apud

2231 826 2380 880 quos
2410 809 2739 879 hospitatus
2770 808 3117 878 operabatur
3158 806 3449 861 manibus.
3477 805 3805 877 Onesiphorus

2233 903 2425 952 autem
2459 898 2553 952 hic
2580 902 2689 962 est,
2721 898 2814 951 cui
2844 896 3013 951 testis
3037 901 3127 951 est
3155 896 3213 950 in
3245 897 3430 962 (1330)
3461 896 3694 950 secunda
3719 899 3804 969 Epi-

2233 986 2399 1041 stola.
2429 986 2575 1048 Quid
2625 991 2713 1041 est
2762 990 2980 1047 tamen,
3015 991 3078 1039 ut
3129 988 3413 1055 prasente
3440 985 3713 1054 Apostolo,
3740 988 3801 1055 qui

2233 1080 2493 1130 mortuos
2522 1076 2830 1138 excitabat,
2864 1074 3219 1146 Trophimus
3271 1073 3692 1127 inﬁrmaretur?
3730 1074 3799 1129 Sed

2231 1164 2403 1235 signa
2432 1169 2667 1236 propter
2697 1163 3027 1219 incredulos
3059 1162 3207 1218 facta
3234 1167 3393 1217 sunt.
3424 1163 3491 1215 Et
3522 1162 3647 1232 quia
3671 1180 3725 1217 ex
3748 1164 3803 1215 di-

2233 1254 2415 1308 versis
2456 1253 2651 1307 causis
2697 1254 2971 1307 meritum
3003 1251 3321 1306 collocatur
3369 1250 3524 1321 apud
3574 1254 3805 1310 Deum.ut

2232 1347 2349 1397 sive
2382 1342 2480 1413 qui
2514 1343 2570 1396 in
2605 1341 3001 1406 tribulatione,
3026 1341 3144 1396 sive
3175 1340 3273 1410 qui
3305 1340 3363 1393 in
3397 1339 3711 1409 egritudine
3728 1340 3804 1394 Deo

2232 1432 2450 1503 gratias
2480 1432 2617 1501 agit,
2644 1448 2747 1485 nec
2778 1431 2849 1485 ab
2883 1432 3125 1484 adversa
3156 1435 3316 1499 parte
3350 1427 3677 1498 suffragium
3702 1446 3805 1497 que-

2234 1522 2328 1583 rit,
2356 1526 2418 1574 ut
2449 1520 2711 1590 proficiat
2734 1519 2958 1574 meritis
2989 1519 3142 1589 apud
3170 1518 3376 1572 Deum.
3405 1516 3805 1586 Propterimbres

2233 1615 2451 1677 autem,
2484 1615 2541 1664 et
2582 1608 2799 1680 frigora
2846 1607 3228 1672 commonuit,
3262 1613 3327 1661 ut
3369 1610 3641 1660 autumno
3678 1607 3729 1659 ad
3764 1623 3805 1660 se

2231 1698 2469 1754 veniret.

2305 1788 2593 1843 «Salutat
2646 1792 2702 1841 te
2764 1785 3040 1852 Eubolus,
3075 1791 3132 1840 et
3194 1785 3450 1853 Pudens,
3482 1787 3535 1838 et
3584 1785 3744 1849 Linus,
3769 1789 3803 1836 et

2231 1877 2489 1941 Claudia,
2515 1882 2570 1932 et
2598 1892 2802 1931 omnes
2833 1876 3059 1930 fratres.
3090 1899 3109 1923 υ
3146 1879 3299 1929 More
3329 1878 3602 1928 consueto
3628 1871 3804 1942 impleta

2233 1972 2322 2021 est
2355 1966 2610 2037 Epistola
2641 1964 2995 2020 salutatione
3026 1965 3293 2019 fratrum.

2302 2078 2329 2104 «
2358 2055 2636 2109 Dominus
2656 2055 2828 2109 Jesus
2850 2054 3118 2109 Christus
3140 2070 3274 2107 cum
3297 2051 3511 2123 spiritu
3533 2055 3643 2105 tuo.
3662 2049 3798 2105 Vale.-

2233 2147 2362 2196 liaac
2392 2140 2740 2213 subscriptio
2789 2139 3048 2212 Apostoli
3086 2145 3219 2195 est:
3258 2140 3418 2209 quod
3467 2140 3679 2209 signum
3715 2151 3801 2190 esse

2233 2231 2371 2307 dicit
2400 2230 2459 2283 in
2492 2230 2651 2284 omni
2702 2229 2978 2300 Epistola.
3002 2231 3071 2284 Et
3099 2229 3239 2299 quia
3280 2227 3468 2283 Filius
3498 2228 3590 2282 Dei
3619 2226 3736 2280 idem
3760 2225 3801 2277 li-

2232 2320 2347 2374 lius
2379 2319 2635 2373 hominis
2684 2325 2793 2385 est,
2826 2323 2883 2373 et
2922 2319 3096 2373 Jesus
3144 2318 3378 2381 dicitur,
3412 2321 3471 2371 et
3499 2316 3740 2374 Christus,
3763 2318 3803 2366 ut

2236 2413 2293 2463 et
2322 2407 2494 2462 homo
2542 2408 2924 2479 significetur,
2952 2411 3009 2463 et
3053 2406 3226 2472 Deus,
3261 2406 3499 2461 duobus
3546 2402 3805 2459 nominibus

2240 2501 2635 2567 nuncupatur.
2670 2496 2925 2566 Utroque
2973 2500 3168 2550 tamen
3212 2494 3453 2549 nomine
3500 2493 3720 2565 dignitas
3741 2491 3805 2544 de-

2239 2586 2524 2657 signatur,
2554 2602 2672 2655 qua
2703 2585 2925 2639 ratione
2956 2590 3093 2639 sunt
3119 2584 3307 2655 posita
3337 2582 3595 2637 nomina.

2453 2676 2609 2728 Finis
2638 2674 2898 2745 Epistolm
2925 2673 3171 2729 secunda:
3196 2672 3270 2727 ad
3305 2672 3655 2727 Timotheum.

1685 3177 2210 3238 CAPITULATIO
2253 3178 2355 3237 AD
2399 3177 2675 3237 TITUM.

557 3517 607 3569 1.
640 3517 833 3572 Titum
880 3519 1120 3574 instruit
1149 3522 1351 3593 quales
1386 3523 1595 3578 debeat
1637 3522 1938 3593 episcopos
1972 3523 2125 3578 ordi-
2159 3524 2201 3590 C
2240 3522 2542 3577 vivamus:
2570 3526 2627 3576 et
2651 3526 2715 3576 ut
2744 3538 2874 3576 cum
2906 3521 3067 3575 omni
3100 3521 3344 3593 imperio
3375 3524 3603 3593 arguat,
3624 3518 3808 3588 potesta-

489 3621 626 3659 nare
661 3623 672 3660 :
710 3611 766 3660 et
797 3612 859 3660 ut
889 3609 1193 3664 Cretenses
1224 3610 1482 3682 increpet
1512 3612 1676 3665 dure.

555 3693 609 3746 2.
645 3692 789 3755 Quia
811 3695 1007 3750 omnia
1032 3698 1249 3752 munda
1273 3699 1507 3753 mundis
1538 3717 1550 3754 :
1576 3705 1632 3754 et
1662 3705 1725 3753 ut
1747 3716 1935 3764 senes,
1960 3717 2127 3768 anus,

479 3781 747 3849 juvenes,
782 3782 1230 3841 adolescentulis
1259 3787 1582 3843 castitatem
1619 3792 1870 3858 servent,
1899 3792 1954 3843 et
1982 3790 2128 3843 servi

487 3868 743 3924 dominis
775 3871 1194 3944 obtemperent.

556 3958 608 4012 3.
643 3958 787 4022 Quia
817 3963 1089 4033 apparuit
1119 3964 1305 4036 gratia
1351 3965 1445 4020 Dei
1476 3966 1751 4021 erudiens
1784 3982 1910 4033 nos,
1944 3970 2009 4020 ut
2040 3966 2133 4037 pie

2242 3611 2399 3665 tibus
2431 3611 2697 3665 subditos
2730 3626 2857 3665 esse
2885 3627 2946 3665 se
2976 3615 3032 3665 et
3060 3610 3374 3665 modestos.

2312 3701 2362 3753 4.
2390 3699 2535 3762 Quia
2561 3715 2794 3753 eramus
2827 3703 2883 3753 et
2916 3716 3020 3753 nos
3042 3698 3356 3770 aliquando
3380 3697 3714 3769 insipientes.
3734 3688 3806 3743 Sed

2241 3786 2591 3859 benignitas,
2612 3792 2669 3841 et
2702 3786 3037 3841 humanitas
3066 3788 3182 3856 Dei,
3210 3804 3323 3841 non
3352 3803 3421 3842 ex
3445 3784 3691 3858 operibus
3715 3794 3805 3832 nos-

2241 3876 2570 3943 tris,salvos
2593 3892 2698 3931 nos
2721 3874 2855 3941 fecit
2879 3892 2890 3929 :
2917 3881 2975 3929 et
3002 3879 3064 3929 ut
3086 3874 3296 3931 stultas
3321 3867 3807 3947 quastiones,etha3-

2244 3966 2487 4020 reticum
2520 3964 2817 4019 hominem
2844 3968 2976 4035 post
3004 3980 3181 4018 unam
3212 3964 3619 4019 correctionem
3639 3955 3805 4012 devitet

1679 4146 2235 4207 AltGUMb‘NTUM
2281 4144 2381 4202 AD
2425 4144 2694 4204 TITUM.

557 4299 754 4353 Titum
787 4302 1233 4358 commonefacit
1263 4309 1321 4357 et
1351 4302 1588 4357 instruit
1618 4303 1687 4358 de
1717 4302 2131 4358 constitutione

486 4388 830 4458 presbyteri,
863 4394 919 4442 et
949 4390 1018 4444 de
1047 4391 1296 4461 spiritali
1330 4392 1786 4462 conversatione,
1819 4396 1875 4445 et
1906 4390 2129 4445 haereti-

2244 4302 2327 4357 cis
2358 4302 2737 4373 vitandis,qui
2772 4301 2829 4356 in
2854 4302 3159 4374 scripturis
3186 4301 3445 4357 Judaicis
3475 4288 3806 4355 creduntscri-

2244 4392 2387 4446 hens
2416 4391 2467 4446 ei
2500 4391 2572 4445 ab
2606 4392 2747 4446 urbe
2780 4392 2981 4446 Roma.

1257 4705 1717 4800 INCIPIT
1785 4703 2396 4798 EPISTOLA
2464 4704 2627 4797 AD
2699 4704 3106 4798 TITUM.

555 5050 713 5121 (CAP.
750 5052 817 5122 Ι.)
844 5075 871 5102 ‹‹
920 5052 1134 5107 Paulus
1182 5070 1383 5108 servus
1436 5052 1558 5108 Dei.
1588 5074 1614 5102 »
1647 5052 1792 5118 Quid
1844 5056 1933 5108 est
1980 5053 2135 5124 quod
2164 5056 2212 5120 D
2243 5054 2384 5109 dum
2417 5058 2733 5126 utrumque
2763 5072 2797 5111 a
2820 5054 3050 5110 Christo
3081 5054 3302 5110 dictum
3335 5059 3443 5125 est,
3464 5047 3719 5124 quomodo
3744 5042 3801 5096 in-

487 5137 749 5193 Salvator
805 5148 1003 5196 noster
1058 5160 1123 5197 ac
1182 5142 1466 5196 Dominus
1524 5141 1805 5212 apostolis
1863 5140 2130 5196 dixerit:

488 5247 515 5273 ‹‹
545 5226 674 5279 Jam
710 5244 822 5282 non
855 5230 1044 5283 dicam
1079 5246 1180 5285 vos
1210 5246 1427 5293 servos,
1452 5230 1551 5284 sed
1584 5230 1804 5283 amicos
1836 5230 2012 5299 (Joan.
2038 5246 2128 5296 xv,

489 5313 577 5348 45“
605 5330 666 5348 ο..

694 5318 747 5348 ηδ
779 5317 1039 5348 ΔῖιῖηᾹΛν-νι
1076 5318 1339 5348 Μηνυξηῦκῖ
1375 5316 1698 5348 Αἶηηῖηιιιιιη
1746 5318 1862 5348 :mn
1902 5319 2107 5348 Annn‘n

2245 5143 2427 5215 telligi
2460 5143 2683 5212 debeat,
2707 5144 2949 5199 solerter
2978 5143 3322 5199 intuendum
3354 5143 3543 5200 est.Ex
3562 5138 3642 5195 bis
3660 5128 3800 5226 ponii-

2242 5232 2301 5285 ni
2330 5232 2521 5287 verbis
2569 5237 2729 5303 patet
2760 5233 2874 5286 duo
2916 5249 3043 5287 esse
3091 5248 3305 5303 genera
3353 5233 3510 5287 bonae
3555 5223 3798 5283 servitutis.

2743 5320 2896 5348 ηιξ...]
2936 5320 3256 5348 Αειηηιεηηεη
3281 5339 3291 5348 .
3328 5336 3504 5348 ..-μνη
3537 5308 3795 5348 ΗΜΔΠΗΙΠΠ

2242 5335 2421 5348 Iun-Im
