3976 5348
127 437 232 499 701

737 440 1148 505 EXPOSITIO
1193 442 1269 504 IN
1317 445 1741 507 EPISTULAS
1785 442 2047 505 PAULI.
2080 443 2261 501 -ΙΝ
2309 440 2553 503 EPIST.
2602 438 2703 500 AD
2747 436 2899 499 Tl'l‘.

3398 430 3515 492 702

132 571 174 643 (ι
199 572 355 627 Joan.
402 588 481 639 1v,
527 572 635 643 18).
690 575 984 632 Perfectus
1014 580 1209 633 autem
1240 577 1533 633 servitutis
1565 579 1763 639 timor.
1794 579 1847 644 Α
1880 576 1986 631 tim
2009 581 2065 630 et
2080 579 2415 631 caaterarum
2441 575 2751 640 artium,et
2769 570 3079 633 earum.de
3101 567 3318 639 quibus
3338 580 3518 637 supra

134 677 242 715 non
265 659 455 715 solum
488 678 601 716 non
634 662 809 718 habet
839 680 1089 735 poenam,
1114 667 1215 721 sed
1248 668 1320 720 ad
1353 667 1544 737 ipsum
1576 682 1768 737 perve-

134 751 288 805 nitur
313 766 415 820 per
436 749 717 821 laetitiam,
736 752 1049 809 Psalmista
1069 754 1354 809 hortando
1375 760 1644 820 testante,
1667 753 1767 825 qui

135 839 214 893 ait
245 856 259 892 :
306 862 332 887 ‹‹
372 840 618 894 Laetetur
649 857 745 896 cor
776 858 995 907 meum,
1030 846 1093 897 ut
1124 843 1327 898 timeat
1358 861 1565 898 nomen
1599 848 1767 897 tuum

136 927 302 998 (Psal.
339 944 539 993 Lxxxv,
582 930 707 998 11);
744 951 769 977 ››
818 935 875 985 et
923 930 1133 986 iterum
1169 950 1181 988 :
1234 957 1260 981 (ι
1297 934 1496 987 Timor
1547 932 1770 987 Domini

134 1021 370 1073 sanctus
402 1023 700 1087 permanet
747 1019 804 1072 in
854 1019 1132 1075 saeculum
1180 1022 1374 1077 saaculi
1406 1023 1576 1091 (Psal.
1608 1038 1770 1087 xvm,

138 1106 239 1175 10).
274 1126 299 1155 ι»
335 1110 502 1161 Hunc
534 1124 787 1178 namque
819 1110 1089 1165 timorem
1122 1110 1340 1165 habent
1368 1117 1425 1165 et
1454 1111 1640 1165 sancti
1674 1127 1774 1164 an—

133 1194 263 1266 geli,
298 1212 472 1266 quem
506 1196 756 1267 profecto
790 1197 1115 1253 habuerant
1163 1204 1218 1253 et
1266 1200 1451 1253 sancti
1502 1198 1767 1269 apostoli,

132 1300 226 1354 per
247 1285 563 1338 adventum
597 1285 820 1341 scilicet
842 1287 1095 1357 Spiritus
1118 1289 1326 1353 sancti,
1354 1306 1454 1359 per
1475 1304 1650 1359 quem
1673 1289 1774 1342 de-

132 1373 359 1429 scendit
389 1373 642 1429 charitas
686 1375 744 1429 in
789 1376 1064 1433 cordibus
1098 1378 1334 1432 nostris.
1369 1376 1587 1433 Idcirco
1634 1382 1691 1433 et
1743 1394 1777 1431 a

132 1461 378 1516 Domino
410 1479 524 1516 non
557 1463 693 1517 dicti
726 1468 865 1519 sunt
895 1466 1063 1531 servi,
1089 1468 1188 1520 sed
1222 1467 1416 1529 amici,
1445 1468 1545 1537 qui
1578 1471 1774 1520 tamen

132 1555 185 1605 et
213 1567 250 1604 a
281 1551 635 1623 semetipsis,
658 1558 714 1607 et
744 1571 777 1607 a
797 1553 1041 1609 Domino
1067 1555 1201 1609 dicti
1228 1562 1367 1610 sunt
1390 1556 1537 1611 servi
1564 1572 1575 1609 :
1611 1555 1778 1609 nimi-

131 1656 265 1694 rum
300 1656 410 1693 non
444 1657 513 1695 ex
547 1641 771 1707 timore,
807 1644 905 1696 sed
940 1660 1137 1699 amore
1168 1649 1281 1699 Deo
1315 1645 1601 1715 placendi.

200 1755 229 1778 ιι
268 1728 580 1799 Apostolus
603 1735 798 1784 autem
821 1731 957 1786 Jesu
982 1732 1214 1787 Christi.
1241 1756 1268 1783 ››
1302 1734 1586 1791 Discrevit
1606 1736 1779 1790 servi-

132 1823 318 1873 tutem
351 1818 421 1873 ab
454 1819 779 1890 apostolatu
812 1838 824 1887 ;
859 1821 998 1891 quia
1027 1838 1140 1875 non
1173 1824 1388 1890 omnis,
1421 1825 1519 1894 qui
1552 1841 1773 1894 servus,

132 1907 336 1961 statim
390 1912 447 1962 et
496 1907 817 2005 apostolus,
849 1911 950 1964 sed
999 1913 1335 1982 quicunque
1374 1914 1674 1983 apostolus
1722 1919 1855 2005 etB

131 2013 357 2051 servus.
392 1997 504 2051 Sed
536 1996 751 2052 Paulus
784 1998 910 2053 ideo
941 1998 1261 2070 apostolus,
1296 2002 1435 2072 quia
1465 2002 1657 2074 ipsum
1692 2004 1781 2057 Je-

131 2103 269 2139 sum
317 2086 614 2140 Christum
666 2087 885 2141 missus
935 2088 1120 2142 fuerat
1168 2090 1503 2159 praedicare.
1555 2092 1621 2145 Et
1671 2092 1778 2146 hoc

129 2175 463 2239 sciendum,
498 2175 637 2245 quia
685 2175 734 2231 si
781 2176 967 2242 Pater,
998 2182 1057 2231 et
1103 2177 1281 2232 Filius
1317 2196 1500 2233 unum
1532 2186 1690 2251 sunt,
1722 2186 1780 2236 et

128 2264 227 2334 qui
270 2264 579 2319 crediderit
608 2263 665 2318 in
700 2263 931 2333 Filium,
963 2266 1145 2321 credit
1177 2270 1234 2320 et
1264 2267 1321 2321 in
1354 2272 1606 2323 Patrem.
1635 2269 1780 2331 Quia

126 2352 347 2419 omnis,
371 2353 469 2423 qui
505 2370 618 2407 non
642 2353 825 2408 credit
855 2354 913 2407 in
941 2354 1173 2425 Filium,
1200 2372 1304 2411 nec
1328 2361 1554 2412 Patrem
1584 2358 1777 2413 habet.

121 2441 387 2497 Servitus
408 2441 605 2512 itaque
626 2441 1023 2498 indifferenter
1049 2445 1297 2515 apostoli
1322 2446 1506 2517 Pauli,
1532 2446 1684 2501 sicut
1708 2447 1779 2501 ad

126 2534 387 2599 Patrem,
420 2530 501 2584 ita
540 2531 612 2586 ad
647 2531 854 2586 Filium
891 2534 1193 2588 referenda
1223 2539 1329 2589 est.

200 2643 232 2669 «
268 2620 595 2674 Secundum
619 2621 791 2676 ﬁdem
812 2620 1129 2679 electorum
1148 2624 1274 2691 Dei;
1298 2646 1324 2672 ››
1350 2625 1405 2679 id
1430 2628 1536 2693 est,
1553 2641 1780 2691 eorum,

126 2710 233 2781 qui
260 2726 374 2764 non
398 2713 630 2763 tantum
653 2710 836 2765 vocati
860 2715 1016 2779 sunt,
1036 2713 1134 2766 sed
1158 2718 1216 2767 et
1236 2712 1424 2768 electi.
1452 2714 1781 2769 Electorum

126 2815 369 2869 quoque
399 2799 663 2867 ipsorum
688 2815 901 2870 magna
924 2800 1229 2856 diversitas
1250 2810 1357 2866 est,
1382 2820 1486 2873 pro
1507 2804 1783 2858 varietate

126 2892 492 2959 temporum,
519 2903 825 2953 sensuum,
851 2892 1025 2958 atque
1055 2904 1411 2944 sermonum.
1438 2891 1551 2945 Nec
1583 2892 1782 2947 statim

126 2976 241 3047 qui
271 2974 491 3030 electus
522 2974 619 3028 Dei
666 2980 777 3043 est,
806 2974 893 3029 vel
934 2977 1104 3045 juxta
1150 2977 1490 3033 electionem
1524 2980 1784 3050 possidet

126 3065 343 3129 ﬁdem,
374 3062 461 3117 vel
502 3064 670 3132 juxta
717 3062 888 3118 fidem
939 3063 1114 3119 habet
1160 3066 1462 3121 scientiam
1501 3068 1779 3123 veritatis.

119 3153 251 3206 Sed
281 3152 465 3221 (1331)
496 3152 819 3206 secundum
851 3167 980 3208 eam
1014 3154 1209 3220 fidem,
1232 3171 1410 3224 quam
1441 3155 1553 3227 ipsi
1584 3156 1780 3211 infun-

119 3240 243 3303 dit,
278 3244 335 3294 et
364 3239 502 3294 facit
532 3240 854 3305 credentes,
888 3257 1036 3311 quos
1085 3246 1142 3296 et
1185 3243 1242 3296 in
1282 3244 1647 3314 praeseisntia
1674 3262 1783 3301 sua

116 3327 330 3399 elegit,
360 3328 511 3382 sicut
541 3328 720 3384 dicit:
754 3351 783 3379 «
816 3329 941 3385 Non
975 3347 1075 3385 vos
1105 3347 1198 3386 me
1227 3331 1506 3403 elegistis,
1541 3334 1638 3388 sed
1672 3350 1777 3405 ego

116 3416 278 3489 elegi
310 3432 412 3472 vos
444 3416 627 3487 (Joan.
658 3434 747 3485 xv,
784 3418 891 3488 16).
932 3441 953 3466 ι

196 3527 229 3554 ‹‹
264 3509 331 3559 Et
346 3504 701 3576 agnitionem
720 3505 1000 3572 veritatis,
1017 3524 1142 3578 qua;
1160 3510 1480 3564 secundum
1506 3510 1775 3580 pietatem

113 3598 234 3650 est.
261 3615 289 3643 »
323 3594 508 3664 (1332)
541 3594 830 3658 Quaeritur
858 3611 1039 3666 quare
1070 3597 1139 3651 ad
1174 3598 1230 3651 id
1262 3600 1415 3669 quod
1450 3598 1531 3653 ait
1566 3617 1578 3654 :
1613 3623 1640 3649 «
1681 3600 1778 3655 Se-

109 3683 383 3739 cundum
409 3684 583 3737 fidem
612 3683 924 3739 electorum
951 3685 1072 3753 Dei,
1097 3690 1153 3740 et
1182 3688 1539 3757 agnitionem
1563 3689 1774 3743 verita-

108 3772 217 3842 tis,
256 3794 285 3820 »
335 3772 605 3826 Junxerit
637 3788 649 3825 :
704 3793 731 3820 «
765 3772 898 3835 Quae
931 3774 1255 3827 secundum
1290 3776 1563 3845 pietatem
1597 3784 1707 3831 est.
1746 3801 1773 3827 ››

112 3864 326 3915 utrum
352 3876 489 3914 nam
520 3859 597 3915 sit
618 3859 814 3929 aliqua
834 3860 1067 3927 veritas,
1093 3878 1220 3932 quae
1243 3879 1356 3917 non
1381 3863 1438 3917 in
1466 3866 1677 3935 pietate
1700 3866 1777 3921 sit

109 3948 335 4019 posita,
368 3953 426 4002 et
471 3964 625 4002 nunc
675 3949 745 4002 ad
797 3947 1232 4005 distinctionem
1286 3950 1443 4006 illius
1492 3953 1776 4008 inferatur

112 4036 347 4109 agnitio
377 4037 659 4102 veritatis,
707 4060 735 4085 ‹‹
769 4053 895 4108 quae
936 4038 1262 4092 secundum
1296 4040 1569 4109 pietatem
1601 4046 1708 4096 est.
1743 4064 1773 4092 »

112 4127 223 4181 Est
256 4125 429 4196 plane
448 4125 683 4193 veritas,
708 4142 835 4197 quae
867 4143 981 4181 non
1015 4125 1191 4181 habet
1222 4128 1515 4199 pietatem.
1547 4130 1605 4185 Si
1638 4131 1774 4201 quis

108 4214 571 4286 grammaticam
622 4218 806 4269 artem
858 4213 1101 4279 noverit,
1140 4214 1225 4269 vel
1281 4216 1666 4286 dialecticam,
1711 4224 1775 4275 ut

108 4303 410 4357 rationem
445 4308 599 4358 recte
628 4301 909 4373 loquendi
954 4303 1187 4369 habeat,
1220 4310 1275 4360 et
1320 4305 1473 4361 inter
1524 4306 1670 4362 falsa
1718 4314 1776 4363 et

110 4406 260 4445 vera
290 4391 595 4461 dijudicet.
629 4390 957 4446 Geometria
995 4408 1248 4463 quoque,
1284 4398 1337 4450 et
1383 4395 1769 4460 arithmetica.

110 4485 171 4533 et
209 4479 445 4534 musica
466 4479 682 4534 habent
705 4479 764 4533 in
796 4496 904 4533 sua
925 4480 1169 4534 scientia
1187 4481 1509 4547 veritatem,
1533 4485 1632 4538 sed
1656 4502 1772 4540 non

106 4572 205 4623 est
241 4566 346 4622 illa
376 4568 619 4622 scientia
648 4567 902 4639 pietatis.
935 4567 1186 4623 Scientia
1218 4568 1451 4639 pietatis
1479 4576 1569 4625 est
1599 4588 1770 4627 nosse

1877 664 2231 720 mentionem
2262 663 2526 731 fecimus,
2553 665 2720 733 juxta
2749 660 3053 715 veritatem
3084 661 3172 712 est
3202 656 3406 726 (1333).

1951 774 1979 801 «
2016 757 2075 805 In
2108 769 2269 823 spem
2302 752 2429 805 vitae
2462 756 2704 805 aeterna}.
2735 772 2762 799 ››
2800 750 2923 803 Haec
2954 746 3134 818 igitur
3162 746 3395 808 veritas,
3421 758 3517 796 cu-

1882 842 1973 911 ius
1996 841 2212 913 agnitio
2235 842 2405 911 juxta
2432 841 2707 910 pietatem
2740 846 2845 903 est,
2872 837 2929 891 in
2962 852 3123 907 spem
3147 834 3271 910 vitas
3293 838 3515 887 internas

1882 931 2072 1001 posita
2101 936 2223 996 est;
2258 929 2395 1000 quia
2424 928 2623 983 statim
2656 928 2727 995 ei,
2762 927 2861 997 qui
2894 942 2955 981 sc
2985 922 3337 995 cognoverit,
3372 936 3518 991 pra:-

1882 1018 2065 1073 mium
2097 1019 2304 1073 tribuit
2334 1016 2815 1072 immortalitatis.
2849 1016 3083 1085 Absque
3125 1013 3337 1083 pietate
3385 1025 3517 1064 vero

1882 1108 2090 1162 notitia
2120 1108 2378 1161 veritatis
2399 1107 2646 1162 delectat
2674 1106 2742 1159 ad
2778 1120 3050 1175 praesens,
3076 1102 3175 1156 sed
3204 1102 3262 1154 in
3294 1098 3518 1154 aeterni-

1882 1201 1999 1250 tate
2041 1197 2342 1266 praamium
2384 1213 2499 1249 non
2546 1194 2739 1249 habet.

1954 1308 1981 1335 ‹‹
2016 1285 2199 1348 Quam
2226 1286 2493 1355 promisit
2515 1285 2615 1354 qui
2641 1301 2753 1339 non
2778 1282 3074 1344 mentitur,
3095 1281 3245 1334 Deus
3268 1277 3470 1348 (1334).
3495 1300 3521 1325 ››

1882 1374 1939 1429 Si
1994 1392 2107 1428 non
2160 1376 2460 1439 mentitur,
2494 1373 2790 1445 agnoscite
2836 1372 3157 1437 veritatem,
3207 1375 3265 1422 et
3312 1366 3522 1420 veritas

1884 1463 2153 1518 liberabit
2174 1480 2274 1518 vos
2300 1481 2311 1529 ;
2342 1464 2480 1534 quia
2500 1464 2711 1518 veritas
2735 1462 3001 1517 Christus
3021 1465 3127 1525 est,
3151 1462 3207 1512 et
3229 1474 3343 1511 non
3367 1454 3525 1511 aliud

1885 1551 2135 1619 exhibet,
2171 1569 2345 1622 quam
2380 1551 2665 1622 promisit,
2698 1556 2755 1605 et
2795 1549 2976 1619 justis
3016 1547 3252 1612 scilicet,
3280 1544 3526 1613 et'inju-

1887 1641 2298 1711 stis,quamvis
2314 1642 2527 1695 durum
2550 1642 2657 1695 hoc
2683 1638 3021 1694 hominibus
3041 1636 3305 1689 videatur
3321 1634 3526 1704 (1335).

1887 1729 1988 1785 Vel
2019 1730 2102 1785 sic
2127 1730 2525 1801 accipiendum
2552 1746 2566 1784 :
2599 1729 2758 1793 Quod
2790 1726 3057 1798 promisit
3078 1723 3343 1787 Abrahze,
3372 1722 3527 1793 quod

1888 1818 2364 1873 benedicerentur
2395 1818 2452 1873 in
2484 1819 2610 1888 ipso
2642 1833 2845 1872 omnes
2875 1820 3100 1885 gentes,
3133 1814 3251 1866 hmo
3280 1811 3340 1865 in
3372 1810 3530 1864 Chri-

1888 1911 1977 1960 sto
2016 1905 2277 1976 implevit
2327 1924 2428 1977 per
2485 1906 2951 1975 praedicationem
2981 1900 3227 1974 apostoli
3260 1899 3443 1965 Pauli,
3474 1904 3531 1953 et

1887 1998 2225 2049 casterorum
2263 1997 2390 2065 ejus
2433 1994 2920 2067 coapostolorum.

1958 2105 1986 2131 ‹‹
2020 2088 2167 2138 Ante
2216 2088 2479 2155 tempora
2530 2083 2848 2139 saecularia.
2903 2081 3287 2137 Manifestavit
3333 2084 3530 2135 autem

1886 2173 2251 2242 temporibus
2270 2174 2393 2228 suis
2414 2175 2655 2228 verbum
2679 2188 2853 2227 suum
2878 2189 2935 2225 in
2961 2169 3384 2242 praedicatione,
3402 2184 3529 2239 quas

1887 2261 2107 2316 credita
2161 2267 2248 2316 est
2286 2262 2429 2315 mihi
2462 2262 2666 2333 (1336).
2700 2284 2728 2310 »
2784 2262 2923 2316 Ecce
2952 2260 3099 2315 dixit
3127 2260 3282 2330 quod
3317 2257 3533 2312 fuerint

1888 2356 2151 2421 tempora
2180 2356 2413 2417 eterna,
2448 2368 2577 2422 qua;
2610 2357 2805 2406 tamen
2836 2367 2952 2405 non
2992 2350 3230 2405 fuerunt
3272 2348 3387 2402 Deo
3437 2362 3531 2401 co-

1890 2444 2121 2494 saterna.
2138 2439 2439 2511 Siquidem
2465 2440 2559 2495 ille
2576 2446 2708 2495 ante
2724 2444 2988 2510 tempora
3009 2435 3399 2499 saecularia,id
3421 2438 3529 2502 est,

1888 2532 2100 2582 aeterna
2121 2544 2235 2581 non
2260 2528 2452 2582 solum
2474 2533 2616 2593 erat,
2636 2544 2835 2582 verum
2858 2528 3034 2582 etiam
3058 2524 3329 2596 promisit
3351 2523 3531 2576 vitam

1889 2620 2188 2683 aeternam,
2223 2634 2400 2687 quam
2449 2616 2841 2672 manil’estavit
2884 2614 3250 2685 temporibus
3295 2611 3439 2675 suis,
3474 2610 3531 2664 id

1889 2709 1996 2773 est,
2031 2706 2324 2775 congruis.
2360 2706 2505 2770 Quid
2538 2705 2695 2758 aliud
2727 2704 2981 2759 Verbum
3014 2719 3191 2758 suum
3214 2701 3241 2754 ?
3273 2702 3400 2771 Ipse
3443 2701 3534 2753 est

1890 2791 2045 2847 enim
2078 2792 2195 2847 vita
2222 2799 2453 2848 acterna.
2489 2794 2788 2857 Quomodo
2830 2798 3025 2847 autem
3074 2788 3364 2862 promisit,
3399 2804 3532 2841 cum

1892 2880 2231 2935 hominibus
2263 2882 2464 2952 utique
2504 2882 2855 2952 promiserit,
2891 2881 2987 2951 qui
3038 2880 3299 2947 nondum
3342 2880 3528 2942 erant,

1892 2974 2025 3023 ante
2056 2974 2321 3039 tempora
2348 2974 2582 3040 aeterna,
2614 2971 2726 3027 nisi
2758 2971 2895 3042 quia
2925 2970 2983 3023 in
3028 2970 3158 3039 ejus
3187 2965 3531 3029 aeternitate,

1892 3062 2067 3127 atque
2118 3059 2174 3111 in
2220 3059 2347 3129 ipso
2378 3059 2565 3114 Verbo
2602 3060 2731 3129 ejus
2761 3059 2947 3113 eidem
2981 3062 3283 3123 oozsterno,
3310 3055 3435 3125 jam
3471 3054 3530 3109 in

1892 3146 2401 3216 praedestinatione
2423 3148 2602 3202 fixum
2624 3152 2766 3213 erat,
2790 3148 2945 3217 quod
2969 3162 3074 3202 suo
3094 3150 3357 3215 tempore
3379 3146 3532 3198 futu-

1893 3250 2022 3289 rum
2057 3242 2180 3290 erat
2202 3236 2229 3289 ‘I

1968 3344 1996 3373 «
2029 3324 2361 3379 Secundum
2393 3329 2748 3396 praeceptum
2777 3322 3086 3379 Salvatoris
3126 3322 3307 3377 nostri
3345 3321 3467 3377 Dei.
3503 3342 3533 3371 »

1886 3412 2009 3466 Non
2041 3412 2135 3467 hic
2167 3413 2318 3468 alius
2349 3413 2701 3485 intelligitur
2731 3411 2992 3468 Salvator
3022 3418 3196 3477 Deus,
3230 3427 3407 3482 quam
3438 3410 3533 3464 Fi-
3572 3477 3580 3484 η

1885 3499 2019 3556 lius.
2044 3503 2168 3572 Ipse
2189 3502 2343 3557 enim
2372 3520 2547 3568 unus,
2571 3503 2846 3574 idemque
2867 3519 2998 3557 cum
3024 3502 3211 3567 Patre,
3231 3504 3288 3555 et
3307 3498 3528 3572 Spiritu

1885 3595 2107 3660 sancto,
2141 3607 2315 3656 unus,
2348 3597 2406 3645 et
2433 3609 2603 3646 verus
2632 3591 2894 3646 Salvator
2935 3596 2992 3645 et
3025 3592 3173 3645 Deus
3203 3594 3311 3644 est.

1957 3701 1982 3728 ‹‹
2018 3679 2144 3733 Tito
2174 3679 2387 3735 dilecto
2437 3680 2576 3735 filio.
2613 3703 2642 3730 »
2687 3681 2883 3735 Titum
2916 3679 3103 3734 filium
3135 3695 3310 3733 suum
3341 3682 3524 3743 vocat,

1884 3769 2105 3825 scilicet
2134 3769 2419 3835 doctrina,
2451 3770 2736 3842 exemplo,
2768 3769 3115 3838 eruditione,
3143 3773 3318 3839 atque
3348 3767 3526 3822 disci-

1883 3857 2062 3927 plina,
2101 3874 2212 3911 non
2244 3862 2438 3912 tamen
2472 3865 2700 3923 natura,
2734 3880 2762 3908 «
2796 3858 3119 3912 secundum
3151 3872 3525 3911 communem

1886 3946 2081 3999 fidem.
2119 3968 2146 3994 ››

1956 4034 2140 4105 (1337)
2172 4033 2513 4088 Utramnam
2547 4034 2834 4101 omnium,
2866 4032 2967 4102 qui
3016 4033 3075 4085 in
3123 4031 3353 4087 Christo
3403 4048 3527 4087 cre-

1885 4123 2121 4189 debant,
2156 4138 2529 4176 communem
2559 4121 2769 4177 dixerit
2801 4121 2997 4185 fidem,
3023 4136 3095 4174 an
3128 4136 3522 4190 communem,

1883 4229 2051 4268 suam
2083 4216 2314 4266 tantum
2346 4216 2402 4265 et
2422 4210 2536 4266 Titi
2557 4209 2585 4263 ?
2614 4210 2774 4273 Quod
2796 4208 3034 4280 quidem
3068 4207 3276 4263 melius
3297 4208 3528 4262 videtur

1883 4300 2129 4372 apostoli
2145 4299 2326 4367 Pauli,
2342 4305 2399 4355 et
2411 4300 2524 4354 Titi
2544 4300 2719 4354 fidem
2738 4299 2919 4353 fuisse
2938 4311 3330 4364 communem,
3345 4311 3524 4365 quam

1882 4390 2146 4447 omnium
2170 4389 2527 4444 credentium
2554 4406 2566 4453 ;
2602 4388 2661 4442 in
2694 4389 2910 4459 quibus
2940 4402 3044 4457 pro
3069 4384 3342 4441 varietate
3364 4400 3525 4439 men-

1881 4481 2029 4534 tium
2065 4480 2206 4534 iides
2239 4496 2469 4549 quoque
2490 4477 2821 4533 communis
2846 4492 2973 4531 esse
3005 4492 3118 4532 non
3152 4478 3393 4546 poterat,
3423 4473 3525 4528 sed

1881 4570 2131 4624 diversa.

109 4656 336 4728 legem,
388 4656 715 4729 intelligere
764 4656 1102 4728 prophetas,
1152 4658 1463 4729 Evangelia
1520 4660 1773 4728 credere,
1803 4661 1851 4725 D
1953 4679 1980 4707 «
2012 4656 2209 4711 Gratia
2238 4662 2295 4711 et
2324 4673 2433 4727 pax
2464 4673 2497 4711 a
2532 4658 2642 4711 Deo
2672 4660 2862 4723 Patre,
2895 4659 2953 4710 et
2978 4656 3117 4711 Jesu
3149 4653 3374 4708 Christo
3402 4651 3524 4706 Sal-

109 4745 423 4817 apostolos
456 4762 571 4801 non
606 4746 894 4817 ignorare.
931 4745 997 4799 Et
1027 4761 1057 4800 e
1087 4748 1379 4802 contrario
1412 4747 1579 4802 multi
1610 4755 1768 4814 sunt,

111 4837 225 4906 qui
250 4834 470 4889 habent
492 4834 725 4905 pietatis
744 4850 941 4889 veram
963 4834 1375 4906 cognitionem,
1400 4837 1502 4892 sed
1524 4854 1639 4893 non
1663 4842 1775 4893 sta-

188 5049 377 5121 (1331)
412 5048 558 5103 Huic
588 5046 885 5102 sententiis
912 5048 1111 5135 eodem
1147 5048 1452 5119 scriptoris
1482 5056 1773 5107 caractere

109 5140 173 5193 in
213 5154 402 5210 marg.
427 5139 769 5209 adnotatum
801 5136 1014 5209 legitur
1043 5157 1133 5194 an.
1161 5136 1307 5201 Quid
1344 5138 1429 5192 his
1460 5138 1665 5193 littera:
1700 5138 1773 5192 si-

1882 4750 2075 4800 vatore
2108 4748 2304 4799 nostro
2336 4744 2537 4816 (1338).
2565 4765 2593 4793 »
2624 4744 2881 4799 Gratiam
2914 4744 3014 4799 Dei
3047 4742 3438 4809 commendat,
3463 4745 3528 4794 ut

1884 4838 1941 4889 et
1987 4833 2047 4888 in
2095 4833 2320 4887 caeteris
2367 4832 2654 4901 epistolis,
2686 4848 2790 4903 per
2826 4847 3005 4901 quam
3036 4829 3207 4886 nobis
3235 4830 3531 4885 donantur

1953 5048 2140 5121 (1334)
2172 5046 2253 5121 lbi
2287 5046 2346 5101 in
2378 5062 2565 5121 marg.
2599 5047 2681 5099 ita
2712 5046 3055 5102 adnotatum
3089 5046 3200 5111 est,
3232 5043 3343 5110 AN,
3373 5042 3533 5098 scili-

1884 5118 1972 5176 cet
2000 5118 2389 5191 Augustinus.
