3976 5348
473 327 590 386 703
1474 329 1805 390 ATTONIS
1851 327 2434 392 VERCELLENSIS
2480 329 2832 392 EPISCOPI
3699 327 3786 386 ’104

473 462 730 529 peccata,
760 464 827 514 ut
857 459 1467 528 reconciliemurDeo;
1502 477 1613 532 pax
1642 466 1856 531 autem,
1882 479 1997 532 qua
2030 477 2115 516 re-
2145 459 2199 527 Α
2230 479 2405 519 suum
2436 464 2575 531 (Act.
2607 480 2701 527 xx,
2731 462 2842 532 28).
2881 484 2908 511 »
2956 461 3026 516 Et
3062 459 3158 515 hic
3189 456 3516 529 diligentius
3544 457 3784 513 observan-

472 547 856 603 conciliamur
894 550 1028 604 Deo.
2223 552 2386 620 dum,
2421 552 2714 623 quomodo
2746 551 2921 605 unius
2952 549 3203 604 civitatis
3231 546 3437 618 Ephesi
3487 547 3785 617 presbyteros

543 659 570 685 «
609 638 791 707 Hujus
844 637 923 692 rei
974 639 1158 708 gratia
1189 639 1395 710 reliqui
1447 646 1501 694 te
1542 643 1735 706 Cretes,
1773 646 1951 711 utea,
1986 658 2112 711 quae
2221 657 2453 708 vocans,
2489 645 2688 713 postea
2716 641 2948 695 eosdem
2982 639 3284 711 episcopos
3315 635 3786 694 dixerit.Videamus

471 726 996 798 desunt,corrigas.
1018 752 1036 773 ιο
1064 729 1522 800 Reliquit'l‘itum
1545 730 1894 802 discipulum
1912 729 2110 792 Cretae,
2222 731 2402 800 igitur
2432 730 2624 801 qualis
2665 730 2988 802 presbyter,
3017 729 3134 783 sive
3173 727 3476 798 episcopus
3496 726 3786 783 ordinandus

468 819 534 870 ut
563 815 896 870 rudimenta
922 818 1213 872 nascentis
1239 817 1504 872 Ecclesiae
1529 820 1903 874 conﬁrmaret
1929 837 1940 874 :
1975 825 2030 874 et
2063 820 2109 873 si
2223 821 2317 874 sit.

470 903 608 974 quid
641 904 946 958 videbatur
977 905 1197 971 deesse,
1232 906 1561 976 corrigeret,
1595 906 1718 976 ipse
1763 923 2008 977 pergens
2041 909 2109 962 ad
2296 931 2323 958 ‹‹
2356 909 2415 964 Si
2458 907 2588 980 quis
2637 913 2725 963 est
2772 908 2898 963 sine
2945 907 3192 962 crimine
3225 923 3238 960 :
3275 927 3301 954 »
3350 904 3458 959 hoc
3502 903 3642 959 enim
3685 903 3787 958 inter

473 991 618 1047 alias
645 993 922 1060 actiones,
951 999 1012 1046 ut
1043 1011 1276 1048 rursum
1311 996 1364 1048 in
1401 996 1486 1048 eis
1509 995 1718 1050 Christi
1746 997 1965 1065 jaceret
1990 998 2113 1051 l‘un-
2223 1003 2524 1069 peccatum
2549 998 2747 1067 distat,
2773 1001 2828 1052 et
2857 997 3099 1060 crimen,
3123 995 3274 1065 quod
3301 1009 3469 1048 omne
3493 993 3685 1047 crimen
3708 1009 3788 1064 pec-

474 1082 838 1137 damentum.
864 1084 1024 1147 Quod
1051 1089 1245 1137 autem
1275 1084 1351 1137 ait
1377 1100 1388 1136 :
1432 1108 1454 1135 α
1487 1084 1557 1139 Ut
1586 1101 1671 1154 ea,
1696 1102 1823 1154 quae
1853 1088 2110 1153 deerant,
2222 1093 2418 1142 catum
2451 1091 2558 1152 est,
2593 1103 2705 1142 non
2736 1091 2931 1141 tamen
2964 1100 3136 1140 omne
3168 1087 3491 1154 peccatum,
3518 1080 3734 1145 crimen;
3757 1087 3792 1136 et

473 1171 811 1242 corrigeres,
845 1195 871 1219 ››
924 1173 1183 1227 ostendit
1215 1189 1314 1226 nec
1345 1173 1483 1226 dum
1519 1191 1614 1228 eos
1648 1177 1717 1228 ad
1753 1174 1978 1245 plenam
2014 1193 2106 1230 ve-
2223 1177 2280 1230 in
2312 1177 2421 1230 hac
2445 1176 2560 1230 vita
2584 1175 2750 1230 multi
2784 1177 2910 1230 sine
2937 1173 3198 1239 crimine,
3223 1171 3421 1226 nullus
3439 1187 3566 1225 vero
3587 1186 3691 1224 esse
3709 1171 3790 1225 sine

473 1260 630 1314 nisse
661 1261 962 1315 scientiam
993 1263 1289 1329 veritatis;
1327 1262 1550 1318 et'licct
1579 1265 1649 1318 ab
1683 1263 1955 1335 Apostolo
1987 1282 2110 1319 cor-
2225 1265 2475 1336 peccatis
2525 1265 2691 1320 valet.
2735 1263 2900 1319 Unde
2946 1271 3001 1317 et
3047 1262 3392 1333 praedicator
3439 1263 3675 1324 sanctus,
3699 1276 3788 1313 cum

472 1349 608 1402 recti
643 1349 875 1415 fuerint,
912 1356 1103 1404 tamen
1136 1351 1326 1404 adhuc
1357 1351 1616 1423 indigere
1647 1354 2020 1407 correctione.
2221 1355 2411 1408 virum
2444 1354 2684 1425 dignum
2720 1354 2922 1425 gratiae
2953 1349 3327 1407 sacerdotalis
3358 1349 3698 1410 describeret,
3722 1366 3788 1401 ne-

544 1461 568 1485 u
607 1439 674 1491 Et
704 1440 1026 1492 constituas
1059 1455 1158 1509 per
1180 1439 1438 1495 civitates
1469 1443 1852 1513 presbyteros,
1880 1441 2026 1495 sicut
2057 1445 2114 1496 et
2224 1460 2519 1514 quaquam
2545 1443 2688 1497 dixit
2717 1460 2729 1497 :
2758 1442 2815 1495 Si
2847 1443 2979 1513 quis
3002 1441 3127 1495 sine
3155 1442 3408 1511 peccato,
3434 1439 3552 1506 sed,
3576 1461 3600 1486 «
3626 1437 3664 1490 si
3683 1439 3786 1506 quis,

470 1543 574 1598 ego
626 1527 729 1582 tibi
779 1527 1039 1598 disposui
1075 1529 1278 1599 (1339).
1317 1553 1341 1578 ››
1397 1531 1709 1602 Diligenter
1736 1531 1993 1602 Apostoli
2027 1536 2112 1586 at-
2224 1532 2349 1587 sine
2378 1532 2620 1586 crimine
2651 1537 2757 1586 est.
2798 1555 2816 1579 ι
2853 1531 2990 1594 Quis
3023 1545 3153 1583 vero
3185 1544 3314 1583 esse
3345 1528 3473 1582 sine
3501 1531 3702 1596 peccato
3722 1543 3784 1579 va-

472 1617 782 1670 tendamus
810 1617 1004 1684 verba,
1028 1617 1312 1673 dicentis:
1346 1619 1416 1673 Ut
1442 1620 1766 1675 constituas
1800 1637 1898 1691 per
1918 1621 2114 1675 civita-
2225 1622 2358 1684 leat,
2381 1637 2513 1675 cum
2540 1624 2796 1675 Joannes
2826 1620 2979 1673 dicat
3010 1635 3023 1672 :
3066 1617 3171 1672 «Si
3205 1616 3544 1680 dixerimus,
3569 1615 3685 1683 quia
3708 1630 3788 1684 pec-

472 1709 560 1760 tes
583 1706 970 1777 presbyteros,
996 1707 1146 1761 sicut
1168 1711 1221 1762 et
1242 1723 1347 1779 ego
1368 1707 1471 1762 tibi
1499 1710 1756 1781 disposui
1786 1728 1797 1765 :
1829 1711 1952 1782 qui,
1976 1727 2113 1781 qua—
2225 1715 2419 1766 catum
2448 1726 2561 1765 non
2595 1710 2903 1775 habemus,
2927 1724 3033 1763 nos
3063 1708 3224 1778 ipsos
3247 1705 3599 1772 seducimus,
3620 1709 3667 1757 et
3689 1703 3788 1756 veri-

471 1794 545 1895 lis
595 1795 897 1866 presbyter
944 1796 1149 1849 debeat
1197 1797 1477 1862 ordinari,
1511 1799 1567 1852 in
1618 1801 2112 1870 consequentibus
2144 1830 2190 1895 Β
2226 1803 2314 1854 tas
2347 1799 2404 1852 in
2440 1798 2607 1853 nobis
2641 1815 2754 1852 non
2787 1801 2875 1852 est
2904 1798 2956 1867 (Ι
2979 1799 3134 1853 Joan.
3173 1813 3210 1859 ι,
3240 1796 3318 1860 8).
3356 1815 3384 1841 ››
3431 1794 3490 1847 In
3521 1809 3626 1862 qua
3648 1791 3790 1843 videli-

471 1883 790 1950 dissercns,
815 1885 921 1939 hoc
943 1890 1030 1940 est
1055 1902 1065 1940 :
1109 1907 1134 1937 ιι
1153 1887 1210 1940 Si
1237 1888 1367 1958 quis
1394 1894 1482 1942 est
1502 1889 1626 1944 sine
1649 1889 1908 1958 crimine,
1934 1889 2110 1944 unius
2144 1881 2190 1895 ³¹
2223 1893 2313 1943 cet
2345 1891 2734 1958 peccatorum,
2766 1891 2819 1940 et
2859 1884 3172 1939 criminum
3206 1881 3578 1936 distinctione
3605 1895 3790 1950 pensan-

469 1971 666 2028 uxoris
717 1974 820 2039 vir,
856 1997 881 2022 ››
933 1980 1064 2044 etc.,
1100 1981 1298 2046 postea
1328 1977 1527 2032 intulit
1560 1995 1571 2032 :
1624 2002 1650 2027 «
1685 1979 1923 2047 Oportet
1954 1979 2108 2033 enim
2220 1978 2359 2032 dum
2384 1983 2493 2045 est,
2527 1975 2662 2046 quia
2696 1973 2979 2030 nonnulla
3017 1978 3254 2044 peccata
3285 1972 3541 2026 animam
3572 1967 3789 2040 polluunt,

467 2063 806 2134 episcopum
837 2065 962 2119 sine
993 2066 1235 2120 crimine
1264 2083 1414 2130 esse,
1438 2067 1841 2137 tanquamTDei
1874 2069 2106 2138 dispen-
2219 2066 2467 2120 crimina
2509 2083 2640 2120 vero
2672 2063 3071 2135 exstinguunt.
3107 2061 3334 2116 Electus
3371 2059 3630 2114 sacerdos
3655 2058 3789 2111 Eccle-

467 2158 740 2208 satorem.
772 2177 791 2201 ι
830 2154 984 2208 Idem
1019 2160 1108 2209 est
1137 2172 1274 2227 ergo
1307 2157 1605 2229 presbyter
1630 2157 1728 2227 qui
1761 2157 2104 2227 episcopus;
2218 2155 2316 2209 size
2352 2172 2464 2209 non
2509 2158 2741 2209 tantum
2785 2171 2848 2208 eo
2897 2160 3178 2224 tempore,
3212 2166 3326 2223 quo
3360 2147 3694 2204 ordinandus
3717 2149 3786 2208 est,

469 2247 526 2297 et
557 2247 872 2313 antequam
904 2243 1118 2298 diaboli
1150 2245 1452 2313 instinctu,
1485 2244 1680 2299 studia
1721 2245 1782 2299 in
1833 2246 2107 2317 religione
2218 2243 2341 2299 sine
2381 2243 2498 2298 ullo
2549 2243 2626 2298 sit
2673 2243 2935 2309 crimine,
2969 2247 3024 2297 et
3073 2239 3398 2312 praeteritas
3428 2235 3668 2293 maculas
3691 2250 3787 2288 nova

468 2331 691 2396 ﬁerent,
724 2336 780 2384 et
808 2332 1098 2386 diceretur
1126 2333 1184 2386 in
1219 2333 1449 2404 populis
1482 2351 1494 2387 :
1547 2357 1573 2383 «
1608 2335 1722 2405 Ego
1756 2351 1883 2389 sum
1921 2335 2102 2402 Pauli,
2216 2333 2650 2388 conversatione
2681 2332 2974 2395 deleverit,
3008 2332 3107 2386 sed
3142 2347 3210 2384 ex
3254 2346 3318 2384 eo
3362 2331 3613 2398 tempore
3637 2325 3784 2395 (1311),

468 2435 572 2490 ego
603 2419 826 2490 Apollo,
850 2436 954 2491 ego
986 2425 1178 2474 autem
1210 2423 1409 2491 Cephae
1442 2423 1487 2493 (I
1517 2422 1640 2478 Cor.
1677 2442 1712 2490 1,
1750 2426 1860 2495 12),
1895 2446 1920 2472 n
1955 2441 2108 2480 com-
2216 2439 2329 2491 quo
2363 2422 2419 2475 in
2453 2421 2683 2476 Christo
2715 2426 2951 2475 renatus
2984 2424 3091 2485 est,
3122 2419 3283 2473 nulla
3312 2415 3534 2490 peccati
3563 2413 3788 2469 conscien-

469 2507 631 2562 muni
655 2509 1125 2579 presbyterorum
1149 2509 1389 2566 consilio
1412 2511 1677 2567 Ecclesiae
1698 2513 2104 2584 gubernaban-
2215 2511 2297 2564 tia
2326 2510 2678 2565 mordeatur.
2705 2509 3003 2575 Quomodo
3029 2507 3181 2563 enim
3213 2512 3407 2578 potest
3431 2521 3631 2577 praeses
3649 2501 3784 2555 Eccle-

465 2601 581 2651 tur.
611 2597 918 2667 Postquam
951 2613 1082 2652 vero
1105 2599 1514 2670 unusquisque
1534 2616 1652 2669 eos,
1678 2619 1825 2672 quos
1856 2602 2106 2673 baptiza—
2216 2599 2312 2654 sine
2344 2599 2567 2654 auferre
2599 2597 2818 2653 malum
2851 2598 2921 2654 de
2953 2597 3143 2652 medio
3175 2597 3324 2666 ejus,
3359 2595 3462 2666 qui
3492 2593 3547 2646 in
3579 2591 3785 2646 delictum

463 2690 642 2751 verat,
675 2686 916 2754 putabat
945 2701 1104 2755 suos,
1141 2704 1252 2742 non
1287 2688 1516 2758 Christi,
1555 2689 1613 2744 in
1656 2693 1774 2745 toto
1823 2691 1960 2745 orbe
2009 2691 2105 2744 de-
2217 2687 2408 2744 simile
2439 2687 2769 2742 corruerit?
2821 2688 2934 2741 Aut
2978 2703 3094 2755 qua
3132 2685 3405 2739 libertate
3436 2681 3684 2752 corripiat
3707 2693 3789 2749 pec-

464 2779 687 2830 cretum
717 2781 826 2842 est,
861 2780 924 2829 ut
955 2791 1108 2831 unus
1147 2777 1217 2832 de
1267 2779 1619 2850 presbyteris
1650 2779 1868 2834 electus
1900 2796 2104 2850 super-
2219 2781 2466 2840 cantem,
2500 2792 2633 2831 cum
2676 2774 2889 2830 tacitus
2940 2775 3046 2829 sibi
3100 2777 3224 2845 ipse
3272 2772 3614 2843 respondeat
3647 2767 3787 2822 eadem

467 2868 784 2933 poneretur
814 2863 1054 2933 caeteris,
1089 2865 1158 2918 ad
1205 2882 1379 2935 quem
1432 2867 1624 2922 omnis
1673 2875 1813 2921 cara
1843 2867 2108 2922 Ecclesia:
2221 2865 2607 2934 commisisse,
2642 2881 2766 2936 quae
2799 2862 3084 2935 corripit?

480 2949 811 3020 pertineret,
837 2955 893 3006 et
915 2950 1298 3006 schismatum
1323 2953 1548 3008 semina
1567 2955 1922 3011 tollerentur.
1945 2955 2114 3010 Putat
2295 2977 2322 3002 ‹‹
2359 2954 2542 3009 Unius
2574 2955 2770 3007 uxoris
2800 2951 2885 3006 vir
2915 2953 3115 3022 (1342).
3157 2973 3183 2999 ››
3231 2951 3395 3016 Quod
3455 2953 3542 3004 est
3585 2946 3718 3001 cibus
3747 2942 3787 2996 ad

479 3037 695 3109 aliquis
717 3056 829 3094 non
854 3041 1307 3112 Scripturarum,
1335 3043 1431 3097 sed
1457 3048 1714 3098 nostram
1740 3061 1866 3100 esse
1890 3050 2118 3100 senten-
2225 3044 2472 3098 salutem
2500 3041 2779 3113 corporis,
2800 3041 2908 3096 hoc
2930 3047 3019 3096 est
3041 3039 3228 3095 coitus
3251 3039 3321 3094 ad
3345 3038 3589 3093 salutem
3612 3033 3789 3108 generis.

480 3126 643 3197 tiam,
674 3128 1011 3200 episcopum
1060 3134 1116 3185 et
1167 3131 1571 3202 presbyterum
1632 3151 1813 3189 unum
1870 3151 2017 3202 esse,
2061 3139 2117 3189 et
2161 3199 2187 3202 μ
2227 3133 2295 3188 Et
2329 3137 2643 3201 utrumque
2674 3147 2787 3185 non
2820 3136 2908 3186 est
2943 3129 3068 3185 sine
3098 3127 3482 3184 delectatione
3513 3119 3793 3182 carnali.Di-

474 3215 633 3270 aliud
664 3217 871 3281 aetatis,
901 3217 1057 3272 aliud
1079 3234 1208 3274 esse
1233 3236 1444 3274 nomen
1478 3221 1652 3276 officii
1680 3241 1693 3290 ;
1727 3223 1943 3294 relegat
1969 3199 2114 3294 Apo-
2146 3199 2188 3266 (ἶ
2227 3237 2392 3276 versa
2441 3199 2616 3291 opera
2645 3220 2881 3274 Patrum
2934 3236 3046 3273 non
3101 3217 3368 3283 faciebat,
3405 3215 3520 3271 nisi
3565 3211 3797 3268 diversitas

472 3305 603 3360 stoli
640 3305 709 3360 ad
746 3305 1146 3376 Philippenses
1177 3309 1368 3377 verba,
1402 3309 1649 3364 dicentis
1682 3327 1694 3366 :
1746 3334 1771 3359 «
1806 3311 2023 3366 Paulus
2054 3315 2111 3366 et
2219 3315 2573 3380 temporum.
2607 3309 2700 3363 Sic
2742 3312 2934 3362 autem
2987 3323 3226 3362 necesse
3276 3310 3404 3360 erat
3454 3310 3518 3360 ut
3560 3299 3798 3358 carnaliter

473 3393 818 3449 Timotheus
849 3395 997 3449 servi
1029 3395 1243 3451 Christi
1275 3397 1438 3464 Jesu,
1471 3400 1744 3454 omnibus
1786 3401 2004 3455 sanctis
2051 3399 2110 3453 in
2222 3399 2442 3454 coirent
2467 3397 2640 3452 etiam
2675 3413 2788 3450 non
2817 3395 3081 3451 carnales
3115 3393 3426 3465 prophetae,
3453 3393 3595 3449 sicut
3621 3401 3796 3443 necesse

475 3483 706 3538 Christo
735 3484 896 3552 Jesu,
928 3486 1029 3554 qui
1059 3489 1196 3540 sunt
1229 3485 1533 3556 Philippis,
1566 3505 1696 3542 cum
1733 3488 2020 3560 episcopis
2059 3491 2115 3542 et
2223 3492 2364 3552 erat,
2399 3493 2462 3541 ut
2505 3484 2811 3541 carnaliter
2849 3488 3221 3539 vescerentur
3250 3482 3426 3538 etiam
3461 3498 3569 3536 non
3602 3473 3798 3533 carnales

477 3571 840 3642 diaconibus,
873 3574 1060 3642 gratia
1091 3573 1252 3627 vobis
1282 3580 1338 3629 et
1367 3592 1476 3646 pax
1508 3577 1772 3648 (Philipp.
1809 3596 1844 3648 ι,
1881 3580 1931 3646 1,
1972 3577 2048 3647 2),
2087 3598 2113 3624 ››
2223 3573 2765 3648 apostoliEcclesize
2780 3573 3243 3643 dispensatorem
3264 3589 3377 3625 non
3398 3570 3566 3625 licere
3582 3561 3796 3623 ordinari,

481 3666 586 3715 etc.
622 3660 910 3732 Philippis
942 3678 1057 3716 una
1085 3666 1173 3717 est
1203 3663 1342 3718 urbs
1374 3664 1742 3735 Macedoniae,
1775 3672 1830 3721 et
1874 3671 2026 3722 certe
2056 3667 2113 3720 in
2224 3664 2530 3720 nisiunius
2550 3652 3796 3726 uxorisvirum,acutiusintellexeruntquinec

483 3764 599 3802 una
615 3748 843 3805 civitate
861 3748 1154 3822 plures,ut
1176 3753 1526 3824 nunc(1340)
1547 3759 1846 3825 putantur,
1861 3755 2116 3828 episcopi
2225 3770 2380 3820 eum,
2405 3751 2505 3823 qui
2528 3750 3003 3814 catechumenus,
3029 3748 3115 3802 vel
3147 3764 3411 3819 paganus
3435 3739 3795 3801 habueritalte-

480 3853 608 3892 esse
640 3855 752 3894 non
787 3844 1070 3910 poterant.
1106 3840 1215 3896 Sed
1250 3842 1386 3912 quia
1418 3843 1650 3897 eosdem
1684 3843 1985 3916 episcopos
2017 3844 2116 3899 illo
2161 3913 2164 3916 Α
2227 3860 2372 3911 ram,
2399 3840 2790 3896 ordinandum
2816 3855 2945 3893 esse
2969 3841 3325 3892 censuerunt
3348 3836 3548 3906 (1313).
3575 3839 3640 3887 De
3666 3842 3798 3885 sacra-

481 3925 540 3980 in
562 3929 842 3998 tempore,
859 3946 1007 4000 quos
1024 3931 1390 4001 presbyteros
1408 3931 1801 4003 appellabant,
1819 3913 2119 4005 propterea
2161 3913 2164 3923 I
2228 3936 2422 3986 mento
2441 3929 2597 3984 enim
2618 3928 2829 4000 agitur,
2848 3945 2960 3981 non
2981 3928 3050 3981 de
3068 3931 3326 3998 peccato.
3342 3926 3486 3979 Nam
3507 3925 3560 3978 in
3578 3917 3799 3991 baptismo

480 4015 876 4071 indifferenter
905 4017 974 4071 de
1004 4018 1314 4090 episcopis,
1340 4019 1506 4090 quasi
1539 4020 1892 4091 presbyteris
1923 4026 2009 4076 est
2040 4021 2119 4076 lo-
2229 4025 2464 4092 peccata
2485 4017 2682 4072 omnia
2703 4017 3118 4070 dimittuntur:
3150 4018 3386 4086 propter
3408 4006 3718 4068 sacramenti
3737 4019 3800 4056 au-

481 4111 673 4160 cutus.
705 4105 910 4160 Adhuc
941 4105 1113 4160 alicui
1161 4107 1264 4162 hoc
1311 4107 1577 4162 videatur
1606 4109 1971 4181 ambiguum,
2005 4110 2116 4164 nisi
2229 4116 2344 4164 tem
2371 4107 2758 4170 sanctitatem,
2781 4105 2933 4159 sicut
2955 4103 3437 4173 femina,etiamsi
3462 4098 3800 4181 catechument

481 4194 663 4250 altero
694 4194 1027 4249 testimonio
1059 4196 1487 4264 comprobetur.
1525 4197 1584 4249 In
1619 4176 1859 4251 Actibus
1890 4202 2119 4267 aposto-
2230 4197 2406 4253 fuerit
2429 4195 2650 4260 vitiata,
2678 4211 2790 4248 non
2822 4198 3011 4265 potest
3041 4197 3172 4264 post
3203 4193 3560 4264 baptismum
3588 4189 3714 4243 inter
3734 4176 3801 4235 Dei

485 4284 674 4337 lorum
705 4283 992 4354 scriptum
1025 4287 1132 4348 est,
1165 4284 1319 4354 quod
1362 4300 1494 4338 cum
1540 4284 1794 4339 venisset
1825 4284 2121 4354 apostolus
2231 4286 2485 4356 virgines
2506 4281 2948 4351 consecrari,ita
2971 4298 3085 4336 non
3109 4281 3360 4336 absurde
3381 4281 3567 4335 visum
3588 4281 3796 4343 est,eum,

486 4372 701 4426 Paulus
754 4372 1037 4437 Miletum,
1092 4371 1317 4428 miserit
1363 4372 1677 4442 Ephesum,
1731 4377 1787 4428 et
1839 4375 2123 4429 vocaverit
2231 4376 2330 4448 qui
2377 4372 2688 4429 excesserit
2720 4385 2965 4426 uxorum
3000 4387 3312 4425 numerum
3344 4367 3796 4440 singularem,110n

487 4461 855 4533 presbyteros
885 4462 1147 4531 ejusdem
1176 4461 1466 4530 Ecclesiae,
1501 4462 1714 4533 quibus
1746 4468 1943 4533 postea
1975 4465 2125 4518 inter
2231 4469 2532 4536 peccatum
2567 4461 2801 4532 aliquod
2835 4459 3222 4526 commisisse,
3248 4459 3346 4513 sed
3381 4470 3630 4512 normam
3657 4461 3796 4536 quaru-

484 4555 692 4605 czetera
713 4550 788 4604 sit
813 4549 1042 4604 locutus
1067 4567 1080 4604 :
1109 4571 1135 4598 ‹‹
1162 4550 1454 4604 Attendite
1473 4550 1658 4617 vobis,
1680 4556 1735 4605 et
1757 4554 1915 4606 omni
1942 4552 2121 4625 gregi,
2153 4567 2199 4631 D
2231 4533 2363 4608 dam
2397 4550 2746 4608 sacramenti
2779 4549 3069 4614 amisisse,
3102 4564 3214 4602 non
3249 4547 3317 4601 ad
3351 4546 3472 4601 vitae
3502 4545 3650 4599 honre
3679 4533 3792 4593 meri'

484 4639 541 4693 in
566 4655 680 4710 quo
698 4655 797 4694 vos
813 4639 1066 4710 Spiritus
1089 4643 1329 4693 sanctus
1352 4639 1864 4712 posuitepiscopos
1888 4658 2122 4712 pascere
2153 4626 2190 4631 —
2229 4647 2380 4709 tum,
2412 4641 2511 4695 sed
2543 4640 2613 4694 ad
2653 4635 3036 4694 ordinationis
3067 4634 3470 4691 ecclesiasticae
3501 4626 3795 4705 signaculum

483 4727 796 4784 Ecclesium
821 4728 1072 4795 Domini,
1096 4743 1272 4798 quam
1306 4727 1613 4799 acquisivit
1644 4746 1748 4800 per
1777 4730 2121 4801 sanguinem
2232 4729 2650 4784 necessarium.

558 4927 740 5007 (1339)
770 4927 979 5007 Verba,
1013 4942 1140 5007 quas
1173 4928 1503 5007 sequuntur
1531 4925 1817 5007 usquead
1849 4928 2070 5007 teritum
2109 4942 2122 4980 :
2233 4922 2484 5007 Meurini
2517 4925 2788 5007 asserunt
2819 4919 3033 5007 rectius
3064 4917 3175 5007 legi
3208 4934 3356 5000 nunc
3381 4919 3654 5007 putantqu

486 5003 538 5055 si
558 4975 1715 5070 ξιῖτῖἓεὶῑῖ
1733 4975 2124 5070 ἱξεῖηᾷἶξρἶξοί
2234 4975 2907 5070 —7_(_1r3(171))/erbaquo...
2941 4975 3200 5062 tempore,
3237 4990 3294 5045 in
3343 4975 3460 5045 imo
3507 5001 3672 5056 marg.
3711 4975 3800 5035 00d-

489 5067 605 5126 lam
630 5076 789 5125 sunt.
817 5070 1113 5124 Adeantur
1143 5069 1196 5121 in
1233 5069 1380 5122 hanc
1401 5067 1778 5137 quaestionem
1803 5069 2125 5136 responsio-
2235 5067 2451 5136 scripta
2482 5070 2640 5120 sunt.

487 5159 591 5196 nes
613 5141 1036 5211 theologorum,
1061 5145 1116 5194 et
1137 5139 1596 5206 canonistarum,
1619 5154 1744 5207 quae
1764 5138 1926 5191 Acrei
1952 5137 2127 5191 haare-
2305 5138 2490 5211 (1342)
2519 5139 2621 5211 .319.
2712 5206 2724 5211 _
2873 5205 2887 5211 _
3040 5203 3051 5211 _
3103 5203 3114 5211 ι
3248 5207 3255 5211 _
3701 5192 3712 5211 ἒ

488 5212 600 5266 sim
633 5187 952 5266 conl‘uFant.
1022 5187 1036 5209 ’
1582 5187 1596 5206 ⁷
1624 5187 1653 5207 Ἰ
1973 5187 2100 5191 nm
2520 5187 2642 5261 an
2677 5205 2935 5278 absurda
2960 5203 3175 5274 opinio,
3208 5207 3263 5257 et
3303 5219 3417 5278 per
3456 5212 3677 5278 e_a,_quze
3701 5187 3799 5278 init:

1027 5287 1078 5336 et
1125 5298 1292 5336 nunc.
1326 5280 1487 5342 Quod
1520 5281 1952 5334 emendandum
1985 5295 2124 5333 cen-
2239 5262 2360 5334 ritis
2392 5262 2685 5348 leguntur,
2721 5275 2940 5331 auctori
2974 5262 3174 5329 nostro
3203 5262 3348 5348 satis
3379 5262 3622 5348 probata,
3651 5283 3678 5319 a
