3976 5348
128 350 237 408 ’109

732 338 1142 399 EXPOSITIO
1187 337 1264 397 IN
1308 332 1731 395 EPISTOLAS
1778 331 2036 393 PAULI.
2073 361 2147 375 -
2180 332 2255 392 IN
2300 333 2549 396 EPIST.
2596 339 2699 397 AD
2744 338 2896 399 'I‘IT.

3391 346 3514 407 710

196 502 219 527 α
252 473 655 531 Aversantium
688 489 748 529 se
800 490 833 527 a
876 471 1117 527 veritate
1149 492 1175 519 n
1210 474 1253 523 Α
1304 468 1490 540 gratia
1537 465 1760 521 scilicet
1790 467 1842 531 Α
1874 465 2219 519 doctrinam.
2257 489 2283 514 »
2321 469 2432 523 Hoc
2458 470 2638 539 igitur
2676 487 2831 526 nunc
2870 474 3180 544 Apostolus
3211 477 3404 533 Titum
3443 482 3510 533 ﬁ-

128 569 254 626 Novi
286 564 662 631 Testamenti,
698 580 826 633 quae
858 560 916 615 in
943 560 1252 631 Evangelio
1284 556 1533 612 revelata
1563 560 1670 618 est,
1703 561 1760 607 et

126 655 429 731 pradicata
458 652 544 707 vel
600 650 981 721 imaginibus,
1014 649 1134 703 sive
1190 647 1361 702 dictis
1393 652 1449 701 et
1504 642 1668 699 factis
1698 642 1756 695 in

124 744 303 801 Veteri
350 742 743 797 Testamento.
793 739 972 809 (1360)
1024 760 1053 787 ‹‹
1100 736 1310 791 Omnia
1338 734 1557 789 munda
1588 748 1757 786 mun-

122 837 226 891 dis.
260 854 287 880 ››
321 830 466 894 Quia
493 829 765 901 superius
814 828 1056 881 dixerat.
1095 848 1115 873 ι
1172 828 1319 878 Sunt
1375 824 1528 876 enim
1586 818 1759 874 multi

122 940 228 979 non
261 919 505 985 subditi,
531 916 829 987 vaniloqui
864 920 921 970 et
972 915 1328 985 deceptores,
1383 911 1633 965 maxime
1660 909 1758 979 qui

119 1014 185 1069 de
213 1007 659 1065 circumcisione
680 1009 839 1073 sunt,
876 1028 896 1055 ι
934 1007 991 1057 et
1022 1003 1092 1057 de
1114 1001 1224 1067 his,
1259 1001 1358 1071 qui
1386 1000 1458 1053 ab
1480 998 1563 1053 eis
1593 998 1759 1052 dece-

118 1101 193 1172 pti
226 1100 479 1162 fuerant,
500 1099 924 1164 consequenter
945 1091 1269 1154 addiderat,
1305 1112 1332 1137 «
1366 1087 1602 1158 increpa
1630 1086 1759 1140 illos

117 1189 341 1251 acriter,
372 1190 437 1239 ut
460 1183 585 1239 sani
619 1184 737 1238 sint
766 1182 825 1236 in
861 1181 991 1246 ﬁde,
1018 1196 1134 1235 non
1166 1178 1533 1233 intendentes
1562 1174 1762 1229 Judai-

116 1278 194 1333 cis
223 1273 442 1330 fabulis
471 1277 529 1328 et
558 1270 853 1326 mandatis
884 1269 1212 1334 hominum,
1248 1265 1641 1321 aversantium
1663 1279 1760 1318 ve-

117 1367 367 1433 ritatem,
405 1384 434 1412 »
465 1368 522 1417 et
552 1359 840 1432 quomodo
874 1358 946 1413 ad
996 1356 1229 1411 Galatas
1261 1360 1318 1409 et
1363 1354 1433 1409 ad
1466 1354 1761 1408 Romanos

119 1452 458 1525 plenissime
504 1450 858 1521 disputatur,
912 1446 1198 1518 putabant
1245 1444 1395 1498 inter
1445 1442 1605 1496 cibos
1636 1457 1761 1496 esse

118 1539 479 1603 distantiam,
510 1554 644 1592 cum
693 1535 873 1606 aliqui
926 1532 1151 1598 mundi,
1210 1531 1388 1601 aliqui
1428 1531 1765 1584 viderentur

118 1628 446 1692 immundi;
484 1630 786 1696 propterea
826 1638 979 1677 nunc
1009 1621 1205 1685 infert,
1242 1644 1261 1667 ι
1298 1618 1495 1673 omnia
1543 1617 1766 1671 munda

118 1716 376 1786 mundis,
402 1738 428 1763 n
486 1714 579 1769 his
606 1712 891 1773 videlicet,
943 1711 1042 1781 qui
1077 1710 1135 1763 in
1166 1708 1395 1762 Christo
1427 1707 1677 1761 credunt
1705 1711 1764 1760 et

114 1808 305 1862 sciunt
342 1820 576 1860 omnem
609 1805 931 1857 creaturam
963 1798 1063 1853 Dei
1096 1799 1310 1852 bonam
1343 1812 1495 1861 esse,
1528 1800 1585 1849 et
1615 1794 1761 1849 nihil

114 1894 545 1965 abjiciendum,
576 1890 732 1963 quod
784 1905 919 1943 cum
961 1887 1283 1959 gratiarum
1314 1885 1539 1940 actione
1572 1885 1761 1955 perci-

112 1986 289 2057 pitur.

180 2097 209 2123 ‹‹
243 2070 656 2142 Coinquinatis
675 2072 870 2122 autem
885 2070 939 2121 et
965 2061 1303 2120 inﬁdelibus
1324 2062 1468 2117 nihil
1490 2067 1577 2117 est
1600 2078 1765 2116 mun-

113 2164 251 2217 dum
290 2184 323 2211 ››
358 2160 562 2232 (1361).
596 2155 966 2227 Coinquinati
1025 2159 1186 2221 sunt,
1236 2158 1292 2207 et
1322 2151 1609 2219 inﬁdeles,
1663 2150 1763 2221 qui

113 2269 225 2307 non
244 2249 717 2318 creduntjugum
737 2244 902 2317 legis,
926 2244 1245 2309 Christum,
1265 2240 1534 2296 donando
1566 2241 1762 2305 ﬁdem,

112 2358 144 2394 a
174 2339 334 2395 collo
364 2335 729 2393 credentium
779 2332 1113 2397 abstulisse,
1164 2331 1221 2384 id
1265 2335 1355 2384 est
1384 2329 1602 2394 omnia,
1638 2345 1764 2398 quae

113 2424 579 2499 temporalalitsr
626 2424 684 2477 in
734 2424 924 2493 ﬁgura
981 2421 1210 2475 fuerant
1256 2418 1393 2472 data
1442 2417 1645 2487 (1362),
1681 2415 1764 2469 illi

112 2516 435 2572 immunda
465 2512 768 2569 vocabant.

183 2606 307 2661 Sed
337 2598 652 2674 inquinate
675 2602 1028 2654 sunteorum
1044 2600 1100 2650 et
1124 2612 1311 2663 mens,
1330 2598 1388 2649 et
1415 2593 1770 2649 conscientia

106 2696 327 2765 (1363).
362 2693 666 2762 Propterea
693 2688 870 2742 etiam
904 2702 1030 2757 quae
1064 2684 1285 2737 munda
1305 2688 1443 2738 sunt
1473 2699 1574 2753 per
1605 2686 1769 2736 natu-

106 2802 269 2851 ram,
304 2783 389 2838 eis
420 2777 727 2835 immunda
756 2776 924 2835 ﬁunt,
971 2788 1085 2826 non
1115 2788 1229 2842 quo
1261 2772 1635 2825 immundum
1668 2771 1772 2825 ﬁat

102 2872 366 2945 aliquid,
399 2869 501 2924 sed
532 2882 636 2938 pro
666 2862 946 2934 qualitate
977 2860 1357 2923 vescentium,
1392 2866 1449 2914 et
1482 2859 1769 2913 mundum

100 2959 363 3017 mundis
392 2961 450 3012 et
480 2953 853 3009 immundum
884 2946 1302 3004 contaminatis
1337 2946 1456 3001 ﬁat.
1494 2946 1771 3017 Alioquin

96 3046 394 3105 inﬁdeles
424 3057 689 3115 quosque
718 3045 892 3109 atque
913 3036 1188 3108 pollutos,
1211 3037 1386 3090 etiam
1412 3034 1580 3105 panis
1605 3036 1774 3090 bene-

97 3135 421 3200 dictionis,
449 3136 507 3187 et
535 3130 682 3185 calix
737 3126 1070 3183 Dominicus
1121 3141 1236 3179 non
1277 3126 1467 3194 juvat,
1501 3123 1639 3194 quia
1670 3124 1769 3195 qui

98 3226 369 3295 indigne
416 3218 732 3276 comederit
774 3217 846 3272 de
876 3230 1023 3287 pane
1067 3212 1165 3268 illo
1195 3217 1252 3268 et
1282 3214 1351 3267 de
1403 3211 1578 3267 calice
1610 3213 1769 3267 bibe-

104 3316 208 3378 rit,
238 3310 545 3383 judicium
568 3307 680 3363 sibi
712 3304 1029 3360 manducet
1056 3307 1113 3357 et
1144 3301 1290 3356 bibit
1317 3302 1361 3371 (ι
1390 3304 1513 3357 Cor.
1549 3319 1627 3367 x1,
1659 3304 1771 3372 27).
1868 3350 1873 3353 .

102 3404 391 3459 Adventu
424 3396 579 3452 enim
607 3392 817 3450 Christi
848 3395 1095 3463 purgata
1123 3394 1264 3445 sunt
1294 3390 1511 3444 omnia.

183 3514 216 3542 ‹‹
255 3487 628 3544 Confitentur
656 3499 719 3538 se
751 3496 923 3536 nosse
967 3479 1173 3548 Deum,
1225 3477 1394 3533 factis
1439 3483 1632 3533 autem
1674 3496 1772 3534 ne-

104 3584 283 3653 gant.
323 3599 349 3626 «
398 3573 703 3630 Neminem
751 3568 928 3634 enim,
984 3566 1064 3622 ita
1114 3572 1181 3621 ut
1227 3583 1309 3634 se,
1368 3566 1570 3621 dicunt
1601 3584 1773 3623 nosse

101 3668 449 3731 Christum,
492 3661 707 3733 quibus
738 3674 807 3713 ex
834 3657 960 3727 lege
992 3655 1319 3727 promissus
1348 3660 1456 3722 est,
1479 3656 1577 3711 sed
1605 3656 1773 3711 factis

104 3759 344 3830 negant
374 3753 690 3808 adventum
737 3747 864 3817 ejus
914 3746 1119 3815 (1364),
1168 3746 1311 3799 dum
1359 3761 1422 3798 se
1471 3744 1596 3799 sine
1627 3744 1773 3816 legis

100 3845 340 3903 auxilio
373 3844 583 3915 putant
604 3833 918 3909 justiﬁcari
950 3850 1065 3888 non
1096 3848 1288 3903 posse.

184 3956 207 3982 α
247 3937 402 3987 Cum
434 3930 551 3985 sint
580 3924 919 3987 abominati,
944 3919 1408 3989 etincredibiles,
1431 3925 1487 3974 et
1505 3922 1576 3975 ad
1600 3938 1772 3978 omne

98 4041 262 4096 Opus
302 4023 526 4075 bonum
544 4012 773 4087 reprobi
798 4033 824 4061 ››
848 4011 1054 4081 (1365).
1079 4009 1380 4073 Quomodo
1402 4009 1582 4079 igitur
1601 4009 1772 4067 labiis

100 4113 246 4184 quis
284 4111 542 4164 honorat
602 4111 805 4171 Deum,
855 4104 912 4155 et
942 4102 1114 4154 corde
1144 4096 1343 4169 procul
1404 4098 1637 4163 recedit,
1691 4099 1773 4155 ita

98 4209 301 4257 Deum
358 4209 626 4251 sermone
677 4191 811 4262 quis
842 4188 1178 4253 conﬁtetur,
1235 4185 1511 4256 operibus
1575 4193 1767 4258 negat.

96 4291 358 4361 Negans
389 4288 582 4339 autem
606 4279 879 4352 operibus
902 4277 1108 4339 Deum,
1140 4273 1503 4329 confessione
1536 4275 1772 4330 simula-

96 4385 181 4440 ta,
224 4378 397 4432 recte
454 4367 827 4428 exsecrabilis
885 4372 941 4420 et
998 4364 1277 4434 profanus
1320 4362 1556 4417 estz‘et
1612 4364 1773 4420 nulla

91 4464 386 4524 veritatis
398 4461 618 4517 ratione
645 4471 983 4529 persuasus,
1004 4450 1341 4507 inobediens
1359 4456 1415 4505 et
1437 4450 1771 4507 incredulus

95 4553 476 4627 appellatur.
512 4548 676 4603 Unde
708 4544 899 4600 evenit
928 4546 993 4597 ut
1031 4541 1102 4595 ad
1152 4556 1323 4627 omne
1373 4556 1520 4609 opus
1550 4539 1769 4597 bonum
1803 4562 1849 4625 D

98 4625 417 4717 reprobus
447 4637 522 4693 sit
550 4662 564 4703 ;
597 4652 712 4706 quo
744 4631 967 4690 scilicet
996 4628 1171 4685 etiam
1229 4625 1482 4696 illa,quae
1516 4627 1773 4683 naturali

96 4715 385 4788 bonitate
473 4729 781 4796 superatus
858 4722 1004 4774 forte
1074 4718 1225 4771 bona
1297 4715 1493 4785 aliqua
1552 4717 1771 4784 fecerit,

96 4840 222 4877 non
287 4817 415 4873 sint
445 4816 617 4883 bona,
654 4814 795 4868 dum
826 4808 1041 4866 mentis
1085 4803 1459 4877 perversitate
1506 4810 1645 4860 sunt
1675 4821 1768 4860 re-

96 4912 353 5069 ΡΓῗίξίιξ.
380 4994 474 5065 ΙΙ.)
512 5015 532 5042 α
570 4992 656 5046 Tu
687 4996 880 5047 autem
911 4987 1148 5058 loquere
1170 5000 1299 5055 quas
1327 4982 1535 5039 decent
1564 5000 1772 5039 sanam

172 5120 377 5195 (1360)
408 5119 494 5174 Ih.

172 5194 379 5262 (1361)
413 5192 497 5245 An
518 5206 537 5243 :
573 5204 700 5262 quae
732 5186 1011 5257 expositio
1043 5180 1261 5254 Pelagii
1295 5184 1408 5236 est.

202 5198 379 5262 1361)
413 5198 497 5245 An
518 5206 537 5243 :
573 5204 700 5259 quae
732 5198 1011 5257 exposmo
1043 5198 1125 5240 t’e.

169 5198 378 5348 ξ
411 5263 587 5348 Deest
616 5261 877 5327 fortasse,
909 5264 959 5311 et
985 5272 1125 5325 quae.

1868 552 2009 607 lium
2045 556 2100 607 in
2134 555 2357 610 Christo
2381 564 2437 611 et
2469 559 2823 630 discipulum
2849 578 3020 616 suum
3047 565 3231 631 docet,
3258 573 3321 621 ut
3342 585 3410 622 ea
3428 568 3509 623 lo-

1882 648 2096 712 quatur
2129 660 2253 713 quae
2283 662 2440 699 sanae
2472 649 2819 703 conveniant
2849 651 3159 719 doctrinae;
3208 656 3345 725 quia
3370 662 3510 713 tunc
3584 662 3587 663 ⁷

1869 730 2141 785 doctrina:
2173 731 2251 786 sit
2278 732 2516 801 sanitas,
2563 753 2693 789 cum
2720 737 2971 793 doctoris
3004 741 3267 797 doctrina
3298 745 3514 815 pariter

1869 824 1926 872 et
1947 820 2063 873 vita
2093 822 2486 877 consentiunt.

1940 926 2122 995 (1366)
2155 949 2181 976 ‹‹
2211 932 2408 994 Senes,
2443 937 2499 982 ut
2534 930 2710 985 sobrii
2746 932 2883 986 sint.
2916 955 2944 983 »
2980 935 3082 989 Hic
3126 954 3296 994 senes
3321 939 3510 996 Eccle-

1870 1014 1967 1067 siae
1995 1015 2249 1069 seniores
2270 1016 2541 1086 appellat,
2566 1034 2712 1087 quos
2736 1035 2972 1075 necesse
2999 1028 3089 1076 est
3105 1026 3379 1081 omnibus
3406 1028 3517 1082 for-

1872 1118 2025 1156 mam
2080 1104 2354 1173 przebere,
2402 1122 2473 1159 ne
2514 1106 2851 1174 junioribus
2904 1109 3125 1164 malum
3182 1116 3507 1186 exemplum

1872 1192 2180 1260 praebeant.

1942 1302 1967 1327 ‹‹
2004 1280 2225 1347 Pudici,
2261 1282 2599 1352 prudentes,
2632 1289 2757 1338 sani
2794 1286 2852 1339 in
2882 1288 3030 1355 ﬁde;
3075 1290 3130 1344 in
3166 1292 3512 1364 dilectione;

1869 1369 1926 1422 in
1954 1370 2236 1439 patientia
2264 1372 2469 1441 (1467).
2506 1393 2533 1421 ››
2582 1375 2940 1431 Generaliter
2968 1379 3092 1434 'I‘ito
3143 1388 3277 1436 ante
3309 1386 3515 1454 praeci-

1873 1458 2040 1528 piens
2070 1460 2209 1529 quid
2258 1459 2381 1530 ipse
2427 1460 2581 1531 loqui
2628 1464 2863 1518 deberet
2912 1468 2981 1520 ad
3030 1474 3290 1536 cunctos,
3336 1473 3393 1527 in
3424 1490 3511 1541 eo,

1874 1548 2026 1617 quod
2062 1548 2183 1603 ait:
2244 1570 2271 1597 «
2302 1549 2383 1602 Tu
2415 1567 2548 1604 vero
2600 1550 2833 1621 loquere
2883 1570 3012 1624 quae
3059 1558 3263 1612 decent
3311 1576 3512 1616 sanam

1873 1637 2219 1691 doctrinam.
2247 1660 2274 1685 ››
2299 1637 2463 1692 Nunc
2486 1656 2587 1709 per
2607 1641 2870 1710 singulas
2892 1644 3281 1715 species.quid
3309 1666 3517 1703 unam-

1874 1742 2168 1796 quamque
2198 1730 2423 1781 (etatem
2444 1728 2642 1782 deceat
2668 1746 2679 1794 ;
2704 1732 2971 1799 exponit;
2998 1734 3253 1803 primum
3276 1739 3516 1793 senibus

1794 1834 1842 1900 Β
1877 1814 2009 1869 viris
2034 1814 2466 1880 convenientia;
2492 1817 2699 1871 deinde
2722 1836 2870 1875 anus
2902 1821 3038 1890 quid
3064 1823 3261 1878 deceat
3286 1849 3299 1889 ;
3322 1827 3511 1895 tertio,

1874 1920 1997 1973 quae
2021 1902 2489 1959 adolescentibus
2508 1910 2642 1975 apta
2666 1906 2803 1974 sint,
2824 1914 2942 1962 tam
2969 1911 3229 1967 maribus
3251 1913 3517 1970 videlicet

1875 2007 2050 2062 quam
2084 1991 2314 2046 feminis
2341 2010 2354 2058 ;
2389 1994 2523 2047 licet
2554 1994 2609 2047 in
2646 2001 2925 2066 praecepto
2946 1998 3257 2055 mulierum
3290 2003 3515 2058 vetula-

1876 2095 2001 2132 rum
2037 2079 2107 2133 de
2138 2078 2606 2135 adolescentibus
2628 2083 2860 2137 feminis
2885 2088 3160 2141 mandata
3181 2089 3515 2159 subjecerit,

1876 2172 1939 2220 ut
1971 2184 2084 2220 non
2117 2172 2232 2221 tam
2266 2168 2390 2238 ipse
2420 2169 2650 2223 doceret
2666 2171 3150 2245 adulescentulas,
3170 2193 3347 2246 quam
3377 2182 3515 2251 quid

1876 2274 1909 2309 a
1938 2255 2145 2309 vetulis
2168 2257 2511 2311 docerentur
2538 2265 2867 2329 exponeret.
2912 2263 3179 2319 Extrema
3209 2267 3281 2320 de
3311 2271 3515 2335 servis,

1876 2349 1933 2397 et
1962 2361 2064 2414 per
2092 2344 2354 2415 singulas
2390 2350 2607 2409 aetates,
2640 2352 2697 2400 et
2743 2350 3105 2405 conditiones
3136 2354 3219 2406 sic
3248 2355 3519 2412 decenter

1877 2438 2160 2504 praecepta
2189 2433 2592 2501 constituit,ut
2614 2452 2805 2491 sermo
2836 2439 3139 2508 ejus;vitaa
3171 2458 3519 2518 morumque

1877 2522 1953 2576 sit
1984 2521 2201 2585 regula.

1950 2650 1976 2676 ‹‹
2010 2630 2170 2682 Anus
2203 2628 2473 2683 similiter
2504 2631 2561 2684 in
2596 2631 2796 2687 habitu
2830 2639 3030 2690 sancto
3061 2637 3242 2710 (1368)
3275 2665 3300 2689 ‹‹
3340 2642 3397 2696 Id
3431 2649 3521 2699 est

1880 2733 2005 2786 qua:
2039 2715 2405 2787 eligebantur
2434 2720 2503 2772 ad
2565 2720 2808 2775 aliarum
2844 2726 3195 2795 exemplum.
3244 2730 3341 2784 Est
3388 2748 3522 2805 ergo

1881 2805 2117 2860 habitus
2166 2822 2279 2859 non
2314 2811 2571 2873 sanctus,
2607 2809 2677 2862 de
2734 2826 2846 2880 quo
2906 2812 3043 2867 alibi
3104 2815 3281 2871 dicit:
3335 2820 3521 2876 «Non

1882 2894 1940 2947 in
2000 2892 2169 2947 tortis
2228 2893 2508 2960 crinibus,
2570 2900 2670 2950 aut
2728 2905 2881 2954 veste
2944 2903 3199 2972 pretiosa
3251 2909 3322 2974 (II
3381 2909 3515 2965 Tim.

1884 2997 1942 3046 ιι,
1974 2982 2049 3047 9).
2088 3004 2115 3029 υ

1955 3092 1981 3117 ‹‹
2018 3069 2139 3123 Non
2176 3070 2619 3142 criminatrices,
2658 3097 2685 3121 n
2718 3073 2771 3128 id
2805 3080 2894 3130 est
2923 3094 2991 3132 ne
3036 3080 3126 3133 vel
3174 3084 3407 3154 cognita
3438 3087 3524 3141 vel

1888 3157 2180 3229 incognita
2215 3157 2463 3213 aliorum
2495 3166 2749 3231 peccata,
2786 3165 2954 3234 quasi
2985 3169 3267 3236 convicia,
3301 3172 3431 3228 aliis
3464 3175 3521 3229 in

1885 3246 2026 3302 facie
2058 3247 2370 3318 proferant.

1960 3356 1985 3385 ‹‹
2016 3335 2140 3389 Non
2173 3336 2303 3389 vino
2364 3336 2547 3391 multo
2606 3339 2938 3397 servientes.
3003 3368 3021 3396 ι
3071 3347 3178 3400 Sed
3229 3349 3521 3406 modicum

1884 3425 1954 3479 ad
1988 3423 2362 3480 sobrietatem
2424 3430 2659 3497 propter
2704 3428 2953 3486 salutem
3001 3436 3258 3506 corporis
3318 3438 3522 3494 hiben-

1882 3517 1989 3568 tes.

1954 3624 1981 3651 ‹‹
2016 3601 2165 3656 Bene
2198 3602 2491 3658 docentes.
2549 3605 2755 3661 Docere
2810 3608 2940 3665 illas
2971 3613 3270 3683 permisit;
3306 3618 3404 3673 sed
3439 3619 3525 3674 fe-

1883 3690 2095 3757 minas,
2128 3695 2184 3745 et
2215 3691 2323 3746 hoc
2355 3708 2470 3747 non
2503 3693 2559 3748 in
2594 3695 2866 3769 Ecclesia,
2892 3702 2990 3755 sed
3022 3704 3292 3773 privatim
3325 3705 3383 3761 in
3416 3724 3522 3764 suo

1880 3795 2019 3834 sexu
2030 3821 2042 3834 .

1953 3890 1979 3916 «
2012 3867 2501 3939 Adolescentulas,
2535 3874 2599 3924 ut
2626 3872 2780 3928 viros
2812 3891 2949 3931 suos
2982 3886 3196 3935 ament.
3238 3906 3266 3931 ››
3308 3884 3379 3938 Ut
3408 3902 3523 3940 non

1882 3954 2121 4021 alienos,
2157 3955 2275 4011 sive
2307 3958 2447 4027 quia
2477 3958 2685 4029 aliqua:
2737 3960 3100 4021 continentes
3149 3977 3315 4025 erant
3346 3990 3437 4041 ne,
3473 3976 3524 4030 si

1882 4060 1996 4098 non
2028 4043 2333 4115 diligerent
2364 4045 2513 4100 viros
2563 4064 2722 4113 suos,
2773 4050 3013 4106 verbum
3066 4055 3187 4123 Dei,
3218 4062 3522 4130 tamquam

1880 4131 2189 4186 dissidium
2226 4133 2568 4204 pradicans,
2600 4135 2953 4208 culparetur.

1953 4258 1982 4286 α
2014 4238 2357 4305 Prudentes,
2391 4244 2601 4312 castas,
2652 4243 2897 4313 sobrias,
2932 4246 3142 4303 domus
3190 4266 3390 4306 curam
3423 4252 3526 4308 ha-

1882 4326 2103 4393 bentes,
2137 4348 2163 4375 ο)
2199 4344 2270 4382 ne
2300 4329 2451 4383 viros
2483 4346 2622 4385 suos
2658 4332 2715 4385 in
2745 4331 2937 4404 aliquo
2971 4338 3370 4395 constristent.

1954 4455 1980 4479 ‹‹
2016 4433 2323 4506 Benignas,
2358 4436 2626 4493 subditas
2656 4439 2795 4495 viris
2829 4441 2974 4511 suis,
3009 4449 3074 4499 ut
3104 4462 3219 4501 non
3252 4447 3528 4521 blasphe-

1882 4525 2074 4619 met‘ur
2094 4522 2337 4577 verbum
2361 4524 2483 4592 Dei,
2518 4547 2546 4573 »
2580 4542 2671 4593 ne,
2702 4527 2789 4582 vel
2822 4530 2933 4599 ipsi
2957 4532 3456 4608 blasphemarent,
3478 4540 3528 4593 si

1884 4609 2241 4682 negligentes
2273 4618 2491 4682 essent,
2514 4614 2601 4668 vel
2624 4614 2718 4669 alii
2742 4617 2999 4674 videntes
3023 4638 3119 4676 eas
3146 4624 3368 4693 pejores
3400 4626 3532 4682 eﬁ‘e-

1884 4703 2028 4766 ctas,
2060 4716 2240 4770 quam
2273 4701 2505 4756 fuerant
2551 4708 2684 4758 ante
2716 4705 2913 4773 ﬁdem,
2962 4709 3337 4766 detraherent
3367 4714 3532 4770 Chri-

1883 4788 2085 4842 stianae
2117 4786 2385 4860 religioni
2408 4792 2613 4861 (1369).

1955 4894 2017 4949 In
2050 4911 2115 4949 eo
2148 4911 2302 4965 vero,
2339 4898 2492 4965 quod
2525 4900 2800 4968 superius
2831 4899 2941 4956 ait:
2980 4926 3007 4954 «
3028 4906 3191 4957 Anus
3213 4904 3490 4965 similiter
3512 4934 3541 4963 ››

1882 4984 2086 5056 (1370),
2122 4984 2231 5039 hoc
2262 4989 2353 5039 est
2384 4986 2465 5041 ita
2492 4992 2556 5041 ut
2585 4986 2689 5042 viri
2722 5004 2891 5043 senes
2917 4991 2977 5046 in
2995 4991 3274 5048 omnibus
3304 4996 3550 5075 sobria,

1886 5125 2306 5253 neﬁiﬁfqufhac
2331 5108 2469 5182 ipsi,
2503 5114 2841 5167 asserebant
2873 5130 3048 5172 nosse
3080 5111 3407 5177 Christum.

1959 5254 2147 5348 $13,992
2174 5253 2287 5348 θίν’·
