3976 5348
470 439 580 495 '7“
1484 429 1822 489 ATTONIS
1868 423 2457 488 VERCELLENSIS
2502 426 2851 487 EPISCOPI
3710 440 3797 499 712

480 570 755 631 honestae,
793 565 1038 637 pudicae,
1092 580 1245 617 sanae
1277 562 1335 616 in
1371 562 1503 627 fide,
1536 565 1589 614 et
1618 559 1884 615 castitate
1914 556 2120 627 (1371),
2152 559 2205 621 Α
2237 571 2335 609 eos
2356 556 2526 625 (Psal.
2553 574 2643 621 av,
2676 560 2750 625 8).
2782 580 2810 606 ››
2842 560 2979 623 Quae
3007 558 3196 629 gratia
3226 560 3493 617 omnibus
3527 562 3796 625 hominibus

479 662 536 712 et
567 655 866 727 patientia,
885 659 949 708 ut
971 670 1083 707 non
1108 652 1227 707 sint
1254 649 1658 715 accusatrices,
1686 666 1799 703 non
1822 647 1953 701 vino
1976 644 2123 699 mul-
2237 644 2364 699 ideo
2398 648 2689 716 apparuit,
2726 650 2789 699 ut
2819 647 3075 701 erudiret
3105 664 3231 703 nos.

479 750 536 799 to
582 744 922 805 servientes,
975 742 1120 795 bene
1172 741 1470 803 docentes,
1522 743 1578 791 et
1608 738 1663 790 in
1698 752 1837 791 sexu
1874 751 1981 789 suo
2013 734 2124 787 hoc
2304 736 2488 803 (i372)
2524 758 2550 784 ‹‹
2603 735 2673 789 Ut
2697 737 3051 806 abnegantes
3074 738 3449 810 impietatem,
3481 747 3535 796 et
3562 744 3800 803 saecularia

488 833 742 889 habeant
765 830 1087 903 proprium,
1122 832 1185 882 ut
1216 828 1334 882 sint
1362 828 1421 880 in
1454 826 1657 880 habitu
1691 831 1911 879 sancto.
2232 822 2542 877 desideria.
2578 845 2604 871 ››
2637 824 2923 880 Saeculare
2944 830 3032 880 est
3053 842 3226 882 omne
3246 828 3588 884 desiderium
3604 835 3797 901 carnale,

545 948 571 972 ‹‹
603 922 852 976 Juvenes
902 918 1179 973 similiter
1219 917 1542 981 exhortare,
1576 920 1640 969 ut
1697 912 1879 968 sobrii
1912 912 2053 966 sint.
2091 932 2119 960 »
2231 916 2287 965 et
2310 912 2502 966 omnis
2523 913 3141 985 ambitiotemporalis,
3166 914 3279 970 Deo
3302 916 3800 987 ipsodicentezutt-

472 1013 638 1068 Sicut
666 1011 724 1065 in
758 1025 845 1077 eo,
879 1007 1033 1078 quod
1068 1024 1246 1077 supra
1277 1008 1648 1077 praeceperat,
1681 1002 1883 1057 dicens
1910 1025 1929 1048 α
1958 1004 2117 1055 Anus
2230 1000 2466 1070 tendite,
2510 1018 2579 1055 ne
2611 1008 2924 1073 graventur
2953 1004 3130 1058 corda
3157 1010 3351 1060 vestra
3407 1006 3462 1060 in
3509 1010 3731 1080 crapula,
3762 1022 3799 1067 et

473 1099 742 1156 similiter
781 1098 839 1151 in
872 1096 1073 1151 habitu
1106 1101 1329 1161 sancto,
1356 1116 1383 1144 ››
1417 1092 1866 1148 similitudinem
1896 1104 2119 1145 annum
2229 1089 2528 1152 ebrietate,
2552 1095 2610 1145 et
2642 1091 2797 1146 curis
2828 1091 3005 1164 hujus
3036 1093 3179 1147 vitae.
3216 1094 3440 1158 Sohrie,
3478 1096 3644 1165 juste,
3669 1103 3716 1152 et
3736 1101 3799 1171 pie

474 1188 809 1243 dixeramus
842 1186 913 1239 ad
946 1201 1113 1240 senes
1144 1199 1270 1238 esse
1302 1182 1703 1246 referendam;
1762 1180 1846 1233 ita
1875 1194 2029 1233 nunc
2060 1177 2118 1230 in
2228 1177 2690 1234 vivamusinhoc
2707 1180 2918 1235 saeculo
2940 1181 3091 1251 (Luc.
3115 1199 3228 1249 xm,
3252 1184 3361 1253 34).
3384 1208 3407 1234 ι
3444 1185 3703 1241 Admonet
3725 1205 3797 1243 nos

474 1295 539 1333 eo
572 1277 723 1349 quod
760 1274 991 1330 intulit:
1020 1297 1044 1323 ‹‹
1070 1275 1312 1327 Juvenes
1345 1270 1617 1325 similiter
1638 1268 1888 1333 hortare,
1919 1271 1981 1321 ut
2010 1283 2119 1336 pu-
2230 1267 2463 1339 quidem
2498 1267 2612 1323 alio
2644 1267 2767 1323 loco
2798 1270 2953 1325 idem
2985 1272 3191 1326 beatus
3240 1271 3570 1342 Apostolus.
3613 1274 3794 1333 dicens:

478 1367 592 1423 dici
619 1367 758 1432 sint,
792 1386 820 1415 »
852 1362 1299 1418 similitudinem
1324 1361 1609 1429 juvenum
1634 1359 1703 1412 ad
1729 1373 1896 1421 anus,
1930 1361 1987 1411 et
2019 1370 2119 1425 per
2227 1379 2253 1403 ιι
2280 1357 2404 1411 Non
2432 1356 2563 1427 plus
2585 1373 2805 1429 sapere,
2831 1374 3006 1429 quam
3031 1364 3259 1430 oportet
3280 1377 3501 1433 sapere,
3530 1363 3619 1417 sed
3648 1380 3795 1435 sapere

483 1473 631 1512 anus
665 1455 736 1510 ad
759 1470 926 1509 senes
950 1452 1302 1507 arbitramur
1330 1448 1667 1520 aptandam,
1691 1451 1755 1501 ut
1778 1460 1985 1500 senum
2014 1443 2117 1498 ha-
2227 1447 2296 1500 ad
2321 1446 2694 1501 sobrietatem
2728 1450 2901 1515 (Rom.
2930 1463 3030 1515 xu,
3050 1449 3124 1519 3).
3163 1473 3182 1497 ι
3220 1450 3623 1506 Verumtamen
3650 1453 3695 1506 in
3721 1454 3793 1509 hac

478 1548 655 1604 beant
696 1543 1088 1608 sobrietatem,
1122 1546 1178 1594 et
1231 1538 1461 1594 honesti
1518 1537 1655 1599 sint,
1697 1540 1754 1589 et
1810 1532 2027 1605 pudici,
2061 1536 2117 1587 et
2225 1535 2521 1606 tripertita
2546 1535 2850 1603 divisione,
2884 1536 2942 1590 in
2975 1554 3091 1608 qua
3113 1537 3274 1602 dicit,
3297 1545 3361 1593 ut
3387 1540 3793 1611 sobrie,etjuste,

477 1636 604 1691 sani
644 1634 701 1688 in
733 1632 865 1702 ﬁde,
917 1635 973 1685 et
1018 1628 1323 1694 cbaritate,
1372 1632 1428 1681 et
1475 1624 1795 1697 patientia;
1828 1627 1892 1677 ut
1920 1622 2113 1693 pudici
2224 1627 2280 1678 et
2312 1624 2401 1694 pie
2431 1624 2713 1693 vivamus,
2743 1624 2969 1680 videtur
2990 1625 3154 1692 mihi,
3188 1626 3327 1697 quia
3356 1625 3456 1682 ille
3485 1627 3658 1683 sobrie
3680 1629 3791 1696 vivit,

476 1725 597 1780 sint
626 1723 686 1777 in
703 1720 999 1785 omnibus,
1022 1722 1142 1771 tam
1164 1716 1385 1771 scilicet
1417 1720 1629 1777 mente,
1654 1729 1828 1783 quam
1853 1726 2111 1781 corpore,
2224 1712 2321 1782 qui
2353 1728 2465 1766 non
2500 1712 2765 1783 sequitur
2784 1712 3204 1768 deiectamenta
3224 1713 3471 1771 luxuriae
3494 1718 3668 1786 ;juste
3684 1718 3793 1784 vivit,

473 1818 592 1869 tam
625 1827 814 1882 opere,
849 1824 1026 1879 quam
1059 1804 1442 1877 cogitatione;
1474 1808 1539 1857 ut
1586 1801 1747 1856 nulla
1776 1800 1853 1855 sit
1885 1800 1940 1854 in
1972 1800 2109 1855 ado-
2222 1799 2322 1871 qui
2356 1802 2682 1872 proximum
2717 1800 3052 1857 nullatenus
3082 1801 3259 1868 iaadit,
3311 1808 3370 1857 et
3398 1804 3452 1859 ei
3481 1804 3793 1871 beneﬁcia,in

468 1901 723 1957 lescente
755 1896 1011 1967 suspicio
1034 1892 1436 1964 turpitudinis.
2144 1925 2190 1987 Β
2222 1896 2509 1959 quantum
2542 1888 2711 1953 valet,
2736 1890 3064 1961 impendit;
3099 1890 3188 1961 pie
3216 1892 3377 1961 vivit,
3411 1894 3564 1964 quia
3587 1895 3794 1950 societate

542 2013 569 2037 ‹‹
606 1992 666 2041 In
690 1986 965 2040 omnibus
986 1982 1238 2053 teipsum
1265 1982 1452 2051 praebe
1473 1978 1803 2051 exemplum
1826 1979 2111 2033 bonorum
2144 1977 2188 1987 ”
2222 1977 2627 2033 ecclesiastica:
2662 1978 2903 2033 unitatis
2962 1978 3124 2034 nulla
3181 1979 3406 2035 ratione
3445 1982 3699 2051 discedit;
3724 1985 3792 2037 sed

472 2094 734 2148 operum,
774 2098 801 2123 ››
834 2072 988 2128 Nihil
1018 2072 1173 2126 enim
1202 2071 1438 2141 prodest
1458 2068 1711 2139 aliquem
1735 2067 2108 2122 exercitatum
2222 2068 2375 2121 intra
2401 2068 2716 2122 Ecclesiam
2749 2067 2994 2138 positus,
3028 2085 3115 2135 ea,
3150 2086 3276 2139 quae
3330 2070 3645 2125 certissime
3665 2072 3790 2141 novit,

467 2183 594 2221 esse
626 2167 682 2220 in
716 2164 977 2229 dicendo,
1011 2166 1068 2215 et
1097 2160 1166 2215 ad
1185 2159 1543 2229 loquendum
1576 2158 1801 2211 trivisse
1824 2155 2106 2225 linguam,
2221 2158 2289 2210 ad
2311 2156 2610 2210 scientiam
2630 2173 2774 2210 verse
2800 2156 2931 2210 fidei
2958 2157 3788 2227 pertinereindubitantertenct;

463 2256 577 2311 nisi
606 2255 737 2326 plus
765 2250 1026 2323 exemplo
1058 2248 1335 2314 docuerit,
1371 2264 1544 2318 quam
1576 2246 1767 2299 verbo.
2219 2245 2317 2299 illa
2347 2262 2501 2309 vero,
2534 2261 2660 2315 quas
2694 2245 2942 2315 ignorat,
2974 2250 3075 2300 aut
3105 2246 3175 2300 de
3220 2246 3444 2317 quibus
3470 2247 3693 2317 dubitat,
3716 2249 3788 2303 bu-

536 2368 561 2393 ‹‹
597 2345 804 2398 Servos
835 2339 1091 2396 dominis
1122 2338 1246 2393 suis
1277 2336 1547 2391 subditos
1572 2351 1719 2389 esse.
1750 2334 1807 2387 in
1830 2333 2107 2388 omnibus
2218 2333 2451 2396 militer,
2483 2349 2549 2387 ac
2583 2334 2869 2405 patienter
2892 2334 3169 2406 explorat,
3203 2336 3414 2403 donec,
3447 2337 3495 2391 si
3529 2337 3653 2407 quid
3672 2337 3788 2391 aliter

464 2434 778 2505 placentes,
812 2447 927 2484 non
959 2426 1440 2489 contradicentes,
1476 2441 1589 2478 nou
1622 2423 1981 2490 fraudantes,
2005 2422 2102 2475 sed
2216 2422 2387 2492 sapit,
2413 2422 2526 2477 Deo
2559 2422 2669 2477 sibi
2701 2424 2987 2479 revelante
3020 2430 3354 2495 cognoscat.
3392 2425 3522 2481 Haec
3549 2432 3711 2481 autem
3730 2443 3788 2480 so-

463 2522 523 2575 in
556 2519 831 2575 omnibus
856 2517 1029 2570 fidem
1050 2514 1261 2567 bonum
1287 2511 1681 2575 ostendentes,
1704 2508 2104 2563 utdoctrinam
2215 2510 2781 2581 brietas,justitia,et
2803 2512 3007 2581 pietas,
3036 2529 3164 2583 quas
3183 2514 3414 2569 cunctis
3437 2516 3636 2570 debent
3653 2515 3789 2569 inesse

462 2607 777 2665 Salvatoris
800 2605 980 2659 nostri
1012 2603 1111 2657 Dei
1135 2600 1420 2655 ornentin
1452 2598 1743 2653 omnibus.
1772 2620 1791 2645 ιο
1820 2597 2106 2661 Quoniam
2214 2597 2503 2665 ﬁdelibus,
2539 2601 2617 2653 ita
2647 2599 2756 2653 sibi
2787 2616 3054 2655 connexaa
3086 2608 3244 2670 sunt,
3305 2607 3374 2657 ut
3398 2603 3465 2674 lsi
3513 2620 3623 2659 una
3644 2620 3787 2659 earum

464 2697 769 2759 Dominus,
802 2698 859 2750 et
891 2692 1155 2748 Salvator
1186 2693 1403 2755 noster,
1432 2686 1532 2758 qui
1563 2687 1620 2740 in
1647 2686 1951 2756 Evangelio
1982 2686 2100 2739 ait:
2214 2687 2479 2749 defuerit,
2500 2688 2703 2753 altera,
2728 2689 3328 2759 qumvideturinesse,
3365 2692 3677 2749 nullatenus
3698 2709 3786 2763 [που

464 2810 490 2835 ‹‹
526 2786 729 2841 Venite
778 2784 849 2837 ad
900 2798 991 2836 me
1023 2796 1247 2844 omnes,
1294 2778 1395 2848 qui
1426 2775 1724 2842 laboratis,
1774 2780 1831 2829 et
1877 2774 2101 2830 onerati
2212 2776 2306 2830 sit.
2332 2776 2531 2848 Neque
2562 2776 2719 2830 enim
2751 2777 3055 2843 sobrietas,
3090 2795 3208 2849 qua
3232 2780 3489 2851 quisque
3521 2781 3574 2835 in
3604 2782 3785 2853 seipsoa

460 2876 621 2937 estis,
654 2879 710 2928 et
742 2889 846 2944 ego
878 2870 1134 2926 reficiam
1166 2885 1268 2922 vos
1307 2866 1520 2937 (Matth.
1556 2882 1634 2932 xx,
1664 2865 1777 2935 28),
1814 2888 1838 2912 ››
1874 2863 2099 2917 nullam
2211 2864 2449 2936 flagitiis
2480 2865 2753 2932 abstinet,
2790 2866 2903 2921 nisi
2936 2867 3050 2936 pia,
3083 2868 3325 2937 etjusta
3346 2869 3546 2940 fuerit,
3567 2870 3618 2923 id
3641 2874 3787 2938 est,th

460 2962 877 3025 conditionem,
910 2963 1157 3026 aetatem,
1209 2972 1434 3022 sexum,
1468 2972 1502 3009 a
1550 2954 1906 3008 beatitudine
1939 2952 2099 3007 arbi-
2210 2954 2346 3007 etin
2372 2954 2553 3009 Deum
2581 2959 2733 3009 recte
2755 2956 2986 3009 credat:
3013 2971 3116 3011 nec
3142 2958 3447 3013 fructuosa
3487 2960 3693 3028 justitia
3714 2964 3785 3021 est,

457 3056 645 3105 tratur
674 3049 929 3103 alienum
955 3065 968 3102 :
994 3052 1295 3119 propterea
1322 3062 1475 3099 nunc
1505 3042 1815 3115 Apostolus
1839 3047 1895 3096 et
1915 3041 2099 3096 servis
2209 3058 2324 3112 qua
2355 3044 2766 3115 unusquisque
2796 3042 2904 3099 hoc
2935 3044 3226 3115 impendit
3259 3048 3693 3119 proximo,quod
3712 3046 3783 3101 sibi

453 3143 741 3212 praecepta
796 3136 1119 3203 constituit,
1179 3133 1420 3199 scilicet,
1484 3138 1547 3188 ut
1600 3132 1746 3203 parti
1806 3129 2095 3195 Ecclesia»,
2208 3130 2532 3187 delectatur
2560 3132 2841 3203 impendi,
2877 3133 2925 3187 si
2957 3134 3173 3200 sobria,
3226 3136 3444 3207 piaque
3496 3154 3605 3193 non
3634 3138 3777 3191 fuerit:

455 3230 852 3299 membrisque
884 3225 1141 3297 corporis
1160 3223 1480 3278 Christi.Et
1502 3220 1791 3291 quomodo
1824 3218 2096 3290 superius
2132 3288 2165 3299 Α
2208 3220 2391 3291 pietas
2424 3237 2655 3291 quoque
2689 3227 2919 3276 mortua
2949 3228 3060 3287 est,
3091 3240 3208 3293 qua
3240 3224 3298 3277 in
3332 3229 3517 3280 Deum
3550 3232 3681 3282 recte
3700 3242 3780 3279 cre-

456 3335 625 3387 anus,
660 3314 1147 3375 adolescentulas,
1190 3314 1458 3383 juvenes,
1501 3309 1635 3380 quid
1671 3310 1834 3363 Titus
1864 3308 2094 3362 erudire
2126 3288 2167 3352 C
2206 3310 2367 3364 ditur
2392 3328 2404 3376 ;
2428 3310 2476 3363 si
2498 3309 2583 3363 vel
2610 3326 2837 3363 morum
2867 3311 3174 3382 sobrietas,
3198 3312 3285 3367 vel
3310 3315 3558 3384 proximi
3590 3315 3783 3369 Charitas

456 3407 685 3475 debere,
717 3403 951 3459 edocuit
975 3421 987 3468 ;
1013 3403 1095 3456 ita
1126 3416 1281 3454 nunc
1306 3398 1485 3453 servis
1508 3402 1641 3468 apta
1662 3401 1943 3467 praecepta
1964 3413 2094 3451 con-
2205 3416 2317 3453 non
2342 3404 2589 3453 tenetur.
2617 3399 2779 3453 Tunc
2805 3398 2984 3470 igitur
3005 3401 3212 3455 animus
3241 3418 3379 3456 vera
3403 3403 3561 3458 salus
3591 3402 3780 3473 acquiri-

461 3495 678 3548 stituit:
716 3493 971 3563 primum
998 3495 1060 3543 ut
1090 3488 1307 3542 subditi
1333 3484 1719 3540 sintdominis
1741 3485 1865 3539 suis
1887 3485 1944 3538 in
1970 3503 2092 3540 om-
2205 3493 2319 3550 tur,
2350 3489 2397 3541 si
2430 3492 2487 3541 et
2517 3488 2701 3557 pietas
2724 3487 2781 3541 in
2814 3488 2946 3553 ﬁde,
2980 3494 3036 3543 et
3058 3490 3297 3557 justitia
3325 3491 3387 3545 in
3444 3490 3712 3553 cbaritate,
3745 3496 3783 3543 et

456 3583 630 3636 nibus
656 3600 668 3647 ;
695 3582 748 3634 in
779 3580 868 3634 his
891 3584 1085 3633 autem
1109 3577 1403 3638 omnibus,
1424 3592 1547 3644 quae
1573 3592 1683 3628 non
1710 3580 1849 3629 sunt
1870 3582 2093 3631 contra-
2204 3576 2490 3630 sobrietas
2518 3576 2573 3628 in
2607 3576 2894 3644 castitate,
2927 3593 2993 3630 ac
3025 3578 3390 3647 parsimonia
3418 3584 3680 3635 teneatur.

454 3669 541 3723 ria
571 3670 704 3739 Deo,
740 3674 803 3722 ut
834 3668 880 3722 si
916 3668 1190 3721 dominus
1220 3681 1287 3718 ea
1309 3664 1496 3732 jubet,
1532 3680 1656 3733 qua:
1704 3681 1817 3719 non
1853 3665 1972 3719 sint
1992 3668 2092 3721 ad-
2274 3665 2458 3733 (1373)
2494 3686 2521 3713 ι(
2554 3665 2934 3734 Expectantes
2994 3666 3223 3719 beatam
3282 3684 3473 3738 spem.
3508 3693 3530 3720 ι
3560 3668 3646 3723 ille
3677 3666 3784 3719 fidu-

453 3774 619 3813 versa
641 3756 867 3826 Scriptu
879 3755 957 3809 ris
981 3751 1578 3823 sanctis,subjiciatur
1603 3767 1803 3807 servus
1824 3754 2089 3822 domino;
2204 3752 2428 3807 cialiter
2450 3752 2570 3807 haec
2591 3757 2909 3823 exspectat,
2932 3754 3031 3825 qui
3054 3753 3135 3809 ita
3159 3755 3553 3823 dixerit,sicut
3575 3754 3784 3828 superius

455 3846 501 3901 si
533 3861 663 3899 vero
696 3842 987 3898 contraria
1010 3841 1286 3912 praecipit,
1331 3839 1520 3910 magis
1550 3841 1781 3895 obediat
1829 3842 2092 3912 spiritus,
2202 3842 2356 3897 idem
2378 3842 2691 3912 Apostolus
2708 3842 2891 3896 docet.
2930 3842 3103 3897 Beata
3133 3858 3269 3915 spes
3301 3845 3467 3900 nulla
3493 3844 3680 3901 melius
3702 3843 3782 3897 alia

452 3951 631 4006 quam
664 3931 920 4004 corporis
935 3930 1192 3986 domino.
1214 3930 1531 4000 Diligenter
1547 3931 1826 3985 attendite
1848 3948 2090 4001 quomo-
2202 3932 2488 3986 credenda
2508 3936 2617 3997 est,
2642 3946 2816 4000 quam
2842 3930 3006 4001 illud,
3039 3933 3192 4003 quod
3217 3933 3485 3989 dicturus
3528 3942 3610 3990 est
3636 3931 3780 3988 Domi-

457 4024 529 4078 do
561 4038 817 4093 congrua
845 4020 1110 4093 personis
1160 4023 1441 4091 praecepta
1488 4018 1794 4074 decernat:
1836 4040 1856 4065 α
1909 4021 2092 4091 Servi,
2202 4020 2387 4074 nusin
2415 4018 2716 4088 diejudicii
2744 4017 3291 4089 his,quiaadextris
3308 4023 3437 4092 ejus
3458 4027 3646 4077 erunt:
3670 4045 3685 4068 ι
3710 4019 3779 4071 Ve-

452 4111 642 4183 inquit
670 4111 925 4167 dominis
956 4110 1078 4163 suis
1110 4107 1328 4163 subditi
1362 4107 1479 4161 sint
1509 4107 1565 4163 in
1598 4108 1891 4163 omnibus.
1931 4132 1956 4156 ι)
2202 4110 2337 4174 nite,
2370 4107 2655 4162 benedicti
2689 4107 2877 4161 Patris
2900 4107 3033 4177 mei,
3059 4110 3351 4179 possidete
3379 4116 3637 4183 paratum
3666 4108 3781 4162 vobis

523 4225 550 4251 ‹‹
584 4201 867 4272 Apparuit
896 4199 1050 4254 enim
1083 4197 1271 4269 gratia
1304 4197 1397 4250 Dei
1423 4195 1737 4251 Salvatoris
1761 4198 1943 4252 nostri
1973 4214 2091 4253 om-
2200 4213 2443 4268 regnum
2475 4195 2949 4264 a',constitutione
2999 4198 3202 4251 mundi
3251 4198 3455 4265 (Matth.
3500 4217 3623 4266 xxv,
3648 4198 3734 4264 3i).
3760 4216 3777 4239 »ι

449 4291 624 4345 nibus
641 4290 977 4345 hominibus
1002 4287 1275 4340 erudiens
1301 4302 1469 4339 nos.»
1494 4289 1631 4339 Post
1646 4285 2089 4356 catalogumdo-
2272 4309 2297 4334 ‹‹
2332 4286 2397 4339 Et
2426 4285 2737 4339 adventum
2772 4285 2966 4356 gioria3
3000 4287 3196 4357 magni
3250 4289 3366 4357 Dei,
3418 4295 3479 4344 et
3523 4286 3777 4344 Salvatoris

447 4380 643 4433 ctrina:
680 4379 749 4432 ad
772 4379 988 4441 Titum,
1025 4375 1164 4446 quid
1197 4390 1389 4435 senes,
1421 4373 1558 4443 quid
1586 4390 1753 4442 anus,
1779 4374 1918 4443 quid
1950 4376 2087 4430 ado-
2198 4374 2380 4429 nostri
2410 4375 2543 4427 Jesu
2575 4373 2810 4429 Christi.
2848 4396 2875 4422 »
2908 4375 3156 4445 Magnus
3211 4375 3366 4431 Deus
3421 4377 3670 4433 Christus
3700 4378 3774 4439 est,

444 4465 817 4532 lescentulas,
868 4466 1207 4535 etjuvenes,
1261 4462 1400 4532 quid
1429 4462 1496 4515 ad
1539 4466 1857 4516 extremum
1892 4480 2087 4519 servos
2197 4467 2445 4518 testante
2478 4462 2780 4533 Propheta,
2816 4464 2915 4533 qui
2972 4464 3148 4518 dicit:
3185 4488 3211 4513 ‹‹
3245 4465 3494 4537 Magnus
3530 4465 3773 4527 Dominus,

442 4554 673 4609 erudire
706 4553 960 4619 deberet,
981 4555 1130 4605 recte
1153 4548 1549 4604 nuncintulit:
1570 4574 1594 4597 ‹‹
1623 4550 1906 4621 Apparuit
1928 4553 2083 4606 enim
2194 4556 2249 4607 et
2279 4550 2593 4606 laudabilis
2623 4551 2801 4605 nimis
2831 4552 2889 4604 in
2921 4552 3149 4607 civitate
3182 4554 3282 4609 Dei
3315 4556 3519 4619 nostri,
3553 4556 3605 4609 in
3629 4556 3772 4608 monte

443 4642 630 4713 gratia
663 4641 762 4696 Dei
786 4640 1100 4695 Salvatoris
1123 4639 1397 4693 omnibus
1420 4638 1826 4693 hominibus.»
1851 4645 1973 4694 Non
1997 4646 2087 4697 est
2114 4653 2161 4716 Ι)
2195 4646 2392 4696 sancto
2414 4642 2540 4710 ejus
2564 4640 2731 4711 (Psal.
2758 4656 2927 4704 xnvn,
2986 4642 3061 4705 2).
3120 4644 3248 4712 Ipse
3295 4648 3353 4699 et
3407 4644 3655 4699 Salvator
3687 4655 3772 4695 om-

442 4731 596 4787 enim
631 4730 749 4786 ulla
778 4729 1103 4785 diti‘erentia
1130 4727 1316 4794 liberi,
1346 4732 1401 4781 et
1432 4727 1601 4797 servi,
1634 4728 1833 4797 Grmci,
1866 4733 1923 4783 et
1954 4731 2081 4785 har-
2197 4730 2381 4795 nium,
2413 4729 2661 4783 maxime
2684 4727 2963 4783 fidelium.
2997 4730 3291 4787 Adventus
3318 4732 3510 4805 glorias
3557 4734 3669 4800 ejus
3693 4743 3773 4783 non

441 4820 587 4889 bari,
617 4819 968 4885 circumcisi,
1002 4822 1056 4873 et
1088 4816 1357 4871 habentis
1388 4816 1760 4888 praeputium,
1798 4817 2080 4887 mulieris,
2192 4818 2725 4889 illeinteliigendus
2750 4822 2979 4889 est,quo
3002 4818 3377 4876 invisibiliter
3420 4822 3773 4894 quotidiecum

438 4914 495 4964 et
525 4909 650 4978 viri,
686 4909 784 4963 sed
816 4908 1007 4962 cuncti
1031 4911 1087 4961 in
1109 4908 1337 4961 Christo
1362 4922 1543 4960 unum
1562 4922 1798 4971 sumus;
1825 4906 2082 4962 universi
2191 4907 2740 4976 Patre,non‘absque
2759 4906 2979 4977 Spiritu
3014 4911 3312 4976 sancto,ad
3340 4910 3533 4965 fideles
3564 4908 3772 4966 veniunt,

437 4998 507 5052 ad
542 4998 640 5051 Dei
674 5012 916 5068 regnum
948 5011 1261 5061 vocamur;
1286 5009 1487 5048 omnes
1522 4998 1651 5064 post
1674 4994 1953 5048 offensam
1977 4995 2080 5050 Pa-
2191 5002 2245 5050 et
2274 4994 2484 5066 impios
2516 4994 2966 5066 derelinquunt;
3011 4999 3111 5052 sed
3145 4998 3240 5053 ille
3268 4998 3663 5070 intelligendus
3688 4998 3768 5059 est,

438 5086 510 5140 tri
546 5091 742 5142 nostro
772 5084 1183 5140 reconciliandi
1216 5099 1443 5147 sumus,
1469 5099 1580 5135 non
1617 5098 1716 5151 per
1749 5082 1954 5137 merita
1984 5101 2082 5138 no-
2191 5084 2423 5155 quando
2446 5084 2503 5136 in
2532 5083 2835 5153 majestate
2864 5102 2992 5153 sua,
3025 5092 3080 5141 et
3111 5087 3296 5144 Patris
3326 5095 3595 5143 venturus
3621 5092 3708 5151 est,
3733 5087 3773 5134 et

437 5178 576 5238 stre,
611 5177 709 5229 sed
744 5192 843 5245 per
900 5174 1145 5246 gratiam
1194 5170 1505 5226 Salvatoris
1539 5170 1718 5223 nostri
1745 5186 1756 5221 :
1807 5170 1892 5225 vel
1926 5173 2079 5241 quod
2190 5190 2393 5228 omnes
2416 5171 2607 5242 angeli
2636 5173 2762 5243 ejus
2794 5189 2927 5228 cum
2950 5191 3038 5241 eo,
3061 5181 3117 5230 et
3149 5175 3339 5232 mittet
3359 5194 3453 5233 eos
3485 5177 3551 5231 ad
3585 5186 3768 5243 congre-

709 5263 719 5272 ο
822 5264 832 5274 ι
1064 5267 1072 5280 ι
1183 5261 1195 5280 ι
1230 5261 1436 5280 ,!_A-.--
1467 5257 1792 5280 -...-LI-1_---
1832 5259 1897 5280 ,ξι
1924 5260 2050 5282 [aL-1
2194 5278 2275 5281 ..κέ

2195 5262 2439 5282 ..γΑΔκ-έ-
2490 5260 2845 5282 -1--L---,,__
2910 5280 2921 5281 γ
2966 5280 2973 5281 κ
3161 5265 3171 5275 ο
3321 5267 3331 5282 ι
3650 5258 3765 5282 ν--ι1

438 5261 480 5278 n
524 5262 535 5273 ο
571 5262 610 5278 n
655 5267 663 5278 ι
709 5263 719 5272 ·
822 5264 832 5274 ι
1064 5267 1072 5280 ι
1183 5261 1195 5280 l
1230 5261 1436 5280 ,!_A-.--
1467 5260 1643 5280 ...υ-ιζ..
1674 5260 1792 5280 :.---
1832 5260 1897 5280 ,ξι
1924 5260 1995 5282 [‘1-

1064 5267 1072 5280 ι
1183 5261 1195 5280 l
1230 5261 1436 5280 ,!_s---
1467 5260 1643 5280 ...υ-ιζ..
1674 5260 1792 5280 :---
1832 5260 1897 5280 ,τι
1924 5260 2050 5282 [aL-1
2194 5278 2290 5281 ..κδ
2315 5262 2438 5282 .I,_--
