3976 5348
140 339 246 397 713

743 337 1161 426 EXPOSITIQ
1206 337 1282 396 IN
1335 337 1759 398 EPISTULAS
1805 337 2062 400 PAULI.
2096 340 2282 399 -ΙΝ
2329 340 2580 403 EPIST.
2628 346 2730 403 AD
2776 345 2927 405 TIT.

3412 354 3530 411 ’714

206 493 231 519 ι(
256 470 359 532 Qui
385 468 543 524 dedit
566 470 947 541 semetipsum
974 485 1075 541 pro
1097 468 1283 523 nobis.
1316 492 1335 520 υ
1367 468 1424 523 Si
1448 467 1544 522 ille
1572 472 1780 523 semet-
1809 472 1862 537 Α
1895 471 2099 536 fuerat,
2124 488 2193 525 ne
2213 472 2585 543 siplusjusto
2610 475 3032 546 infervesceret,
3050 495 3163 535 non
3185 482 3256 535 ad
3280 483 3528 538 salutem

140 562 324 631 ipsum
360 558 537 627 dedit,
572 558 679 612 hoc
713 563 820 623 est,
854 558 1312 627 cruciligendum
1369 573 1430 611 se
1462 557 1778 628 impiorum

142 647 409 705 manibus
430 647 660 717 obtulit,
686 652 742 701 et
762 648 930 702 Pater
951 664 1083 702 eum
1110 646 1367 705 tradidit,
1388 647 1527 717 quia
1548 645 1779 718 prOprio

144 738 275 794 Filio
315 755 433 793 non
465 736 741 808 pepercit,
778 739 875 791 sed
912 755 1012 808 pro
1048 736 1214 791 nobis
1248 737 1522 790 omnibus
1545 736 1782 789 tradidit

142 829 300 885 illum
329 829 501 899 (Rom.
526 844 650 894 vm,
674 828 764 897 3‘3)
792 844 804 879 :
831 824 963 881 licet
984 826 1113 894 ipsa
1135 824 1330 897 passio
1357 841 1457 897 pro
1472 824 1658 881 salute
1685 840 1782 879 no-

140 923 255 976 stra
283 918 456 983 facta,
492 916 674 973 solius
708 914 834 970 Filii
876 915 1160 971 exstiterit
1192 914 1533 986 personalis,
1586 918 1781 970 tamen

139 1007 293 1065 salus
323 1011 527 1061 nostra
556 1006 615 1061 in
648 1004 835 1073 Patre,
880 1009 937 1060 et
966 1005 1107 1060 Filio
1135 1022 1268 1059 cum
1308 1004 1534 1076 Sptritu
1582 1008 1781 1059 sancto

138 1095 465 1153 communis
495 1100 603 1151 est.

206 1209 225 1233 α
261 1184 340 1239 Ut
358 1202 463 1239 nos
488 1185 796 1238 redimeret
818 1184 890 1238 ab
914 1182 1071 1238 omni
1096 1183 1427 1254 iniquitate,
1452 1204 1478 1231 ››
1498 1183 1553 1236 id
1579 1187 1684 1249 est,
1709 1182 1781 1235 ab

132 1271 408 1328 omnibus
428 1270 755 1325 actualibus
771 1269 1218 1341 etoriginalibus
1240 1272 1509 1343 peccatis.
1532 1270 1785 1324 Audiant

130 1363 243 1416 haec
274 1361 377 1431 qui
410 1360 479 1414 de
512 1360 763 1431 propriis
793 1360 1018 1413 meritis
1052 1359 1443 1426 extolluntur;
1468 1360 1603 1431 quia
1646 1376 1782 1429 pro-

131 1456 326 1522 pterea
359 1448 624 1503 Christus
656 1466 757 1519 pro
791 1448 987 1520 impiis
1020 1454 1287 1503 mortuus
1318 1453 1425 1513 cst,
1478 1454 1539 1502 ut
1570 1465 1674 1503 nos
1710 1447 1781 1501 ab

130 1538 284 1594 omni
321 1537 943 1609 iniquitatelibcraret.

200 1652 225 1677 ‹‹
252 1628 322 1681 Et
356 1629 663 1681 mundaret
689 1626 800 1681 sibi
826 1627 1107 1697 populum
1132 1625 1564 1697 acceptabilem,
1599 1630 1782 1681 secta-

130 1723 323 1773 torum
357 1717 644 1771 bonorum
661 1732 961 1786 operum.»
988 1716 1241 1785 Populus
1261 1715 1631 1786 acceptabilis
1646 1715 1781 1780 Deo,

127 1812 391 1863 sectator
411 1821 651 1878 operum
674 1805 959 1859 bonorum
980 1811 1085 1870 est,
1112 1805 1209 1875 qui
1236 1820 1303 1858 ex
1321 1805 1487 1859 bonis
1510 1803 1784 1874 operibus

126 1914 240 1951 non
273 1894 666 1957 extolluntur,
697 1894 796 1948 sed
830 1909 895 1948 ex
925 1910 1011 1963 eo,
1045 1894 1199 1964 quod
1233 1894 1451 1948 bonum
1484 1897 1684 1964 agunt,
1728 1892 1786 1947 in

132 1986 381 2041 Domino
415 1983 759 2055 gloriantur,
792 1987 985 2037 etnon
1020 1983 1075 2037 in
1109 1999 1170 2037 se
1204 1982 1367 2054 ipsis.

198 2098 223 2121 ‹‹
256 2074 395 2129 Haec
426 2071 683 2141 loquere,
713 2076 768 2125 et
798 2070 1122 2140 exhortare,
1158 2076 1213 2125 et
1243 2088 1420 2143 argue
1451 2088 1584 2125 cum
1628 2071 1788 2126 omni

132 2162 411 2235 imperio.
439 2184 465 2210 »
498 2161 620 2216 Non
654 2161 1111 2215 dominationem
1144 2162 1436 2231 potentiae,
1469 2160 1570 2215 sed
1590 2165 1787 2215 aucto-

131 2253 380 2307 ritatem
416 2251 623 2305 suadet
676 2250 826 2304 vitzc.
871 2253 1014 2304 Cum
1066 2249 1225 2303 omni
1282 2249 1524 2321 imperio
1574 2249 1790 2322 quippe

124 2343 402 2408 docetur,
438 2339 592 2410 quod
628 2338 793 2410 prius
832 2339 1046 2409 agitur,
1106 2355 1280 2410 quam
1332 2338 1581 2394 dicatur.
1642 2338 1787 2393 Nam

123 2429 419 2486 doctrina:
449 2428 741 2483 subtrahit
804 2428 1098 2493 ﬁduciam,
1157 2428 1390 2499 quando
1436 2428 1793 2483 conscientia

120 2519 422 2591 praepedit
445 2518 727 2589 linguam.
765 2517 887 2571 Non
919 2534 1053 2590 ergo
1082 2518 1131 2572 ei
1156 2520 1501 2589 potestatem
1522 2516 1682 2572 elatis
1706 2515 1788 2571 lo-

121 2606 529 2677 cutionis,sed
546 2607 709 2661 bona:
732 2605 1003 2659 ﬁduciam
1028 2605 1792 2661 insinuavitactionis.Unde

108 2698 303 2751 etiam
344 2696 416 2750 de
449 2694 695 2749 Domino
721 2692 1002 2763 scripturn
1031 2696 1192 2747 estzu
1222 2694 1357 2747 Erat
1374 2694 1529 2748 enim
1552 2694 1787 2760 docens,

102 2786 271 2841 sicut
298 2786 659 2855 potestatem
689 2781 911 2835 habens
932 2780 1145 2850 (Matth.
1169 2798 1268 2834 vn.
1290 2782 1410 2851 29);
1437 2782 1599 2835 Marc.
1630 2799 1666 2847 1,
1690 2782 1787 2848 22;

93 2880 267 2930 Lua.
310 2889 399 2938 1v,
434 2872 523 2941 32)
553 2889 565 2937 ;
596 2892 621 2917 ››
656 2886 768 2924 non
804 2869 955 2924 sicut
983 2868 1191 2924 Scribae
1224 2874 1280 2922 et
1328 2868 1621 2925 Pharisaei.
1667 2869 1793 2924 Sin-

83 2960 419 3037 gulariter
437 2975 691 3029 namque
714 2974 779 3012 ac
806 2957 1206 3029 principaliter
1227 2957 1386 3012 solus
1414 2974 1481 3013 ex
1506 2962 1790 3029 potestate

80 3056 261 3107 bona
300 3048 553 3103 locutus
583 3052 690 3114 est,
727 3046 865 3117 quia
892 3063 961 3101 ex
1016 3046 1375 3115 infirmitate,
1429 3046 1583 3102 mala
1632 3046 1792 3102 nulla

79 3137 457 3197 commisit.
494 3137 570 3190 Ex
600 3135 927 3190 divinitatis
959 3135 1176 3207 quippe
1197 3134 1459 3206 potentia
1481 3135 1687 3190 habuit
1708 3136 1786 3201 id,

79 3228 258 3304 quod
298 3225 496 3281 nobis
527 3242 631 3297 per
669 3223 1020 3279 humilitatis
1052 3241 1168 3279 sua:
1202 3223 1597 3279 innocentiam
1624 3224 1791 3281 mini-
1821 3209 1863 3275 C

80 3316 347 3376 stravit.
402 3313 518 3371 Nos
544 3314 720 3388 enim,
743 3311 844 3383 qui
870 3312 1086 3367 infirmi
1115 3312 1386 3367 homines
1409 3329 1634 3383 sumus,
1660 3329 1792 3367 cum

91 3410 169 3464 de
201 3408 345 3462 Deo
372 3402 724 3459 hominibus
746 3401 1064 3472 loquimur,
1090 3402 1373 3457 debemus
1397 3402 1656 3473 primum
1672 3416 1792 3455 me—

97 3497 386 3553 minisse
423 3492 577 3563 quod
617 3508 845 3557 sumus,
875 3495 937 3545 ut
957 3508 1025 3545 ex
1048 3492 1280 3562 propria
1298 3491 1637 3546 inﬁrmitate
1662 3506 1797 3562 pen-

96 3602 354 3652 semus,
391 3599 506 3653 quo
534 3581 779 3636 docendi
808 3580 1009 3635 ordine
1031 3580 1280 3636 inﬁrmis
1296 3579 1573 3637 fratribus
1591 3596 1796 3635 consu-

94 3680 349 3732 lamus.
394 3669 846 3725 Consideremus
877 3668 1056 3739 igitur
1085 3669 1241 3739 quia,
1276 3674 1376 3723 aut
1402 3668 1546 3724 tales
1563 3685 1793 3738 sumus,

98 3764 336 3838 quales
376 3758 696 3814 nonnullos
726 3757 1077 3829 corrigimus
1138 3762 1239 3811 aut
1287 3756 1430 3813 tales
1480 3757 1795 3829 aliquando

95 3855 382 3916 fuimus,
426 3852 483 3902 et
514 3846 695 3917 sijam
720 3846 915 3900 divina
936 3845 1122 3918 gratia
1140 3848 1414 3916 operante
1428 3862 1542 3899 non
1565 3861 1796 3909 sumus,

96 3949 165 3998 ut
199 3944 397 3998 tanto
434 3934 867 4007 temperantius
918 3935 1090 3989 corde
1148 3933 1357 3988 humili
1413 3933 1796 4004 corrigamus,

94 4034 351 4105 quanto
396 4023 803 4096 nosmetipsos
836 4024 892 4077 in
924 4022 1194 4094 Ιὶε(1374)
1222 4038 1368 4093 quos
1390 4023 1796 4077 cmendamus.

93 4116 623 4194 agnoscimus.Si
658 4117 853 4168 autem
885 4110 1030 4167 tales
1062 4128 1406 4181 necsumus,
1432 4128 1535 4166 nec
1557 4113 1798 4179 fuimus,

94 4209 331 4283 quales
372 4203 581 4261 adhuc
597 4206 703 4258 aut
720 4201 801 4256 illi
822 4205 979 4267 sunt,
1000 4217 1147 4272 quos
1168 4202 1479 4256 emendare
1509 4201 1799 4273 cupimus,

92 4318 169 4355 ne
196 4315 316 4355 cor
355 4297 638 4350 nostrum
664 4293 806 4347 forte
833 4290 1305 4363 superbiat,etde
1332 4291 1805 4363 ipsainnocentia

92 4390 285 4460 pejus
327 4388 505 4451 ruat,
541 4398 791 4453 quorum
836 4379 991 4434 mala
1022 4380 1394 4451 corrigimus,
1446 4379 1559 4434 alia
1602 4395 1802 4434 eorum

91 4480 265 4533 bona
304 4472 504 4529 nobis
539 4476 673 4526 ante
704 4469 901 4526 oculos
924 4485 1282 4523 revocemus.
1304 4469 1674 4523 Pensandum
1698 4486 1803 4523 no-

92 4568 193 4621 bis
233 4577 511 4638 quoque
534 4564 621 4615 est
639 4557 893 4630 qualiter
915 4557 1259 4628 loquamur:
1287 4574 1421 4611 nam
1446 4574 1597 4629 sazpe
1613 4557 1806 4625 verba,

96 4675 241 4729 quae
280 4656 475 4709 hunc
507 4649 578 4703 ad
613 4648 864 4704 salutem
898 4650 1188 4712 revocant,
1246 4645 1426 4700 alium
1475 4646 1807 4701 vulnerant.

98 4746 284 4803 Unde
317 4737 558 4798 Paulus
578 4754 808 4810 quoque
832 4736 1151 4807 apostolus,
1173 4736 1272 4807 qui
1298 4735 1495 4790 Titum
1520 4736 1812 4804 admonet,

97 4838 337 4891 dicens
382 4848 399 4885 :
448 4850 477 4877 «
510 4829 701 4898 Argue
734 4843 866 4881 cum
901 4826 1058 4881 omni
1094 4825 1360 4896 imperio,
1387 4848 1413 4873 ››
1440 4826 1814 4881 Timotheum

98 4925 527 4983 exhortatur,
559 4916 795 4972 dicens:
846 4919 1119 4987 «Argue,
1168 4916 1427 4985 obsecra,
1480 4915 1713 4988 increpa
1759 4918 1816 4969 in

96 5014 283 5070 omni
324 5006 656 5094 patientia,
692 5010 746 5059 et
776 5006 1039 5095 doctrina
1172 5006 1304 5095 Tini.
1356 5020 1431 5095 ιγ,
1486 5005 1561 5075 2).
1588 5026 1614 5054 ››

97 5100 222 5159 est,
266 5088 463 5164 quod
495 5085 1017 5156 uniimperium,et
1042 5086 1138 5138 alii
1164 5085 1509 5157 patientiam
1540 5085 1817 5156 praecipit,

98 5183 225 5239 nisi
269 5175 464 5251 quod
502 5190 684 5227 unum
716 5172 973 5243 lenioris,
1011 5171 1259 5229 alterum
1292 5187 1425 5226 vero
1460 5174 1821 5229 ferventioris

93 5271 394 5345 spiritus
435 5278 571 5317 esse
604 5263 916 5335 conspexit.
953 5262 1092 5316 Lcni
1126 5280 1230 5335 per
1271 5264 1677 5319 auctoritatem
1710 5264 1820 5318 im-

1888 558 2190 614 vulnerata
2213 561 2307 614 red
2320 564 2639 625 uceret,sed
2662 582 2806 620 sana
2824 565 3170 624 vulneraret.
3192 571 3527 628 Curandum

1891 664 2121 718 quoque
2136 654 2421 720 quantum
2445 650 2776 722 loquamur,
2800 670 2891 721 ne,
2915 656 2962 712 si
2980 656 3053 725 ei,
3075 658 3171 727 qui
3188 659 3531 717 multaferre

1892 752 2005 789 non
2031 738 2197 803 valet,
2221 740 2484 807 verbum,
2508 742 2595 796 vel
2619 743 3058 814 exhortationis,
3082 748 3526 821 velincrepatio-

1890 824 1983 879 nis
2014 824 2246 897 longius
2278 826 2587 897 trahimus,
2623 832 2945 889 auditorem
2979 840 3247 893 nostrum
3269 840 3341 895 ad
3368 840 3533 896 fasti-

1891 912 2053 967 dium
2088 915 2495 985 perducamus.

1962 1001 2146 1071 (1375)
2179 1026 2207 1052 ‹‹
2240 1006 2419 1060 Nemo
2450 1009 2505 1061 te
2536 1012 2888 1065 contemnat.
2918 1034 2947 1060 »
2976 1011 3118 1069 Nolo
3143 1018 3200 1070 te
3228 1015 3405 1073 talem
3432 1034 3526 1075 ex-

1893 1088 2115 1158 hibeas,
2152 1096 2214 1145 ut
2242 1094 2433 1165 possis
2465 1095 2535 1150 ab
2549 1096 2745 1167 aliquo
2772 1099 2978 1155 merito
3000 1106 3357 1160 contemnui.
3384 1108 3533 1181 Ergo

1893 1195 2019 1249 qum
2049 1197 2201 1234 nunc
2232 1182 2301 1237 ed
2333 1182 2527 1239 Titum
2560 1187 2814 1257 ponitur,
2847 1186 3012 1245 illum
3044 1207 3287 1248 sensum
3320 1194 3529 1250 habet:

1894 1284 2061 1323 nemo
2100 1286 2323 1341 eorum,
2387 1273 2487 1343 qui
2544 1274 2603 1328 in
2656 1275 2910 1332 Ecclesia
2957 1283 3225 1351 sunt,,te
3276 1283 3532 1355 segniter

1893 1361 2101 1429 agente
2129 1359 2216 1413 sic
2245 1360 2425 1429 vivat,
2458 1366 2519 1415 ut
2549 1378 2612 1418 se
2642 1367 2806 1433 putet
2834 1381 2963 1422 esse
2990 1366 3311 1425 meliorem.
3337 1371 3535 1437 Qualis

1894 1447 2049 1501 enim
2082 1448 2384 1504 aedificatio
2416 1450 2524 1505 erit
2555 1451 2850 1524 discipuli,
2884 1456 2933 1511 si
2957 1456 3230 1530 intelligit
3253 1462 3535 1533 magistro

1895 1550 1957 1589 se
1970 1550 2096 1591 esse
2110 1537 2390 1606 majorem
2415 1539 2442 1592 ?
2464 1538 2623 1596 Unde
2646 1558 2759 1597 non
2783 1543 2974 1599 solum
2997 1547 3273 1619 episcopi,
3299 1552 3538 1622 presby-

1894 1623 2023 1695 teri,
2055 1630 2111 1679 et
2142 1625 2369 1681 diaconi
2411 1628 2625 1683 debent
2678 1648 3030 1705 magnopere
3085 1637 3420 1707 praavidere,
3472 1643 3537 1694 ut

1895 1718 2169 1768 cunctum
2202 1715 2506 1786 populum,
2531 1717 2623 1771 cui
2646 1720 2981 1793 praesident,
2997 1726 3452 1797 conversatione,
3474 1733 3534 1783 et

1898 1817 2167 1859 sermone
2196 1806 2567 1875 praecedant;
2602 1824 2821 1880 verum,
2857 1815 2914 1865 et
2944 1810 3237 1870 inferioris
3293 1817 3534 1887 gradus,

1900 1891 2218 1957 exorcistaz,
2253 1892 2515 1959 lectores.
2548 1896 2767 1964 teditui,
2802 1903 2857 1954 et
2898 1916 3104 1959 omnes
3156 1905 3415 1973 omnino,
3439 1907 3539 1978 qui

1898 1980 2099 2035 domui
2134 1981 2229 2036 Dei
2261 1984 2536 2038 serviunt.
2601 1985 2745 2049 Quia
2802 1988 3173 2047 vehementer
3220 1993 3537 2050 Ecclesiam

1898 2067 2112 2123 Christi
2135 2070 2406 2139 destruit,
2434 2072 2702 2129 meliores
2724 2074 2903 2133 laicos
2919 2093 3048 2135 esse
3070 2096 3249 2151 quam
3278 2081 3539 2139 clericos.

1971 2161 2125 2224 (CAP.
2161 2159 2278 2231 ΙΙΙ.)
2303 2183 2329 2209 ‹‹
2358 2160 2617 2217 Admone
2639 2162 2791 2231 illos,
2815 2167 3273 2240 principibus,et
3293 2176 3545 2243 potesta-

1904 2246 2060 2302 tibus
2084 2247 2352 2304 subditos
2374 2265 2523 2305 esse.
2550 2273 2578 2300 »
2601 2251 2747 2315 Quia
2767 2253 2991 2311 dixerat
3015 2274 3028 2312 :
3053 2279 3080 2307 ‹‹
3099 2259 3363 2315 Admone
3386 2260 3544 2330 illos,

1903 2335 2287 2407 principibus,
2316 2342 2373 2392 et
2392 2340 2777 2409 potestatibus
2801 2344 3068 2402 subditos
3089 2361 3237 2413 esse,
3264 2362 3287 2395 ι
3320 2353 3547 2420 poterat

1904 2424 2017 2491 his,
2052 2426 2151 2495 qui
2183 2429 2474 2482 tormenta
2504 2428 2840 2497 formidant,
2865 2434 3090 2489 occasio
3112 2437 3183 2490 ad
3209 2440 3543 2509 negandum

1904 2513 2049 2577 dari,
2074 2515 2214 2569 dum
2232 2516 2402 2585 juxta
2422 2518 2680 2588 Apostoli
2701 2520 2946 2590 dictum,
2971 2538 3034 2577 se
3054 2528 3547 2598 assererentprin-

1904 2601 2191 2672 cipatibus
2218 2608 2277 2657 et
2307 2606 2695 2675 potestatibus
2727 2624 2853 2665 esse
2884 2611 3199 2683 subjectos,
3253 2619 3309 2669 et
3356 2616 3544 2673 facere

1902 2690 2055 2759 quod
2081 2690 2394 2759 juberent:
2427 2697 2732 2765 prapterea
2760 2697 3041 2767 subjecit:

1974 2800 2002 2827 ‹‹
2039 2777 2198 2834 Dicto
2229 2779 2482 2849 obedire,
2515 2784 2586 2837 ad
2619 2800 2821 2841 omnes
2851 2802 2999 2858 opus
3030 2789 3251 2846 bonum
3308 2796 3543 2863 paratos

1901 2881 2048 2921 esse.
2076 2890 2102 2915 »
2136 2868 2381 2923 Obedire
2402 2871 2473 2923 ad
2496 2886 2667 2927 omne
2680 2889 2828 2944 opus
2844 2876 3094 2947 bonum;
3121 2879 3171 2935 si
3194 2880 3415 2936 bonum
3434 2886 3543 2949 est,

1906 2955 2060 3025 quod
2094 2956 2355 3028 praecipit
2382 2957 2717 3029 imperator,
2750 2968 2808 3018 et
2836 2982 3073 3035 praeses,
3088 2968 3352 3038 jubentis
3375 2971 3544 3027 obse-

1902 3060 2081 3115 quere
2111 3044 2434 3100 voluntati:
2470 3048 2561 3103 sin
2593 3066 2724 3106 vero
2756 3053 3001 3122 malum,
3033 3061 3090 3111 et
3116 3062 3318 3113 contra
3362 3064 3547 3114 Deum

1903 3132 2077 3204 sapit,
2112 3135 2398 3204 responde
2428 3136 2479 3191 ei
2510 3136 2653 3193 illud
2688 3141 2760 3196 de
2788 3143 3037 3199 Actibus
3095 3146 3495 3218 apostolorum
3524 3164 3542 3204 :

1906 3243 1933 3270 «
1969 3221 2214 3277 Obedire
2272 3228 2497 3295 oportet
2541 3227 2656 3283 Deo
2711 3230 2920 3302 magis,
2976 3249 3150 3303 quam
3202 3234 3543 3292 hominibus

1906 3310 2041 3381 (Act.
2074 3328 2132 3381 v,
2160 3311 2271 3381 29).
2299 3334 2326 3361 »
2353 3317 2474 3369 Hoc
2503 3314 2699 3387 ipsum
2731 3323 2788 3373 et
2816 3320 2887 3374 de
2918 3322 3099 3377 servis
3147 3322 3545 3396 intelligamus

1906 3399 2061 3471 apud
2084 3399 2374 3471 dominos,
2399 3408 2456 3458 et
2475 3404 2546 3459 de
2575 3406 2852 3464 uxoribus
2873 3410 3030 3481 apud
3046 3410 3218 3478 viros,
3248 3416 3304 3467 et
3319 3413 3391 3468 de
3413 3413 3552 3469 ﬁliis

1906 3488 2057 3559 apud
2091 3495 2391 3559 parentes:
2427 3493 2581 3563 quod
2615 3494 2673 3550 in
2699 3494 2817 3551 illis
2841 3500 3074 3554 tantum
3095 3500 3346 3556 debeant
3361 3502 3551 3558 domi-

1908 3577 2022 3644 nis,
2054 3577 2215 3647 viris,
2247 3582 2588 3650 parentibus
2618 3598 2747 3641 esse
2777 3586 3051 3659 subjecti,
3077 3606 3206 3661 quae
3232 3596 3433 3647 contra
3454 3591 3556 3647 Dei

1907 3667 2186 3721 mandata
2210 3684 2323 3723 non
2342 3671 2597 3726 veniant.
2622 3674 2783 3737 Quod
2806 3692 2938 3731 vero
2952 3678 3245 3748 sequitur:
3268 3700 3295 3732 α
3318 3680 3555 3737 Paratos

1908 3771 2056 3822 esse,
2082 3778 2109 3805 ››
2145 3757 2453 3828 dupliciter
2481 3759 2817 3833 legendum,
2852 3768 2917 3819 ut
2937 3766 3024 3822 vel
3044 3768 3453 3840 subaudiatur,
3478 3770 3551 3825 ad

1909 3857 2081 3898 omne
2113 3859 2259 3915 Opus
2289 3846 2510 3901 bonum
2541 3854 2776 3919 paratos
2798 3868 2957 3921 esse;
3001 3854 3089 3909 vel
3109 3861 3263 3911 certe
3284 3874 3419 3912 cum
3452 3875 3553 3913 su-

1911 3932 2236 4003 perioribus
2249 3934 2518 4006 copulato
2539 3936 2668 4004 hoc,
2695 3941 2850 4010 quod
2868 3941 2969 4009 ait,
2984 3965 3011 3992 «
3036 3943 3270 4000 obedire
3290 3947 3364 4000 ad
3381 3964 3557 4004 omne

1910 4036 2057 4090 opus
2084 4020 2325 4093 bonum,
2353 4046 2380 4072 »
2413 4029 2469 4078 et
2489 4022 2602 4080 huc
2628 4043 2814 4098 usque
2835 4029 3019 4101 ﬁnito,
3044 4033 3212 4102 quasi
3239 4033 3394 4089 aliud
3422 4052 3555 4106 pro-

1912 4108 2107 4180 prium
2146 4115 2203 4165 et
2234 4112 2485 4184 speciale
2516 4120 2871 4187 praeceptum
2904 4119 2999 4174 sit.
3033 4139 3055 4168 ι
3080 4126 3313 4192 paratos
3354 4137 3555 4194 esse,»

1905 4198 2078 4268 juxta
2107 4198 2276 4269 illud,
2309 4203 2463 4273 quod
2496 4202 2552 4257 in
2583 4204 2831 4263 Levitico
2880 4208 3166 4280 scriptum
3202 4215 3327 4267 est:
3377 4232 3398 4261 ι
3431 4212 3560 4268 Hir-

1915 4304 2049 4342 cum
2077 4289 2177 4359 qui
2208 4291 2518 4361 emittitur,
2551 4294 2863 4352 maledicta
2903 4298 3101 4369 populi
3148 4301 3560 4371 sustinentem,

1916 4377 2065 4431 tradi
2100 4377 2156 4432 in
2191 4396 2402 4459 manus
2434 4380 2689 4438 hominis
2719 4386 2904 4456 parati
2935 4388 3129 4455 (Levii.
3164 4406 3279 4458 xvr,
3321 4392 3431 4463 21).
3463 4413 3491 4442 ››

1991 4487 2018 4513 ‹‹
2053 4465 2356 4522 Neminem
2385 4458 3015 4546 blasphemare(1376).
3042 4500 3070 4529 υ
3096 4478 3155 4534 Id
3181 4484 3289 4545 est,
3313 4458 3568 4537 necillos

1842 4576 1888 4640 Ι)
1926 4553 2463 4627 blasphemare,qui
2480 4558 2877 4631 blasphemari
2897 4572 3226 4628 merentur;
3249 4568 3351 4622 sed
3374 4570 3570 4638 potius

1923 4642 2069 4697 illud
2104 4643 2368 4714 implere,
2402 4649 2557 4716 quod
2585 4648 2742 4703 idem
2764 4653 3074 4722 Apostolus
3098 4654 3208 4709 alio
3232 4654 3358 4710 loco
3377 4658 3576 4726 praeci-

1926 4732 2012 4803 pit
2044 4732 2242 4787 dicens
2271 4752 2282 4789 :
2313 4757 2337 4782 ‹‹
2365 4734 2696 4791 Benedicite
2716 4742 3201 4810 persequentibus
3230 4760 3333 4799 vos
3358 4762 3370 4811 ;
3396 4745 3574 4804 bene-

1928 4821 2124 4889 dicite,
2158 4825 2215 4876 et
2248 4822 2425 4877 nolite
2458 4823 2807 4883 maledicere
2838 4829 3007 4897 (Rom.
3032 4847 3133 4898 xu,
3169 4832 3277 4901 14).
3310 4854 3339 4884 ››

2001 4934 2028 4961 ‹‹
2063 4912 2188 4969 Non
2220 4910 2510 4984 litigiosos
2542 4931 2693 4981 esse,
2729 4918 2829 4972 sed
2863 4920 3177 4975 modestos.
3209 4944 3228 4968 η
3258 4920 3586 4992 Litigiosus

1933 5006 2126 5057 autem
2161 5005 2270 5070 est,
2307 5001 2407 5073 qui
2438 5004 2659 5059 malum
2696 5024 2799 5078 pro
2824 5008 2978 5063 malo
3006 5010 3322 5076 reddendo,
3346 5026 3472 5069 non
3497 5034 3595 5074 ex-

1933 5091 2207 5165 stinguit,
2228 5092 2324 5145 sed
2342 5098 2612 5162 provocat
2633 5093 2821 5152 litem.
2836 5096 3131 5155 Modestus
3155 5103 3263 5168 est,
3286 5099 3389 5170 qui
3404 5106 3600 5177 mitis,

1937 5179 2432 5251 ettranquillusin
2458 5184 2689 5254 injuriis
2725 5186 3077 5257 persistit;et
3100 5205 3215 5244 non
3248 5188 3449 5246 solum
3487 5213 3607 5253 non

1936 5266 2128 5327 reddit
2150 5269 2370 5324 malum
2400 5288 2502 5341 pro
2525 5273 2701 5343 malo,
2719 5277 2820 5332 sed
2845 5276 3021 5333 etiam
3048 5295 3150 5348 pro
3174 5279 3326 5333 malo
3350 5277 3609 5348 bonum,
