  <div class='ocr_page' id='page_1' title='image "/cluster/home/n/w/nwhite01/storage/ocr_20150623/134/hvd.32044015471741/355.png"; bbox 0 0 3976 5348; ppageno 0'>
   <div class='ocr_carea' id='block_1_1' title="bbox 476 447 594 504">
    <p class='ocr_par' dir='ltr' id='par_1_1' title="bbox 476 447 594 504">
     <span class='ocr_line' id='line_1_1' title="bbox 476 447 594 504; baseline 0 0"><span class='ocrx_word' id='word_1_1' title='bbox 476 447 594 504; x_wconf 82' lang='grc'>’715</span> 
     </span>
    </p>
   </div>
   <div class='ocr_carea' id='block_1_2' title="bbox 1497 444 3793 518">
    <p class='ocr_par' dir='ltr' id='par_1_2' title="bbox 1497 444 3793 518">
     <span class='ocr_line' id='line_1_2' title="bbox 1497 444 3793 518; baseline 0.005 -13"><span class='ocrx_word' id='word_1_2' title='bbox 1497 444 1833 505; x_wconf 83' lang='lat' dir='ltr'>ATTONIS</span> <span class='ocrx_word' id='word_1_3' title='bbox 1880 445 2456 506; x_wconf 74' lang='lat' dir='ltr'>VEIlCELLENSlS</span> <span class='ocrx_word' id='word_1_4' title='bbox 2505 448 2851 509; x_wconf 78' lang='lat' dir='ltr'>EPISCOPI</span> <span class='ocrx_word' id='word_1_5' title='bbox 3713 462 3793 518; x_wconf 81' lang='grc'>716</span> 
     </span>
    </p>
   </div>
   <div class='ocr_carea' id='block_1_3' title="bbox 556 576 3794 654">
    <p class='ocr_par' dir='ltr' id='par_1_3' title="bbox 556 576 3794 654">
     <span class='ocr_line' id='line_1_3' title="bbox 556 576 3794 654; baseline 0.004 -23"><span class='ocrx_word' id='word_1_6' title='bbox 556 605 575 625; x_wconf 78' lang='grc' dir='ltr'>«ι</span> <span class='ocrx_word' id='word_1_7' title='bbox 614 583 858 632; x_wconf 60' lang='lat' dir='ltr'>iuramus</span> <span class='ocrx_word' id='word_1_8' title='bbox 886 577 1039 631; x_wconf 80' lang='lat' dir='ltr'>enim</span> <span class='ocrx_word' id='word_1_9' title='bbox 1071 582 1127 631; x_wconf 92' lang='lat' dir='ltr'>et</span> <span class='ocrx_word' id='word_1_10' title='bbox 1159 594 1263 633; x_wconf 90' lang='lat' dir='ltr'>nos</span> <span class='ocrx_word' id='word_1_11' title='bbox 1294 577 1607 649; x_wconf 80' lang='lat' dir='ltr'>aliquando</span> <span class='ocrx_word' id='word_1_12' title='bbox 1642 576 2005 647; x_wconf 82' lang='lat' dir='ltr'>insipientes,</span> <span class='ocrx_word' id='word_1_13' title='bbox 2066 582 2120 630; x_wconf 89' lang='lat' dir='ltr'>et</span> <span class='ocrx_word' id='word_1_14' title='bbox 2150 580 2199 643; x_wconf 82' lang='grc' dir='ltr'><strong>Α</strong></span> <span class='ocrx_word' id='word_1_15' title='bbox 2233 578 2437 632; x_wconf 80' lang='lat' dir='ltr'>effudit</span> <span class='ocrx_word' id='word_1_16' title='bbox 2467 596 2644 650; x_wconf 88' lang='lat' dir='ltr'>super</span> <span class='ocrx_word' id='word_1_17' title='bbox 2674 597 2780 636; x_wconf 92' lang='lat' dir='ltr'>nos</span> <span class='ocrx_word' id='word_1_18' title='bbox 2811 583 3177 637; x_wconf 80' lang='lat' dir='ltr'>abundanter</span> <span class='ocrx_word' id='word_1_19' title='bbox 3208 601 3305 654; x_wconf 84' lang='lat' dir='ltr'>per</span> <span class='ocrx_word' id='word_1_20' title='bbox 3333 583 3528 640; x_wconf 88' lang='lat' dir='ltr'>Jesum</span> <span class='ocrx_word' id='word_1_21' title='bbox 3564 586 3794 645; x_wconf 84' lang='lat' dir='ltr'>Christum</span> 
     </span>
    </p>
   </div>
   <div class='ocr_carea' id='block_1_4' title="bbox 480 665 2117 737">
    <p class='ocr_par' dir='ltr' id='par_1_4' title="bbox 480 665 2117 737">
     <span class='ocr_line' id='line_1_4' title="bbox 480 665 2117 737; baseline -0.002 -16"><span class='ocrx_word' id='word_1_22' title='bbox 480 665 821 721; x_wconf 80' lang='lat' dir='ltr'>increduli.»</span> <span class='ocrx_word' id='word_1_23' title='bbox 845 666 925 721; x_wconf 87' lang='lat' dir='ltr'>Ne</span> <span class='ocrx_word' id='word_1_24' title='bbox 946 667 1323 737; x_wconf 90' lang='lat' dir='ltr'>desperarent</span> <span class='ocrx_word' id='word_1_25' title='bbox 1345 667 1964 727; x_wconf 83' lang='lat' dir='ltr'>correctionem,suum</span> <span class='ocrx_word' id='word_1_26' title='bbox 1990 683 2117 735; x_wconf 90' lang='lat' dir='ltr'>pro-</span> 
     </span>
    </p>
   </div>
   <div class='ocr_carea' id='block_1_5' title="bbox 478 753 2119 827">
    <p class='ocr_par' dir='ltr' id='par_1_5' title="bbox 478 753 2119 827">
     <span class='ocr_line' id='line_1_5' title="bbox 478 753 2119 827; baseline -0.002 -16"><span class='ocrx_word' id='word_1_27' title='bbox 478 756 643 827; x_wconf 84' lang='lat' dir='ltr'><strong>ponit</strong></span> <span class='ocrx_word' id='word_1_28' title='bbox 672 754 1002 827; x_wconf 85' lang='lat' dir='ltr'>exemplum</span> <span class='ocrx_word' id='word_1_29' title='bbox 1030 772 1042 810; x_wconf 89' lang='lat'><strong>:</strong></span> <span class='ocrx_word' id='word_1_30' title='bbox 1076 756 1193 810; x_wconf 85' lang='lat' dir='ltr'>sive</span> <span class='ocrx_word' id='word_1_31' title='bbox 1222 756 1361 827; x_wconf 87' lang='lat' dir='ltr'>quia</span> <span class='ocrx_word' id='word_1_32' title='bbox 1380 760 1435 810; x_wconf 91' lang='lat' dir='ltr'>et</span> <span class='ocrx_word' id='word_1_33' title='bbox 1456 772 1560 811; x_wconf 93' lang='lat' dir='ltr'>nos</span> <span class='ocrx_word' id='word_1_34' title='bbox 1583 757 1749 825; x_wconf 90' lang='lat' dir='ltr'>tales,</span> <span class='ocrx_word' id='word_1_35' title='bbox 1775 753 1984 825; x_wconf 88' lang='lat' dir='ltr'>inquit,</span> <span class='ocrx_word' id='word_1_36' title='bbox 2010 754 2119 808; x_wconf 89' lang='lat' dir='ltr'>fui-</span> 
     </span>
    </p>
   </div>
   <div class='ocr_carea' id='block_1_6' title="bbox 480 844 2120 916">
    <p class='ocr_par' dir='ltr' id='par_1_6' title="bbox 480 844 2120 916">
     <span class='ocr_line' id='line_1_6' title="bbox 480 844 2120 916; baseline -0.001 -17"><span class='ocrx_word' id='word_1_37' title='bbox 480 860 635 911; x_wconf 91' lang='lat' dir='ltr'>mus,</span> <span class='ocrx_word' id='word_1_38' title='bbox 659 845 939 899; x_wconf 84' lang='lat' dir='ltr'>debemus</span> <span class='ocrx_word' id='word_1_39' title='bbox 970 860 1193 911; x_wconf 87' lang='lat' dir='ltr'>eorum,</span> <span class='ocrx_word' id='word_1_40' title='bbox 1226 845 1328 915; x_wconf 90' lang='lat' dir='ltr'>qui</span> <span class='ocrx_word' id='word_1_41' title='bbox 1359 844 1505 899; x_wconf 80' lang='lat' dir='ltr'>tales</span> <span class='ocrx_word' id='word_1_42' title='bbox 1535 848 1694 909; x_wconf 88' lang='lat' dir='ltr'>sunt,</span> <span class='ocrx_word' id='word_1_43' title='bbox 1718 844 2120 916; x_wconf 78' lang='lat' dir='ltr'>insipientiam</span> 
     </span>
    </p>
   </div>
   <div class='ocr_carea' id='block_1_7' title="bbox 478 932 2121 1005">
    <p class='ocr_par' dir='ltr' id='par_1_7' title="bbox 478 932 2121 1005">
     <span class='ocr_line' id='line_1_7' title="bbox 478 932 2121 1005; baseline -0.001 -17"><span class='ocrx_word' id='word_1_44' title='bbox 478 934 626 990; x_wconf 88' lang='lat' dir='ltr'>ferre</span> <span class='ocrx_word' id='word_1_45' title='bbox 657 935 962 1005; x_wconf 84' lang='lat' dir='ltr'>patienter.</span> <span class='ocrx_word' id='word_1_46' title='bbox 998 935 1065 987; x_wconf 89' lang='lat' dir='ltr'>Et</span> <span class='ocrx_word' id='word_1_47' title='bbox 1095 934 1422 988; x_wconf 91' lang='lat' dir='ltr'>notandum</span> <span class='ocrx_word' id='word_1_48' title='bbox 1453 932 1656 1004; x_wconf 87' lang='lat' dir='ltr'>quales</span> <span class='ocrx_word' id='word_1_49' title='bbox 1702 949 1807 988; x_wconf 90' lang='lat' dir='ltr'>nos</span> <span class='ocrx_word' id='word_1_50' title='bbox 1855 933 2121 988; x_wconf 88' lang='lat' dir='ltr'>Christus</span> 
     </span>
    </p>
   </div>
   <div class='ocr_carea' id='block_1_8' title="bbox 476 1021 2119 1092">
    <p class='ocr_par' dir='ltr' id='par_1_8' title="bbox 476 1021 2119 1092">
     <span class='ocr_line' id='line_1_8' title="bbox 476 1021 2119 1092; baseline -0.001 -16"><span class='ocrx_word' id='word_1_51' title='bbox 476 1021 780 1091; x_wconf 87' lang='lat' dir='ltr'>invenerit,</span> <span class='ocrx_word' id='word_1_52' title='bbox 810 1021 895 1077; x_wconf 90' lang='lat' dir='ltr'>vel</span> <span class='ocrx_word' id='word_1_53' title='bbox 919 1022 1123 1092; x_wconf 88' lang='lat' dir='ltr'>quales</span> <span class='ocrx_word' id='word_1_54' title='bbox 1146 1021 1364 1089; x_wconf 83' lang='lat' dir='ltr'>fecerit,</span> <span class='ocrx_word' id='word_1_55' title='bbox 1388 1026 1588 1076; x_wconf 90' lang='lat' dir='ltr'>utnon</span> <span class='ocrx_word' id='word_1_56' title='bbox 1610 1021 1681 1077; x_wconf 92' lang='lat' dir='ltr'>de</span> <span class='ocrx_word' id='word_1_57' title='bbox 1708 1021 1923 1077; x_wconf 85' lang='lat' dir='ltr'>nostris</span> <span class='ocrx_word' id='word_1_58' title='bbox 1945 1022 2119 1077; x_wconf 89' lang='lat' dir='ltr'>meri-</span> 
     </span>
    </p>
   </div>
   <div class='ocr_carea' id='block_1_9' title="bbox 474 1110 2046 1184">
    <p class='ocr_par' dir='ltr' id='par_1_9' title="bbox 474 1110 2046 1184">
     <span class='ocr_line' id='line_1_9' title="bbox 474 1110 2046 1184; baseline -0.001 -18"><span class='ocrx_word' id='word_1_59' title='bbox 474 1111 550 1167; x_wconf 88' lang='lat' dir='ltr'>tis</span> <span class='ocrx_word' id='word_1_60' title='bbox 579 1126 1007 1184; x_wconf 77' lang='lat' dir='ltr'>prassumanus,</span> <span class='ocrx_word' id='word_1_61' title='bbox 1041 1126 1145 1165; x_wconf 82' lang='lat' dir='ltr'>nec</span> <span class='ocrx_word' id='word_1_62' title='bbox 1179 1111 1248 1165; x_wconf 87' lang='lat' dir='ltr'>de</span> <span class='ocrx_word' id='word_1_63' title='bbox 1279 1116 1500 1165; x_wconf 81' lang='lat' dir='ltr'>naturae</span> <span class='ocrx_word' id='word_1_64' title='bbox 1533 1111 1683 1165; x_wconf 89' lang='lat' dir='ltr'>bono</span> <span class='ocrx_word' id='word_1_65' title='bbox 1707 1110 2046 1182; x_wconf 84' lang='lat' dir='ltr'>gloriemur.</span> 
     </span>
    </p>
   </div>
   <div class='ocr_carea' id='block_1_10' title="bbox 547 1199 2119 1272">
    <p class='ocr_par' dir='ltr' id='par_1_10' title="bbox 547 1199 2119 1272">
     <span class='ocr_line' id='line_1_10' title="bbox 547 1199 2119 1272; baseline 0.002 -21"><span class='ocrx_word' id='word_1_66' title='bbox 547 1224 574 1251; x_wconf 82' lang='lat'><strong>«</strong></span> <span class='ocrx_word' id='word_1_67' title='bbox 608 1202 903 1265; x_wconf 84' lang='lat' dir='ltr'>Errantes,</span> <span class='ocrx_word' id='word_1_68' title='bbox 935 1204 992 1255; x_wconf 90' lang='lat' dir='ltr'>et</span> <span class='ocrx_word' id='word_1_69' title='bbox 1021 1200 1337 1255; x_wconf 87' lang='lat' dir='ltr'>servientes</span> <span class='ocrx_word' id='word_1_70' title='bbox 1363 1199 1689 1266; x_wconf 87' lang='lat' dir='ltr'>desideriis,</span> <span class='ocrx_word' id='word_1_71' title='bbox 1723 1204 1781 1255; x_wconf 90' lang='lat' dir='ltr'>et</span> <span class='ocrx_word' id='word_1_72' title='bbox 1810 1200 2119 1272; x_wconf 89' lang='lat' dir='ltr'>voluptati-</span> 
     </span>
    </p>
   </div>
   <div class='ocr_carea' id='block_1_11' title="bbox 476 1287 2120 1361">
    <p class='ocr_par' dir='ltr' id='par_1_11' title="bbox 476 1287 2120 1361">
     <span class='ocr_line' id='line_1_11' title="bbox 476 1287 2120 1361; baseline -0.001 -16"><span class='ocrx_word' id='word_1_73' title='bbox 476 1292 587 1345; x_wconf 90' lang='lat' dir='ltr'>bus</span> <span class='ocrx_word' id='word_1_74' title='bbox 613 1288 810 1357; x_wconf 89' lang='lat' dir='ltr'>variis,</span> <span class='ocrx_word' id='word_1_75' title='bbox 842 1289 901 1343; x_wconf 89' lang='lat' dir='ltr'>in</span> <span class='ocrx_word' id='word_1_76' title='bbox 935 1287 1180 1355; x_wconf 91' lang='lat' dir='ltr'>malitia,</span> <span class='ocrx_word' id='word_1_77' title='bbox 1205 1292 1260 1343; x_wconf 88' lang='lat' dir='ltr'>et</span> <span class='ocrx_word' id='word_1_78' title='bbox 1300 1289 1521 1344; x_wconf 88' lang='lat' dir='ltr'>invidia</span> <span class='ocrx_word' id='word_1_79' title='bbox 1564 1293 1823 1361; x_wconf 87' lang='lat' dir='ltr'>agentes,</span> <span class='ocrx_word' id='word_1_80' title='bbox 1855 1289 2120 1355; x_wconf 89' lang='lat' dir='ltr'>odibiles,</span> 
     </span>
    </p>
   </div>
   <div class='ocr_carea' id='block_1_12' title="bbox 478 1376 2121 1449">
    <p class='ocr_par' dir='ltr' id='par_1_12' title="bbox 478 1376 2121 1449">
     <span class='ocr_line' id='line_1_12' title="bbox 478 1376 2121 1449; baseline -0.001 -15"><span class='ocrx_word' id='word_1_81' title='bbox 478 1380 741 1434; x_wconf 82' lang='lat' dir='ltr'>odientes</span> <span class='ocrx_word' id='word_1_82' title='bbox 755 1376 1023 1432; x_wconf 88' lang='lat' dir='ltr'>invicem.</span> <span class='ocrx_word' id='word_1_83' title='bbox 1051 1398 1078 1426; x_wconf 84' lang='grc'><strong>››</strong></span> <span class='ocrx_word' id='word_1_84' title='bbox 1092 1377 1237 1433; x_wconf 86' lang='lat' dir='ltr'>Ecce</span> <span class='ocrx_word' id='word_1_85' title='bbox 1250 1377 1453 1448; x_wconf 86' lang='lat' dir='ltr'>quales</span> <span class='ocrx_word' id='word_1_86' title='bbox 1467 1394 1707 1434; x_wconf 89' lang='lat' dir='ltr'>eramus</span> <span class='ocrx_word' id='word_1_87' title='bbox 1729 1384 1860 1433; x_wconf 86' lang='lat' dir='ltr'>ante</span> <span class='ocrx_word' id='word_1_88' title='bbox 1874 1378 2121 1449; x_wconf 87' lang='lat' dir='ltr'>gratiam</span> 
     </span>
    </p>
   </div>
   <div class='ocr_carea' id='block_1_13' title="bbox 476 1466 2124 1539">
    <p class='ocr_par' dir='ltr' id='par_1_13' title="bbox 476 1466 2124 1539">
     <span class='ocr_line' id='line_1_13' title="bbox 476 1466 2124 1539; baseline 0 -17"><span class='ocrx_word' id='word_1_89' title='bbox 476 1484 581 1539; x_wconf 91' lang='lat' dir='ltr'>per</span> <span class='ocrx_word' id='word_1_90' title='bbox 610 1466 777 1522; x_wconf 87' lang='lat' dir='ltr'>liberi</span> <span class='ocrx_word' id='word_1_91' title='bbox 808 1466 1033 1521; x_wconf 89' lang='lat' dir='ltr'>arbitrii</span> <span class='ocrx_word' id='word_1_92' title='bbox 1060 1466 1411 1521; x_wconf 89' lang='lat' dir='ltr'>libertatem.</span> <span class='ocrx_word' id='word_1_93' title='bbox 1450 1467 1562 1520; x_wconf 86' lang='lat' dir='ltr'>Alii</span> <span class='ocrx_word' id='word_1_94' title='bbox 1594 1467 1751 1521; x_wconf 92' lang='lat' dir='ltr'>hunc</span> <span class='ocrx_word' id='word_1_95' title='bbox 1798 1468 1990 1522; x_wconf 92' lang='lat' dir='ltr'>locum</span> <span class='ocrx_word' id='word_1_96' title='bbox 2044 1467 2124 1522; x_wconf 92' lang='lat' dir='ltr'>ita</span> 
     </span>
    </p>
   </div>
   <div class='ocr_carea' id='block_1_14' title="bbox 480 1555 2121 1627">
    <p class='ocr_par' dir='ltr' id='par_1_14' title="bbox 480 1555 2121 1627">
     <span class='ocr_line' id='line_1_14' title="bbox 480 1555 2121 1627; baseline 0.001 -16"><span class='ocrx_word' id='word_1_97' title='bbox 480 1556 826 1627; x_wconf 87' lang='lat' dir='ltr'>istelligunt,</span> <span class='ocrx_word' id='word_1_98' title='bbox 852 1560 916 1609; x_wconf 93' lang='lat' dir='ltr'>ut</span> <span class='ocrx_word' id='word_1_99' title='bbox 946 1573 1057 1611; x_wconf 93' lang='lat' dir='ltr'>non</span> <span class='ocrx_word' id='word_1_100' title='bbox 1092 1556 1161 1610; x_wconf 91' lang='lat' dir='ltr'>de</span> <span class='ocrx_word' id='word_1_101' title='bbox 1193 1555 1368 1610; x_wconf 89' lang='lat' dir='ltr'>Paulo</span> <span class='ocrx_word' id='word_1_102' title='bbox 1400 1560 1456 1609; x_wconf 89' lang='lat' dir='ltr'>et</span> <span class='ocrx_word' id='word_1_103' title='bbox 1502 1556 1801 1626; x_wconf 82' lang='lat' dir='ltr'>apostolis,</span> <span class='ocrx_word' id='word_1_104' title='bbox 1851 1558 1951 1611; x_wconf 93' lang='lat' dir='ltr'>sed</span> <span class='ocrx_word' id='word_1_105' title='bbox 2011 1558 2121 1612; x_wconf 89' lang='lat' dir='ltr'>sub</span> 
     </span>
    </p>
   </div>
   <div class='ocr_carea' id='block_1_15' title="bbox 479 1644 2122 1717">
    <p class='ocr_par' dir='ltr' id='par_1_15' title="bbox 479 1644 2122 1717">
     <span class='ocr_line' id='line_1_15' title="bbox 479 1644 2122 1717; baseline 0 -16"><span class='ocrx_word' id='word_1_106' title='bbox 479 1646 874 1717; x_wconf 87' lang='lat' dir='ltr'>apostolorum</span> <span class='ocrx_word' id='word_1_107' title='bbox 908 1660 1155 1715; x_wconf 90' lang='lat' dir='ltr'>persona</span> <span class='ocrx_word' id='word_1_108' title='bbox 1184 1646 1255 1699; x_wconf 93' lang='lat' dir='ltr'>de</span> <span class='ocrx_word' id='word_1_109' title='bbox 1300 1644 1431 1699; x_wconf 92' lang='lat' dir='ltr'>aliis</span> <span class='ocrx_word' id='word_1_110' title='bbox 1490 1646 1709 1699; x_wconf 91' lang='lat' dir='ltr'>dictum</span> <span class='ocrx_word' id='word_1_111' title='bbox 1761 1651 2004 1716; x_wconf 90' lang='lat' dir='ltr'>putent:</span> <span class='ocrx_word' id='word_1_112' title='bbox 2058 1651 2122 1701; x_wconf 90' lang='lat' dir='ltr'>ut</span> 
     </span>
    </p>
   </div>
   <div class='ocr_carea' id='block_1_16' title="bbox 480 1733 2119 1807">
    <p class='ocr_par' dir='ltr' id='par_1_16' title="bbox 480 1733 2119 1807">
     <span class='ocr_line' id='line_1_16' title="bbox 480 1733 2119 1807; baseline 0.001 -17"><span class='ocrx_word' id='word_1_113' title='bbox 480 1735 771 1807; x_wconf 91' lang='lat' dir='ltr'>quomodo</span> <span class='ocrx_word' id='word_1_114' title='bbox 802 1735 913 1789; x_wconf 89' lang='lat' dir='ltr'>sub</span> <span class='ocrx_word' id='word_1_115' title='bbox 939 1751 1187 1805; x_wconf 86' lang='lat' dir='ltr'>persona</span> <span class='ocrx_word' id='word_1_116' title='bbox 1218 1750 1345 1799; x_wconf 91' lang='lat' dir='ltr'>sua,</span> <span class='ocrx_word' id='word_1_117' title='bbox 1380 1738 1435 1789; x_wconf 92' lang='lat' dir='ltr'>et</span> <span class='ocrx_word' id='word_1_118' title='bbox 1463 1733 1687 1805; x_wconf 89' lang='lat' dir='ltr'>Apollo,</span> <span class='ocrx_word' id='word_1_119' title='bbox 1721 1739 1777 1789; x_wconf 89' lang='lat' dir='ltr'>et</span> <span class='ocrx_word' id='word_1_120' title='bbox 1799 1736 2024 1806; x_wconf 64' lang='lat' dir='ltr'>Cephea,</span> <span class='ocrx_word' id='word_1_121' title='bbox 2050 1737 2119 1791; x_wconf 90' lang='lat' dir='ltr'>de</span> 
     </span>
    </p>
   </div>
   <div class='ocr_carea' id='block_1_17' title="bbox 477 1822 2116 1894">
    <p class='ocr_par' dir='ltr' id='par_1_17' title="bbox 477 1822 2116 1894">
     <span class='ocr_line' id='line_1_17' title="bbox 477 1822 2116 1894; baseline 0.002 -16"><span class='ocrx_word' id='word_1_122' title='bbox 477 1824 926 1889; x_wconf 90' lang='lat' dir='ltr'>dissensione,et</span> <span class='ocrx_word' id='word_1_123' title='bbox 946 1822 1282 1888; x_wconf 85' lang='lat' dir='ltr'>schismate,</span> <span class='ocrx_word' id='word_1_124' title='bbox 1298 1824 1453 1893; x_wconf 90' lang='lat' dir='ltr'>quod</span> <span class='ocrx_word' id='word_1_125' title='bbox 1469 1825 1750 1894; x_wconf 89' lang='lat' dir='ltr'>arguebat</span> <span class='ocrx_word' id='word_1_126' title='bbox 1766 1824 2116 1893; x_wconf 84' lang='lat' dir='ltr'>Corinthios,</span> 
     </span>
    </p>
   </div>
   <div class='ocr_carea' id='block_1_18' title="bbox 479 1911 2118 1984">
    <p class='ocr_par' dir='ltr' id='par_1_18' title="bbox 479 1911 2118 1984">
     <span class='ocr_line' id='line_1_18' title="bbox 479 1911 2118 1984; baseline 0.001 -16"><span class='ocrx_word' id='word_1_127' title='bbox 479 1918 568 1968; x_wconf 91' lang='lat' dir='ltr'>est</span> <span class='ocrx_word' id='word_1_128' title='bbox 597 1912 824 1967; x_wconf 91' lang='lat' dir='ltr'>locutus</span> <span class='ocrx_word' id='word_1_129' title='bbox 845 1912 891 1981; x_wconf 93' lang='lat' dir='ltr'>(I</span> <span class='ocrx_word' id='word_1_130' title='bbox 921 1912 1037 1966; x_wconf 84' lang='lat' dir='ltr'>Cor.</span> <span class='ocrx_word' id='word_1_131' title='bbox 1074 1914 1112 1981; x_wconf 79' lang='grc' dir='ltr'>ι)</span> <span class='ocrx_word' id='word_1_132' title='bbox 1137 1937 1150 1979; x_wconf 86' lang='lat'><strong>;</strong></span> <span class='ocrx_word' id='word_1_133' title='bbox 1174 1911 1255 1966; x_wconf 89' lang='lat' dir='ltr'>ita</span> <span class='ocrx_word' id='word_1_134' title='bbox 1276 1912 1452 1967; x_wconf 89' lang='lat' dir='ltr'>etiam</span> <span class='ocrx_word' id='word_1_135' title='bbox 1475 1912 1535 1967; x_wconf 90' lang='lat' dir='ltr'>in</span> <span class='ocrx_word' id='word_1_136' title='bbox 1561 1912 1828 1984; x_wconf 64' lang='lat' dir='ltr'>prmsenti</span> <span class='ocrx_word' id='word_1_137' title='bbox 1853 1912 1999 1979; x_wconf 89' lang='lat' dir='ltr'>loco,</span> <span class='ocrx_word' id='word_1_138' title='bbox 2035 1931 2118 1981; x_wconf 88' lang='lat' dir='ltr'>se,</span> 
     </span>
    </p>
   </div>
   <div class='ocr_carea' id='block_1_19' title="bbox 477 2000 2124 2073">
    <p class='ocr_par' dir='ltr' id='par_1_19' title="bbox 477 2000 2124 2073">
     <span class='ocr_line' id='line_1_19' title="bbox 477 2000 2124 2073; baseline -0.001 -16"><span class='ocrx_word' id='word_1_139' title='bbox 477 2007 534 2057; x_wconf 89' lang='lat' dir='ltr'>et</span> <span class='ocrx_word' id='word_1_140' title='bbox 565 2000 858 2073; x_wconf 82' lang='lat' dir='ltr'>apostolos</span> <span class='ocrx_word' id='word_1_141' title='bbox 886 2001 1223 2070; x_wconf 88' lang='lat' dir='ltr'>nominans,</span> <span class='ocrx_word' id='word_1_142' title='bbox 1245 2017 1469 2067; x_wconf 86' lang='lat' dir='ltr'>omnes,</span> <span class='ocrx_word' id='word_1_143' title='bbox 1493 2001 1593 2072; x_wconf 89' lang='lat' dir='ltr'>qui</span> <span class='ocrx_word' id='word_1_144' title='bbox 1617 2002 1676 2055; x_wconf 92' lang='lat' dir='ltr'>in</span> <span class='ocrx_word' id='word_1_145' title='bbox 1700 2001 1927 2056; x_wconf 91' lang='lat' dir='ltr'>Christo</span> <span class='ocrx_word' id='word_1_146' title='bbox 1947 2002 2124 2056; x_wconf 83' lang='lat' dir='ltr'>credi-</span> 
     </span>
    </p>
   </div>
   <div class='ocr_carea' id='block_1_20' title="bbox 477 2088 2122 2171">
    <p class='ocr_par' dir='ltr' id='par_1_20' title="bbox 477 2088 2122 2171">
     <span class='ocr_line' id='line_1_20' title="bbox 477 2088 2122 2171; baseline -0.001 -26"><span class='ocrx_word' id='word_1_147' title='bbox 477 2091 703 2161; x_wconf 87' lang='lat' dir='ltr'>derant,</span> <span class='ocrx_word' id='word_1_148' title='bbox 738 2088 941 2161; x_wconf 90' lang='lat' dir='ltr'>quales</span> <span class='ocrx_word' id='word_1_149' title='bbox 972 2089 1193 2143; x_wconf 84' lang='lat' dir='ltr'>fuerint</span> <span class='ocrx_word' id='word_1_150' title='bbox 1223 2094 1359 2144; x_wconf 86' lang='lat' dir='ltr'>ante</span> <span class='ocrx_word' id='word_1_151' title='bbox 1380 2090 1886 2171; x_wconf 70' lang='lat' dir='ltr'>regenerationem</span> <span class='ocrx_word' id='word_1_152' title='bbox 1910 2088 2122 2143; x_wconf 87' lang='lat' dir='ltr'>lavacri</span> 
     </span>
    </p>
   </div>
   <div class='ocr_carea' id='block_1_21' title="bbox 474 2172 2121 2249">
    <p class='ocr_par' dir='ltr' id='par_1_21' title="bbox 474 2172 2121 2249">
     <span class='ocr_line' id='line_1_21' title="bbox 474 2172 2121 2249; baseline -0.001 -16"><span class='ocrx_word' id='word_1_153' title='bbox 474 2179 687 2247; x_wconf 88' lang='lat' dir='ltr'>vitalis,</span> <span class='ocrx_word' id='word_1_154' title='bbox 722 2178 1059 2235; x_wconf 90' lang='lat' dir='ltr'>ostenderit.</span> <span class='ocrx_word' id='word_1_155' title='bbox 1090 2179 1277 2232; x_wconf 88' lang='lat' dir='ltr'>Simul</span> <span class='ocrx_word' id='word_1_156' title='bbox 1309 2172 1505 2233; x_wconf 89' lang='lat' dir='ltr'>autem</span> <span class='ocrx_word' id='word_1_157' title='bbox 1536 2184 1593 2233; x_wconf 90' lang='lat' dir='ltr'>et</span> <span class='ocrx_word' id='word_1_158' title='bbox 1640 2178 1942 2233; x_wconf 88' lang='lat' dir='ltr'>humilitas</span> <span class='ocrx_word' id='word_1_159' title='bbox 1994 2178 2121 2249; x_wconf 89' lang='lat' dir='ltr'>ejus</span> 
     </span>
    </p>
   </div>
   <div class='ocr_carea' id='block_1_22' title="bbox 478 2266 2121 2337">
    <p class='ocr_par' dir='ltr' id='par_1_22' title="bbox 478 2266 2121 2337">
     <span class='ocr_line' id='line_1_22' title="bbox 478 2266 2121 2337; baseline -0.002 -14"><span class='ocrx_word' id='word_1_160' title='bbox 478 2273 568 2323; x_wconf 89' lang='lat' dir='ltr'>est</span> <span class='ocrx_word' id='word_1_161' title='bbox 598 2266 962 2334; x_wconf 88' lang='lat' dir='ltr'>admiranda,</span> <span class='ocrx_word' id='word_1_162' title='bbox 994 2267 1147 2337; x_wconf 89' lang='lat' dir='ltr'>quod</span> <span class='ocrx_word' id='word_1_163' title='bbox 1172 2267 1229 2320; x_wconf 92' lang='lat' dir='ltr'>in</span> <span class='ocrx_word' id='word_1_164' title='bbox 1256 2282 1489 2321; x_wconf 91' lang='lat' dir='ltr'>omnem</span> <span class='ocrx_word' id='word_1_165' title='bbox 1513 2266 2121 2337; x_wconf 87' lang='lat' dir='ltr'>humilitatem,justi-</span> 
     </span>
    </p>
   </div>
   <div class='ocr_carea' id='block_1_23' title="bbox 478 2354 2118 2427">
    <p class='ocr_par' dir='ltr' id='par_1_23' title="bbox 478 2354 2118 2427">
     <span class='ocr_line' id='line_1_23' title="bbox 478 2354 2118 2427; baseline -0.002 -16"><span class='ocrx_word' id='word_1_166' title='bbox 478 2354 916 2426; x_wconf 88' lang='lat' dir='ltr'>tiamquelegis,</span> <span class='ocrx_word' id='word_1_167' title='bbox 939 2354 1103 2425; x_wconf 90' lang='lat' dir='ltr'>quasi</span> <span class='ocrx_word' id='word_1_168' title='bbox 1130 2354 1565 2425; x_wconf 90' lang='lat' dir='ltr'>quisquilias,et</span> <span class='ocrx_word' id='word_1_169' title='bbox 1582 2360 1969 2427; x_wconf 88' lang='lat' dir='ltr'>purgamenta</span> <span class='ocrx_word' id='word_1_170' title='bbox 1983 2372 2118 2409; x_wconf 90' lang='lat' dir='ltr'>con-</span> 
     </span>
    </p>
   </div>
   <div class='ocr_carea' id='block_1_24' title="bbox 481 2442 2124 2515">
    <p class='ocr_par' dir='ltr' id='par_1_24' title="bbox 481 2442 2124 2515">
     <span class='ocr_line' id='line_1_24' title="bbox 481 2442 2124 2515; baseline 0 -16"><span class='ocrx_word' id='word_1_171' title='bbox 481 2444 739 2515; x_wconf 91' lang='lat' dir='ltr'>tempsit,</span> <span class='ocrx_word' id='word_1_172' title='bbox 763 2448 916 2498; x_wconf 91' lang='lat' dir='ltr'>recte</span> <span class='ocrx_word' id='word_1_173' title='bbox 930 2460 992 2497; x_wconf 88' lang='lat' dir='ltr'>se</span> <span class='ocrx_word' id='word_1_174' title='bbox 1009 2443 1135 2498; x_wconf 90' lang='lat' dir='ltr'>sine</span> <span class='ocrx_word' id='word_1_175' title='bbox 1154 2442 1383 2497; x_wconf 84' lang='lat' dir='ltr'>Christo</span> <span class='ocrx_word' id='word_1_176' title='bbox 1400 2444 1555 2497; x_wconf 85' lang='lat' dir='ltr'>vitiis</span> <span class='ocrx_word' id='word_1_177' title='bbox 1578 2445 1852 2498; x_wconf 90' lang='lat' dir='ltr'>omnibus</span> <span class='ocrx_word' id='word_1_178' title='bbox 1874 2444 2124 2499; x_wconf 84' lang='lat' dir='ltr'>servisse</span> 
     </span>
    </p>
   </div>
   <div class='ocr_carea' id='block_1_25' title="bbox 484 2532 843 2588">
    <p class='ocr_par' dir='ltr' id='par_1_25' title="bbox 484 2532 843 2588">
     <span class='ocr_line' id='line_1_25' title="bbox 484 2532 843 2588; baseline -0.006 0"><span class='ocrx_word' id='word_1_179' title='bbox 484 2549 740 2588; x_wconf 89' lang='lat' dir='ltr'>memora</span> <span class='ocrx_word' id='word_1_180' title='bbox 750 2532 843 2586; x_wconf 89' lang='lat' dir='ltr'>rit.</span> 
     </span>
    </p>
   </div>
   <div class='ocr_carea' id='block_1_26' title="bbox 556 2619 2126 2694">
    <p class='ocr_par' dir='ltr' id='par_1_26' title="bbox 556 2619 2126 2694">
     <span class='ocr_line' id='line_1_26' title="bbox 556 2619 2126 2694; baseline 0.001 -21"><span class='ocrx_word' id='word_1_181' title='bbox 556 2645 583 2673; x_wconf 84' lang='grc'>‹‹</span> <span class='ocrx_word' id='word_1_182' title='bbox 620 2625 761 2677; x_wconf 91' lang='lat' dir='ltr'>Cum</span> <span class='ocrx_word' id='word_1_183' title='bbox 793 2624 988 2675; x_wconf 90' lang='lat' dir='ltr'>autem</span> <span class='ocrx_word' id='word_1_184' title='bbox 1022 2619 1369 2692; x_wconf 82' lang='lat' dir='ltr'>benignitas,</span> <span class='ocrx_word' id='word_1_185' title='bbox 1402 2624 1458 2674; x_wconf 93' lang='lat' dir='ltr'>et</span> <span class='ocrx_word' id='word_1_186' title='bbox 1488 2621 1826 2676; x_wconf 88' lang='lat' dir='ltr'>humanitas</span> <span class='ocrx_word' id='word_1_187' title='bbox 1857 2620 2126 2694; x_wconf 85' lang='lat' dir='ltr'>apparuit</span> 
     </span>
    </p>
   </div>
   <div class='ocr_carea' id='block_1_27' title="bbox 484 2708 2121 2781">
    <p class='ocr_par' dir='ltr' id='par_1_27' title="bbox 484 2708 2121 2781">
     <span class='ocr_line' id='line_1_27' title="bbox 484 2708 2121 2781; baseline -0.003 -14"><span class='ocrx_word' id='word_1_188' title='bbox 484 2710 805 2767; x_wconf 86' lang='lat' dir='ltr'>Salvatoris</span> <span class='ocrx_word' id='word_1_189' title='bbox 831 2708 1016 2764; x_wconf 89' lang='lat' dir='ltr'>nostri</span> <span class='ocrx_word' id='word_1_190' title='bbox 1038 2708 1138 2764; x_wconf 91' lang='lat' dir='ltr'>Dei</span> <span class='ocrx_word' id='word_1_191' title='bbox 1166 2725 1310 2763; x_wconf 91' lang='lat' dir='ltr'>:non</span> <span class='ocrx_word' id='word_1_192' title='bbox 1325 2726 1392 2763; x_wconf 83' lang='lat' dir='ltr'>ex</span> <span class='ocrx_word' id='word_1_193' title='bbox 1416 2710 1969 2780; x_wconf 70' lang='lat' dir='ltr'>operibusjustitiaa,</span> <span class='ocrx_word' id='word_1_194' title='bbox 1996 2727 2121 2781; x_wconf 74' lang='lat' dir='ltr'>quae</span> 
     </span>
    </p>
   </div>
   <div class='ocr_carea' id='block_1_28' title="bbox 482 2798 2122 2869">
    <p class='ocr_par' dir='ltr' id='par_1_28' title="bbox 482 2798 2122 2869">
     <span class='ocr_line' id='line_1_28' title="bbox 482 2798 2122 2869; baseline -0.002 -14"><span class='ocrx_word' id='word_1_195' title='bbox 482 2802 727 2856; x_wconf 81' lang='lat' dir='ltr'>fecimus</span> <span class='ocrx_word' id='word_1_196' title='bbox 742 2815 845 2854; x_wconf 92' lang='lat' dir='ltr'>nos</span> <span class='ocrx_word' id='word_1_197' title='bbox 868 2799 1114 2869; x_wconf 85' lang='lat'>(1377).»</span> <span class='ocrx_word' id='word_1_198' title='bbox 1140 2801 1272 2861; x_wconf 65' lang='lat' dir='ltr'>Qum</span> <span class='ocrx_word' id='word_1_199' title='bbox 1299 2815 1402 2853; x_wconf 93' lang='lat' dir='ltr'>nos</span> <span class='ocrx_word' id='word_1_200' title='bbox 1418 2798 1606 2852; x_wconf 67' lang='lat' dir='ltr'>Judaei</span> <span class='ocrx_word' id='word_1_201' title='bbox 1632 2798 2122 2869; x_wconf 86' lang='lat' dir='ltr'>fecimus,quanto</span> 
     </span>
    </p>
   </div>
   <div class='ocr_carea' id='block_1_29' title="bbox 483 2886 2123 2961">
    <p class='ocr_par' dir='ltr' id='par_1_29' title="bbox 483 2886 2123 2961">
     <span class='ocr_line' id='line_1_29' title="bbox 483 2886 2123 2961; baseline -0.002 -17"><span class='ocrx_word' id='word_1_202' title='bbox 483 2890 673 2961; x_wconf 86' lang='lat' dir='ltr'>magis</span> <span class='ocrx_word' id='word_1_203' title='bbox 703 2887 969 2958; x_wconf 85' lang='lat' dir='ltr'>gentiles,</span> <span class='ocrx_word' id='word_1_204' title='bbox 1001 2886 1101 2956; x_wconf 85' lang='lat' dir='ltr'>qui</span> <span class='ocrx_word' id='word_1_205' title='bbox 1133 2886 1309 2958; x_wconf 88' lang='lat' dir='ltr'>ligno,</span> <span class='ocrx_word' id='word_1_206' title='bbox 1343 2892 1401 2941; x_wconf 93' lang='lat' dir='ltr'>et</span> <span class='ocrx_word' id='word_1_207' title='bbox 1430 2886 1609 2957; x_wconf 84' lang='lat' dir='ltr'>lapidi</span> <span class='ocrx_word' id='word_1_208' title='bbox 1668 2888 2009 2942; x_wconf 89' lang='lat' dir='ltr'>servierunt.</span> <span class='ocrx_word' id='word_1_209' title='bbox 2055 2888 2123 2941; x_wconf 90' lang='lat' dir='ltr'>Et</span> 
     </span>
    </p>
   </div>
   <div class='ocr_carea' id='block_1_30' title="bbox 482 2975 2122 3047">
    <p class='ocr_par' dir='ltr' id='par_1_30' title="bbox 482 2975 2122 3047">
     <span class='ocr_line' id='line_1_30' title="bbox 482 2975 2122 3047; baseline -0.002 -14"><span class='ocrx_word' id='word_1_210' title='bbox 482 2978 806 3033; x_wconf 89' lang='lat' dir='ltr'>notandum</span> <span class='ocrx_word' id='word_1_211' title='bbox 830 2976 985 3046; x_wconf 89' lang='lat' dir='ltr'>quod</span> <span class='ocrx_word' id='word_1_212' title='bbox 1008 2975 1088 3030; x_wconf 89' lang='lat' dir='ltr'>ait</span> <span class='ocrx_word' id='word_1_213' title='bbox 1110 2975 1441 3047; x_wconf 87' lang='lat' dir='ltr'>Apostolus,</span> <span class='ocrx_word' id='word_1_214' title='bbox 1469 2977 1733 3046; x_wconf 89' lang='lat' dir='ltr'>quianon</span> <span class='ocrx_word' id='word_1_215' title='bbox 1761 2994 1827 3031; x_wconf 84' lang='lat' dir='ltr'>ex</span> <span class='ocrx_word' id='word_1_216' title='bbox 1850 2977 2122 3047; x_wconf 89' lang='lat' dir='ltr'>operibus</span> 
     </span>
    </p>
   </div>
   <div class='ocr_carea' id='block_1_31' title="bbox 471 3064 2121 3136">
    <p class='ocr_par' dir='ltr' id='par_1_31' title="bbox 471 3064 2121 3136">
     <span class='ocr_line' id='line_1_31' title="bbox 471 3064 2121 3136; baseline 0.001 -16"><span class='ocrx_word' id='word_1_217' title='bbox 471 3065 715 3136; x_wconf 74' lang='lat' dir='ltr'>justitiae</span> <span class='ocrx_word' id='word_1_218' title='bbox 748 3065 939 3120; x_wconf 88' lang='lat' dir='ltr'>salvos</span> <span class='ocrx_word' id='word_1_219' title='bbox 971 3081 1078 3119; x_wconf 89' lang='lat' dir='ltr'>nos</span> <span class='ocrx_word' id='word_1_220' title='bbox 1106 3064 1239 3119; x_wconf 89' lang='lat' dir='ltr'>fecit</span> <span class='ocrx_word' id='word_1_221' title='bbox 1261 3082 1273 3133; x_wconf 93' lang='lat'>;</span> <span class='ocrx_word' id='word_1_222' title='bbox 1299 3066 1438 3135; x_wconf 91' lang='lat' dir='ltr'>quia</span> <span class='ocrx_word' id='word_1_223' title='bbox 1460 3064 1637 3121; x_wconf 86' lang='lat' dir='ltr'>nullis</span> <span class='ocrx_word' id='word_1_224' title='bbox 1659 3066 1875 3120; x_wconf 88' lang='lat' dir='ltr'>nostris</span> <span class='ocrx_word' id='word_1_225' title='bbox 1898 3065 2121 3121; x_wconf 87' lang='lat' dir='ltr'>meritis</span> 
     </span>
    </p>
   </div>
   <div class='ocr_carea' id='block_1_32' title="bbox 479 3153 2117 3226">
    <p class='ocr_par' dir='ltr' id='par_1_32' title="bbox 479 3153 2117 3226">
     <span class='ocr_line' id='line_1_32' title="bbox 479 3153 2117 3226; baseline -0.001 -16"><span class='ocrx_word' id='word_1_226' title='bbox 479 3172 687 3211; x_wconf 90' lang='lat' dir='ltr'>sumus</span> <span class='ocrx_word' id='word_1_227' title='bbox 720 3153 932 3209; x_wconf 89' lang='lat' dir='ltr'>salvati</span> <span class='ocrx_word' id='word_1_228' title='bbox 964 3155 1034 3209; x_wconf 92' lang='lat' dir='ltr'>de</span> <span class='ocrx_word' id='word_1_229' title='bbox 1063 3153 1188 3208; x_wconf 88' lang='lat' dir='ltr'>sola</span> <span class='ocrx_word' id='word_1_230' title='bbox 1240 3154 1643 3210; x_wconf 87' lang='lat' dir='ltr'>misericordia</span> <span class='ocrx_word' id='word_1_231' title='bbox 1692 3154 2117 3226; x_wconf 83' lang='lat' dir='ltr'>Redemptoris.</span> 
     </span>
    </p>
   </div>
   <div class='ocr_carea' id='block_1_33' title="bbox 477 3242 2119 3315">
    <p class='ocr_par' dir='ltr' id='par_1_33' title="bbox 477 3242 2119 3315">
     <span class='ocr_line' id='line_1_33' title="bbox 477 3242 2119 3315; baseline 0 -16"><span class='ocrx_word' id='word_1_232' title='bbox 477 3244 878 3299; x_wconf 90' lang='lat' dir='ltr'>Conticescant</span> <span class='ocrx_word' id='word_1_233' title='bbox 892 3242 1360 3315; x_wconf 76' lang='lat' dir='ltr'>praecipitatores,</span> <span class='ocrx_word' id='word_1_234' title='bbox 1386 3244 1573 3315; x_wconf 87' lang='lat' dir='ltr'>magis</span> <span class='ocrx_word' id='word_1_235' title='bbox 1587 3260 1763 3314; x_wconf 91' lang='lat' dir='ltr'>quam</span> <span class='ocrx_word' id='word_1_236' title='bbox 1788 3244 2119 3299; x_wconf 86' lang='lat' dir='ltr'>defensores</span> 
     </span>
    </p>
   </div>
   <div class='ocr_carea' id='block_1_34' title="bbox 475 3331 919 3389">
    <p class='ocr_par' dir='ltr' id='par_1_34' title="bbox 475 3331 919 3389">
     <span class='ocr_line' id='line_1_34' title="bbox 475 3331 919 3389; baseline -0.005 -2"><span class='ocrx_word' id='word_1_237' title='bbox 475 3332 644 3389; x_wconf 89' lang='lat' dir='ltr'>liberi</span> <span class='ocrx_word' id='word_1_238' title='bbox 673 3331 919 3387; x_wconf 80' lang='lat' dir='ltr'>arbitrii.</span> 
     </span>
    </p>
   </div>
   <div class='ocr_carea' id='block_1_35' title="bbox 550 3420 2117 3477">
    <p class='ocr_par' dir='ltr' id='par_1_35' title="bbox 550 3420 2117 3477">
     <span class='ocr_line' id='line_1_35' title="bbox 550 3420 2117 3477; baseline 0.004 -6"><span class='ocrx_word' id='word_1_239' title='bbox 550 3445 578 3472; x_wconf 72' lang='grc' dir='ltr'>ι(</span> <span class='ocrx_word' id='word_1_240' title='bbox 610 3421 941 3477; x_wconf 88' lang='lat' dir='ltr'>Secundum</span> <span class='ocrx_word' id='word_1_241' title='bbox 974 3436 1143 3474; x_wconf 90' lang='lat' dir='ltr'>suam</span> <span class='ocrx_word' id='word_1_242' title='bbox 1177 3420 1638 3475; x_wconf 88' lang='lat' dir='ltr'>misericordiam</span> <span class='ocrx_word' id='word_1_243' title='bbox 1670 3420 1862 3476; x_wconf 91' lang='lat' dir='ltr'>salvos</span> <span class='ocrx_word' id='word_1_244' title='bbox 1894 3439 1999 3477; x_wconf 91' lang='lat' dir='ltr'>nos</span> <span class='ocrx_word' id='word_1_245' title='bbox 2032 3422 2117 3477; x_wconf 83' lang='lat' dir='ltr'>te-</span> 
     </span>
    </p>
   </div>
   <div class='ocr_carea' id='block_1_36' title="bbox 480 3506 2114 3580">
    <p class='ocr_par' dir='ltr' id='par_1_36' title="bbox 480 3506 2114 3580">
     <span class='ocr_line' id='line_1_36' title="bbox 480 3506 2114 3580; baseline 0.001 -16"><span class='ocrx_word' id='word_1_246' title='bbox 480 3510 576 3565; x_wconf 89' lang='lat' dir='ltr'>cit.</span> <span class='ocrx_word' id='word_1_247' title='bbox 604 3532 631 3557; x_wconf 86' lang='lat'>»</span> <span class='ocrx_word' id='word_1_248' title='bbox 665 3508 998 3564; x_wconf 88' lang='lat' dir='ltr'>Secundum</span> <span class='ocrx_word' id='word_1_249' title='bbox 1032 3524 1200 3562; x_wconf 91' lang='lat' dir='ltr'>suam</span> <span class='ocrx_word' id='word_1_250' title='bbox 1234 3506 1716 3575; x_wconf 89' lang='lat' dir='ltr'>misericordiam,</span> <span class='ocrx_word' id='word_1_251' title='bbox 1752 3526 1878 3580; x_wconf 68' lang='lat' dir='ltr'>qua:</span> <span class='ocrx_word' id='word_1_252' title='bbox 1912 3527 2017 3565; x_wconf 89' lang='lat' dir='ltr'>nos</span> <span class='ocrx_word' id='word_1_253' title='bbox 2058 3512 2114 3565; x_wconf 91' lang='lat' dir='ltr'>in</span> 
     </span>
    </p>
   </div>
   <div class='ocr_carea' id='block_1_37' title="bbox 482 3595 2119 3668">
    <p class='ocr_par' dir='ltr' id='par_1_37' title="bbox 482 3595 2119 3668">
     <span class='ocr_line' id='line_1_37' title="bbox 482 3595 2119 3668; baseline 0 -15"><span class='ocrx_word' id='word_1_254' title='bbox 482 3598 641 3653; x_wconf 93' lang='lat' dir='ltr'>omni</span> <span class='ocrx_word' id='word_1_255' title='bbox 673 3613 843 3668; x_wconf 91' lang='lat' dir='ltr'>opere</span> <span class='ocrx_word' id='word_1_256' title='bbox 872 3596 1022 3651; x_wconf 91' lang='lat' dir='ltr'>bono</span> <span class='ocrx_word' id='word_1_257' title='bbox 1054 3600 1107 3648; x_wconf 88' lang='lat' dir='ltr'>et</span> <span class='ocrx_word' id='word_1_258' title='bbox 1138 3595 1413 3665; x_wconf 70' lang='lat' dir='ltr'>prazvenit</span> <span class='ocrx_word' id='word_1_259' title='bbox 1445 3596 1803 3667; x_wconf 89' lang='lat' dir='ltr'>inspirando,</span> <span class='ocrx_word' id='word_1_260' title='bbox 1828 3602 1885 3651; x_wconf 90' lang='lat' dir='ltr'>et</span> <span class='ocrx_word' id='word_1_261' title='bbox 1914 3598 2119 3653; x_wconf 90' lang='lat' dir='ltr'>subse-</span> 
     </span>
    </p>
   </div>
   <div class='ocr_carea' id='block_1_38' title="bbox 482 3684 2117 3757">
    <p class='ocr_par' dir='ltr' id='par_1_38' title="bbox 482 3684 2117 3757">
     <span class='ocr_line' id='line_1_38' title="bbox 482 3684 2117 3757; baseline 0.002 -17"><span class='ocrx_word' id='word_1_262' title='bbox 482 3687 683 3756; x_wconf 91' lang='lat' dir='ltr'>quitur</span> <span class='ocrx_word' id='word_1_263' title='bbox 713 3685 1065 3754; x_wconf 81' lang='lat' dir='ltr'>adjuvando,</span> <span class='ocrx_word' id='word_1_264' title='bbox 1098 3700 1211 3738; x_wconf 89' lang='lat' dir='ltr'>non</span> <span class='ocrx_word' id='word_1_265' title='bbox 1244 3685 1567 3739; x_wconf 89' lang='lat' dir='ltr'>secundum</span> <span class='ocrx_word' id='word_1_266' title='bbox 1598 3684 1969 3757; x_wconf 89' lang='lat' dir='ltr'>industriam,</span> <span class='ocrx_word' id='word_1_267' title='bbox 2030 3688 2117 3743; x_wconf 92' lang='lat' dir='ltr'>vel</span> 
     </span>
    </p>
   </div>
   <div class='ocr_carea' id='block_1_39' title="bbox 480 3774 1059 3829">
    <p class='ocr_par' dir='ltr' id='par_1_39' title="bbox 480 3774 1059 3829">
     <span class='ocr_line' id='line_1_39' title="bbox 480 3774 1059 3829; baseline -0.003 -2"><span class='ocrx_word' id='word_1_268' title='bbox 480 3774 739 3829; x_wconf 89' lang='lat' dir='ltr'>laborem</span> <span class='ocrx_word' id='word_1_269' title='bbox 773 3777 1059 3828; x_wconf 91' lang='lat' dir='ltr'>nostrum.</span> 
     </span>
    </p>
   </div>
   <div class='ocr_carea' id='block_1_40' title="bbox 559 3860 2120 3936">
    <p class='ocr_par' dir='ltr' id='par_1_40' title="bbox 559 3860 2120 3936">
     <span class='ocr_line' id='line_1_40' title="bbox 559 3860 2120 3936; baseline 0.006 -24"><span class='ocrx_word' id='word_1_270' title='bbox 559 3884 587 3912; x_wconf 88' lang='grc'>‹‹</span> <span class='ocrx_word' id='word_1_271' title='bbox 616 3863 724 3917; x_wconf 89' lang='lat' dir='ltr'>Per</span> <span class='ocrx_word' id='word_1_272' title='bbox 753 3860 1048 3916; x_wconf 89' lang='lat' dir='ltr'>lavacrum</span> <span class='ocrx_word' id='word_1_273' title='bbox 1084 3862 1561 3933; x_wconf 88' lang='lat' dir='ltr'>regenerationis.</span> <span class='ocrx_word' id='word_1_274' title='bbox 1592 3886 1611 3911; x_wconf 75' lang='grc' dir='ltr'><strong><em>ο</em></strong></span> <span class='ocrx_word' id='word_1_275' title='bbox 1666 3863 2120 3936; x_wconf 81' lang='lat' dir='ltr'>Regeneratione</span> 
     </span>
    </p>
   </div>
   <div class='ocr_carea' id='block_1_41' title="bbox 478 3950 2121 4024">
    <p class='ocr_par' dir='ltr' id='par_1_41' title="bbox 478 3950 2121 4024">
     <span class='ocr_line' id='line_1_41' title="bbox 478 3950 2121 4024; baseline 0.002 -18"><span class='ocrx_word' id='word_1_276' title='bbox 478 3951 580 4008; x_wconf 92' lang='lat' dir='ltr'>illa</span> <span class='ocrx_word' id='word_1_277' title='bbox 601 3953 671 4007; x_wconf 90' lang='lat' dir='ltr'>de</span> <span class='ocrx_word' id='word_1_278' title='bbox 693 3968 810 4023; x_wconf 90' lang='lat' dir='ltr'>qua</span> <span class='ocrx_word' id='word_1_279' title='bbox 830 3950 1115 4006; x_wconf 90' lang='lat' dir='ltr'>Dominus</span> <span class='ocrx_word' id='word_1_280' title='bbox 1129 3950 1268 4006; x_wconf 92' lang='lat' dir='ltr'>dicit</span> <span class='ocrx_word' id='word_1_281' title='bbox 1293 3969 1306 4005; x_wconf 89' lang='lat'><strong>:</strong></span> <span class='ocrx_word' id='word_1_282' title='bbox 1338 3974 1357 3999; x_wconf 76' lang='grc' dir='ltr'>α</span> <span class='ocrx_word' id='word_1_283' title='bbox 1385 3951 1506 4007; x_wconf 91' lang='lat' dir='ltr'>Nisi</span> <span class='ocrx_word' id='word_1_284' title='bbox 1531 3952 1664 4024; x_wconf 90' lang='lat' dir='ltr'>quis</span> <span class='ocrx_word' id='word_1_285' title='bbox 1687 3958 1922 4009; x_wconf 87' lang='lat' dir='ltr'>renatus</span> <span class='ocrx_word' id='word_1_286' title='bbox 1944 3954 2121 4010; x_wconf 88' lang='lat' dir='ltr'>fuerit</span> 
     </span>
    </p>
   </div>
   <div class='ocr_carea' id='block_1_42' title="bbox 477 4039 2118 4117">
    <p class='ocr_par' dir='ltr' id='par_1_42' title="bbox 477 4039 2118 4117">
     <span class='ocr_line' id='line_1_42' title="bbox 477 4039 2118 4117; baseline 0.002 -21"><span class='ocrx_word' id='word_1_287' title='bbox 477 4059 546 4097; x_wconf 89' lang='lat' dir='ltr'>ex</span> <span class='ocrx_word' id='word_1_288' title='bbox 575 4058 728 4113; x_wconf 88' lang='lat' dir='ltr'>aqua</span> <span class='ocrx_word' id='word_1_289' title='bbox 752 4045 808 4096; x_wconf 92' lang='lat' dir='ltr'>et</span> <span class='ocrx_word' id='word_1_290' title='bbox 838 4039 1056 4112; x_wconf 89' lang='lat' dir='ltr'>Spiritu</span> <span class='ocrx_word' id='word_1_291' title='bbox 1088 4043 1313 4111; x_wconf 88' lang='lat' dir='ltr'>sancto,</span> <span class='ocrx_word' id='word_1_292' title='bbox 1348 4058 1461 4096; x_wconf 92' lang='lat' dir='ltr'>non</span> <span class='ocrx_word' id='word_1_293' title='bbox 1495 4042 1757 4097; x_wconf 88' lang='lat' dir='ltr'>introibit</span> <span class='ocrx_word' id='word_1_294' title='bbox 1784 4042 1840 4097; x_wconf 89' lang='lat' dir='ltr'>in</span> <span class='ocrx_word' id='word_1_295' title='bbox 1873 4059 2118 4117; x_wconf 85' lang='lat' dir='ltr'>regnum</span> 
     </span>
    </p>
   </div>
   <div class='ocr_carea' id='block_1_43' title="bbox 476 4130 1254 4199">
    <p class='ocr_par' dir='ltr' id='par_1_43' title="bbox 476 4130 1254 4199">
     <span class='ocr_line' id='line_1_43' title="bbox 476 4130 1254 4199; baseline -0.01 -13"><span class='ocrx_word' id='word_1_296' title='bbox 476 4130 753 4187; x_wconf 82' lang='lat' dir='ltr'>caelorum</span> <span class='ocrx_word' id='word_1_297' title='bbox 786 4132 964 4199; x_wconf 85' lang='lat' dir='ltr'>(Joan.</span> <span class='ocrx_word' id='word_1_298' title='bbox 1000 4147 1083 4197; x_wconf 86' lang='lat' dir='ltr'><strong>III,</strong></span> <span class='ocrx_word' id='word_1_299' title='bbox 1118 4130 1197 4199; x_wconf 91' lang='lat'>3).</span> <span class='ocrx_word' id='word_1_300' title='bbox 1226 4152 1254 4178; x_wconf 85' lang='lat'><strong>»</strong></span> 
     </span>
    </p>
   </div>
   <div class='ocr_carea' id='block_1_44' title="bbox 549 4218 2117 4293">
    <p class='ocr_par' dir='ltr' id='par_1_44' title="bbox 549 4218 2117 4293">
     <span class='ocr_line' id='line_1_44' title="bbox 549 4218 2117 4293; baseline 0.004 -22"><span class='ocrx_word' id='word_1_301' title='bbox 549 4245 569 4271; x_wconf 70' lang='grc' dir='ltr'>α</span> <span class='ocrx_word' id='word_1_302' title='bbox 608 4220 674 4275; x_wconf 80' lang='lat' dir='ltr'>Et</span> <span class='ocrx_word' id='word_1_303' title='bbox 703 4218 1093 4275; x_wconf 87' lang='lat' dir='ltr'>renovationis</span> <span class='ocrx_word' id='word_1_304' title='bbox 1126 4218 1382 4289; x_wconf 89' lang='lat' dir='ltr'>Spiritus</span> <span class='ocrx_word' id='word_1_305' title='bbox 1409 4219 1618 4282; x_wconf 87' lang='lat' dir='ltr'>sancti,</span> <span class='ocrx_word' id='word_1_306' title='bbox 1646 4241 1674 4267; x_wconf 84' lang='lat'>»</span> <span class='ocrx_word' id='word_1_307' title='bbox 1722 4220 1792 4275; x_wconf 90' lang='lat' dir='ltr'>de</span> <span class='ocrx_word' id='word_1_308' title='bbox 1824 4237 1941 4291; x_wconf 89' lang='lat' dir='ltr'>qua</span> <span class='ocrx_word' id='word_1_309' title='bbox 1967 4223 2117 4293; x_wconf 85' lang='lat' dir='ltr'>Apo-</span> 
     </span>
    </p>
   </div>
   <div class='ocr_carea' id='block_1_45' title="bbox 472 4306 2117 4379">
    <p class='ocr_par' dir='ltr' id='par_1_45' title="bbox 472 4306 2117 4379">
     <span class='ocr_line' id='line_1_45' title="bbox 472 4306 2117 4379; baseline 0.001 -15"><span class='ocrx_word' id='word_1_310' title='bbox 472 4308 658 4364; x_wconf 91' lang='lat' dir='ltr'>stolus</span> <span class='ocrx_word' id='word_1_311' title='bbox 690 4310 802 4365; x_wconf 88' lang='lat' dir='ltr'>alio</span> <span class='ocrx_word' id='word_1_312' title='bbox 829 4308 955 4364; x_wconf 92' lang='lat' dir='ltr'>loco</span> <span class='ocrx_word' id='word_1_313' title='bbox 988 4306 1128 4361; x_wconf 92' lang='lat' dir='ltr'>dicit</span> <span class='ocrx_word' id='word_1_314' title='bbox 1155 4324 1166 4361; x_wconf 89' lang='lat'>:</span> <span class='ocrx_word' id='word_1_315' title='bbox 1195 4328 1223 4354; x_wconf 86' lang='lat'><strong><em>«</em></strong></span> <span class='ocrx_word' id='word_1_316' title='bbox 1251 4306 1630 4362; x_wconf 83' lang='lat' dir='ltr'>Renovamini</span> <span class='ocrx_word' id='word_1_317' title='bbox 1656 4308 1876 4379; x_wconf 90' lang='lat' dir='ltr'>Spiritu</span> <span class='ocrx_word' id='word_1_318' title='bbox 1906 4310 2117 4365; x_wconf 88' lang='lat' dir='ltr'>mentis</span> 
     </span>
    </p>
   </div>
   <div class='ocr_carea' id='block_1_46' title="bbox 471 4394 2115 4467">
    <p class='ocr_par' dir='ltr' id='par_1_46' title="bbox 471 4394 2115 4467">
     <span class='ocr_line' id='line_1_46' title="bbox 471 4394 2115 4467; baseline 0.004 -17"><span class='ocrx_word' id='word_1_319' title='bbox 471 4402 693 4464; x_wconf 66' lang='lat' dir='ltr'>vestrae,</span> <span class='ocrx_word' id='word_1_320' title='bbox 725 4402 782 4452; x_wconf 91' lang='lat' dir='ltr'>et</span> <span class='ocrx_word' id='word_1_321' title='bbox 812 4396 1036 4451; x_wconf 90' lang='lat' dir='ltr'>induite</span> <span class='ocrx_word' id='word_1_322' title='bbox 1069 4412 1284 4450; x_wconf 92' lang='lat' dir='ltr'>novum</span> <span class='ocrx_word' id='word_1_323' title='bbox 1316 4394 1642 4466; x_wconf 87' lang='lat' dir='ltr'>hominem,</span> <span class='ocrx_word' id='word_1_324' title='bbox 1670 4397 1771 4467; x_wconf 91' lang='lat' dir='ltr'>qui</span> <span class='ocrx_word' id='word_1_325' title='bbox 1795 4399 2115 4455; x_wconf 90' lang='lat' dir='ltr'>secundum</span> 
     </span>
    </p>
   </div>
   <div class='ocr_carea' id='block_1_47' title="bbox 471 4483 2116 4554">
    <p class='ocr_par' dir='ltr' id='par_1_47' title="bbox 471 4483 2116 4554">
     <span class='ocr_line' id='line_1_47' title="bbox 471 4483 2116 4554; baseline 0.004 -15"><span class='ocrx_word' id='word_1_326' title='bbox 471 4484 654 4540; x_wconf 91' lang='lat' dir='ltr'>Deum</span> <span class='ocrx_word' id='word_1_327' title='bbox 687 4489 913 4539; x_wconf 89' lang='lat' dir='ltr'>creatus</span> <span class='ocrx_word' id='word_1_328' title='bbox 943 4489 1031 4539; x_wconf 88' lang='lat' dir='ltr'>est</span> <span class='ocrx_word' id='word_1_329' title='bbox 1062 4483 1275 4554; x_wconf 67' lang='lat' dir='ltr'>(Ep/tes.</span> <span class='ocrx_word' id='word_1_330' title='bbox 1311 4500 1385 4549; x_wconf 85' lang='lat' dir='ltr'>1v,</span> <span class='ocrx_word' id='word_1_331' title='bbox 1418 4484 1511 4552; x_wconf 83' lang='lat'>23)</span> <span class='ocrx_word' id='word_1_332' title='bbox 1532 4507 1558 4533; x_wconf 85' lang='grc'><strong>››</strong></span> <span class='ocrx_word' id='word_1_333' title='bbox 1593 4503 1605 4539; x_wconf 91' lang='lat'>:</span> <span class='ocrx_word' id='word_1_334' title='bbox 1656 4487 1774 4541; x_wconf 91' lang='lat' dir='ltr'>Ista</span> <span class='ocrx_word' id='word_1_335' title='bbox 1824 4490 2116 4546; x_wconf 90' lang='lat' dir='ltr'>renovatio</span> 
     </span>
    </p>
   </div>
   <div class='ocr_carea' id='block_1_48' title="bbox 470 4572 2115 4645">
    <p class='ocr_par' dir='ltr' id='par_1_48' title="bbox 470 4572 2115 4645">
     <span class='ocr_line' id='line_1_48' title="bbox 470 4572 2115 4645; baseline 0.004 -18"><span class='ocrx_word' id='word_1_336' title='bbox 470 4588 585 4629; x_wconf 91' lang='lat' dir='ltr'>non</span> <span class='ocrx_word' id='word_1_337' title='bbox 615 4573 672 4626; x_wconf 92' lang='lat' dir='ltr'>in</span> <span class='ocrx_word' id='word_1_338' title='bbox 707 4589 820 4627; x_wconf 92' lang='lat' dir='ltr'>uno</span> <span class='ocrx_word' id='word_1_339' title='bbox 854 4576 1148 4627; x_wconf 82' lang='lat' dir='ltr'>momento</span> <span class='ocrx_word' id='word_1_340' title='bbox 1172 4572 1255 4636; x_wconf 83' lang='lat' dir='ltr'>fit,</span> <span class='ocrx_word' id='word_1_341' title='bbox 1280 4572 1432 4627; x_wconf 89' lang='lat' dir='ltr'>sicut</span> <span class='ocrx_word' id='word_1_342' title='bbox 1455 4573 1512 4627; x_wconf 91' lang='lat' dir='ltr'>in</span> <span class='ocrx_word' id='word_1_343' title='bbox 1537 4574 1831 4645; x_wconf 88' lang='lat' dir='ltr'>baptismo</span> <span class='ocrx_word' id='word_1_344' title='bbox 1854 4594 1969 4632; x_wconf 91' lang='lat' dir='ltr'>uno</span> <span class='ocrx_word' id='word_1_345' title='bbox 1992 4595 2115 4634; x_wconf 88' lang='lat' dir='ltr'>mo-</span> 
     </span>
    </p>
   </div>
   <div class='ocr_carea' id='block_1_49' title="bbox 471 4661 1793 4733">
    <p class='ocr_par' dir='ltr' id='par_1_49' title="bbox 471 4661 1793 4733">
     <span class='ocr_line' id='line_1_49' title="bbox 471 4661 1793 4733; baseline 0.001 -15"><span class='ocrx_word' id='word_1_346' title='bbox 471 4666 665 4719; x_wconf 89' lang='lat' dir='ltr'>mento</span> <span class='ocrx_word' id='word_1_347' title='bbox 698 4663 763 4716; x_wconf 82' lang='lat' dir='ltr'>fit</span> <span class='ocrx_word' id='word_1_348' title='bbox 792 4662 1061 4717; x_wconf 85' lang='lat' dir='ltr'>remissio</span> <span class='ocrx_word' id='word_1_349' title='bbox 1093 4661 1358 4716; x_wconf 89' lang='lat' dir='ltr'>omnium</span> <span class='ocrx_word' id='word_1_350' title='bbox 1406 4667 1793 4733; x_wconf 88' lang='lat' dir='ltr'>peccatorum.</span> 
     </span>
    </p>
   </div>
   <div class='ocr_carea' id='block_1_50' title="bbox 542 4750 2113 4823">
    <p class='ocr_par' dir='ltr' id='par_1_50' title="bbox 542 4750 2113 4823">
     <span class='ocr_line' id='line_1_50' title="bbox 542 4750 2113 4823; baseline 0.006 -21"><span class='ocrx_word' id='word_1_351' title='bbox 542 4775 571 4802; x_wconf 77' lang='grc' dir='ltr'><strong>(ί</strong></span> <span class='ocrx_word' id='word_1_352' title='bbox 604 4753 782 4817; x_wconf 88' lang='lat' dir='ltr'>Quem</span> <span class='ocrx_word' id='word_1_353' title='bbox 815 4750 1098 4807; x_wconf 79' lang='lat' dir='ltr'>effuditin</span> <span class='ocrx_word' id='word_1_354' title='bbox 1132 4752 1300 4805; x_wconf 89' lang='lat' dir='ltr'>nobis</span> <span class='ocrx_word' id='word_1_355' title='bbox 1334 4752 1570 4807; x_wconf 86' lang='lat' dir='ltr'>abunde</span> <span class='ocrx_word' id='word_1_356' title='bbox 1605 4770 1705 4823; x_wconf 87' lang='lat' dir='ltr'>per</span> <span class='ocrx_word' id='word_1_357' title='bbox 1731 4755 1935 4809; x_wconf 87' lang='lat' dir='ltr'>Jesum</span> <span class='ocrx_word' id='word_1_358' title='bbox 1958 4757 2113 4811; x_wconf 90' lang='lat' dir='ltr'>Chri-</span> 
     </span>
    </p>
   </div>
   <div class='ocr_carea' id='block_1_51' title="bbox 470 4840 2112 4917">
    <p class='ocr_par' dir='ltr' id='par_1_51' title="bbox 470 4840 2112 4917">
     <span class='ocr_line' id='line_1_51' title="bbox 470 4840 2112 4917; baseline 0.002 -21"><span class='ocrx_word' id='word_1_359' title='bbox 470 4845 625 4896; x_wconf 88' lang='lat' dir='ltr'>stum</span> <span class='ocrx_word' id='word_1_360' title='bbox 642 4840 993 4896; x_wconf 89' lang='lat' dir='ltr'>Salvatorem</span> <span class='ocrx_word' id='word_1_361' title='bbox 1016 4845 1300 4894; x_wconf 89' lang='lat' dir='ltr'>nostrum.</span> <span class='ocrx_word' id='word_1_362' title='bbox 1328 4862 1356 4890; x_wconf 86' lang='lat'>»</span> <span class='ocrx_word' id='word_1_363' title='bbox 1387 4841 1605 4897; x_wconf 88' lang='lat' dir='ltr'>Nomen</span> <span class='ocrx_word' id='word_1_364' title='bbox 1633 4841 2112 4917; x_wconf 79' lang='lat' dir='ltr'>effusionislargi-</span> 
     </span>
    </p>
   </div>
   <div class='ocr_carea' id='block_1_52' title="bbox 467 4928 2107 5002">
    <p class='ocr_par' dir='ltr' id='par_1_52' title="bbox 467 4928 2107 5002">
     <span class='ocr_line' id='line_1_52' title="bbox 467 4928 2107 5002; baseline 0.004 -19"><span class='ocrx_word' id='word_1_365' title='bbox 467 4934 643 4984; x_wconf 86' lang='lat' dir='ltr'>tatem</span> <span class='ocrx_word' id='word_1_366' title='bbox 658 4930 976 5002; x_wconf 85' lang='lat' dir='ltr'>gratiarum</span> <span class='ocrx_word' id='word_1_367' title='bbox 999 4928 1292 4999; x_wconf 85' lang='lat' dir='ltr'>signiﬁcat</span> <span class='ocrx_word' id='word_1_368' title='bbox 1316 4929 1371 4981; x_wconf 90' lang='lat' dir='ltr'>in</span> <span class='ocrx_word' id='word_1_369' title='bbox 1402 4928 1731 4984; x_wconf 60' lang='lat' dir='ltr'>haeredibus</span> <span class='ocrx_word' id='word_1_370' title='bbox 1745 4930 1884 4985; x_wconf 90' lang='lat' dir='ltr'>Novi</span> <span class='ocrx_word' id='word_1_371' title='bbox 1908 4933 2107 4989; x_wconf 89' lang='lat' dir='ltr'>Testa—</span> 
     </span>
    </p>
   </div>
   <div class='ocr_carea' id='block_1_53' title="bbox 466 5016 1663 5090">
    <p class='ocr_par' dir='ltr' id='par_1_53' title="bbox 466 5016 1663 5090">
     <span class='ocr_line' id='line_1_53' title="bbox 466 5016 1663 5090; baseline -0.003 -17"><span class='ocrx_word' id='word_1_372' title='bbox 466 5019 667 5086; x_wconf 89' lang='lat' dir='ltr'>menti,</span> <span class='ocrx_word' id='word_1_373' title='bbox 702 5018 1014 5090; x_wconf 87' lang='lat' dir='ltr'>plusquam</span> <span class='ocrx_word' id='word_1_374' title='bbox 1048 5017 1105 5071; x_wconf 88' lang='lat' dir='ltr'>in</span> <span class='ocrx_word' id='word_1_375' title='bbox 1138 5016 1437 5088; x_wconf 88' lang='lat' dir='ltr'>prioribus</span> <span class='ocrx_word' id='word_1_376' title='bbox 1460 5017 1663 5086; x_wconf 86' lang='lat' dir='ltr'>justis.</span> 
     </span>
    </p>
   </div>
   <div class='ocr_carea' id='block_1_54' title="bbox 532 5106 2105 5178">
    <p class='ocr_par' dir='ltr' id='par_1_54' title="bbox 532 5106 2105 5178">
     <span class='ocr_line' id='line_1_54' title="bbox 532 5106 2105 5178; baseline 0.004 -19"><span class='ocrx_word' id='word_1_377' title='bbox 532 5108 719 5177; x_wconf 83' lang='lat'>(1378)</span> <span class='ocrx_word' id='word_1_378' title='bbox 752 5107 1098 5178; x_wconf 86' lang='lat' dir='ltr'>Diligentius</span> <span class='ocrx_word' id='word_1_379' title='bbox 1141 5106 1541 5172; x_wconf 88' lang='lat' dir='ltr'>attendamus,</span> <span class='ocrx_word' id='word_1_380' title='bbox 1579 5112 1637 5160; x_wconf 89' lang='lat' dir='ltr'>et</span> <span class='ocrx_word' id='word_1_381' title='bbox 1665 5107 2025 5164; x_wconf 87' lang='lat' dir='ltr'>inveniemus</span> <span class='ocrx_word' id='word_1_382' title='bbox 2048 5112 2105 5166; x_wconf 91' lang='lat' dir='ltr'>in</span> 
     </span>
    </p>
   </div>
   <div class='ocr_carea' id='block_1_55' title="bbox 466 5193 2107 5267">
    <p class='ocr_par' dir='ltr' id='par_1_55' title="bbox 466 5193 2107 5267">
     <span class='ocr_line' id='line_1_55' title="bbox 466 5193 2107 5267; baseline 0.005 -21"><span class='ocrx_word' id='word_1_383' title='bbox 466 5196 733 5263; x_wconf 78' lang='lat' dir='ltr'>praesenti</span> <span class='ocrx_word' id='word_1_384' title='bbox 765 5195 1016 5267; x_wconf 90' lang='lat' dir='ltr'>capitulo</span> <span class='ocrx_word' id='word_1_385' title='bbox 1035 5193 1579 5249; x_wconf 75' lang='lat' dir='ltr'>manifestissimum</span> <span class='ocrx_word' id='word_1_386' title='bbox 1608 5195 1972 5251; x_wconf 88' lang='lat' dir='ltr'>Trinitatem.</span> <span class='ocrx_word' id='word_1_387' title='bbox 1996 5200 2107 5254; x_wconf 81' lang='lat' dir='ltr'>Re-</span> 
     </span>
    </p>
   </div>
   <div class='ocr_carea' id='block_1_56' title="bbox 458 5281 2103 5348">
    <p class='ocr_par' dir='ltr' id='par_1_56' title="bbox 458 5281 2103 5348">
     <span class='ocr_line' id='line_1_56' title="bbox 458 5281 2103 5348; baseline 0.005 -14"><span class='ocrx_word' id='word_1_388' title='bbox 458 5281 713 5348; x_wconf 87' lang='lat' dir='ltr'>nignitas</span> <span class='ocrx_word' id='word_1_389' title='bbox 745 5286 959 5348; x_wconf 90' lang='lat' dir='ltr'>quippe</span> <span class='ocrx_word' id='word_1_390' title='bbox 991 5288 1164 5348; x_wconf 84' lang='lat' dir='ltr'>atque</span> <span class='ocrx_word' id='word_1_391' title='bbox 1194 5283 1501 5338; x_wconf 89' lang='lat' dir='ltr'>clementia</span> <span class='ocrx_word' id='word_1_392' title='bbox 1545 5284 1857 5339; x_wconf 89' lang='lat' dir='ltr'>Salvatoris</span> <span class='ocrx_word' id='word_1_393' title='bbox 1922 5289 2103 5342; x_wconf 91' lang='lat' dir='ltr'>nostri</span> 
     </span>
    </p>
   </div>
   <div class='ocr_carea' id='block_1_57' title="bbox 2229 666 3794 741">
    <p class='ocr_par' dir='ltr' id='par_1_57' title="bbox 2229 666 3794 741">
     <span class='ocr_line' id='line_1_57' title="bbox 2229 666 3794 741; baseline 0.008 -22"><span class='ocrx_word' id='word_1_394' title='bbox 2229 666 2581 722; x_wconf 88' lang='lat' dir='ltr'>Salvatorcm</span> <span class='ocrx_word' id='word_1_395' title='bbox 2642 674 2932 735; x_wconf 86' lang='lat' dir='ltr'>nostrum,</span> <span class='ocrx_word' id='word_1_396' title='bbox 2983 672 3325 741; x_wconf 83' lang='lat' dir='ltr'>justiﬁcavit</span> <span class='ocrx_word' id='word_1_397' title='bbox 3381 690 3481 729; x_wconf 91' lang='lat' dir='ltr'>nos</span> <span class='ocrx_word' id='word_1_398' title='bbox 3551 675 3601 728; x_wconf 91' lang='lat' dir='ltr'>in</span> <span class='ocrx_word' id='word_1_399' title='bbox 3667 678 3794 734; x_wconf 81' lang='lat' dir='ltr'>vitam</span> 
     </span>
    </p>
   </div>
   <div class='ocr_carea' id='block_1_58' title="bbox 2229 757 3796 833">
    <p class='ocr_par' dir='ltr' id='par_1_58' title="bbox 2229 757 3796 833">
     <span class='ocr_line' id='line_1_58' title="bbox 2229 757 3796 833; baseline 0.008 -23"><span class='ocrx_word' id='word_1_400' title='bbox 2229 759 2525 811; x_wconf 70' lang='lat' dir='ltr'>aeternam.</span> <span class='ocrx_word' id='word_1_401' title='bbox 2562 757 2733 813; x_wconf 90' lang='lat' dir='ltr'>Salus</span> <span class='ocrx_word' id='word_1_402' title='bbox 2759 760 3117 814; x_wconf 88' lang='lat' dir='ltr'>credentium</span> <span class='ocrx_word' id='word_1_403' title='bbox 3180 762 3517 833; x_wconf 82' lang='lat' dir='ltr'>mysterium</span> <span class='ocrx_word' id='word_1_404' title='bbox 3563 764 3796 823; x_wconf 81' lang='lat' dir='ltr'>Trinitatis</span> 
     </span>
    </p>
   </div>
   <div class='ocr_carea' id='block_1_59' title="bbox 2231 848 2339 899">
    <p class='ocr_par' dir='ltr' id='par_1_59' title="bbox 2231 848 2339 899">
     <span class='ocr_line' id='line_1_59' title="bbox 2231 848 2339 899; baseline -0.019 0"><span class='ocrx_word' id='word_1_405' title='bbox 2231 848 2339 899; x_wconf 88' lang='lat' dir='ltr'>est.</span> 
     </span>
    </p>
   </div>
   <div class='ocr_carea' id='block_1_60' title="bbox 2303 934 3798 1012">
    <p class='ocr_par' dir='ltr' id='par_1_60' title="bbox 2303 934 3798 1012">
     <span class='ocr_line' id='line_1_60' title="bbox 2303 934 3798 1012; baseline 0.009 -26"><span class='ocrx_word' id='word_1_406' title='bbox 2303 934 2487 1003; x_wconf 88' lang='lat'>(1379)</span> <span class='ocrx_word' id='word_1_407' title='bbox 2519 957 2546 984; x_wconf 83' lang='lat'><strong>«</strong></span> <span class='ocrx_word' id='word_1_408' title='bbox 2580 935 2653 990; x_wconf 90' lang='lat' dir='ltr'>Ut</span> <span class='ocrx_word' id='word_1_409' title='bbox 2676 936 2983 1006; x_wconf 82' lang='lat' dir='ltr'>justiﬁcati</span> <span class='ocrx_word' id='word_1_410' title='bbox 3013 939 3205 1011; x_wconf 87' lang='lat' dir='ltr'>gratia</span> <span class='ocrx_word' id='word_1_411' title='bbox 3246 940 3452 1012; x_wconf 91' lang='lat' dir='ltr'>ipsius.</span> <span class='ocrx_word' id='word_1_412' title='bbox 3475 962 3499 992; x_wconf 79' lang='grc' dir='ltr'>ι)</span> <span class='ocrx_word' id='word_1_413' title='bbox 3549 943 3798 999; x_wconf 80' lang='lat' dir='ltr'>Adverten-</span> 
     </span>
    </p>
   </div>
   <div class='ocr_carea' id='block_1_61' title="bbox 2232 1021 3798 1097">
    <p class='ocr_par' dir='ltr' id='par_1_61' title="bbox 2232 1021 3798 1097">
     <span class='ocr_line' id='line_1_61' title="bbox 2232 1021 3798 1097; baseline 0.008 -21"><span class='ocrx_word' id='word_1_414' title='bbox 2232 1021 2373 1077; x_wconf 87' lang='lat' dir='ltr'>dum</span> <span class='ocrx_word' id='word_1_415' title='bbox 2405 1023 2560 1094; x_wconf 93' lang='lat' dir='ltr'>quod</span> <span class='ocrx_word' id='word_1_416' title='bbox 2592 1024 2780 1097; x_wconf 87' lang='lat' dir='ltr'>gratia</span> <span class='ocrx_word' id='word_1_417' title='bbox 2808 1025 2966 1082; x_wconf 89' lang='lat' dir='ltr'>illius</span> <span class='ocrx_word' id='word_1_418' title='bbox 3006 1027 3425 1097; x_wconf 81' lang='lat' dir='ltr'>justiﬁcamur,</span> <span class='ocrx_word' id='word_1_419' title='bbox 3456 1042 3582 1086; x_wconf 86' lang='lat' dir='ltr'>&#39;non</span> <span class='ocrx_word' id='word_1_420' title='bbox 3629 1033 3798 1089; x_wconf 83' lang='lat' dir='ltr'>meritis</span> 
     </span>
    </p>
   </div>
   <div class='ocr_carea' id='block_1_62' title="bbox 2232 1112 2470 1167">
    <p class='ocr_par' dir='ltr' id='par_1_62' title="bbox 2232 1112 2470 1167">
     <span class='ocr_line' id='line_1_62' title="bbox 2232 1112 2470 1167; baseline 0.013 -2"><span class='ocrx_word' id='word_1_421' title='bbox 2232 1112 2470 1167; x_wconf 90' lang='lat' dir='ltr'>nostris.</span> 
     </span>
    </p>
   </div>
   <div class='ocr_carea' id='block_1_63' title="bbox 2306 1201 3795 1277">
    <p class='ocr_par' dir='ltr' id='par_1_63' title="bbox 2306 1201 3795 1277">
     <span class='ocr_line' id='line_1_63' title="bbox 2306 1201 3795 1277; baseline 0.008 -23"><span class='ocrx_word' id='word_1_422' title='bbox 2306 1222 2333 1251; x_wconf 89' lang='grc'>‹‹</span> <span class='ocrx_word' id='word_1_423' title='bbox 2364 1201 2629 1258; x_wconf 70' lang='lat' dir='ltr'>Haeredes</span> <span class='ocrx_word' id='word_1_424' title='bbox 2661 1204 2850 1261; x_wconf 88' lang='lat' dir='ltr'>simus</span> <span class='ocrx_word' id='word_1_425' title='bbox 2880 1206 3201 1260; x_wconf 89' lang='lat' dir='ltr'>secundum</span> <span class='ocrx_word' id='word_1_426' title='bbox 3234 1222 3398 1277; x_wconf 87' lang='lat' dir='ltr'>spem</span> <span class='ocrx_word' id='word_1_427' title='bbox 3440 1207 3562 1262; x_wconf 65' lang='lat' dir='ltr'>vita</span> <span class='ocrx_word' id='word_1_428' title='bbox 3611 1212 3795 1267; x_wconf 70' lang='lat' dir='ltr'>aeterna.</span> 
     </span>
    </p>
   </div>
   <div class='ocr_carea' id='block_1_64' title="bbox 2234 1288 3797 1362">
    <p class='ocr_par' dir='ltr' id='par_1_64' title="bbox 2234 1288 3797 1362">
     <span class='ocr_line' id='line_1_64' title="bbox 2234 1288 3797 1362; baseline 0.007 -20"><span class='ocrx_word' id='word_1_429' title='bbox 2234 1288 2498 1346; x_wconf 61' lang='lat' dir='ltr'>Heredes</span> <span class='ocrx_word' id='word_1_430' title='bbox 2525 1291 2761 1362; x_wconf 88' lang='lat' dir='ltr'>quidem</span> <span class='ocrx_word' id='word_1_431' title='bbox 2796 1292 2916 1361; x_wconf 87' lang='lat' dir='ltr'>Dei,</span> <span class='ocrx_word' id='word_1_432' title='bbox 2954 1294 3282 1351; x_wconf 67' lang='lat' dir='ltr'>cohaaredes</span> <span class='ocrx_word' id='word_1_433' title='bbox 3336 1299 3528 1351; x_wconf 92' lang='lat' dir='ltr'>autem</span> <span class='ocrx_word' id='word_1_434' title='bbox 3573 1297 3761 1353; x_wconf 87' lang='lat' dir='ltr'>Christi.</span> <span class='ocrx_word' id='word_1_435' title='bbox 3782 1324 3797 1347; x_wconf 64' lang='grc' dir='ltr'><strong>ιι</strong></span> 
     </span>
    </p>
   </div>
   <div class='ocr_carea' id='block_1_65' title="bbox 2234 1378 3798 1457">
    <p class='ocr_par' dir='ltr' id='par_1_65' title="bbox 2234 1378 3798 1457">
     <span class='ocr_line' id='line_1_65' title="bbox 2234 1378 3798 1457; baseline 0.006 -25"><span class='ocrx_word' id='word_1_436' title='bbox 2234 1378 2407 1446; x_wconf 78' lang='lat' dir='ltr'>(Rom.</span> <span class='ocrx_word' id='word_1_437' title='bbox 2438 1380 2492 1449; x_wconf 87' lang='lat'>8,</span> <span class='ocrx_word' id='word_1_438' title='bbox 2526 1381 2635 1449; x_wconf 91' lang='grc'>17).</span> <span class='ocrx_word' id='word_1_439' title='bbox 2668 1385 2733 1435; x_wconf 88' lang='lat' dir='ltr'>Et</span> <span class='ocrx_word' id='word_1_440' title='bbox 2753 1381 3073 1437; x_wconf 89' lang='lat' dir='ltr'>notandum</span> <span class='ocrx_word' id='word_1_441' title='bbox 3099 1384 3253 1454; x_wconf 92' lang='lat' dir='ltr'>quod</span> <span class='ocrx_word' id='word_1_442' title='bbox 3272 1384 3589 1439; x_wconf 90' lang='lat' dir='ltr'>secundum</span> <span class='ocrx_word' id='word_1_443' title='bbox 3611 1387 3798 1457; x_wconf 85' lang='lat' dir='ltr'>gratiam</span> 
     </span>
    </p>
   </div>
   <div class='ocr_carea' id='block_1_66' title="bbox 2234 1466 3797 1541">
    <p class='ocr_par' dir='ltr' id='par_1_66' title="bbox 2234 1466 3797 1541">
     <span class='ocr_line' id='line_1_66' title="bbox 2234 1466 3797 1541; baseline 0.005 -20"><span class='ocrx_word' id='word_1_444' title='bbox 2234 1466 2858 1540; x_wconf 74' lang='lat' dir='ltr'>Deiljustificamur,vel</span> <span class='ocrx_word' id='word_1_445' title='bbox 2879 1471 3135 1527; x_wconf 81' lang='lat' dir='ltr'>hasredes</span> <span class='ocrx_word' id='word_1_446' title='bbox 3152 1473 3444 1527; x_wconf 85' lang='lat' dir='ltr'>efficimur</span> <span class='ocrx_word' id='word_1_447' title='bbox 3463 1475 3584 1529; x_wconf 66' lang='lat' dir='ltr'>vita</span> <span class='ocrx_word' id='word_1_448' title='bbox 3605 1480 3797 1541; x_wconf 59' lang='lat' dir='ltr'>eterna;</span> 
     </span>
    </p>
   </div>
   <div class='ocr_carea' id='block_1_67' title="bbox 2233 1558 3798 1627">
    <p class='ocr_par' dir='ltr' id='par_1_67' title="bbox 2233 1558 3798 1627">
     <span class='ocr_line' id='line_1_67' title="bbox 2233 1558 3798 1627; baseline 0.005 -18"><span class='ocrx_word' id='word_1_449' title='bbox 2233 1570 2347 1609; x_wconf 90' lang='lat' dir='ltr'>non</span> <span class='ocrx_word' id='word_1_450' title='bbox 2380 1558 2703 1612; x_wconf 90' lang='lat' dir='ltr'>secundum</span> <span class='ocrx_word' id='word_1_451' title='bbox 2764 1559 3053 1614; x_wconf 91' lang='lat' dir='ltr'>carnalem</span> <span class='ocrx_word' id='word_1_452' title='bbox 3104 1560 3525 1627; x_wconf 76' lang='lat' dir='ltr'>haereditatem,</span> <span class='ocrx_word' id='word_1_453' title='bbox 3574 1568 3630 1617; x_wconf 90' lang='lat' dir='ltr'>ut</span> <span class='ocrx_word' id='word_1_454' title='bbox 3668 1563 3798 1619; x_wconf 71' lang='lat' dir='ltr'>Judai</span> 
     </span>
    </p>
   </div>
   <div class='ocr_carea' id='block_1_68' title="bbox 2232 1648 3799 1721">
    <p class='ocr_par' dir='ltr' id='par_1_68' title="bbox 2232 1648 3799 1721">
     <span class='ocr_line' id='line_1_68' title="bbox 2232 1648 3799 1721; baseline 0.004 -22"><span class='ocrx_word' id='word_1_455' title='bbox 2232 1649 2542 1699; x_wconf 86' lang='lat' dir='ltr'>autumant</span> <span class='ocrx_word' id='word_1_456' title='bbox 2574 1662 2587 1701; x_wconf 89' lang='lat'><strong>:</strong></span> <span class='ocrx_word' id='word_1_457' title='bbox 2617 1664 2801 1717; x_wconf 90' lang='lat' dir='ltr'>neque</span> <span class='ocrx_word' id='word_1_458' title='bbox 2834 1648 3162 1702; x_wconf 87' lang='lat' dir='ltr'>secundum</span> <span class='ocrx_word' id='word_1_459' title='bbox 3222 1650 3435 1704; x_wconf 87' lang='lat' dir='ltr'>merita</span> <span class='ocrx_word' id='word_1_460' title='bbox 3480 1656 3677 1719; x_wconf 82' lang='lat' dir='ltr'>nostra,</span> <span class='ocrx_word' id='word_1_461' title='bbox 3715 1669 3799 1721; x_wconf 70' lang='lat' dir='ltr'>qua</span> 
     </span>
    </p>
   </div>
   <div class='ocr_carea' id='block_1_69' title="bbox 2232 1735 3801 1811">
    <p class='ocr_par' dir='ltr' id='par_1_69' title="bbox 2232 1735 3801 1811">
     <span class='ocr_line' id='line_1_69' title="bbox 2232 1735 3801 1811; baseline 0.005 -24"><span class='ocrx_word' id='word_1_462' title='bbox 2232 1737 2399 1788; x_wconf 87' lang='lat' dir='ltr'>antea</span> <span class='ocrx_word' id='word_1_463' title='bbox 2428 1735 2580 1789; x_wconf 89' lang='lat' dir='ltr'>bona</span> <span class='ocrx_word' id='word_1_464' title='bbox 2635 1752 2749 1789; x_wconf 89' lang='lat' dir='ltr'>non</span> <span class='ocrx_word' id='word_1_465' title='bbox 2795 1736 3135 1804; x_wconf 88' lang='lat' dir='ltr'>habuimus,</span> <span class='ocrx_word' id='word_1_466' title='bbox 3190 1744 3253 1792; x_wconf 88' lang='lat' dir='ltr'>ut</span> <span class='ocrx_word' id='word_1_467' title='bbox 3308 1738 3604 1810; x_wconf 86' lang='lat' dir='ltr'>Pelagiani</span> <span class='ocrx_word' id='word_1_468' title='bbox 3656 1758 3801 1811; x_wconf 81' lang='lat' dir='ltr'>super-</span> 
     </span>
    </p>
   </div>
   <div class='ocr_carea' id='block_1_70' title="bbox 2231 1822 2422 1876">
    <p class='ocr_par' dir='ltr' id='par_1_70' title="bbox 2231 1822 2422 1876">
     <span class='ocr_line' id='line_1_70' title="bbox 2231 1822 2422 1876; baseline 0.005 -1"><span class='ocrx_word' id='word_1_469' title='bbox 2231 1822 2422 1876; x_wconf 89' lang='lat' dir='ltr'>biunt.</span> 
     </span>
    </p>
   </div>
   <div class='ocr_carea' id='block_1_71' title="bbox 2303 1911 3803 1971">
    <p class='ocr_par' dir='ltr' id='par_1_71' title="bbox 2303 1911 3803 1971">
     <span class='ocr_line' id='line_1_71' title="bbox 2303 1911 3803 1971; baseline 0.003 -6"><span class='ocrx_word' id='word_1_470' title='bbox 2303 1934 2331 1959; x_wconf 85' lang='lat'><strong>«</strong></span> <span class='ocrx_word' id='word_1_471' title='bbox 2369 1911 2581 1967; x_wconf 86' lang='lat' dir='ltr'>Fidelis</span> <span class='ocrx_word' id='word_1_472' title='bbox 2612 1928 2800 1967; x_wconf 89' lang='lat' dir='ltr'>sermo</span> <span class='ocrx_word' id='word_1_473' title='bbox 2841 1918 2964 1968; x_wconf 91' lang='lat' dir='ltr'>est:</span> <span class='ocrx_word' id='word_1_474' title='bbox 3026 1917 3081 1967; x_wconf 89' lang='lat' dir='ltr'>et</span> <span class='ocrx_word' id='word_1_475' title='bbox 3132 1914 3201 1969; x_wconf 91' lang='lat' dir='ltr'>de</span> <span class='ocrx_word' id='word_1_476' title='bbox 3252 1914 3344 1971; x_wconf 89' lang='lat' dir='ltr'>his</span> <span class='ocrx_word' id='word_1_477' title='bbox 3393 1915 3516 1970; x_wconf 94' lang='lat' dir='ltr'>volo</span> <span class='ocrx_word' id='word_1_478' title='bbox 3563 1919 3613 1971; x_wconf 88' lang='lat' dir='ltr'>te</span> <span class='ocrx_word' id='word_1_479' title='bbox 3656 1917 3803 1971; x_wconf 80' lang='lat' dir='ltr'>conﬁr-</span> 
     </span>
    </p>
   </div>
   <div class='ocr_carea' id='block_1_72' title="bbox 2232 2000 3802 2075">
    <p class='ocr_par' dir='ltr' id='par_1_72' title="bbox 2232 2000 3802 2075">
     <span class='ocr_line' id='line_1_72' title="bbox 2232 2000 3802 2075; baseline 0.003 -22"><span class='ocrx_word' id='word_1_480' title='bbox 2232 2015 2409 2067; x_wconf 90' lang='lat' dir='ltr'>mare,</span> <span class='ocrx_word' id='word_1_481' title='bbox 2441 2004 2503 2053; x_wconf 91' lang='lat' dir='ltr'>ut</span> <span class='ocrx_word' id='word_1_482' title='bbox 2523 2006 2725 2056; x_wconf 89' lang='lat' dir='ltr'>curent</span> <span class='ocrx_word' id='word_1_483' title='bbox 2746 2000 2914 2056; x_wconf 88' lang='lat' dir='ltr'>bonis</span> <span class='ocrx_word' id='word_1_484' title='bbox 2937 2002 3209 2073; x_wconf 89' lang='lat' dir='ltr'>operibus</span> <span class='ocrx_word' id='word_1_485' title='bbox 3232 2019 3485 2074; x_wconf 59' lang='lat' dir='ltr'>praeesse</span> <span class='ocrx_word' id='word_1_486' title='bbox 3505 2004 3599 2075; x_wconf 92' lang='lat' dir='ltr'>qui</span> <span class='ocrx_word' id='word_1_487' title='bbox 3621 2006 3802 2059; x_wconf 83' lang='lat' dir='ltr'>credunt</span> 
     </span>
    </p>
   </div>
   <div class='ocr_carea' id='block_1_73' title="bbox 2230 2086 3802 2164">
    <p class='ocr_par' dir='ltr' id='par_1_73' title="bbox 2230 2086 3802 2164">
     <span class='ocr_line' id='line_1_73' title="bbox 2230 2086 3802 2164; baseline 0.003 -24"><span class='ocrx_word' id='word_1_488' title='bbox 2230 2086 2365 2141; x_wconf 87' lang='lat' dir='ltr'>Deo.</span> <span class='ocrx_word' id='word_1_489' title='bbox 2398 2088 2527 2142; x_wconf 68' lang='lat' dir='ltr'>Haec</span> <span class='ocrx_word' id='word_1_490' title='bbox 2558 2093 2697 2143; x_wconf 90' lang='lat' dir='ltr'>sunt</span> <span class='ocrx_word' id='word_1_491' title='bbox 2727 2090 2879 2145; x_wconf 88' lang='lat' dir='ltr'>bona</span> <span class='ocrx_word' id='word_1_492' title='bbox 2918 2094 2975 2144; x_wconf 88' lang='lat' dir='ltr'>et</span> <span class='ocrx_word' id='word_1_493' title='bbox 3026 2090 3191 2147; x_wconf 91' lang='lat' dir='ltr'>utilia</span> <span class='ocrx_word' id='word_1_494' title='bbox 3244 2092 3639 2148; x_wconf 76' lang='lat' dir='ltr'>hominibus.»</span> <span class='ocrx_word' id='word_1_495' title='bbox 3674 2095 3802 2164; x_wconf 67' lang='lat'>(1380}</span> 
     </span>
    </p>
   </div>
   <div class='ocr_carea' id='block_1_74' title="bbox 2231 2175 3803 2253">
    <p class='ocr_par' dir='ltr' id='par_1_74' title="bbox 2231 2175 3803 2253">
     <span class='ocr_line' id='line_1_74' title="bbox 2231 2175 3803 2253; baseline 0.004 -24"><span class='ocrx_word' id='word_1_496' title='bbox 2231 2175 2366 2245; x_wconf 91' lang='lat' dir='ltr'>Hoc,</span> <span class='ocrx_word' id='word_1_497' title='bbox 2392 2177 2545 2247; x_wconf 91' lang='lat' dir='ltr'>quod</span> <span class='ocrx_word' id='word_1_498' title='bbox 2575 2179 2676 2244; x_wconf 85' lang='lat' dir='ltr'>ait,</span> <span class='ocrx_word' id='word_1_499' title='bbox 2708 2177 2897 2233; x_wconf 84' lang='lat' dir='ltr'>fidelis</span> <span class='ocrx_word' id='word_1_500' title='bbox 2928 2196 3145 2247; x_wconf 87' lang='lat' dir='ltr'>sermo,</span> <span class='ocrx_word' id='word_1_501' title='bbox 3187 2181 3258 2235; x_wconf 91' lang='lat' dir='ltr'>ad</span> <span class='ocrx_word' id='word_1_502' title='bbox 3293 2182 3595 2252; x_wconf 88' lang='lat' dir='ltr'>superiora</span> <span class='ocrx_word' id='word_1_503' title='bbox 3614 2183 3803 2253; x_wconf 84' lang='lat' dir='ltr'>jungen-</span> 
     </span>
    </p>
   </div>
   <div class='ocr_carea' id='block_1_75' title="bbox 2232 2264 3804 2341">
    <p class='ocr_par' dir='ltr' id='par_1_75' title="bbox 2232 2264 3804 2341">
     <span class='ocr_line' id='line_1_75' title="bbox 2232 2264 3804 2341; baseline 0.005 -24"><span class='ocrx_word' id='word_1_504' title='bbox 2232 2264 2373 2319; x_wconf 91' lang='lat' dir='ltr'>dum</span> <span class='ocrx_word' id='word_1_505' title='bbox 2405 2270 2513 2333; x_wconf 90' lang='lat' dir='ltr'>est,</span> <span class='ocrx_word' id='word_1_506' title='bbox 2554 2266 2614 2320; x_wconf 92' lang='lat' dir='ltr'>in</span> <span class='ocrx_word' id='word_1_507' title='bbox 2676 2267 2891 2338; x_wconf 89' lang='lat' dir='ltr'>quibus</span> <span class='ocrx_word' id='word_1_508' title='bbox 2938 2269 3337 2340; x_wconf 68' lang='lat' dir='ltr'>praemiserat:</span> <span class='ocrx_word' id='word_1_509' title='bbox 3396 2294 3423 2318; x_wconf 89' lang='grc'>‹‹</span> <span class='ocrx_word' id='word_1_510' title='bbox 3462 2270 3531 2325; x_wconf 91' lang='lat' dir='ltr'>Ut</span> <span class='ocrx_word' id='word_1_511' title='bbox 3566 2272 3804 2341; x_wconf 80' lang='lat' dir='ltr'>justiﬁcati</span> 
     </span>
    </p>
   </div>
   <div class='ocr_carea' id='block_1_76' title="bbox 2232 2354 3800 2431">
    <p class='ocr_par' dir='ltr' id='par_1_76' title="bbox 2232 2354 3800 2431">
     <span class='ocr_line' id='line_1_76' title="bbox 2232 2354 3800 2431; baseline 0.004 -24"><span class='ocrx_word' id='word_1_512' title='bbox 2232 2354 2420 2425; x_wconf 90' lang='lat' dir='ltr'>ipsius</span> <span class='ocrx_word' id='word_1_513' title='bbox 2450 2359 2657 2427; x_wconf 88' lang='lat' dir='ltr'>gratia,</span> <span class='ocrx_word' id='word_1_514' title='bbox 2692 2357 2950 2413; x_wconf 68' lang='lat' dir='ltr'>haeredes</span> <span class='ocrx_word' id='word_1_515' title='bbox 2976 2358 3302 2413; x_wconf 83' lang='lat' dir='ltr'>efﬁciamur</span> <span class='ocrx_word' id='word_1_516' title='bbox 3332 2362 3648 2414; x_wconf 88' lang='lat' dir='ltr'>secundum</span> <span class='ocrx_word' id='word_1_517' title='bbox 3688 2376 3800 2431; x_wconf 84' lang='lat' dir='ltr'>spem</span> 
     </span>
    </p>
   </div>
   <div class='ocr_carea' id='block_1_77' title="bbox 2232 2442 3803 2519">
    <p class='ocr_par' dir='ltr' id='par_1_77' title="bbox 2232 2442 3803 2519">
     <span class='ocr_line' id='line_1_77' title="bbox 2232 2442 3803 2519; baseline 0.004 -24"><span class='ocrx_word' id='word_1_518' title='bbox 2232 2442 2356 2496; x_wconf 71' lang='lat' dir='ltr'>vita:</span> <span class='ocrx_word' id='word_1_519' title='bbox 2387 2449 2631 2499; x_wconf 62' lang='lat' dir='ltr'>aeternae.</span> <span class='ocrx_word' id='word_1_520' title='bbox 2660 2468 2681 2496; x_wconf 72' lang='grc' dir='ltr'><strong><em>υ</em></strong></span> <span class='ocrx_word' id='word_1_521' title='bbox 2721 2445 2947 2517; x_wconf 89' lang='lat' dir='ltr'>Dignus</span> <span class='ocrx_word' id='word_1_522' title='bbox 2979 2447 3135 2501; x_wconf 88' lang='lat' dir='ltr'>enim</span> <span class='ocrx_word' id='word_1_523' title='bbox 3169 2448 3281 2502; x_wconf 82' lang='lat' dir='ltr'>fide</span> <span class='ocrx_word' id='word_1_524' title='bbox 3312 2465 3497 2519; x_wconf 88' lang='lat' dir='ltr'>super</span> <span class='ocrx_word' id='word_1_525' title='bbox 3540 2448 3803 2503; x_wconf 74' lang='lat' dir='ltr'>haereditate</span> 
     </span>
    </p>
   </div>
   <div class='ocr_carea' id='block_1_78' title="bbox 2234 2532 3803 2609">
    <p class='ocr_par' dir='ltr' id='par_1_78' title="bbox 2234 2532 3803 2609">
     <span class='ocr_line' id='line_1_78' title="bbox 2234 2532 3803 2609; baseline 0.004 -25"><span class='ocrx_word' id='word_1_526' title='bbox 2234 2532 2327 2585; x_wconf 89' lang='lat' dir='ltr'>Dei</span> <span class='ocrx_word' id='word_1_527' title='bbox 2363 2548 2574 2600; x_wconf 87' lang='lat' dir='ltr'>sermo,</span> <span class='ocrx_word' id='word_1_528' title='bbox 2605 2537 2661 2587; x_wconf 90' lang='lat' dir='ltr'>et</span> <span class='ocrx_word' id='word_1_529' title='bbox 2693 2551 2868 2605; x_wconf 88' lang='lat' dir='ltr'>super</span> <span class='ocrx_word' id='word_1_530' title='bbox 2898 2552 3000 2607; x_wconf 89' lang='lat' dir='ltr'>spe</span> <span class='ocrx_word' id='word_1_531' title='bbox 3030 2536 3155 2589; x_wconf 83' lang='lat' dir='ltr'>vitae</span> <span class='ocrx_word' id='word_1_532' title='bbox 3184 2540 3413 2590; x_wconf 61' lang='lat' dir='ltr'>mternaa</span> <span class='ocrx_word' id='word_1_533' title='bbox 3466 2538 3655 2609; x_wconf 88' lang='lat'>(1381).</span> <span class='ocrx_word' id='word_1_534' title='bbox 3692 2536 3803 2591; x_wconf 86' lang='lat' dir='ltr'>Unde</span> 
     </span>
    </p>
   </div>
   <div class='ocr_carea' id='block_1_79' title="bbox 2233 2622 3803 2697">
    <p class='ocr_par' dir='ltr' id='par_1_79' title="bbox 2233 2622 3803 2697">
     <span class='ocr_line' id='line_1_79' title="bbox 2233 2622 3803 2697; baseline 0.003 -23"><span class='ocrx_word' id='word_1_535' title='bbox 2233 2625 2458 2692; x_wconf 89' lang='lat' dir='ltr'>Oportet</span> <span class='ocrx_word' id='word_1_536' title='bbox 2488 2622 2556 2676; x_wconf 91' lang='lat' dir='ltr'>de</span> <span class='ocrx_word' id='word_1_537' title='bbox 2580 2622 2673 2677; x_wconf 89' lang='lat' dir='ltr'>his</span> <span class='ocrx_word' id='word_1_538' title='bbox 2696 2638 2810 2676; x_wconf 90' lang='lat' dir='ltr'>non</span> <span class='ocrx_word' id='word_1_539' title='bbox 2833 2624 3100 2693; x_wconf 91' lang='lat' dir='ltr'>dubium,</span> <span class='ocrx_word' id='word_1_540' title='bbox 3126 2640 3240 2679; x_wconf 91' lang='lat' dir='ltr'>non</span> <span class='ocrx_word' id='word_1_541' title='bbox 3269 2629 3578 2681; x_wconf 82' lang='lat' dir='ltr'>timentem</span> <span class='ocrx_word' id='word_1_542' title='bbox 3598 2631 3644 2681; x_wconf 86' lang='lat' dir='ltr'>et</span> <span class='ocrx_word' id='word_1_543' title='bbox 3668 2627 3803 2697; x_wconf 73' lang='lat' dir='ltr'>ipsum</span> 
     </span>
    </p>
   </div>
   <div class='ocr_carea' id='block_1_80' title="bbox 2233 2711 3802 2785">
    <p class='ocr_par' dir='ltr' id='par_1_80' title="bbox 2233 2711 3802 2785">
     <span class='ocr_line' id='line_1_80' title="bbox 2233 2711 3802 2785; baseline 0.001 -20"><span class='ocrx_word' id='word_1_544' title='bbox 2233 2711 2485 2775; x_wconf 88' lang='lat' dir='ltr'>credere,</span> <span class='ocrx_word' id='word_1_545' title='bbox 2531 2716 2606 2779; x_wconf 91' lang='lat' dir='ltr'>et,</span> <span class='ocrx_word' id='word_1_546' title='bbox 2668 2716 2734 2765; x_wconf 90' lang='lat' dir='ltr'>ut</span> <span class='ocrx_word' id='word_1_547' title='bbox 2778 2712 3017 2767; x_wconf 89' lang='lat' dir='ltr'>credant</span> <span class='ocrx_word' id='word_1_548' title='bbox 3063 2714 3271 2785; x_wconf 84' lang='lat' dir='ltr'>caeteri,</span> <span class='ocrx_word' id='word_1_549' title='bbox 3330 2716 3680 2770; x_wconf 87' lang='lat' dir='ltr'>confirmare.</span> <span class='ocrx_word' id='word_1_550' title='bbox 3718 2714 3802 2768; x_wconf 77' lang='lat' dir='ltr'>Non</span> 
     </span>
    </p>
   </div>
   <div class='ocr_carea' id='block_1_81' title="bbox 2232 2799 3804 2875">
    <p class='ocr_par' dir='ltr' id='par_1_81' title="bbox 2232 2799 3804 2875">
     <span class='ocr_line' id='line_1_81' title="bbox 2232 2799 3804 2875; baseline 0.002 -22"><span class='ocrx_word' id='word_1_551' title='bbox 2232 2799 2424 2854; x_wconf 82' lang='lat' dir='ltr'>solum</span> <span class='ocrx_word' id='word_1_552' title='bbox 2459 2804 2673 2871; x_wconf 87' lang='lat' dir='ltr'>autem,</span> <span class='ocrx_word' id='word_1_553' title='bbox 2699 2801 2800 2854; x_wconf 90' lang='lat' dir='ltr'>sed</span> <span class='ocrx_word' id='word_1_554' title='bbox 2822 2806 2878 2855; x_wconf 91' lang='lat' dir='ltr'>et</span> <span class='ocrx_word' id='word_1_555' title='bbox 2904 2802 3011 2856; x_wconf 92' lang='lat' dir='ltr'>hoc</span> <span class='ocrx_word' id='word_1_556' title='bbox 3034 2818 3166 2856; x_wconf 90' lang='lat' dir='ltr'>eum</span> <span class='ocrx_word' id='word_1_557' title='bbox 3191 2804 3421 2857; x_wconf 61' lang='lat' dir='ltr'>caeteris</span> <span class='ocrx_word' id='word_1_558' title='bbox 3446 2804 3536 2859; x_wconf 90' lang='lat' dir='ltr'>his</span> <span class='ocrx_word' id='word_1_559' title='bbox 3558 2805 3646 2875; x_wconf 90' lang='lat' dir='ltr'>qui</span> <span class='ocrx_word' id='word_1_560' title='bbox 3665 2803 3804 2857; x_wconf 76' lang='lat' dir='ltr'>volue-</span> 
     </span>
    </p>
   </div>
   <div class='ocr_carea' id='block_1_82' title="bbox 2231 2887 3801 2963">
    <p class='ocr_par' dir='ltr' id='par_1_82' title="bbox 2231 2887 3801 2963">
     <span class='ocr_line' id='line_1_82' title="bbox 2231 2887 3801 2963; baseline 0.001 -22"><span class='ocrx_word' id='word_1_561' title='bbox 2231 2887 2349 2942; x_wconf 88' lang='lat' dir='ltr'>rint</span> <span class='ocrx_word' id='word_1_562' title='bbox 2376 2889 2627 2954; x_wconf 87' lang='lat' dir='ltr'>credere,</span> <span class='ocrx_word' id='word_1_563' title='bbox 2672 2890 3138 2945; x_wconf 83' lang='lat' dir='ltr'>contirmandum</span> <span class='ocrx_word' id='word_1_564' title='bbox 3182 2897 3288 2946; x_wconf 91' lang='lat' dir='ltr'>est.</span> <span class='ocrx_word' id='word_1_565' title='bbox 3340 2892 3688 2963; x_wconf 87' lang='lat' dir='ltr'>Quapropter</span> <span class='ocrx_word' id='word_1_566' title='bbox 3724 2892 3801 2945; x_wconf 80' lang='lat' dir='ltr'>ait:</span> 
     </span>
    </p>
   </div>
   <div class='ocr_carea' id='block_1_83' title="bbox 2237 2977 3801 3046">
    <p class='ocr_par' dir='ltr' id='par_1_83' title="bbox 2237 2977 3801 3046">
     <span class='ocr_line' id='line_1_83' title="bbox 2237 2977 3801 3046; baseline 0.001 -16"><span class='ocrx_word' id='word_1_567' title='bbox 2237 2999 2265 3030; x_wconf 77' lang='grc' dir='ltr'>ι</span> <span class='ocrx_word' id='word_1_568' title='bbox 2294 2978 2363 3032; x_wconf 88' lang='lat' dir='ltr'>Et</span> <span class='ocrx_word' id='word_1_569' title='bbox 2392 2979 2461 3032; x_wconf 79' lang='lat' dir='ltr'>de</span> <span class='ocrx_word' id='word_1_570' title='bbox 2492 2977 2586 3033; x_wconf 92' lang='lat' dir='ltr'>his</span> <span class='ocrx_word' id='word_1_571' title='bbox 2615 2978 2741 3034; x_wconf 93' lang='lat' dir='ltr'>volo</span> <span class='ocrx_word' id='word_1_572' title='bbox 2772 2984 2828 3033; x_wconf 90' lang='lat' dir='ltr'>te</span> <span class='ocrx_word' id='word_1_573' title='bbox 2885 2980 3251 3035; x_wconf 82' lang='lat' dir='ltr'>confirmare.</span> <span class='ocrx_word' id='word_1_574' title='bbox 3281 3004 3302 3029; x_wconf 73' lang='grc' dir='ltr'>ι</span> <span class='ocrx_word' id='word_1_575' title='bbox 3358 2982 3473 3046; x_wconf 87' lang='lat' dir='ltr'>Qui</span> <span class='ocrx_word' id='word_1_576' title='bbox 3520 2988 3693 3037; x_wconf 85' lang='lat' dir='ltr'>autem</span> <span class='ocrx_word' id='word_1_577' title='bbox 3731 2981 3801 3033; x_wconf 80' lang='lat' dir='ltr'>ista</span> 
     </span>
    </p>
   </div>
   <div class='ocr_carea' id='block_1_84' title="bbox 2229 3067 3797 3138">
    <p class='ocr_par' dir='ltr' id='par_1_84' title="bbox 2229 3067 3797 3138">
     <span class='ocr_line' id='line_1_84' title="bbox 2229 3067 3797 3138; baseline 0 -18"><span class='ocrx_word' id='word_1_578' title='bbox 2229 3082 2363 3120; x_wconf 89' lang='lat' dir='ltr'>vera</span> <span class='ocrx_word' id='word_1_579' title='bbox 2384 3082 2512 3122; x_wconf 90' lang='lat' dir='ltr'>esse</span> <span class='ocrx_word' id='word_1_580' title='bbox 2533 3067 2901 3138; x_wconf 88' lang='lat' dir='ltr'>crediderint,</span> <span class='ocrx_word' id='word_1_581' title='bbox 2932 3084 3166 3124; x_wconf 89' lang='lat' dir='ltr'>necesse</span> <span class='ocrx_word' id='word_1_582' title='bbox 3187 3073 3275 3123; x_wconf 88' lang='lat' dir='ltr'>est</span> <span class='ocrx_word' id='word_1_583' title='bbox 3296 3075 3359 3124; x_wconf 93' lang='lat' dir='ltr'>ut</span> <span class='ocrx_word' id='word_1_584' title='bbox 3383 3086 3584 3125; x_wconf 90' lang='lat' dir='ltr'>curam</span> <span class='ocrx_word' id='word_1_585' title='bbox 3619 3069 3797 3125; x_wconf 81' lang='lat' dir='ltr'>habeant</span> 
     </span>
    </p>
   </div>
   <div class='ocr_carea' id='block_1_85' title="bbox 2229 3156 3801 3229">
    <p class='ocr_par' dir='ltr' id='par_1_85' title="bbox 2229 3156 3801 3229">
     <span class='ocr_line' id='line_1_85' title="bbox 2229 3156 3801 3229; baseline -0.001 -20"><span class='ocrx_word' id='word_1_586' title='bbox 2229 3156 2516 3210; x_wconf 88' lang='lat' dir='ltr'>bonorum</span> <span class='ocrx_word' id='word_1_587' title='bbox 2549 3172 2813 3227; x_wconf 89' lang='lat' dir='ltr'>operum,</span> <span class='ocrx_word' id='word_1_588' title='bbox 2848 3174 2949 3229; x_wconf 89' lang='lat' dir='ltr'>per</span> <span class='ocrx_word' id='word_1_589' title='bbox 2979 3174 3103 3229; x_wconf 75' lang='lat' dir='ltr'>quae</span> <span class='ocrx_word' id='word_1_590' title='bbox 3139 3158 3451 3214; x_wconf 66' lang='lat' dir='ltr'>haereditas</span> <span class='ocrx_word' id='word_1_591' title='bbox 3486 3159 3599 3226; x_wconf 85' lang='lat' dir='ltr'>Dei,</span> <span class='ocrx_word' id='word_1_592' title='bbox 3628 3163 3677 3213; x_wconf 87' lang='lat' dir='ltr'>et</span> <span class='ocrx_word' id='word_1_593' title='bbox 3715 3171 3801 3227; x_wconf 79' lang='lat' dir='ltr'>spes</span> 
     </span>
    </p>
   </div>
   <div class='ocr_carea' id='block_1_86' title="bbox 2228 3243 3016 3315">
    <p class='ocr_par' dir='ltr' id='par_1_86' title="bbox 2228 3243 3016 3315">
     <span class='ocr_line' id='line_1_86' title="bbox 2228 3243 3016 3315; baseline 0.003 -18"><span class='ocrx_word' id='word_1_594' title='bbox 2228 3243 2354 3298; x_wconf 68' lang='lat' dir='ltr'>vita!</span> <span class='ocrx_word' id='word_1_595' title='bbox 2383 3253 2741 3315; x_wconf 84' lang='lat' dir='ltr'>praeparatur</span> <span class='ocrx_word' id='word_1_596' title='bbox 2770 3250 3016 3300; x_wconf 69' lang='lat' dir='ltr'>aeternae.</span> 
     </span>
    </p>
   </div>
   <div class='ocr_carea' id='block_1_87' title="bbox 2308 3332 3809 3408">
    <p class='ocr_par' dir='ltr' id='par_1_87' title="bbox 2308 3332 3809 3408">
     <span class='ocr_line' id='line_1_87' title="bbox 2308 3332 3809 3408; baseline 0.008 -28"><span class='ocrx_word' id='word_1_597' title='bbox 2308 3356 2326 3380; x_wconf 76' lang='grc' dir='ltr'>ι</span> <span class='ocrx_word' id='word_1_598' title='bbox 2361 3332 2579 3387; x_wconf 91' lang='lat' dir='ltr'>Stultas</span> <span class='ocrx_word' id='word_1_599' title='bbox 2611 3338 2804 3388; x_wconf 91' lang='lat' dir='ltr'>autem</span> <span class='ocrx_word' id='word_1_600' title='bbox 2841 3334 3211 3405; x_wconf 60' lang='lat' dir='ltr'>quaestiones,</span> <span class='ocrx_word' id='word_1_601' title='bbox 3266 3340 3322 3391; x_wconf 91' lang='lat' dir='ltr'>et</span> <span class='ocrx_word' id='word_1_602' title='bbox 3369 3334 3732 3408; x_wconf 81' lang='lat' dir='ltr'>genealogias,</span> <span class='ocrx_word' id='word_1_603' title='bbox 3772 3338 3809 3385; x_wconf 72' lang='lat' dir='ltr'>et</span> 
     </span>
    </p>
   </div>
   <div class='ocr_carea' id='block_1_88' title="bbox 2230 3422 3807 3495">
    <p class='ocr_par' dir='ltr' id='par_1_88' title="bbox 2230 3422 3807 3495">
     <span class='ocr_line' id='line_1_88' title="bbox 2230 3422 3807 3495; baseline -0.001 -19"><span class='ocrx_word' id='word_1_604' title='bbox 2230 3422 2648 3489; x_wconf 90' lang='lat' dir='ltr'>contentiones,</span> <span class='ocrx_word' id='word_1_605' title='bbox 2681 3428 2737 3477; x_wconf 93' lang='lat' dir='ltr'>et</span> <span class='ocrx_word' id='word_1_606' title='bbox 2789 3440 3017 3495; x_wconf 91' lang='lat' dir='ltr'>pugnas</span> <span class='ocrx_word' id='word_1_607' title='bbox 3066 3422 3211 3495; x_wconf 88' lang='lat' dir='ltr'>legis</span> <span class='ocrx_word' id='word_1_608' title='bbox 3253 3425 3489 3481; x_wconf 88' lang='lat' dir='ltr'>devita:</span> <span class='ocrx_word' id='word_1_609' title='bbox 3535 3430 3661 3481; x_wconf 91' lang='lat' dir='ltr'>sunt</span> <span class='ocrx_word' id='word_1_610' title='bbox 3694 3422 3807 3478; x_wconf 83' lang='lat' dir='ltr'>enim</span> 
     </span>
    </p>
   </div>
   <div class='ocr_carea' id='block_1_89' title="bbox 2230 3510 3810 3575">
    <p class='ocr_par' dir='ltr' id='par_1_89' title="bbox 2230 3510 3810 3575">
     <span class='ocr_line' id='line_1_89' title="bbox 2230 3510 3810 3575; baseline 0 -12"><span class='ocrx_word' id='word_1_611' title='bbox 2230 3510 2467 3565; x_wconf 89' lang='lat' dir='ltr'>inutiles</span> <span class='ocrx_word' id='word_1_612' title='bbox 2499 3517 2555 3565; x_wconf 89' lang='lat' dir='ltr'>et</span> <span class='ocrx_word' id='word_1_613' title='bbox 2581 3528 2762 3565; x_wconf 70' lang='lat' dir='ltr'>vanae.</span> <span class='ocrx_word' id='word_1_614' title='bbox 2796 3534 2822 3561; x_wconf 85' lang='lat'>»</span> <span class='ocrx_word' id='word_1_615' title='bbox 2884 3512 3047 3575; x_wconf 90' lang='lat' dir='ltr'>Quod</span> <span class='ocrx_word' id='word_1_616' title='bbox 3108 3518 3302 3568; x_wconf 90' lang='lat' dir='ltr'>autem</span> <span class='ocrx_word' id='word_1_617' title='bbox 3352 3515 3439 3569; x_wconf 86' lang='lat' dir='ltr'>ait</span> <span class='ocrx_word' id='word_1_618' title='bbox 3474 3532 3487 3569; x_wconf 88' lang='lat'>:</span> <span class='ocrx_word' id='word_1_619' title='bbox 3536 3537 3563 3564; x_wconf 85' lang='lat'>«</span> <span class='ocrx_word' id='word_1_620' title='bbox 3593 3510 3810 3568; x_wconf 82' lang='lat' dir='ltr'>Genealo-</span> 
     </span>
    </p>
   </div>
   <div class='ocr_carea' id='block_1_90' title="bbox 2228 3599 3807 3673">
    <p class='ocr_par' dir='ltr' id='par_1_90' title="bbox 2228 3599 3807 3673">
     <span class='ocr_line' id='line_1_90' title="bbox 2228 3599 3807 3673; baseline 0.005 -20"><span class='ocrx_word' id='word_1_621' title='bbox 2228 3599 2373 3671; x_wconf 90' lang='lat' dir='ltr'>gias,</span> <span class='ocrx_word' id='word_1_622' title='bbox 2399 3604 2454 3654; x_wconf 89' lang='lat' dir='ltr'>et</span> <span class='ocrx_word' id='word_1_623' title='bbox 2473 3600 2889 3669; x_wconf 86' lang='lat' dir='ltr'>contentiones,</span> <span class='ocrx_word' id='word_1_624' title='bbox 2914 3606 2971 3656; x_wconf 90' lang='lat' dir='ltr'>et</span> <span class='ocrx_word' id='word_1_625' title='bbox 2994 3602 3170 3670; x_wconf 86' lang='lat' dir='ltr'>rixas,</span> <span class='ocrx_word' id='word_1_626' title='bbox 3189 3618 3317 3673; x_wconf 67' lang='lat' dir='ltr'>quae</span> <span class='ocrx_word' id='word_1_627' title='bbox 3350 3604 3592 3658; x_wconf 89' lang='lat' dir='ltr'>veniunt</span> <span class='ocrx_word' id='word_1_628' title='bbox 3613 3618 3671 3657; x_wconf 82' lang='lat' dir='ltr'>ex</span> <span class='ocrx_word' id='word_1_629' title='bbox 3696 3599 3807 3669; x_wconf 63' lang='lat' dir='ltr'>lege,</span> 
     </span>
    </p>
   </div>
   <div class='ocr_carea' id='block_1_91' title="bbox 2228 3688 3811 3761">
    <p class='ocr_par' dir='ltr' id='par_1_91' title="bbox 2228 3688 3811 3761">
     <span class='ocr_line' id='line_1_91' title="bbox 2228 3688 3811 3761; baseline -0.002 -20"><span class='ocrx_word' id='word_1_630' title='bbox 2228 3689 2487 3745; x_wconf 78' lang='lat' dir='ltr'>devita.»</span> <span class='ocrx_word' id='word_1_631' title='bbox 2516 3688 2748 3759; x_wconf 86' lang='lat' dir='ltr'>proprie</span> <span class='ocrx_word' id='word_1_632' title='bbox 2769 3689 2962 3760; x_wconf 91' lang='lat' dir='ltr'>pulsat</span> <span class='ocrx_word' id='word_1_633' title='bbox 2979 3690 3235 3757; x_wconf 69' lang='lat' dir='ltr'>Judaeos,</span> <span class='ocrx_word' id='word_1_634' title='bbox 3257 3691 3358 3761; x_wconf 92' lang='lat' dir='ltr'>qui</span> <span class='ocrx_word' id='word_1_635' title='bbox 3384 3692 3443 3746; x_wconf 89' lang='lat' dir='ltr'>in</span> <span class='ocrx_word' id='word_1_636' title='bbox 3463 3708 3529 3748; x_wconf 91' lang='lat' dir='ltr'>eo</span> <span class='ocrx_word' id='word_1_637' title='bbox 3551 3708 3610 3746; x_wconf 88' lang='lat' dir='ltr'>se</span> <span class='ocrx_word' id='word_1_638' title='bbox 3638 3690 3811 3760; x_wconf 82' lang='lat' dir='ltr'>jactant</span> 
     </span>
    </p>
   </div>
   <div class='ocr_carea' id='block_1_92' title="bbox 2229 3777 3812 3850">
    <p class='ocr_par' dir='ltr' id='par_1_92' title="bbox 2229 3777 3812 3850">
     <span class='ocr_line' id='line_1_92' title="bbox 2229 3777 3812 3850; baseline -0.004 -17"><span class='ocrx_word' id='word_1_639' title='bbox 2229 3785 2283 3833; x_wconf 91' lang='lat' dir='ltr'>ct</span> <span class='ocrx_word' id='word_1_640' title='bbox 2313 3782 2524 3848; x_wconf 86' lang='lat' dir='ltr'>putant</span> <span class='ocrx_word' id='word_1_641' title='bbox 2555 3777 2699 3850; x_wconf 89' lang='lat' dir='ltr'>legis</span> <span class='ocrx_word' id='word_1_642' title='bbox 2732 3778 2941 3833; x_wconf 89' lang='lat' dir='ltr'>habere</span> <span class='ocrx_word' id='word_1_643' title='bbox 2966 3779 3258 3845; x_wconf 88' lang='lat' dir='ltr'>notitiam,</span> <span class='ocrx_word' id='word_1_644' title='bbox 3294 3779 3343 3835; x_wconf 92' lang='lat' dir='ltr'>si</span> <span class='ocrx_word' id='word_1_645' title='bbox 3374 3781 3613 3836; x_wconf 87' lang='lat' dir='ltr'>nomina</span> <span class='ocrx_word' id='word_1_646' title='bbox 3632 3777 3812 3833; x_wconf 80' lang='lat' dir='ltr'>teneant</span> 
     </span>
    </p>
   </div>
   <div class='ocr_carea' id='block_1_93' title="bbox 2229 3865 3810 3941">
    <p class='ocr_par' dir='ltr' id='par_1_93' title="bbox 2229 3865 3810 3941">
     <span class='ocr_line' id='line_1_93' title="bbox 2229 3865 3810 3941; baseline -0.004 -20"><span class='ocrx_word' id='word_1_647' title='bbox 2229 3865 2625 3938; x_wconf 85' lang='lat' dir='ltr'>singulorum;</span> <span class='ocrx_word' id='word_1_648' title='bbox 2652 3883 2776 3937; x_wconf 63' lang='lat' dir='ltr'>quae</span> <span class='ocrx_word' id='word_1_649' title='bbox 2800 3866 2938 3936; x_wconf 85' lang='lat' dir='ltr'>quia</span> <span class='ocrx_word' id='word_1_650' title='bbox 2956 3866 3206 3923; x_wconf 89' lang='lat' dir='ltr'>barbara</span> <span class='ocrx_word' id='word_1_651' title='bbox 3225 3874 3385 3940; x_wconf 88' lang='lat' dir='ltr'>sunt,</span> <span class='ocrx_word' id='word_1_652' title='bbox 3410 3875 3467 3924; x_wconf 90' lang='lat' dir='ltr'>et</span> <span class='ocrx_word' id='word_1_653' title='bbox 3488 3865 3810 3941; x_wconf 70' lang='lat' dir='ltr'>etymologiae</span> 
     </span>
    </p>
   </div>
   <div class='ocr_carea' id='block_1_94' title="bbox 2228 3955 3810 4030">
    <p class='ocr_par' dir='ltr' id='par_1_94' title="bbox 2228 3955 3810 4030">
     <span class='ocr_line' id='line_1_94' title="bbox 2228 3955 3810 4030; baseline -0.004 -19"><span class='ocrx_word' id='word_1_654' title='bbox 2228 3973 2429 4011; x_wconf 92' lang='lat' dir='ltr'>eorum</span> <span class='ocrx_word' id='word_1_655' title='bbox 2454 3973 2567 4011; x_wconf 90' lang='lat' dir='ltr'>non</span> <span class='ocrx_word' id='word_1_656' title='bbox 2590 3956 2878 4021; x_wconf 91' lang='lat' dir='ltr'>novimus,</span> <span class='ocrx_word' id='word_1_657' title='bbox 2904 3956 3249 4028; x_wconf 88' lang='lat' dir='ltr'>plerumque</span> <span class='ocrx_word' id='word_1_658' title='bbox 3269 3964 3540 4030; x_wconf 86' lang='lat' dir='ltr'>corrupte</span> <span class='ocrx_word' id='word_1_659' title='bbox 3564 3955 3810 4030; x_wconf 86' lang='lat' dir='ltr'>proferun-</span> 
     </span>
    </p>
   </div>
   <div class='ocr_carea' id='block_1_95' title="bbox 2230 4042 3811 4108">
    <p class='ocr_par' dir='ltr' id='par_1_95' title="bbox 2230 4042 3811 4108">
     <span class='ocr_line' id='line_1_95' title="bbox 2230 4042 3811 4108; baseline -0.001 -8"><span class='ocrx_word' id='word_1_660' title='bbox 2230 4050 2325 4100; x_wconf 91' lang='lat' dir='ltr'>tur</span> <span class='ocrx_word' id='word_1_661' title='bbox 2353 4063 2386 4099; x_wconf 89' lang='lat' dir='ltr'>a</span> <span class='ocrx_word' id='word_1_662' title='bbox 2418 4044 2607 4099; x_wconf 89' lang='lat' dir='ltr'>nobis.</span> <span class='ocrx_word' id='word_1_663' title='bbox 2641 4046 2707 4099; x_wconf 88' lang='lat' dir='ltr'>Et</span> <span class='ocrx_word' id='word_1_664' title='bbox 2739 4045 2787 4100; x_wconf 89' lang='lat' dir='ltr'>si</span> <span class='ocrx_word' id='word_1_665' title='bbox 2821 4046 2965 4100; x_wconf 91' lang='lat' dir='ltr'>forte</span> <span class='ocrx_word' id='word_1_666' title='bbox 3008 4046 3334 4101; x_wconf 90' lang='lat' dir='ltr'>erravimus</span> <span class='ocrx_word' id='word_1_667' title='bbox 3380 4047 3438 4101; x_wconf 90' lang='lat' dir='ltr'>in</span> <span class='ocrx_word' id='word_1_668' title='bbox 3494 4050 3732 4108; x_wconf 88' lang='lat' dir='ltr'>accentu,</span> <span class='ocrx_word' id='word_1_669' title='bbox 3772 4042 3811 4093; x_wconf 84' lang='lat' dir='ltr'>in</span> 
     </span>
    </p>
   </div>
   <div class='ocr_carea' id='block_1_96' title="bbox 2228 4130 3810 4207">
    <p class='ocr_par' dir='ltr' id='par_1_96' title="bbox 2228 4130 3810 4207">
     <span class='ocr_line' id='line_1_96' title="bbox 2228 4130 3810 4207; baseline -0.004 -19"><span class='ocrx_word' id='word_1_670' title='bbox 2228 4133 2580 4198; x_wconf 88' lang='lat' dir='ltr'>extensione,</span> <span class='ocrx_word' id='word_1_671' title='bbox 2613 4138 2668 4187; x_wconf 90' lang='lat' dir='ltr'>et</span> <span class='ocrx_word' id='word_1_672' title='bbox 2700 4133 2975 4189; x_wconf 85' lang='lat' dir='ltr'>brevitate</span> <span class='ocrx_word' id='word_1_673' title='bbox 3006 4134 3263 4207; x_wconf 79' lang='lat' dir='ltr'>syllabae,</span> <span class='ocrx_word' id='word_1_674' title='bbox 3296 4134 3382 4191; x_wconf 90' lang='lat' dir='ltr'>vel</span> <span class='ocrx_word' id='word_1_675' title='bbox 3415 4136 3608 4191; x_wconf 89' lang='lat' dir='ltr'>brevia</span> <span class='ocrx_word' id='word_1_676' title='bbox 3646 4130 3810 4205; x_wconf 87' lang='lat' dir='ltr'>produ-</span> 
     </span>
    </p>
   </div>
   <div class='ocr_carea' id='block_1_97' title="bbox 2228 4220 3809 4292">
    <p class='ocr_par' dir='ltr' id='par_1_97' title="bbox 2228 4220 3809 4292">
     <span class='ocr_line' id='line_1_97' title="bbox 2228 4220 3809 4292; baseline -0.003 -16"><span class='ocrx_word' id='word_1_677' title='bbox 2228 4226 2444 4291; x_wconf 89' lang='lat' dir='ltr'>centcs,</span> <span class='ocrx_word' id='word_1_678' title='bbox 2494 4220 2580 4275; x_wconf 91' lang='lat' dir='ltr'>vel</span> <span class='ocrx_word' id='word_1_679' title='bbox 2638 4222 2920 4292; x_wconf 87' lang='lat' dir='ltr'>producta</span> <span class='ocrx_word' id='word_1_680' title='bbox 2976 4224 3325 4292; x_wconf 86' lang='lat' dir='ltr'>breviantes,</span> <span class='ocrx_word' id='word_1_681' title='bbox 3383 4225 3575 4281; x_wconf 91' lang='lat' dir='ltr'>solent</span> <span class='ocrx_word' id='word_1_682' title='bbox 3621 4222 3809 4278; x_wconf 82' lang='lat' dir='ltr'>irridere</span> 
     </span>
    </p>
   </div>
   <div class='ocr_carea' id='block_1_98' title="bbox 2230 4309 3815 4387">
    <p class='ocr_par' dir='ltr' id='par_1_98' title="bbox 2230 4309 3815 4387">
     <span class='ocr_line' id='line_1_98' title="bbox 2230 4309 3815 4387; baseline 0.001 -23"><span class='ocrx_word' id='word_1_683' title='bbox 2230 4328 2333 4366; x_wconf 89' lang='lat' dir='ltr'>nos</span> <span class='ocrx_word' id='word_1_684' title='bbox 2392 4309 2717 4381; x_wconf 62' lang='lat' dir='ltr'>imperitia,</span> <span class='ocrx_word' id='word_1_685' title='bbox 2787 4312 3037 4369; x_wconf 83' lang='lat' dir='ltr'>maxime</span> <span class='ocrx_word' id='word_1_686' title='bbox 3121 4314 3181 4368; x_wconf 89' lang='lat' dir='ltr'>in</span> <span class='ocrx_word' id='word_1_687' title='bbox 3260 4313 3722 4387; x_wconf 87' lang='lat' dir='ltr'>aspirationibus,</span> <span class='ocrx_word' id='word_1_688' title='bbox 3778 4309 3815 4360; x_wconf 67' lang='lat' dir='ltr'>ei</span> 
     </span>
    </p>
   </div>
   <div class='ocr_carea' id='block_1_99' title="bbox 2227 4396 3814 4475">
    <p class='ocr_par' dir='ltr' id='par_1_99' title="bbox 2227 4396 3814 4475">
     <span class='ocr_line' id='line_1_99' title="bbox 2227 4396 3814 4475; baseline -0.004 -20"><span class='ocrx_word' id='word_1_689' title='bbox 2227 4399 2579 4471; x_wconf 88' lang='lat' dir='ltr'>quibusdam</span> <span class='ocrx_word' id='word_1_690' title='bbox 2639 4416 2773 4455; x_wconf 91' lang='lat' dir='ltr'>cum</span> <span class='ocrx_word' id='word_1_691' title='bbox 2834 4418 3039 4457; x_wconf 87' lang='lat' dir='ltr'>rasura</span> <span class='ocrx_word' id='word_1_692' title='bbox 3096 4402 3314 4475; x_wconf 66' lang='lat' dir='ltr'>linguas</span> <span class='ocrx_word' id='word_1_693' title='bbox 3396 4403 3601 4459; x_wconf 88' lang='lat' dir='ltr'>litteris</span> <span class='ocrx_word' id='word_1_694' title='bbox 3669 4396 3814 4471; x_wconf 83' lang='lat' dir='ltr'>prole-</span> 
     </span>
    </p>
   </div>
   <div class='ocr_carea' id='block_1_100' title="bbox 2227 4490 2445 4545">
    <p class='ocr_par' dir='ltr' id='par_1_100' title="bbox 2227 4490 2445 4545">
     <span class='ocr_line' id='line_1_100' title="bbox 2227 4490 2445 4545; baseline -0.009 0"><span class='ocrx_word' id='word_1_695' title='bbox 2227 4490 2445 4545; x_wconf 88' lang='lat' dir='ltr'>rendis.</span> 
     </span>
    </p>
   </div>
   <div class='ocr_carea' id='block_1_101' title="bbox 2301 4577 3808 4652">
    <p class='ocr_par' dir='ltr' id='par_1_101' title="bbox 2301 4577 3808 4652">
     <span class='ocr_line' id='line_1_101' title="bbox 2301 4577 3808 4652; baseline -0.001 -22"><span class='ocrx_word' id='word_1_696' title='bbox 2301 4602 2326 4629; x_wconf 86' lang='grc'>‹‹</span> <span class='ocrx_word' id='word_1_697' title='bbox 2358 4578 2701 4633; x_wconf 72' lang='lat' dir='ltr'>Hmreticum</span> <span class='ocrx_word' id='word_1_698' title='bbox 2733 4579 3034 4635; x_wconf 85' lang='lat' dir='ltr'>hominem</span> <span class='ocrx_word' id='word_1_699' title='bbox 3065 4587 3195 4652; x_wconf 89' lang='lat' dir='ltr'>post</span> <span class='ocrx_word' id='word_1_700' title='bbox 3226 4598 3405 4637; x_wconf 92' lang='lat' dir='ltr'>unam</span> <span class='ocrx_word' id='word_1_701' title='bbox 3438 4586 3494 4637; x_wconf 89' lang='lat' dir='ltr'>et</span> <span class='ocrx_word' id='word_1_702' title='bbox 3549 4577 3808 4637; x_wconf 85' lang='lat' dir='ltr'>secundam</span> 
     </span>
    </p>
   </div>
   <div class='ocr_carea' id='block_1_102' title="bbox 2227 4659 3809 4741">
    <p class='ocr_par' dir='ltr' id='par_1_102' title="bbox 2227 4659 3809 4741">
     <span class='ocr_line' id='line_1_102' title="bbox 2227 4659 3809 4741; baseline 0 -21"><span class='ocrx_word' id='word_1_703' title='bbox 2227 4668 2645 4738; x_wconf 89' lang='lat' dir='ltr'>correptionem</span> <span class='ocrx_word' id='word_1_704' title='bbox 2680 4669 2888 4739; x_wconf 89' lang='lat' dir='ltr'>devita,</span> <span class='ocrx_word' id='word_1_705' title='bbox 2923 4669 3110 4726; x_wconf 89' lang='lat' dir='ltr'>sciens</span> <span class='ocrx_word' id='word_1_706' title='bbox 3142 4670 3279 4741; x_wconf 90' lang='lat' dir='ltr'>quia</span> <span class='ocrx_word' id='word_1_707' title='bbox 3310 4672 3621 4726; x_wconf 82' lang='lat' dir='ltr'>subversus</span> <span class='ocrx_word' id='word_1_708' title='bbox 3649 4659 3809 4733; x_wconf 75' lang='lat' dir='ltr'>estqui</span> 
     </span>
    </p>
   </div>
   <div class='ocr_carea' id='block_1_103' title="bbox 2222 4750 3809 4831">
    <p class='ocr_par' dir='ltr' id='par_1_103' title="bbox 2222 4750 3809 4831">
     <span class='ocr_line' id='line_1_103' title="bbox 2222 4750 3809 4831; baseline -0.004 -22"><span class='ocrx_word' id='word_1_709' title='bbox 2222 4756 2509 4825; x_wconf 89' lang='lat' dir='ltr'>ejusmodi</span> <span class='ocrx_word' id='word_1_710' title='bbox 2541 4762 2629 4811; x_wconf 89' lang='lat' dir='ltr'>est</span> <span class='ocrx_word' id='word_1_711' title='bbox 2658 4763 2714 4811; x_wconf 92' lang='lat' dir='ltr'>et</span> <span class='ocrx_word' id='word_1_712' title='bbox 2744 4757 3049 4829; x_wconf 53' lang='lat' dir='ltr'>delinquit,</span> <span class='ocrx_word' id='word_1_713' title='bbox 3084 4776 3219 4813; x_wconf 90' lang='lat' dir='ltr'>cum</span> <span class='ocrx_word' id='word_1_714' title='bbox 3252 4760 3330 4814; x_wconf 90' lang='lat' dir='ltr'>sit</span> <span class='ocrx_word' id='word_1_715' title='bbox 3360 4758 3591 4831; x_wconf 92' lang='lat' dir='ltr'>proprio</span> <span class='ocrx_word' id='word_1_716' title='bbox 3632 4750 3809 4827; x_wconf 88' lang='lat' dir='ltr'>judicio</span> 
     </span>
    </p>
   </div>
   <div class='ocr_carea' id='block_1_104' title="bbox 2222 4844 3811 4918">
    <p class='ocr_par' dir='ltr' id='par_1_104' title="bbox 2222 4844 3811 4918">
     <span class='ocr_line' id='line_1_104' title="bbox 2222 4844 3811 4918; baseline -0.003 -20"><span class='ocrx_word' id='word_1_717' title='bbox 2222 4844 2717 4900; x_wconf 82' lang='lat' dir='ltr'>condemnatus.»</span> <span class='ocrx_word' id='word_1_718' title='bbox 2755 4847 2989 4918; x_wconf 89' lang='lat' dir='ltr'>Legitur</span> <span class='ocrx_word' id='word_1_719' title='bbox 3017 4847 3073 4901; x_wconf 92' lang='lat' dir='ltr'>in</span> <span class='ocrx_word' id='word_1_720' title='bbox 3108 4848 3407 4903; x_wconf 86' lang='lat' dir='ltr'>codicibus</span> <span class='ocrx_word' id='word_1_721' title='bbox 3436 4847 3613 4918; x_wconf 91' lang='lat' dir='ltr'>(quod</span> <span class='ocrx_word' id='word_1_722' title='bbox 3653 4855 3811 4897; x_wconf 83' lang='lat' dir='ltr'>verum</span> 
     </span>
    </p>
   </div>
   <div class='ocr_carea' id='block_1_105' title="bbox 2220 4936 3811 5007">
    <p class='ocr_par' dir='ltr' id='par_1_105' title="bbox 2220 4936 3811 5007">
     <span class='ocr_line' id='line_1_105' title="bbox 2220 4936 3811 5007; baseline -0.008 -15"><span class='ocrx_word' id='word_1_723' title='bbox 2220 4950 2372 5004; x_wconf 82' lang='lat' dir='ltr'>papa</span> <span class='ocrx_word' id='word_1_724' title='bbox 2403 4949 2632 5004; x_wconf 91' lang='lat' dir='ltr'>quoque</span> <span class='ocrx_word' id='word_1_725' title='bbox 2662 4936 3016 4990; x_wconf 87' lang='lat' dir='ltr'>Athanasius</span> <span class='ocrx_word' id='word_1_726' title='bbox 3049 4937 3353 5007; x_wconf 82' lang='lat' dir='ltr'>approbat)</span> <span class='ocrx_word' id='word_1_727' title='bbox 3408 4960 3434 4986; x_wconf 85' lang='grc'>‹‹</span> <span class='ocrx_word' id='word_1_728' title='bbox 3468 4940 3598 5006; x_wconf 92' lang='lat' dir='ltr'>post</span> <span class='ocrx_word' id='word_1_729' title='bbox 3653 4944 3811 4987; x_wconf 85' lang='lat' dir='ltr'>unam,</span> 
     </span>
    </p>
   </div>
   <div class='ocr_carea' id='block_1_106' title="bbox 2220 5017 3808 5095">
    <p class='ocr_par' dir='ltr' id='par_1_106' title="bbox 2220 5017 3808 5095">
     <span class='ocr_line' id='line_1_106' title="bbox 2220 5017 3808 5095; baseline -0.003 -20"><span class='ocrx_word' id='word_1_730' title='bbox 2220 5028 2276 5076; x_wconf 89' lang='lat' dir='ltr'>et</span> <span class='ocrx_word' id='word_1_731' title='bbox 2301 5022 2539 5077; x_wconf 87' lang='lat' dir='ltr'>alteram</span> <span class='ocrx_word' id='word_1_732' title='bbox 2572 5024 2996 5095; x_wconf 88' lang='lat' dir='ltr'>correptionem</span> <span class='ocrx_word' id='word_1_733' title='bbox 3024 5044 3035 5093; x_wconf 90' lang='lat'>;</span> <span class='ocrx_word' id='word_1_734' title='bbox 3068 5045 3094 5075; x_wconf 78' lang='grc' dir='ltr'>ι)</span> <span class='ocrx_word' id='word_1_735' title='bbox 3124 5026 3279 5095; x_wconf 91' lang='lat' dir='ltr'>quod</span> <span class='ocrx_word' id='word_1_736' title='bbox 3311 5025 3529 5079; x_wconf 89' lang='lat' dir='ltr'>scilicet</span> <span class='ocrx_word' id='word_1_737' title='bbox 3552 5039 3659 5077; x_wconf 87' lang='lat' dir='ltr'>non</span> <span class='ocrx_word' id='word_1_738' title='bbox 3681 5017 3808 5075; x_wconf 79' lang='lat' dir='ltr'>suffi-</span> 
     </span>
    </p>
   </div>
   <div class='ocr_carea' id='block_1_107' title="bbox 2218 5100 3811 5183">
    <p class='ocr_par' dir='ltr' id='par_1_107' title="bbox 2218 5100 3811 5183">
     <span class='ocr_line' id='line_1_107' title="bbox 2218 5100 3811 5183; baseline -0.001 -20"><span class='ocrx_word' id='word_1_739' title='bbox 2218 5112 2332 5164; x_wconf 89' lang='lat' dir='ltr'>ciat</span> <span class='ocrx_word' id='word_1_740' title='bbox 2366 5115 2595 5166; x_wconf 88' lang='lat' dir='ltr'>tantum</span> <span class='ocrx_word' id='word_1_741' title='bbox 2628 5112 2806 5167; x_wconf 91' lang='lat' dir='ltr'>semel</span> <span class='ocrx_word' id='word_1_742' title='bbox 2839 5130 2971 5166; x_wconf 92' lang='lat' dir='ltr'>eum</span> <span class='ocrx_word' id='word_1_743' title='bbox 2992 5113 3222 5183; x_wconf 82' lang='lat' dir='ltr'>corripi,</span> <span class='ocrx_word' id='word_1_744' title='bbox 3248 5113 3333 5169; x_wconf 88' lang='lat' dir='ltr'>vel</span> <span class='ocrx_word' id='word_1_745' title='bbox 3358 5109 3717 5172; x_wconf 89' lang='lat' dir='ltr'>commoneri,</span> <span class='ocrx_word' id='word_1_746' title='bbox 3738 5100 3811 5176; x_wconf 79' lang='lat' dir='ltr'>qui</span> 
     </span>
    </p>
   </div>
   <div class='ocr_carea' id='block_1_108' title="bbox 2218 5190 3809 5270">
    <p class='ocr_par' dir='ltr' id='par_1_108' title="bbox 2218 5190 3809 5270">
     <span class='ocr_line' id='line_1_108' title="bbox 2218 5190 3809 5270; baseline -0.003 -16"><span class='ocrx_word' id='word_1_747' title='bbox 2218 5199 2412 5270; x_wconf 87' lang='lat' dir='ltr'>aliquo</span> <span class='ocrx_word' id='word_1_748' title='bbox 2444 5200 2886 5270; x_wconf 88' lang='lat' dir='ltr'>sitdepravatus</span> <span class='ocrx_word' id='word_1_749' title='bbox 2915 5218 3129 5269; x_wconf 86' lang='lat' dir='ltr'>errore,</span> <span class='ocrx_word' id='word_1_750' title='bbox 3163 5203 3262 5256; x_wconf 91' lang='lat' dir='ltr'>sed</span> <span class='ocrx_word' id='word_1_751' title='bbox 3296 5208 3353 5256; x_wconf 91' lang='lat' dir='ltr'>et</span> <span class='ocrx_word' id='word_1_752' title='bbox 3384 5200 3631 5257; x_wconf 87' lang='lat' dir='ltr'>secunda</span> <span class='ocrx_word' id='word_1_753' title='bbox 3672 5195 3716 5251; x_wconf 91' lang='lat' dir='ltr'>ei</span> <span class='ocrx_word' id='word_1_754' title='bbox 3755 5190 3809 5245; x_wconf 70' lang='lat' dir='ltr'>sit</span> 
     </span>
    </p>
   </div>
   <div class='ocr_carea' id='block_1_109' title="bbox 2216 5284 3807 5348">
    <p class='ocr_par' dir='ltr' id='par_1_109' title="bbox 2216 5284 3807 5348">
     <span class='ocr_line' id='line_1_109' title="bbox 2216 5284 3807 5348; baseline -0.004 -6"><span class='ocrx_word' id='word_1_755' title='bbox 2216 5288 2547 5342; x_wconf 86' lang='lat' dir='ltr'>adhibenda</span> <span class='ocrx_word' id='word_1_756' title='bbox 2577 5289 2856 5348; x_wconf 85' lang='lat' dir='ltr'>doctrina.</span> <span class='ocrx_word' id='word_1_757' title='bbox 2891 5294 2947 5344; x_wconf 91' lang='lat' dir='ltr'>et</span> <span class='ocrx_word' id='word_1_758' title='bbox 2982 5291 3037 5344; x_wconf 91' lang='lat' dir='ltr'>in</span> <span class='ocrx_word' id='word_1_759' title='bbox 3093 5307 3188 5345; x_wconf 89' lang='lat' dir='ltr'>ore</span> <span class='ocrx_word' id='word_1_760' title='bbox 3219 5291 3489 5348; x_wconf 88' lang='lat' dir='ltr'>duorum.</span> <span class='ocrx_word' id='word_1_761' title='bbox 3535 5288 3619 5342; x_wconf 89' lang='lat' dir='ltr'>vel</span> <span class='ocrx_word' id='word_1_762' title='bbox 3665 5284 3807 5338; x_wconf 88' lang='lat' dir='ltr'>trium</span> 
     </span>
    </p>
   </div>
  </div>
