3976 5348
155 370 261 426 717

742 362 1151 423 EXPOSITIU
1200 363 1273 420 IN
1326 364 1754 423 EPISTULAS
1802 363 2053 422 PAULI.
2103 394 2178 407 —-
2217 362 2291 421 IN
2340 363 2589 425 EPIST.
2638 365 2740 423 AD
2784 366 2937 424 Tl'l‘.

3425 364 3542 423 ’718

154 497 333 553 reddit
362 508 592 559 causas,
624 493 822 547 dicens
849 510 860 545 :
896 516 921 541 ‹‹
948 494 1110 559 Quod
1145 496 1466 549 subversus
1497 500 1584 549 est
1629 495 1787 563 ejus-
1820 503 1870 566 Α
1908 494 2059 548 unde
2088 493 2235 559 Tito,
2264 498 2324 547 ut
2353 494 2627 550 viaticum
2660 511 2773 549 non
2806 494 3156 549 habentibus
3188 494 3542 566 largiretur?

153 585 301 642 modi
332 587 387 637 et
420 587 639 652 peccat,
687 599 819 636 cum
882 582 958 636 sit
1017 582 1333 653 semetipso
1391 584 1725 637 damnatus.
1760 608 1786 631 ››

156 674 254 740 Qui
286 671 439 725 enim
478 671 677 737 semel,
710 671 917 741 bisque
958 679 1283 741 correptus,
1342 673 1542 726 audito
1600 689 1789 726 errore

154 780 272 827 suo,
307 776 419 813 non
454 760 575 812 vult
606 760 1033 829 corrigi,errare
1068 760 1319 814 zzestimat
1371 760 1788 831 corrigentem;

155 857 265 905 etc
296 849 586 903 contrario
619 865 678 903 se
728 849 796 901 ad
844 865 1091 919 pugnas,
1154 854 1209 903 et
1252 850 1451 919 jurgia
1480 851 1791 903 verborum

156 953 518 1010 parans,eum
552 937 675 990 vult
700 936 1034 991 lucrifacere
1064 956 1229 1008 aquo
1258 941 1792 1008 docetur.Pr0pter-

154 1046 215 1082 ea
243 1044 371 1080 vero
424 1044 460 1079 ει
513 1027 825 1096 semetipso
875 1027 1097 1080 dicetur
1131 1045 1255 1081 esse
1289 1029 1622 1093 damnatus,
1658 1027 1795 1099 quia

156 1116 481 1183 fornicator,
516 1116 762 1181 adulter,
801 1115 1113 1181 homicida,
1147 1125 1201 1171 et
1234 1124 1437 1171 caetera
1482 1118 1636 1187 vitia,
1696 1134 1797 1187 per

155 1205 477 1260 sacerdotes
496 1206 565 1258 de
583 1204 835 1259 Ecclesia
850 1205 1287 1275 propelluntur;
1318 1206 1565 1261 haeretici
1599 1212 1793 1260 autem

155 1294 207 1347 in
238 1293 464 1362 seipsos
493 1294 844 1347 sententiam
876 1294 1089 1363 ferunt,
1116 1312 1220 1349 suo
1246 1294 1483 1350 arbitrio
1500 1296 1570 1349 de
1613 1294 1797 1349 Eccle-

155 1382 235 1436 sia
264 1382 636 1449 recedentes;
671 1400 799 1453 quae
844 1364 1083 1449 recesio,
1134 1383 1373 1455 preprize
1431 1382 1795 1438 conscientia:

155 1470 373 1524 videtur
403 1486 537 1525 esse
567 1471 1325 1527 damnatianlerhmresim
1340 1478 1395 1527 et
1417 1472 1671 1527 schisma
1690 1472 1796 1526 hoc

157 1574 274 1613 esse
305 1560 689 1631 arbitrantur,
725 1561 877 1630 quod
911 1561 1144 1616 haaresis
1188 1579 1523 1631 perversum
1584 1564 1798 1633 dogma

158 1647 359 1702 habeat
382 1647 674 1714 ;schisma
698 1656 933 1720 propter
966 1650 1353 1721 episcopalem
1373 1650 1795 1706 dissensionem

159 1736 225 1790 ab
245 1735 503 1791 Ecclesia
531 1742 869 1808 separetur:
904 1739 1056 1809 quod
1098 1739 1336 1809 quidem
1398 1740 1456 1793 in
1512 1740 1797 1810 principio

159 1824 345 1895 aliqua
374 1842 446 1880 ex
480 1830 641 1897 parte
672 1825 917 1897 intelligi
962 1832 1168 1897 potest.
1227 1830 1509 1883 Caeterum
1571 1827 1797 1883 nullum

160 1914 409 1969 schisma
443 1932 559 1969 non
592 1915 702 1969 sibi
734 1914 989 1986 aliquam
1020 1917 1190 1989 ﬁngit
1229 1917 1518 1983 haeresim,
1555 1922 1618 1972 ut
1647 1922 1801 1974 recte
1832 1886 1880 1950 B

160 2004 224 2057 ab
250 2003 507 2058 Ecclesia
537 2004 846 2060 recessisse
874 2005 1155 2060 videatur.

230 2114 249 2139 ιι
283 2094 429 2148 Cum
464 2092 677 2148 misero
708 2094 777 2147 ad
838 2098 893 2147 te
948 2098 1247 2160 Arteman,
1307 2094 1395 2150 vel
1451 2094 1797 2167 Tychicum,

160 2180 363 2235 festina
393 2182 466 2237 ad
502 2198 594 2236 me
615 2183 809 2236 venire
845 2182 1209 2253 Nicopolim:
1265 2182 1344 2237 ibi
1405 2183 1562 2238 enim
1621 2182 1800 2238 statui

160 2267 471 2325 hiemare.»
503 2271 647 2333 Quia
660 2286 796 2342 ergo
810 2276 941 2341 post
959 2271 1406 2327 fundamentum
1430 2271 1679 2327 aliarum
1694 2272 1800 2326 Ec-

161 2355 467 2413 clesiarum
502 2360 869 2414 necessarius
895 2365 1018 2415 erat
1048 2361 1345 2432 Titus,qui
1367 2361 1677 2417 aedificium
1703 2377 1796 2415 su-

164 2451 536 2516 perstrueret,
570 2448 771 2503 scribit
801 2450 872 2519 ei,
907 2453 969 2503 ut
1000 2465 1132 2504 cum
1162 2451 1461 2520 Arteman,
1486 2449 1571 2505 vel
1600 2448 1803 2521 Tychi-

159 2551 310 2603 cum,
344 2554 528 2592 unum
570 2537 787 2609 scilicet
816 2554 845 2592 e
876 2538 1123 2607 duobus,
1158 2538 1256 2609 qui
1289 2555 1488 2594 secum
1551 2539 1798 2604 fuerant,

156 2624 376 2680 Cretam
414 2624 1051 2697 misisset,impleturos
1087 2625 1277 2680 locum
1308 2626 1600 2698 ejus,ipse
1639 2626 1802 2680 Nico-

153 2712 329 2781 polim
362 2716 612 2779 veniret,
643 2714 721 2767 ibi
754 2730 815 2768 se
840 2713 1234 2768 hiematurum
1285 2732 1413 2769 esse
1444 2719 1799 2769 contestans.

148 2804 224 2853 Ex
255 2817 370 2870 quo
404 2807 686 2873 paternos
719 2800 883 2855 Pauli
914 2801 973 2855 in
1003 2807 1306 2857 Cretenses
1330 2804 1643 2873 probemus
1674 2804 1804 2857 all‘e-

145 2890 1110 2959 ctus,NecessariumhabetTitum
1135 2890 1192 2944 in
1218 2891 1511 2962 Evangelii
1544 2892 1805 2946 ministe-

141 2978 294 3032 rium
324 3003 337 3043 ;
372 2984 579 3033 tamen
614 2995 725 3032 non
758 2994 891 3033 eum
926 2982 1057 3032 ante
1090 2979 1159 3033 ad
1191 2979 1803 3048 sevultvenire,nisiin

140 3066 335 3120 locum
365 3069 509 3137 ejus
534 3069 803 3122 Artemas
833 3066 916 3122 vel
946 3067 1232 3139 Tychicus
1284 3085 1588 3123 successor
1634 3069 1803 3123 adve-

143 3154 353 3209 nerint.
392 3154 698 3226 Nicopolis
733 3156 860 3227 ipsa
889 3161 999 3222 est,
1032 3173 1157 3227 quae
1206 3158 1277 3212 ob
1327 3158 1630 3212 victoriam
1685 3164 1802 3211 Au-

144 3244 323 3313 gusti,
358 3243 1455 3319 quodibiAntoniumCleopatramque
1494 3245 1803 3318 superarit,
1839 3255 1880 3319 C
1922 3243 2123 3317 ξ³¹¹¹⁸⁸¹¹ι
2153 3243 2211 3273 ¹¹¹
2241 3243 2372 3272 ηαδ·
2411 3243 2439 3265 ’³
2467 3243 2681 3317 “‘“f‘m'
2728 3243 2943 3289 Ἷυψνυ
2978 3243 3059 3317 ,ω’
3114 3243 3332 3275 “"“ws
3384 3243 3555 3293 ""05,

149 3348 357 3379 nomen
395 3333 643 3379 mmnit_
1924 3313 2005 3363 ita
2038 3312 2101 3362 ut
2128 3310 2372 3361 mortem
2406 3322 2508 3377 pro
2539 3322 2622 3361 eis
2645 3309 2913 3377 oppetere
2941 3311 3060 3362 sint
3082 3310 3423 3379 paratw,sed
3446 3327 3561 3367 non

149 3348 361 3387 nomen
395 3333 643 3404 accepit.

233 3445 260 3472 α
295 3427 513 3477 Zenam
560 3421 989 3493 legisperitum,
1022 3427 1078 3477 et
1104 3422 1305 3494 Apollo
1355 3423 1604 3479 sollicite
1661 3442 1805 3496 prae-

158 3510 341 3576 mitte,
375 3516 444 3565 ut
475 3510 620 3565 nihil
656 3510 771 3565 illis
802 3511 969 3565 desit.
1008 3534 1034 3559 ››
1067 3511 1181 3566 Iste
1212 3517 1268 3567 et
1297 3512 1526 3584 Apollo,
1560 3514 1630 3569 de
1690 3530 1805 3584 quo

162 3604 217 3654 et
241 3600 312 3654 ad
344 3598 677 3655 Corinthios
708 3599 1021 3655 scribitur:
1058 3624 1083 3649 ‹‹
1114 3600 1529 3673 Unusquisque
1551 3606 1805 3658 vestrum

168 3687 341 3743 dicit:
372 3690 489 3760 Ego
522 3705 655 3743 sum
683 3687 867 3756 Pauli,
896 3705 1001 3759 ego
1026 3689 1359 3761 Apollo,ego
1392 3690 1595 3761 Cephae
1629 3691 1807 3761 (ICor.

169 3794 206 3842 ι,
240 3777 347 3847 12).
384 3798 412 3825 ››
450 3776 581 3831 Fuit
611 3780 806 3830 autem
841 3775 928 3828 vir
956 3776 1385 3831 Alexandrinus
1444 3795 1513 3831 ex
1568 3778 1809 3847 Judmis,

168 3864 331 3919 valde
360 3866 642 3936 eloquens
674 3868 729 3918 et
759 3864 1048 3935 perfectus
1081 3863 1140 3917 in
1184 3864 1308 3936 lege
1366 3866 1674 3935 episcopus
1705 3866 1811 3920 Co-

168 3953 521 4008 rinthiorum
549 3971 561 4020 ;
596 3969 771 4024 quem
804 3952 1605 4024 propterdissensiones,quac
1630 3953 1686 4006 in
1711 3952 1815 4009 Co-

169 4041 378 4098 rinthio
416 4043 677 4109 erant,ad
698 4041 948 4096 vicinam
972 4040 1229 4096 insulam
1253 4046 1477 4097 Cretam
1502 4059 1636 4097 cum
1667 4043 1817 4098 Zena

171 4128 310 4202 legis
341 4133 582 4187 doctore
616 4131 942 4202 putandum
974 4135 1063 4185 est
1092 4132 1521 4199 transfretasse,
1554 4136 1610 4187 et
1652 4130 1816 4187 Pauli

171 4219 454 4291 Epistola,
487 4220 1109 4291 dissensionibusqum
1144 4220 1557 4276 Corinthiortaa
1591 4222 1820 4277 fuerant

170 4310 536 4380 temperatis,
570 4326 806 4364 rursum
834 4308 1175 4363 Corinthum
1221 4310 1549 4366 revertisse.
1607 4312 1818 4366 Zenam

170 4412 299 4454 vero
329 4398 483 4471 legis
514 4399 832 4462 doctorem,
866 4398 936 4452 de
966 4396 1079 4451 alio
1121 4397 1433 4469 Scripturee
1490 4398 1637 4465 loco,
1687 4399 1823 4470 quis

175 4485 365 4556 fuerit,
405 4505 517 4542 non
550 4503 867 4559 possumus
900 4484 1110 4551 dicere,
1148 4486 1259 4542 nisi
1284 4487 1393 4543 hoc
1412 4490 1823 4559 tantum,quod

176 4580 230 4629 et
256 4577 379 4648 ipso
418 4576 774 4648 apostolicus
803 4575 911 4643 vir,
946 4574 1002 4628 id
1039 4574 1628 4647 operis,quodApollo
1660 4592 1821 4631 exer-

179 4666 357 4731 cebat,
406 4666 693 4731 habuerit,
728 4663 940 4718 Christi
975 4662 1260 4719 Ecclesias
1293 4666 1651 4720 exstruendi.
1676 4667 1824 4720 Prai-

180 4754 315 4825 cipit
344 4756 546 4825 itaque
574 4754 701 4808 Tito
734 4757 817 4818 ut,
851 4752 1125 4824 quoniam
1157 4752 1227 4805 de
1256 4753 1425 4807 Creta
1452 4754 1524 4807 ad
1548 4754 1827 4809 Graeciam

184 4844 506 4915 navigaturi
541 4845 725 4911 erant,
790 4859 903 4896 non
960 4859 1057 4896 eos
1116 4841 1293 4896 faciat
1355 4842 1613 4897 sitarciis
1676 4844 1828 4897 indi-

186 4946 333 5002 gere,
367 4933 469 4988 sed
504 4932 716 4987 habere
747 4947 815 4985 ea
853 4947 979 5001 quae
1039 4931 1108 4985 ad
1165 4930 1442 4985 viaticum
1503 4932 1832 4988 necessaria

189 5028 343 5076 sunt.

263 5129 283 5157 ι
317 5110 556 5164 Discant
573 5112 766 5163 autem
787 5113 844 5163 et
865 5108 1078 5164 nostris
1100 5107 1271 5165 bonis
1290 5110 1565 5179 operibus
1585 5127 1834 5184 praeesse

191 5198 259 5252 ad
291 5215 437 5254 usus
481 5196 856 5265 necessarios,
917 5201 979 5251 ut
1036 5216 1150 5254 non
1225 5195 1345 5251 sint
1401 5197 1769 5256 infructuosi.
1806 5222 1835 5249 »

191 5288 370 5348 Supra
396 5286 650 5340 dixerat:
687 5307 715 5335 «
751 5284 961 5340 Zenam
995 5286 1139 5348 legis
1176 5285 1496 5348 doctorem.
1548 5295 1604 5345 et
1632 5288 1835 5348 Apollo

1900 583 2081 637 Solvit
2108 583 2251 637 hanc
2286 583 2689 653 quaestionem,
2723 588 2780 637 et
2809 581 2975 653 quasi
3012 582 3154 636 nihil
3205 583 3314 637 sibi
3361 600 3538 654 oppo-

1904 676 2095 735 natur,
2132 672 2312 737 elidit,
2366 673 2609 726 dicendo
2645 689 2656 725 ε
2693 696 2717 719 ‹‹
2782 672 3017 726 Discant
3074 678 3266 725 autem
3328 672 3541 728 nostris

1901 760 2069 814 bonis
2100 761 2372 831 operibus
2406 777 2645 830 prreesse
2668 761 2723 815 in
2747 760 3087 815 necessariis
3112 760 3537 829 usibus,utnon

1904 850 2247 905 infructuosi
2281 849 2415 902 sint.
2456 872 2481 895 ››
2512 848 2750 905 Nostros
2781 865 2918 903 suos
2951 850 3130 918 (1382)
3160 851 3344 915 vocat,
3367 848 3541 919 quiin

1903 939 2129 993 Christo
2153 939 2539 1004 crediderunt,
2575 937 2672 1008 qui
2707 937 2844 1007 quia
2892 938 3101 991 Christi
3153 941 3337 1003 crant,
3393 941 3547 991 recte

1904 1032 1961 1081 et
2010 1026 2164 1081 l'auli
2222 1031 2278 1081 et
2336 1026 2449 1079 Titi
2528 1024 2811 1096 appellari
2856 1027 3271 1079 -mcrebantur.
3334 1026 3543 1093 Habes,

1906 1115 2117 1185 inquit,
2150 1116 2206 1169 in
2240 1113 2558 1186 discipulos
2590 1114 3116 1185 potestatem,doce
3148 1131 3245 1168 eos
3272 1131 3385 1169 non
3419 1129 3547 1169 esse

1906 1204 2321 1269 infructuosos,
2352 1205 2449 1258 sed
2482 1202 2846 1271 evangelistis
2880 1207 2936 1255 et
2993 1201 3326 1272 apostolicis
3380 1202 3543 1273 viris,

1905 1293 2005 1363 qui
2038 1293 2205 1348 bonis
2237 1293 2511 1364 operibus
2543 1291 2821 1355 serviunt,
2857 1290 3225 1357 ministrare;
3259 1295 3317 1345 et
3374 1290 3547 1345 mini-

1907 1386 2111 1447 strare,
2148 1398 2263 1436 non
2295 1382 2352 1435 in
2368 1379 2819 1452 quibuscunque
2841 1378 3164 1446 causis,sed
3186 1378 3246 1433 in
3279 1395 3546 1434 necessa-

1906 1470 2043 1525 riis:
2079 1470 2359 1525 habentes
2390 1468 2606 1540 quippe
2631 1469 2849 1523 victum
2882 1472 2940 1523 et
2984 1468 3415 1536 vestimentum,
3458 1468 3550 1524 his

1906 1560 2161 1615 contenti
2219 1576 2427 1614 sumus
2450 1560 2495 1629 (Ι
2526 1558 2657 1611 Tim.
2718 1575 2791 1623 v1,
2851 1557 2943 1627 8):
2977 1561 3032 1611 et
3062 1557 3161 1628 qui
3194 1556 3397 1613 altario
3428 1574 3549 1613 ser-

1906 1647 2090 1714 viunt,
2125 1648 2194 1703 de
2226 1646 2425 1701 alterio
2458 1646 2659 1701 vivunt
2688 1646 2735 1717 (1
2758 1644 2878 1700 Cor.
2913 1661 2990 1713 1x,
3024 1646 3111 1715 13)
3144 1663 3157 1712 ;
3195 1649 3252 1700 et
3282 1646 3380 1716 qui
3414 1662 3544 1718 par-

1908 1736 2114 1808 ticipes
2146 1735 2501 1807 spiritalium
2534 1738 2868 1790 nostrorum
2926 1733 3061 1788 facti
3118 1739 3278 1804 sunt,
3336 1735 3553 1790 debent

1908 1825 2078 1880 nobis
2110 1842 2218 1880 sua
2247 1825 2595 1896 participare
2627 1822 2902 1879 carnalia.
2937 1822 3001 1877 Et
3031 1839 3101 1877 ne
3162 1822 3406 1878 forsitan
3463 1824 3551 1879 vel

1908 1913 2227 1986 Epistolam
2260 1913 2421 1968 Pauli
2459 1912 2546 1967 vel
2608 1914 2955 1983 prmceptum
3016 1910 3130 1966 Titi
3187 1910 3353 1966 facile
3409 1928 3553 1969 con-

1908 2007 2233 2058 temnerent
2286 2002 2679 2058 infructuosos
2710 2004 2895 2070 vocat,
2925 2001 3261 2073 quicunque
3306 2016 3555 2074 evange-

1909 2091 2060 2147 listis
2091 2108 2206 2147 non
2239 2090 2717 2146 ministraverint.

1981 2238 2008 2264 ‹‹
2044 2215 2312 2270 Salutant
2344 2219 2398 2270 te
2430 2216 2530 2285 qui
2563 2231 2791 2269 mecum
2823 2218 2963 2269 sunt
2996 2231 3218 2271 omnes.
3253 2237 3281 2266 ››
3316 2215 3418 2271 Vel
3468 2232 3557 2272 so-

1910 2302 2014 2359 lita
2042 2304 2465 2359 consuetudine
2496 2320 2639 2358 usus
2672 2308 2780 2373 est,
2817 2307 2881 2358 ut
2911 2303 3107 2359 Titum
3140 2304 3212 2360 ab
3241 2304 3555 2376 ,omnibus,

1912 2393 2011 2464 qui
2042 2410 2241 2449 secum
2273 2397 2451 2458 eruat,
2486 2392 2703 2448 diceret
2733 2391 2996 2461 salutari,
3029 2392 3116 2448 vel
3149 2397 3297 2449 certe
3328 2394 3559 2467 proprie

1911 2482 1969 2537 in
2004 2482 2224 2553 Titum,
2259 2483 2415 2554 quod
2470 2481 2605 2537 talis
2664 2486 2835 2547 esset,
2898 2485 2961 2537 ut
3003 2498 3262 2538 amorem
3315 2487 3558 2554 ,eorum,

1913 2571 2176 2643 quicum
2222 2571 2399 2625 Paulo
2457 2574 2642 2636 erant,
2702 2569 2967 2625 omnium
3042 2577 3379 2627 mereretur.
3441 2573 3561 2628 Ma-

1912 2676 2027 2731 gna
2057 2678 2187 2715 vero
2222 2660 2349 2714 laus
2380 2660 2495 2714 Titi
2528 2676 2630 2730 per
2670 2659 2916 2715 Paulum
2976 2660 3047 2714 ab
3107 2660 3382 2716 omnibus
3412 2662 3565 2716 salu-

1912 2749 2044 2803 tari.

1990 2887 2009 2911 α
2049 2862 2251 2919 Saluta
2283 2879 2402 2926 eos,
2436 2862 2536 2933 qni
2568 2878 2675 2917 nos
2705 2866 2907 2917 amant
2938 2862 2997 2917 in
3030 2862 3165 2918 fide.
3201 2883 3229 2913 »
3260 2864 3319 2918 Si
3346 2865 3560 2934 omnis,

1915 2953 2014 3023 qui
2048 2956 2223 3019 amat,
2259 2956 2482 3007 amaret
2512 2951 2569 3005 in
2602 2952 2734 3019 fide,
2768 2954 2825 3005 et
2870 2968 2985 3006 non
3025 2956 3223 3008 essent
3278 2953 3398 3019 alii,
3460 2956 3559 3026 qui

1915 3042 2136 3113 absque
2167 3042 2278 3096 fide
2307 3039 2942 3112 diligerent,nunquam
2964 3041 3182 3098 Paulus
3202 3044 3273 3097 ad
3297 3059 3557 3101 amorem

1916 3130 2090 3185 fidem
2125 3129 2515 3201 apposuisset,
2557 3128 2791 3183 dicens:
2829 3148 2857 3177 «
2911 3128 3111 3184 Saluta
3167 3146 3288 3197 eos,
3321 3132 3421 3203 qui
3450 3150 3558 3190 nos

1922 3223 2123 3275 amant
2152 3218 2211 3273 in
2241 3218 2372 3272 ﬁde.
2411 3238 2439 3265 »
2467 3218 2681 3271 Amant
2728 3216 2943 3289 quippe
3000 3222 3059 3273 et
3108 3213 3332 3275 'matres
3384 3220 3555 3293 ﬁlios,

1920 3401 2126 3452 amant
2153 3397 2214 3451 in
2264 3396 2414 3462 ﬁde;
2466 3410 2676 3451 uxores
2724 3395 2989 3462 maritos,
3035 3397 3253 3466 quibus
3286 3398 3566 3471 frequen-

1919 3487 2149 3542 tissime
2183 3484 2689 3552 commoriuntur;
2724 3484 2823 3540 sed
2859 3500 3024 3540 amor
3051 3484 3136 3540 illi
3164 3503 3276 3542 non
3300 3487 3433 3543 fidei
3455 3494 3562 3545 est.

1919 3576 2055 3631 Sola
2086 3579 2423 3630 sanctorum
2457 3572 2687 3628 dilectio
2718 3572 2778 3628 in
2810 3573 2925 3629 fide
2956 3574 3164 3645 diligit,
3200 3576 3258 3631 in
3308 3581 3561 3647 tantum,

1920 3669 1985 3720 ut
2013 3662 2240 3720 etiamsi
2272 3662 2390 3732 ille,
2424 3662 2523 3733 qui
2556 3662 2845 3734 diligitur,
2902 3662 3156 3719 infidelis
3212 3664 3309 3731 sit,
3364 3668 3562 3722 tamen

1921 3758 2160 3809 sanctus
2216 3750 2275 3805 in
2354 3751 2467 3805 fide
2526 3768 2659 3805 cum
2719 3750 2942 3822 diligat,
2994 3754 3318 3808 secundum
3379 3753 3565 3810 illud:

1924 3864 1949 3890 ‹‹
1986 3840 2195 3895 Omnia
2250 3844 2443 3893 vestra
2503 3839 2563 3893 in
2621 3840 2735 3893 fide
2798 3840 3107 3911 [charitate]
3166 3843 3309 3897 fiant
3336 3848 3389 3913 (Ι
3437 3848 3565 3901 Cor.

1924 3945 2038 3994 χγι,
2075 3928 2182 3994 14),
2219 3948 2246 3975 ››
2280 3930 2347 3979 Et
2404 3925 2578 3980 alibi:
2617 3947 2645 3975 ‹‹
2706 3926 2939 3997 Diligite
2996 3928 3266 3985 inimicos
3322 3938 3567 3998 vestros,

1926 4019 2076 4088 (Luc.
2110 4032 2187 4085 v1,
2210 4014 2323 4084 32),
2355 4013 2553 4084 Diligit
2583 4018 2822 4068 sanctus
2854 4014 3121 4071 inimicos
3152 4034 3312 4085 suos,
3355 4024 3411 4074 et
3439 4020 3568 4075 ideo

1925 4106 1987 4161 in
2019 4106 2131 4160 ﬁde
2162 4102 2371 4173 diligit,
2403 4102 2543 4173 quia
2571 4101 2755 4156 credit
2786 4102 2844 4157 in
2876 4119 3034 4172 eum,
3056 4106 3155 4176 qui
3179 4106 3573 4177 pollicitusest

1928 4211 1990 4251 se
2023 4211 2124 4266 pro
2139 4190 2460 4264 expletione
2484 4190 2743 4246 mandati
2767 4190 3188 4248 retributurum
3211 4210 3339 4250 esse
3362 4212 3572 4252 merce-

1930 4285 2083 4339 dem.

2008 4424 2029 4449 α
2065 4398 2262 4454 Gratia
2292 4398 2392 4453 Dei
2416 4414 2549 4453 cum
2583 4396 2881 4453 omnibus.
2930 4399 3134 4454 Amen.
3172 4420 3199 4448 n
3257 4400 3573 4459 Sciendum

1935 4490 2089 4561 quod
2122 4489 2179 4542 in
2212 4487 2423 4543 Graecis
2454 4486 2849 4542 codicibusita
2871 4486 3153 4559 scriptum
3187 4494 3273 4545 est
3298 4508 3310 4547 :
3337 4514 3361 4541 (ι
3384 4492 3581 4548 Gratia

1937 4594 2070 4632 cum
2084 4575 2358 4631 omnibus
2373 4576 2590 4642 vobis,»
2616 4580 2681 4629 ut
2700 4591 2805 4630 nec
2834 4596 2859 4628 α
2876 4575 3165 4644 Domini,»
3182 4594 3284 4633 nec
3304 4600 3324 4625 α
3342 4580 3525 4635 nostri
3554 4604 3579 4629 ››

1938 4666 1996 4719 in
2030 4663 2195 4718 libris
2227 4664 2446 4717 feratur
2475 4662 2849 4718 authenticis.
2898 4669 2961 4718 In
3020 4682 3329 4721 commune
3384 4668 3582 4740 itaque

1937 4754 2175 4819 sanctis,
2204 4755 2381 4822 atque
2412 4750 2806 4818 credentibus,
2837 4752 2965 4806 Tito
2995 4758 3051 4809 et
3072 4754 3419 4826 caeteris,qui
3450 4773 3584 4814 cum

1939 4858 2005 4897 eo
2034 4846 2218 4909 erant,
2270 4840 2627 4909 imprecatur
2683 4839 2892 4911 gratia.
2956 4841 3025 4895 Et
3082 4843 3371 4912 quomodo
3430 4846 3591 4904 Isaac

1941 4929 2273 5003 patriarcha
2304 4928 2600 4983 benedixit
2627 4927 2817 4983 ﬁlium
2849 4944 3023 4984 suum
3056 4929 3233 4985 Jacob
3263 4929 3398 5001 (Gen
3415 4951 3593 5010 xxvn,

1940 5019 2147 5090 27-29),
2181 5022 2237 5075 et
2266 5017 2393 5088 ipse
2427 5017 2601 5073 Jacob
2659 5016 2969 5072 duodecim
3042 5016 3413 5076 Patriarchas
3445 5024 3597 5096 (Gen.

1941 5127 2093 5177 xmx,
2131 5108 2283 5178 1-28)
2314 5123 2328 5161 :
2359 5105 2629 5176 Apostoli
2662 5121 2915 5178 quoque,
2938 5107 3179 5162 domum
3203 5104 3606 5176 ingredientes

1943 5198 2251 5255 dicebant:
2296 5217 2316 5243 ε
2354 5193 2475 5248 Pax
2506 5195 2642 5251 huic
2673 5193 2876 5250 domui
2922 5192 3133 5265 (Matth.
3162 5209 3218 5258 x,
3252 5193 3360 5264 15).
3401 5220 3430 5247 ››
3462 5205 3530 5257 Et
3560 5204 3610 5259 si

1944 5288 2124 5348 digna
2148 5288 2273 5340 erat
2306 5282 2545 5348 domus,
2578 5283 2984 5348 requiescebat
3011 5299 3125 5348 pax
3170 5296 3374 5337 eorum
3436 5305 3616 5348 super
