3976 5348
220 402 321 461 721

745 396 1163 459 EXPOSITIO
1207 396 1285 458 IN
1333 396 1753 458 EPlSTOLAS
1800 396 2059 459 PAULI.
2092 431 2168 442 —
2200 400 2275 460 ΙΝ
2322 402 2569 464 EPIST.
2617 405 2719 466 AD
2768 404 3085 465 PHILEM.

3505 404 3621 464 7‘22

217 531 505 599 laudatur,
527 531 599 587 de
630 528 1027 603 apostolorum
1051 530 1312 602 exemplo
1334 531 1608 599 sumitur,
1633 536 1690 586 et
1720 531 1855 586 inde
1884 532 1939 598 Α
1972 531 2314 605 ceterisque
2364 551 2466 607 per
2514 536 2782 603 Paulum,
2818 538 2949 609 plus
2997 537 3301 594 charitatis
3343 543 3617 605 meretur,

220 624 433 678 bonum
465 620 563 687 sit,
600 619 738 692 quia
769 620 839 675 de
869 618 1084 675 Christi
1117 619 1274 674 fonte
1308 620 1576 675 ducatur.

282 734 309 761 ‹‹
333 709 625 765 Gaudium
646 710 801 765 enim
827 724 1106 780 magnum
1126 708 1389 775 babui,et
1404 709 1861 765 consolationem

214 803 268 857 in
299 800 581 856 charitate
614 803 715 854 tua
742 817 754 865 ;
791 798 929 870 quia
959 798 1183 854 viscera
1209 803 1545 855 sanctorum
1573 800 1863 870 requieve-

210 894 342 947 runt
381 906 483 960 per
524 893 601 955 te,
648 889 845 942 frater.
882 911 903 939 ι
966 886 1206 943 Plenius
1243 887 1518 958 inculcat,
1552 894 1608 944 et
1637 890 1857 959 edocet,

210 995 386 1053 quare
416 978 627 1033 dixerit
652 994 663 1033 :
703 998 730 1029 ι
761 976 990 1033 Gratias
1020 992 1129 1049 ago
1162 982 1276 1032 Deo
1310 993 1457 1043 meo,
1484 994 1714 1049 semper
1744 996 1860 1035 me-

207 1068 454 1125 moriam
490 1068 575 1122 tui
606 1066 826 1123 faciens
858 1066 918 1121 in
950 1066 1317 1121 orationibus
1350 1067 1513 1122 meis.
1543 1089 1570 1116 ››
1603 1068 1857 1139 Dignum

204 1157 496 1229 siquidem
516 1161 638 1211 erat
655 1172 824 1228 agere
842 1154 1062 1227 gratias
1077 1155 1189 1211 Deo
1210 1172 1441 1227 semper
1458 1172 1560 1227 pro
1579 1156 1859 1213 cbaritate

203 1245 581 1313 Philemonis,
616 1245 715 1316 qui
751 1245 1047 1300 internum
1080 1245 1277 1299 cordis
1310 1246 1601 1313 affectum,
1635 1250 1691 1300 et
1725 1263 1855 1317 pro-

204 1335 422 1392 fundos
444 1334 629 1390 animi
653 1338 992 1390 sanctorum
1018 1350 1283 1390 recessus
1305 1334 1676 1407 suscipiendo
1699 1335 1860 1391 refri-

198 1428 522 1497 geraverat.

264 1537 291 1563 «
324 1514 576 1585 Propter
602 1514 756 1584 quod
784 1511 1033 1567 multam
1058 1512 1334 1568 fiduciam
1363 1512 1586 1568 habens
1609 1513 1668 1568 in
1696 1513 1855 1569 Chri-

195 1608 281 1659 sto
305 1602 457 1659 Jesu
490 1602 825 1674 imperandi
856 1600 965 1656 tibi
990 1601 1142 1672 quod
1175 1602 1246 1655 ad
1281 1617 1403 1656 rem
1434 1601 1763 1671 pertinent:
1800 1606 1856 1656 et

190 1696 437 1764 propter
457 1691 617 1747 chari
632 1694 813 1745 tatem
845 1690 1034 1761 magis
1056 1690 1316 1756 obsecro,
1341 1706 1474 1745 cum
1502 1690 1582 1746 sis
1606 1691 1759 1757 talis,
1790 1695 1856 1746 ut

187 1781 420 1837 Paulus
441 1797 635 1850 senex,
665 1796 820 1835 nunc
847 1784 1044 1835 autem
1067 1783 1125 1834 et
1153 1779 1383 1834 vinctus
1403 1780 1535 1835 Jesu
1563 1780 1797 1835 Christi.
1822 1803 1850 1830 »

187 1871 402 1926 Multis
436 1868 831 1924 Philemonem
865 1868 1142 1924 laudibus
1171 1872 1306 1924 ante
1344 1869 1685 1940 praemissis,
1717 1886 1851 1924 cum

194 1976 283 2015 res
302 1958 449 2015 talis
478 1958 570 2027 sit,
594 1975 697 2029 pro
720 1975 835 2029 qua
859 1961 1173 2029 rogaturus
1194 1962 1305 2024 est,
1329 1974 1455 2029 quae
1478 1962 1533 2013 et
1555 1958 1854 2030 praestanti

194 2049 272 2104 sit
322 2047 512 2118 utilis,
545 2052 603 2103 et
650 2047 899 2118 roganti,
933 2051 1160 2118 poterat
1191 2045 1409 2102 Paulus
1448 2047 1637 2118 magis
1668 2046 1853 2119 impe-

195 2154 326 2193 rare
357 2152 538 2209 quam
572 2140 786 2208 petere.
810 2137 920 2191 Sed
950 2135 1064 2191 hoc
1094 2152 1163 2191 ex
1193 2136 1407 2191 ﬁducia
1436 2135 1537 2191 illa
1564 2136 1853 2202 veniebat,

192 2227 351 2297 quod
384 2225 489 2298 qui
515 2229 682 2281 tanta
712 2225 783 2280 ob
809 2223 1108 2279 Christum
1132 2240 1306 2296 opera
1336 2228 1715 2297 perpetrarat,
1743 2223 1854 2279 uti-

192 2331 310 2386 que
332 2314 531 2386 impar
557 2314 648 2369 sui
682 2314 740 2368 in
774 2314 999 2369 caeteris
1020 2328 1148 2368 esse
1177 2330 1293 2369 non
1326 2317 1571 2385 poterat.
1595 2314 1701 2368 Sed
1734 2312 1858 2367 vult

191 2404 388 2476 magis
412 2409 629 2475 petere,
656 2419 832 2474 quam
851 2403 1079 2472 jubere,
1104 2402 1311 2474 grandi
1338 2403 1588 2475 petentis
1610 2401 1856 2458 auctori-

190 2496 314 2548 tate
350 2492 673 2565 proposita,
708 2508 810 2563 per
838 2508 1017 2563 quam
1053 2496 1110 2547 et
1140 2490 1449 2563 Apostolus
1480 2492 1766 2558 obsecrat,
1800 2496 1856 2545 et

191 2599 402 2653 senex,
422 2587 480 2637 et
498 2582 730 2637 vinctus
744 2582 887 2636 Jesu
907 2580 1140 2636 Christi.
1159 2580 1371 2636 Totum
1395 2585 1590 2637 autem
1612 2598 1716 2652 pro
1739 2596 1853 2651 quo

186 2676 385 2743 rogat,
408 2671 553 2726 illud
578 2675 688 2726 est.
705 2670 1015 2725 Onesimus
1039 2686 1241 2725 servus
1260 2670 1637 2735 Philemonis,
1654 2671 1853 2741 fugam

184 2760 351 2815 furto
373 2759 1000 2829 cumulans,quaedam
1023 2759 1103 2813 rei
1122 2759 1456 2814 domesticae
1474 2760 1851 2830 compilarat:

177 2848 283 2903 hic
312 2864 573 2920 pergens
605 2847 675 2901 ad
700 2846 951 2911 Italiam,
977 2862 1048 2901 ne
1079 2847 1151 2901 de
1182 2847 1446 2917 proximo
1470 2847 1697 2903 facilius
1728 2865 1858 2919 pos-

175 2942 276 2992 set
301 2935 698 3008 apprehendi,
718 2935 1026 3006 pecuniam
1044 2935 1267 2989 domini
1292 2952 1393 3006 per
1416 2935 1705 2990 luxuriam
1730 2953 1857 3007 pro-

170 3026 463 3093 degeret.
497 3024 615 3079 Hoc
649 3041 716 3079 ne
762 3024 897 3095 quis
936 3028 1101 3095 putet
1142 3028 1378 3089 temere,
1412 3029 1467 3079 et
1515 3028 1580 3079 ut
1627 3025 1788 3092 libet,
1824 3044 1858 3082 a

168 3112 362 3168 nobis
398 3113 621 3179 ﬁctum,
644 3113 702 3166 in
726 3112 1109 3183 sequentibus
1132 3113 1339 3168 discat.
1359 3114 1673 3184 Nunquam
1697 3116 1854 3170 enim

1974 638 2149 692 quam
2182 623 2298 678 odii
2331 630 2463 680 ante
2503 632 2815 683 meruerat.
2852 628 3011 684 Unde
3061 629 3144 685 ait
3176 646 3189 684 τ

2045 733 2073 760 ‹‹
2105 711 2271 767 Nunc
2297 717 2493 769 autem
2524 720 2581 769 et
2610 717 2711 771 tibi
2745 722 2803 771 et
2833 717 2975 772 mihi
3009 717 3190 773 utilis.
3220 738 3248 767 »
3281 716 3527 773 Domino
3556 718 3615 773 in

1970 816 2037 854 eo
2084 799 2266 867 utilis,
2302 801 2439 872 quia
2489 810 2686 875 posset
2734 806 2911 861 Paulo
2964 807 3179 862 servire
3223 824 3326 879 pro
3375 805 3611 861 domino

1970 904 2114 955 suo;
2150 890 2329 945 Paulo
2360 908 2493 947 vero
2525 893 2581 946 in
2613 909 2679 948 eo
2712 894 2896 961 utilis,
2930 896 3066 967 quia
3102 895 3202 951 illo
3252 896 3311 950 in
3360 909 3611 962 carcere,

1969 977 2338 1049 vinculisque
2367 981 2621 1047 detento,
2654 987 2850 1053 posset
2897 986 2953 1038 et
3000 984 3057 1038 in
3099 983 3405 1055 Evangelio
3436 983 3609 1038 mini-

1970 1071 2177 1122 strare.

2042 1178 2069 1206 «
2100 1161 2182 1211 Tu
2205 1161 2398 1213 autem
2424 1158 2685 1226 illum,id
2711 1164 2817 1226 est,
2836 1166 2900 1215 ut
2923 1178 3051 1217 mea
3070 1162 3293 1218 viscera
3312 1163 3610 1234 suscipe.»

1966 1244 2206 1299 Viscera
2256 1246 2590 1317 significant
2636 1248 2932 1304 internum
2983 1250 3173 1306 cordis
3220 1252 3511 1317 affectum,
3556 1255 3613 1307 et

1968 1332 2200 1404 plenam
2223 1350 2292 1389 ex
2323 1334 2519 1391 animo
2546 1335 2927 1407 voluntatem,
2951 1355 3085 1393 cum
3118 1344 3305 1395 totum
3328 1339 3613 1411 quidquid

1966 1422 2026 1476 in
2061 1423 2229 1479 nobis
2259 1427 2368 1491 est,
2398 1424 2717 1497 suscipitur
2746 1443 2780 1481 a
2808 1432 3026 1499 rogato.
3048 1427 3228 1483 Aliter
3247 1434 3465 1493 autem,
3490 1444 3614 1484 om-

1966 1526 2071 1566 nes
2102 1509 2291 1577 liberi,
2325 1510 2545 1566 viscera
2578 1517 2718 1567 sunt
2765 1513 3145 1585 intelligenda
3174 1518 3503 1585 parentum.

2038 1622 2065 1649 «
2101 1603 2283 1665 Quem
2313 1616 2421 1671 ego
2452 1600 2748 1656 volueram
2777 1618 3006 1657 mecum
3032 1604 3302 1667 retinere,
3330 1608 3394 1658 ut
3423 1620 3526 1675 pro
3557 1607 3612 1657 te

1964 1688 2110 1744 mihi
2149 1689 2504 1745 ministraret
2554 1690 2613 1745 in
2666 1691 2915 1747 vinculis
2967 1691 3280 1764 Evangelii.
3316 1714 3343 1741 »
3393 1692 3609 1748 Idcirco

1961 1777 2149 1833 filium
2182 1796 2379 1848 suum,
2414 1784 2470 1835 et
2524 1780 2714 1835 {ilium
2766 1780 3155 1848 vinculorum,
3189 1785 3245 1835 et
3276 1780 3610 1836 ministrum

1961 1867 2255 1939 Evangelii
2287 1869 2344 1923 in
2376 1868 2629 1924 vinculis
2657 1870 2982 1936 constituti,
3018 1869 3294 1937 inculcat,
3321 1874 3497 1941 atque
3527 1886 3611 1925 re-

1967 1956 2166 2029 plicat,
2191 1961 2255 2011 ut
2278 1957 2583 2013 Philemon
2615 1957 2713 2013 ille
2745 1960 3077 2030 prudenter,
3100 1964 3158 2016 et
3188 1959 3610 2030 dispensatoris

1964 2048 2194 2101 tantum
2218 2046 2277 2101 ln
2304 2047 2637 2117 praefatione
2658 2047 2954 2112 laudatus,
2978 2065 3095 2104 non
3118 2050 3358 2105 auderet
3375 2064 3609 2120 negare,

1966 2149 2037 2189 ne
2070 2134 2194 2189 suis
2224 2133 2499 2191 laudibus
2525 2136 2816 2192 videretur
2843 2136 3143 2208 indignus.

2038 2245 2065 2272 ‹‹
2098 2222 2231 2278 Sine
2261 2224 2503 2279 consilio
2536 2228 2733 2280 autem
2765 2229 2866 2280 tuo
2898 2225 3046 2280 nihil
3075 2225 3231 2281 volui
3266 2227 3493 2282 facere:
3530 2226 3613 2282 uti

1965 2326 2037 2367 ne
2066 2311 2223 2366 velut
2252 2328 2321 2367 ex
2352 2313 2698 2369 necessitate
2728 2315 2947 2369 bonum
2978 2319 3147 2370 tuum
3180 2320 3357 2383 esset,
3382 2316 3483 2370 sed
3514 2332 3611 2371 vo-

1964 2398 2307 2455 luntarium.
2334 2422 2361 2450 »
2397 2402 2589 2457 Potuit
2612 2403 2809 2473 itaque
2831 2403 3130 2475 apostolus
3153 2404 3368 2460 Paulus
3389 2404 3612 2476 absque

1963 2488 2261 2544 voluntate
2276 2489 2633 2546 Philemonis
2647 2492 2990 2546 Onesimum
3004 2492 3113 2547 sibi
3140 2494 3196 2547 in
3221 2493 3611 2549 ministerium

1964 2581 2286 2645 retentare;
2322 2580 2422 2635 sed
2454 2580 2502 2634 si
2535 2580 2643 2635 hoc
2664 2581 2789 2636 sine
2812 2581 3167 2638 Philemonis
3201 2582 3495 2639 voluntate
3528 2583 3607 2637 fe-

1964 2668 2159 2733 cisset,
2196 2668 2413 2723 bonum
2447 2669 2684 2739 quidem
2720 2674 2844 2725 erat
2875 2672 3023 2739 ejus,
3058 2672 3158 2726 sed
3199 2688 3312 2727 non
3344 2674 3610 2728 volunta-

1966 2756 2314 2820 rium.Quod
2340 2762 2532 2812 autem
2557 2775 2670 2813 non
2694 2763 2817 2813 erat
2837 2758 3253 2827 voluntarium,
3270 2759 3382 2815 alio
3400 2777 3609 2832 genere

1964 2846 2317 2917 arguebatur
2346 2862 2459 2900 non
2490 2862 2619 2902 esse
2650 2847 2892 2902 bonum.
2926 2846 3082 2902 Nihil
3124 2847 3339 2920 quippe
3388 2849 3607 2904 bonum

1965 2933 2077 2987 dici
2114 2937 2320 3003 potest,
2356 2934 2466 2989 nisi
2499 2936 2654 3005 quod
2688 2935 3015 2991 ultroneum
3052 2940 3159 2991 est.
3194 2938 3274 2992 Ex
3313 2954 3427 3007 quo
3459 2940 3610 3008 Apo-

1963 3021 2099 3078 stoli
2122 3022 2549 3077 consideranda
2574 3024 2906 3093 prudentia,
2932 3025 3031 3095 qui
3065 3025 3278 3081 idcirco
3302 3027 3609 3097 fugitivum

1970 3128 2199 3167 servum
2231 3111 2477 3165 remittit
2502 3113 2571 3166 ad
2601 3112 2928 3183 dominum,
2953 3117 3017 3167 ut
3038 3114 3222 3184 possit
3241 3115 3477 3169 domino
3504 3131 3610 3169 suo

162 3200 421 3257 Paulus
453 3200 703 3257 diceret:
736 3224 763 3252 «
792 3201 846 3256 Si
879 3201 1019 3272 quid
1046 3201 1244 3256 nocuit
1264 3201 1507 3267 tibi,aut
1530 3203 1720 3273 debet,
1746 3203 1852 3258 hoc
1902 3272 1909 3273 ί
1962 3202 2259 3272 prodesse,
2286 3200 2386 3270 qui
2412 3201 2686 3272 prodesse
2709 3218 2824 3255 non
2850 3206 3096 3273 poterat,
3122 3202 3171 3258 si
3191 3202 3429 3259 domino
3450 3206 3611 3259 tene-

163 3290 327 3347 mihi
360 3289 605 3362 imputa
637 3307 650 3346 :
705 3306 810 3362 ego
843 3290 1061 3346 Paulus
1094 3290 1304 3363 scripsi
1333 3306 1466 3346 mea
1496 3308 1673 3346 manu
1747 3308 1852 3365 ego
1884 3272 1926 3339 (ἶ
1966 3292 2125 3345 retur
2154 3290 2412 3346 absente.

164 3380 443 3437 reddam
470 3396 482 3433 :
518 3398 544 3429 ιο
582 3380 697 3435 Nec
727 3396 978 3451 sponsor
1008 3380 1089 3435 rei
1118 3380 1284 3435 fieret
1314 3380 1541 3446 ablatas,
1563 3380 1675 3437 nisi
1704 3386 1858 3437 esset

165 3470 252 3536 id,
292 3469 471 3539 quod
524 3468 789 3523 ablatum
839 3470 1048 3537 fuerat,
1092 3468 1468 3539 dissipatum.
1505 3468 1606 3523 Hic
1652 3470 1852 3541 igitur,

170 3575 322 3614 cum
356 3557 437 3612 ob
461 3556 889 3612 confessionem
916 3556 1126 3612 Christi
1155 3555 1370 3612 Paulus
1392 3558 1586 3612 Romae
1609 3563 1764 3613 esset
1793 3558 1852 3613 in

176 3662 453 3713 carcere,
486 3645 733 3701 credidit
765 3646 824 3699 in
859 3646 1172 3701 Dominum
1200 3645 1423 3712 Jesum,
1458 3650 1514 3701 et
1552 3649 1624 3701 ab
1655 3662 1722 3702 eo
1753 3649 1852 3702 ba-

180 3738 476 3810 ptizatus,
496 3736 675 3807 digna
698 3734 1041 3807 pwnitentia
1062 3734 1325 3790 maculas
1345 3735 1472 3789 vita
1495 3734 1704 3806 prioris
1729 3737 1857 3792 abs-

178 3825 371 3881 tersit
410 3841 423 3879 :
474 3824 534 3878 in
574 3828 831 3891 tantum,
863 3827 928 3878 ut
956 3824 1272 3895 Apostolus
1302 3824 1697 3879 conversionis
1726 3825 1853 3895 ejus

177 3913 369 3971 testis
396 3913 580 3978 fieret,
607 3912 707 3985 qui
735 3913 1033 3984 quondam
1063 3912 1297 3967 Petrum
1328 3912 1713 3983 increpuerat,
1740 3930 1851 3969 non

176 4008 351 4059 recto
380 4002 530 4074 pede
554 4002 613 4056 in
645 4000 938 4074 Evangelii
967 4000 1207 4058 veritate
1231 4001 1594 4073 gradientem
1618 4001 1756 4073 (Gal.
1793 4019 1851 4073 II,

180 4094 297 4161 11).
327 4094 639 4158 Quantum
665 4090 843 4162 igitur
866 4090 937 4145 ad
961 4095 1285 4161 peccatum,
1308 4094 1364 4145 et
1384 4092 1455 4146 ad
1479 4090 1705 4146 facinus
1730 4107 1855 4163 per-

172 4182 363 4249 tinet,
398 4180 559 4251 quod
592 4178 862 4234 homines
893 4178 1130 4246 laeserit,
1152 4179 1379 4235 veniam
1413 4196 1528 4235 non
1561 4185 1849 4250 meretur;

168 4274 489 4344 quantum
516 4285 650 4325 vero
669 4269 737 4324 ad
752 4268 1010 4339 Apostoli
1030 4269 1459 4336 testimonium,
1473 4269 1573 4341 qui
1589 4270 1700 4326 scit
1716 4286 1851 4326 eum

168 4362 360 4433 plene
418 4374 552 4414 esse
601 4373 969 4425 conversum,
1003 4358 1209 4429 grandi
1250 4359 1506 4429 pondere
1543 4361 1848 4431 premitur,

167 4450 279 4523 qui
319 4450 596 4520 rogatur,
620 4450 685 4501 ut
714 4445 814 4517 qui
846 4446 916 4500 de
947 4461 1111 4501 servo
1134 4446 1371 4517 fugitivo
1394 4450 1569 4517 atque
1600 4454 1849 4521 raptore,

167 4539 476 4596 minister
506 4533 769 4606 Apostoli
800 4534 989 4590 factus
1020 4538 1162 4589 erat.
1205 4534 1388 4605 (Quod
1445 4540 1641 4591 autem
1691 4537 1847 4593 aliud

2040 3399 2067 3428 «
2100 3378 2361 3433 Forsitan
2386 3378 2513 3433 ideo
2530 3378 2816 3434 discessit.
2838 3401 2863 3427 ››
2887 3378 3130 3434 Pulchre
3148 3383 3345 3434 autem
3367 3380 3609 3447 addens,

1964 3490 1993 3519 ‹‹
2029 3468 2293 3536 forsitan,
2325 3489 2354 3517 ››
2400 3469 2748 3524 sententiam
2798 3468 3164 3540 temperavit.
3196 3468 3430 3524 Occulta
3474 3473 3612 3525 sunt

1965 3557 2180 3628 quippe
2200 3556 2428 3627 judicia
2448 3557 2571 3624 Dei,
2588 3561 2645 3611 et
2666 3557 3040 3612 temerarium
3066 3561 3154 3613 est
3174 3559 3341 3629 quasi
3364 3559 3434 3613 de
3455 3562 3608 3614 certo

1965 3646 2363 3717 pronuntiare,
2389 3646 2544 3717 quod
2570 3645 2813 3700 dubium
2834 3651 2940 3701 est.
2972 3669 2999 3695 «
3026 3646 3313 3717 Forsitan,
3340 3668 3367 3696 »
3394 3648 3606 3718 inquit,

1965 3758 1994 3786 ‹‹
2026 3735 2153 3789 ideo
2185 3734 2476 3801 discessit,
2508 3757 2527 3783 υ
2565 3738 2755 3801 caute,
2778 3734 3377 3806 timide,trepidando,
3404 3741 3461 3791 et
3492 3753 3607 3791 non

1964 3827 2151 3877 totum
2177 3823 2286 3876 ﬁxo
2309 3824 2516 3894 gradu,
2542 3839 2636 3887 ne,
2660 3823 2709 3876 si
2742 3834 2857 3877 non
2888 3826 3200 3893 posuisset,
3228 3846 3255 3873 «
3291 3825 3553 3893 forsitan,
3580 3848 3608 3875 »

1965 3910 2242 3967 omnibus
2273 3911 2453 3966 servis
2477 3910 2822 3982 fugiendum
2847 3916 3018 3978 esset,
3045 3915 3107 3965 ut
3128 3913 3387 3983 Apostoli
3410 3916 3611 3969 tierent

1964 4000 2107 4055 disci
2117 3999 2261 4071 puli.

2036 4112 2063 4139 ‹‹
2098 4090 2183 4144 Ad
2213 4088 2419 4144 horam
2463 4105 2497 4143 a
2536 4092 2610 4142 te.
2647 4110 2669 4139 ι
2708 4087 2870 4151 Quod
2905 4092 3121 4157 autem,
3160 4108 3181 4136 α
3214 4090 3285 4144 ad
3317 4089 3543 4157 horam,
3582 4114 3602 4143 ι

1954 4178 2174 4249 junxit,
2208 4177 2412 4233 horam
2454 4193 2557 4248 pro
2604 4181 2866 4248 tempore
2895 4177 3177 4232 debemus
3206 4178 3487 4250 accipere.
3520 4180 3607 4234 Ad

1962 4267 2463 4339 comparationem
2518 4266 2674 4321 enim
2727 4266 3086 4334 aeternitatis,
3142 4283 3314 4322 omne
3360 4270 3605 4339 tempus

1961 4358 2129 4414 breve
2178 4361 2285 4411 est.

2034 4470 2061 4497 ‹‹
2096 4447 2168 4502 Ut
2189 4450 2470 4500 aeternum
2495 4444 2661 4499 illum
2685 4444 2972 4517 reciperes
2995 4462 3008 4501 ε
3030 4446 3156 4516 jam
3182 4463 3294 4501 non
3318 4444 3471 4502 sicut
3492 4463 3606 4502 ser-

1959 4552 2119 4604 vum,
2142 4536 2242 4590 sed
2277 4551 2380 4605 pro
2410 4549 2576 4588 servo
2607 4533 3021 4590 charissimum
3054 4535 3362 4590 fratrem.»
3396 4534 3607 4591 Nullus

167 4628 459 4685 habebat
485 4622 798 4695 Apostolus
824 4622 1369 4693 ministerium,nisi
1387 4623 1676 4696 Evangelii
1693 4626 1854 4682 Chri-
1882 4640 1929 4705 D
1962 4629 2213 4681 aeternus
2235 4624 2515 4678 dominus
2536 4622 2687 4677 servi
2719 4624 2831 4677 sui.
2856 4624 3120 4679 Potestas
3142 4624 3357 4695 quippe
3378 4625 3529 4694 ejus,
3552 4629 3609 4679 et

170 4718 251 4774 sti
289 4717 452 4773 Jesu
476 4713 541 4782 ‘2)
568 4714 701 4768 Jam
734 4729 850 4767 non
890 4713 1056 4783 quasi
1107 4729 1141 4767 a
1187 4712 1453 4779 Domino,
1488 4716 1589 4769 sed
1620 4716 1788 4787 quasi
1819 4733 1853 4771 a

171 4819 512 4868 conservo,
567 4805 624 4857 et
676 4801 1121 4873 coevangelista,
1174 4802 1574 4873 ignosceretur
1625 4805 1697 4873 ei,
1748 4808 1850 4875 qui

174 4910 412 4952 servus
445 4894 605 4947 esset
636 4889 847 4945 Christi
879 4890 1169 4957 similiter,
1202 4893 1258 4945 et
1286 4889 1571 4948 minister.

249 5006 282 5033 ‹‹
324 4982 594 5037 Obsecro
616 4984 670 5035 te
703 4994 805 5050 pro
838 4995 965 5034 meo
998 4979 1137 5045 lilio,
1161 4996 1336 5051 quem
1356 4982 1527 5050 genui
1558 4982 1617 5036 in
1649 4982 1849 5037 vincu-

171 5074 278 5142 lis,
301 5068 617 5128 Onesimo.
639 5089 666 5117 »
692 5066 904 5123 Volens
926 5068 1237 5140 impetrare
1259 5069 1410 5140 quod
1436 5071 1850 5141 postulat,jam

1334 5159 1363 5176 η

1963 4714 2273 4782 utriusque
2304 4710 2580 4779 conditio,
2614 4714 2800 4765 morte
2842 4711 3063 4767 ﬁnitur.
3096 4711 3409 4766 Onesimus
3453 4728 3607 4780 vero,

1960 4803 2057 4873 qui
2091 4819 2159 4857 ex
2191 4800 2303 4854 fide
2334 4798 2550 4855 Christi
2583 4798 2769 4854 factus
2798 4802 3051 4856 aeternus
3081 4804 3189 4866 est,
3224 4805 3439 4855 zeterno
3472 4801 3611 4855 Phi-

1961 4890 2201 4956 lemoni,
2226 4888 2365 4960 quia
2396 4888 2456 4942 in
2478 4886 2774 4943 Christum
2797 4891 2853 4942 et
2882 4888 3008 4961 ipse
3030 4888 3377 4955 crediderat,
3401 4890 3612 4961 spiritu

1960 4979 2252 5039 libertatis
2284 4982 2538 5050 accepto,
2556 4978 2682 5048 jam
2715 4993 2830 5032 non
2861 4995 3066 5037 servus
3100 4977 3203 5033 sed
3239 4978 3418 5031 frater
3448 4979 3621 5049 coepit

1959 5089 2111 5138 esse,
2144 5069 2217 5123 de
2265 5083 2450 5139 servo,
2484 5069 2661 5123 frater
2688 5065 3104 5135 charissimus,
3141 5065 3317 5120 frater
3347 5069 3624 5131 aeternus,

1963 5167 2176 5188 ...ι-..υ-Λ
2209 5160 2262 5188 ηι
2294 5155 2403 5188 ina;
2445 5154 2709 5188 Ληηαιηιη
2755 5155 3120 5188 Ᾱητνιξκσυηηη
3156 5169 3262 5188 nun
3308 5153 3397 5188 nn;
3434 5155 3632 5188 Πηηοῖ,
