3976 5348
218 356 330 421 725

789 359 1205 424 EXPOSITIO
1249 362 1324 422 IN
1374 358 1800 423 EPISTOLAS
1847 360 2102 422 PAULI.
2136 392 2212 406 -
2240 360 2319 422 IN
2365 361 2612 424 EPIST.
2662 362 2764 422 AD
2814 360 3047 422 HEBR.

3504 358 3625 420 726

215 508 501 550 memores
522 496 704 549 estote
724 493 1089 550 vinculorum
1116 512 1400 551 meorum.
1424 514 1450 546 ιι
1481 495 1537 549 Si
1563 498 1759 549 autem
1790 508 1855 547 ex
1890 496 1934 561 Α
1971 497 2182 548 vestro.
2220 517 2246 543 »
2279 495 2421 550 Cum
2455 495 2608 551 enim
2634 495 2693 549 in
2742 494 2949 566 spiritu
2992 492 3176 564 gratia
3208 492 3405 549 divina
3429 491 3625 558 fuerit,

214 600 276 638 eo
308 582 523 655 aliquis
556 600 671 637 non
696 588 859 655 putat
887 583 1104 656 pariter
1126 584 1553 657 scriptas,quod
1588 584 1658 637 ad
1682 582 1872 638 Colos-

214 688 413 728 senscs
449 688 633 744 pauca
673 672 792 726 sint
842 672 1098 740 nomina,
1152 690 1275 745 quae
1321 674 1413 727 hic
1464 690 1578 727 non
1612 674 1872 727 ferantur

213 761 485 832 ascripta,
520 761 665 815 sciat
688 778 800 816 non
836 779 1040 816 omnes
1066 764 1341 819 omnibus
1363 768 1465 817 aut
1491 763 1711 818 amicos
1742 776 1871 815 esse

209 855 309 905 aut
337 856 507 905 notos
535 874 549 916 ;
582 855 638 905 et
669 850 826 905 aliud
887 852 1170 923 privatam
1206 853 1276 907 ad
1333 869 1517 907 unum
1548 850 1867 918 hominem,

209 938 366 992 aliud
401 938 697 1009 publicam
724 940 793 993 ad
830 940 1161 996 universam
1196 941 1513 996 Ecclesiam
1544 938 1868 1011 Epistolam

211 1026 354 1080 fieri.
388 1026 495 1089 Qui
539 1028 614 1082 sit
667 1033 860 1082 autem
910 1030 1234 1101 Epaphras,
1280 1030 1652 1101 concaptivus
1684 1026 1867 1086 Pauli,

205 1131 271 1170 ex
303 1132 369 1170 eo
400 1116 555 1187 quod
589 1117 682 1171 hic
732 1118 997 1173 additum
1048 1122 1159 1181 est,
1200 1143 1218 1166 α
1275 1119 1332 1172 in
1380 1119 1609 1173 Christo
1638 1119 1803 1187 Jeeu,
1841 1138 1867 1164 ››

200 1220 527 1275 possumus
561 1204 846 1277 suspicari
881 1208 1080 1262 eadem
1110 1225 1243 1263 eum
1288 1208 1481 1262 Romae
1514 1224 1615 1279 pro
1642 1206 1868 1261 Christo

197 1292 435 1347 vincula
451 1294 966 1366 sustinuisse,quze
995 1296 1243 1351 Paulus:
1274 1302 1331 1351 et
1351 1297 1607 1351 vinctum
1632 1295 1865 1361 Christi,

196 1380 280 1436 ita
314 1382 613 1453 captivum
666 1401 898 1456 quoque
930 1386 1059 1456 ejus
1116 1386 1373 1456 potuisse
1404 1385 1538 1440 dici.
1574 1388 1687 1439 Aut
1716 1389 1867 1439 certe

195 1471 277 1526 ita
310 1472 465 1542 quod
499 1471 713 1527 nobilis
745 1478 800 1528 et
844 1474 968 1545 ipse
1001 1474 1075 1529 sit
1104 1474 1161 1529 in
1206 1473 1504 1545 apostolis,
1551 1479 1615 1528 ut
1643 1474 1865 1527 Andro-

195 1560 372 1615 nicus
404 1565 459 1615 et
515 1562 693 1625 Julia,
729 1563 797 1617 de
829 1563 1044 1632 quibus
1075 1564 1144 1617 ad
1180 1564 1471 1618 Romanos
1500 1580 1512 1617 :
1551 1585 1577 1610 »
1606 1562 1867 1618 Salutate

193 1649 603 1704 Andronicum
658 1655 714 1705 et
768 1650 986 1706 Juliam
1049 1658 1325 1723 cognatos
1384 1657 1439 1705 et
1496 1652 1865 1723 concaptivos

192 1755 385 1806 meos,
421 1739 521 1809 qui
557 1745 699 1793 sunt
721 1740 944 1795 nobiles
978 1740 1034 1793 in
1063 1740 1362 1812 apostolis,
1398 1740 1496 1812 qui
1529 1745 1583 1796 et
1613 1745 1745 1795 ante
1773 1757 1865 1795 me

193 1828 437 1932 fuerunt
459 1828 517 1882 in
543 1828 772 1883 Christo
798 1832 974 1899 (Rom.
1000 1847 1114 1894 xvr,
1141 1830 1216 1900 7).
1250 1852 1276 1877 ››
1311 1830 1435 1884 Haec
1466 1831 1537 1885 de
1568 1829 1860 1901 Epaphra.
1896 1869 1941 1932 Β

192 1916 485 1972 Caeterum
546 1922 952 1988 cooperatores
1010 1918 1325 1990 Evangelii,
1386 1922 1441 1973 et
1498 1918 1890 1976 vinculorum.

201 2020 477 2076 suorum,
528 2022 660 2061 cum
713 2008 782 2061 ad
838 2006 1235 2063 Philemonem
1287 2006 1605 2079 Epistolam
1646 2008 1861 2062 scribe-

198 2098 316 2161 ret,
345 2093 605 2149 Marcum
648 2094 835 2166 ponit,
886 2112 1059 2167 quem
1110 2100 1248 2167 puto
1299 2095 1589 2167 Evangelii
1621 2096 1861 2167 scripto-

200 2198 331 2237 rem
355 2184 1241 2256 (1384),etAristarchum,cujus
1261 2202 1437 2256 supra
1452 2185 1694 2239 fecimus
1709 2202 1864 2239 men-

196 2268 448 2340 tionem)
480 2274 536 2325 et
566 2274 827 2336 Demam,
864 2272 933 2326 de
964 2288 1078 2343 quo
1109 2272 1165 2327 in
1201 2272 1312 2328 alio
1342 2272 1466 2327 loco
1498 2273 1674 2327 dicit:
1708 2296 1734 2321 ‹‹
1762 2273 1865 2327 De-

196 2373 335 2413 mas
369 2375 460 2413 me
492 2359 803 2431 dereliquit
824 2360 904 2428 (II
932 2362 1068 2417 Tim.
1093 2379 1166 2429 IV,
1199 2362 1277 2433 9),
1302 2384 1328 2411 »
1352 2366 1407 2427 et
1439 2362 1653 2417 Lucam
1688 2362 1864 2415 medi-

192 2462 364 2516 cum,
399 2448 499 2518 qui
534 2448 908 2521 Evangelium
944 2453 999 2504 et
1030 2453 1194 2505 actus
1226 2450 1621 2521 apostolorum
1674 2450 1863 2505 Eccle-

196 2534 310 2590 siis
344 2536 652 2591 scribendo
682 2537 942 2592 tradidit.
999 2540 1297 2602 Quomodo
1347 2539 1501 2595 enim
1536 2540 1802 2610 apostoli,
1835 2556 1865 2593 e

197 2623 598 2693 piscatoribus
614 2624 795 2697 pisciu
808 2627 1211 2697 m,piscatores
1229 2628 1529 2683 hominum
1550 2629 1677 2684 facti
1696 2632 1862 2695 sunt;

196 2712 286 2766 ita
313 2712 427 2776 hic,
462 2713 531 2768 de
564 2715 789 2769 medico
846 2731 1181 2786 corporum,
1244 2717 1301 2769 in
1338 2718 1628 2771 medicum
1662 2735 1865 2773 versus

204 2806 302 2856 est
335 2802 692 2867 animarum,
726 2804 794 2857 de
828 2820 941 2874 quo
975 2808 1031 2858 et
1078 2804 1134 2857 in
1160 2804 1271 2858 alio
1305 2805 1428 2859 loco
1462 2805 1636 2860 dicit:
1673 2830 1697 2855 ‹‹
1734 2806 1865 2861 Misi

197 2907 343 2945 cum
376 2890 475 2944 illo
512 2890 771 2961 fratrem,
803 2893 973 2961 cujus
1031 2891 1161 2947 laus
1192 2896 1279 2947 est
1332 2893 1391 2947 in
1423 2893 1733 2965 Evangelio
1768 2911 1867 2965 per

197 2994 415 3033 omnes
445 2976 732 3034 Ecclesiae
782 2980 875 3049 (II
926 2980 1044 3035 Cor.
1106 2998 1225 3049 vm,
1274 2981 1400 3051 18);
1461 3003 1489 3030 »
1521 2983 1689 3051 cujus
1722 2982 1869 3038 liber

201 3066 674 3137 quotiescunque
708 3067 920 3141 legitur
950 3069 1007 3124 in
1042 3069 1494 3140 Ecclesia,toties
1526 3072 1653 3141 ejus
1680 3072 1863 3125 medi-

197 3156 339 3211 cina
368 3172 483 3209 non
517 3161 722 3211 cessat.

285 3263 308 3291 ι
334 3245 532 3299 Gratia
557 3245 786 3300 Domini
816 3246 1001 3303 nostri
1050 3247 1188 3302 Jesu
1229 3247 1437 3302 Christi
1485 3263 1618 3302 cum
1651 3247 1859 3319 spiritu
1890 3231 1934 3298 C

1978 585 2164 637 totum
2181 582 2475 638 hominem
2504 585 2643 639 facit
2661 581 3373 656 spiritalem,utadha3reat
3384 582 3628 637 Domino

1979 676 2171 726 mente
2202 678 2258 727 et
2288 689 2547 743 corpore,
2569 676 2625 728 et
2657 672 2967 743 impleatur
2986 672 3045 727 in
3077 688 3142 726 eo
3164 671 3318 742 quod
3344 671 3627 741 scriptum

1980 765 2103 814 est:
2170 782 2196 812 α
2252 760 2359 823 Qui
2418 761 2673 816 adhaeret
2722 762 2982 829 Domino,
3043 777 3197 815 unus
3243 759 3483 831 spiritus
3541 761 3631 813 est

1979 849 2024 919 (Ι
2059 848 2177 905 Cor.
2237 868 2312 915 vi,
2377 852 2546 921 17).»
2601 851 3020 922 Interpretatur
3077 854 3270 905 autem
3302 848 3627 904 secundum

1981 939 2267 1005 Hebraeos,
2315 938 2531 993 Paulus
2587 939 2986 994 admirabilis:
3048 938 3409 1005 Timotheus,
3453 938 3631 992 bene-

1982 1028 2165 1082 ficus:
2226 1028 2548 1095 Philemon,
2611 1028 2756 1084 mire
2804 1029 3075 1094 donatus,
3137 1028 3259 1083 sive
3314 1044 3379 1083 os
3436 1026 3627 1099 panis,

1979 1116 2050 1171 ab
2082 1133 2197 1181 ore,
2232 1134 2345 1171 non
2379 1118 2450 1171 ab
2500 1134 2667 1183 osse;
2700 1118 2903 1189 Appia,
2956 1117 3279 1182 continens,
3324 1122 3425 1171 aut
3455 1114 3631 1171 liber-

1979 1208 2065 1258 tas
2092 1223 2103 1271 ;
2123 1206 2471 1277 Archippus,
2493 1206 2792 1277 longitudo
2811 1206 3031 1276 operis;
3055 1205 3631 1276 Onesimus,reepon-

1977 1295 2159 1348 dens:
2210 1294 2527 1364 Epaphras,
2589 1295 2850 1365 frugifer,
2910 1299 2987 1359 et,
3033 1294 3258 1359 videns,
3320 1294 3462 1357 sive,
3494 1309 3625 1348 suc-

1977 1398 2279 1448 crescens;
2318 1384 2567 1447 Marcus,
2592 1383 2865 1438 sublimis
2899 1384 3173 1438 mandato
3200 1381 3627 1450 ;Aristarchus,

1978 1488 2146 1525 mons
2176 1472 2367 1543 operis
2399 1472 2735 1543 amplioris;
2772 1473 3003 1541 Demas,
3037 1472 3255 1539 silens;
3292 1470 3630 1541 Lucas,ipse

1976 1576 2356 1631 consurgens.
2391 1563 2523 1626 Qua:
2558 1562 2775 1628 omnia,
2810 1562 2859 1616 si
2891 1562 3064 1632 juxta
3092 1561 3629 1633 interpretationem

1976 1666 2142 1703 suam
2173 1650 2528 1704 voluerimus
2560 1650 2902 1721 intelligere,
2927 1668 3043 1705 non
3074 1654 3161 1705 est
3184 1649 3417 1705 difﬁcile
3448 1648 3635 1703 admi-

1976 1738 2241 1805 rabilem,
2266 1743 2439 1811 atque
2462 1740 2785 1794 beneficum
2804 1739 3088 1811 praecipue
3110 1740 3181 1794 ad
3195 1756 3328 1793 eum
3353 1738 3629 1805 scribere,

1975 1828 2065 1882 cui
2096 1827 2365 1882 universa
2396 1845 2671 1884 concessa
2702 1832 2839 1883 sunt
2888 1828 3045 1893 vitia,
3089 1831 3144 1882 et
3187 1844 3250 1882 os
3280 1830 3404 1896 ejus
3436 1831 3630 1899 pateat

1975 1918 2047 1971 ad
2080 1916 2372 1972 cmlestem
2404 1917 2861 1989 panem.Deinde
2884 1917 2953 1971 ad
2978 1916 3393 1983 continentem,
3418 1920 3473 1970 et
3491 1916 3632 1971 libe-

1975 2023 2123 2071 ram,
2153 2010 2209 2060 et
2239 2007 2306 2061 ad
2341 2006 2767 2077 longitudinem
2817 2006 3045 2077 operis;
3080 2006 3234 2076 quod
3266 2021 3570 2076 nunquam
3599 2022 3633 2061 a

1975 2100 2176 2150 sancto
2207 2094 2402 2149 labore
2450 2094 2711 2150 desistat.
2737 2094 2967 2150 Scribat
3013 2098 3207 2149 autem
3258 2110 3361 2165 pro
3409 2110 3495 2161 eo,
3531 2094 3631 2164 qui

1976 2184 2326 2255 respondeat
2354 2183 2689 2238 testimonio
2740 2200 2867 2251 suo,
2916 2199 3137 2237 necnon
3187 2198 3344 2247 eum,
3377 2182 3469 2237 cui
3499 2198 3627 2252 spe-

1976 2271 2198 2327 cialiter
2225 2271 2482 2342 Epistola
2513 2272 2836 2336 dedicatur,
2860 2270 3099 2325 salutari
3125 2272 3196 2325 ab
3223 2271 3486 2326 ubertate
3507 2286 3627 2325 cre-

1976 2364 2191 2415 scente.
2225 2360 2293 2415 Et
2324 2375 2411 2424 eo,
2437 2359 2533 2430 qui
2560 2360 2746 2415 factus
2770 2360 2846 2414 sit
2867 2374 2969 2430 per
2992 2360 3267 2414 mandata
3297 2358 3628 2424 sublimior,

1976 2448 2215 2520 illoque,
2240 2449 2340 2519 qui
2364 2465 2466 2519 per
2488 2449 2713 2517 majora
2734 2464 2907 2519 opera
2930 2448 2984 2501 in
3014 2452 3273 2503 montem
3296 2462 3483 2518 usque
3501 2465 3633 2502 suc-

1976 2526 2237 2608 creverit,
2266 2538 2337 2592 ab
2360 2554 2426 2592 eo
2450 2537 2809 2608 quoque,qui
2833 2537 3028 2607 posuit
3045 2536 3370 2591 custodiam
3395 2536 3480 2591 ori
3503 2553 3634 2601 suo,

1976 2632 2031 2681 et
2058 2626 2272 2681 ostium
2302 2626 2595 2680 munitum
2630 2625 2800 2680 labiis
2825 2626 2949 2681 suis
2975 2644 2986 2680 :
3022 2626 3121 2696 qui
3145 2625 3360 2679 idcirco
3393 2624 3633 2680 forsitan

1975 2715 2181 2784 tacuit,
2204 2716 2343 2785 quia
2362 2716 2432 2769 ad
2448 2715 2743 2769 modicum
2767 2714 3112 2786 Apostolum
3128 2713 3539 2784 dereliquerat.
3569 2716 3636 2769 Et

1977 2804 2047 2858 ad
2080 2807 2400 2857 extremum
2435 2803 2505 2857 ab
2564 2818 2652 2869 eo,
2706 2803 2802 2873 qui
2866 2820 2968 2874 per
3014 2818 3076 2857 se
3119 2803 3243 2874 ipse
3274 2819 3633 2873 consurgens

1978 2892 2235 2963 quotidie
2256 2895 2556 2962 augeatur,
2585 2907 3007 2962 processusque
3028 2892 3258 2956 habeat,
3281 2892 3422 2946 dum
3456 2892 3634 2946 Evan-

1977 2980 2126 3051 gelio
2158 2980 2285 3049 ejus
2317 2979 2474 3034 orbis
2503 2979 2801 3050 impletur,
2830 2980 2930 3051 qui
2962 2980 3132 3035 toties
3164 2980 3371 3035 crescit
3401 2980 3630 3051 quoties

1978 3068 2216 3123 auditus
2246 3067 2333 3123 vel
2363 3067 2549 3123 lectus
2580 3067 2775 3122 fuerit.

1975 3158 2220 3226 Explicit
2276 3158 2355 3212 ad
2412 3158 2781 3212 Philemonem
2834 3158 3037 3226 scripta
3091 3160 3159 3211 ab
3216 3160 3403 3213 Roma.
3466 3140 3632 3213 Ηαὸἕι

2598 3261 2788 3301 versus
2807 3262 2995 3300 XXXIV.

277 3369 461 3440 (1384)
494 3370 621 3444 Haec
652 3371 767 3444 divi
799 3372 1132 3444 Hieronymi
1166 3376 1324 3428 sunt.
1359 3372 1504 3428 Vide
1535 3378 1733 3429 tamen
1764 3389 1891 3444 quae
1942 3372 2014 3428 ad
2071 3371 2288 3427 Coloss.
2320 3371 2391 3426 de
2426 3370 2535 3426 hoc
2584 3371 2797 3438 Marco,
2833 3370 2952 3426 sive
2992 3372 3234 3441 Joanne,
3269 3371 3485 3438 Marco,
3516 3369 3629 3426 alio

195 3440 278 3494 ab
311 3440 669 3512 evangelista
700 3440 1131 3499 adnotavimus.

1141 3674 1756 3769 EPISTOLA
1824 3675 1990 3768 AD
2062 3675 2715 3768 HEBR/EOS.

1258 3924 1517 3982 INCIPIT
1557 3924 2023 3981 CAPITULATIO
2064 3928 2160 3979 AD
2199 3924 2568 3980 HEBRIEOS.

277 4049 328 4101 1.
364 4046 510 4113 Quia
540 4046 597 4101 in
631 4047 968 4103 novissimis
1001 4048 1209 4103 diebus
1239 4050 1409 4105 Pater
1440 4051 1517 4105 sit
1547 4049 1777 4105 locutus
1809 4048 1867 4103 in
1899 4051 1945 4115 D
1968 4048 2381 4119 jurejurando,
2411 4048 2567 4118 quod
2601 4049 2753 4103 sicut
2784 4049 3097 4103 anchoram
3129 4050 3446 4105 habemus:
3478 4055 3534 4106 et
3563 4053 3633 4108 de

192 4134 387 4190 Filio:
424 4135 521 4206 qui
554 4135 851 4208 splendor,
898 4141 953 4191 et
1011 4138 1199 4209 ﬁgura
1242 4139 1581 4193 substantia:
1614 4139 1763 4194 sedit
1792 4138 1863 4193 ad

192 4224 498 4279 dexteram
526 4243 539 4279 :
574 4224 781 4279 melior
814 4224 1037 4297 angelis
1068 4226 1327 4283 effectus.

273 4313 326 4365 2.
352 4312 726 4367 Observanda
749 4330 875 4384 quae
901 4314 1335 4384 audivimus,ne
1354 4317 1496 4371 forte
1515 4316 1859 4371 efﬂuamus:

190 4405 257 4455 et
282 4400 420 4471 quia
439 4401 613 4456 Jesus
638 4401 865 4455 modico
894 4418 1071 4472 quam
1096 4404 1285 4475 angeli
1308 4405 1636 4459 minoratus
1658 4409 1747 4459 est
1772 4420 1785 4458 :
1807 4408 1864 4459 et

191 4506 320 4544 non
355 4490 754 4544 confundetur
777 4491 982 4545 fratres
1005 4508 1227 4559 vocare,
1260 4498 1324 4546 ut
1356 4508 1456 4563 per
1486 4498 1733 4547 mortem
1766 4493 1863 4546 de-

194 4583 459 4634 strueret
488 4578 811 4643 diabolum,
842 4584 899 4633 et
931 4580 1091 4635 ﬁeret
1120 4581 1307 4636 ﬁdelis
1341 4582 1614 4653 pontifex.

279 4668 332 4721 3.
395 4667 465 4722 Ut
513 4668 950 4722 consideremus
1002 4668 1361 4740 Apostolum,
1408 4674 1465 4723 et
1526 4671 1864 4723 Pontilicem

196 4758 436 4827 Jeeum,
468 4757 566 4827 qui
602 4755 790 4811 ﬁdelis
849 4762 956 4822 est,
992 4758 1145 4812 sicut
1192 4762 1415 4830 Moyses
1469 4759 1526 4812 in
1558 4760 1731 4812 domo
1770 4775 1781 4812 :
1811 4763 1867 4812 et

196 4845 383 4903 hodie
416 4846 463 4899 si
494 4862 689 4901 vocem
715 4847 841 4916 ejus
880 4847 1182 4902 audieritis
1207 4865 1219 4902 :
1243 4851 1299 4901 et
1337 4852 1401 4902 ut
1434 4848 1773 4915 timeamus,
1796 4862 1867 4901 ne

200 4936 357 4990 forte
388 4935 783 4990 exacerbando
814 4953 929 4991 non
962 4936 1248 4992 intremus
1281 4937 1339 4992 in
1366 4937 1649 5007 requiem.

281 5024 333 5077 4.
367 5023 449 5079 De
478 5023 680 5095 requie
731 5024 1004 5081 Sabbati:
1056 5031 1114 5083 et
1166 5026 1303 5097 quia
1347 5026 1557 5081 iterum
1590 5024 1867 5081 terminat

200 5113 367 5169 diem
394 5130 405 5167 :
441 5116 496 5167 et
521 5113 686 5169 vivus
718 5117 805 5167 est
834 5130 1019 5169 sermo
1054 5118 1175 5173 Deo
1202 5130 1214 5168 :
1250 5120 1306 5170 et
1336 5116 1435 5189 qui
1462 5116 1636 5171 Jesus
1668 5114 1866 5168 Ponti-

130 5266 141 5273 .
204 5202 305 5257 fex
336 5218 590 5275 magnus
623 5218 951 5273 compassus
977 5212 1073 5265 est
1109 5204 1301 5259 nobis.

1976 4135 2533 4205 Melchisedech,ubi
2553 4137 2807 4192 occurrit
2822 4137 3064 4192 Abrahae
3085 4156 3097 4193 :
3119 4139 3441 4193 secundum
3461 4142 3632 4210 cujus

1973 4226 2368 4281 sacerdotium
2399 4226 2576 4281 Jesus
2636 4226 2916 4281 innocens
2972 4225 3314 4298 impollutus
3344 4232 3541 4283 manet
3571 4228 3630 4283 in
3658 4210 3661 4231 ⁸

1969 4320 2275 4370 aeternum.

2045 4406 2098 4457 7.
2133 4403 2278 4467 Quia
2307 4403 2453 4458 nihil
2485 4404 2555 4458 ad
2591 4403 2909 4475 perfectum
2934 4403 3175 4459 adduxit
3200 4404 3327 4460 lex:
3360 4410 3417 4460 et
3447 4405 3518 4461 de
3544 4411 3631 4462 ta-

1978 4492 2291 4547 bernaculo
2320 4508 2454 4547 vero
2480 4509 2492 4546 :
2527 4494 2759 4563 etquod
2795 4492 2912 4548 ait:
2947 4495 3087 4549 Ecce
3118 4494 3243 4549 dies
3262 4496 3521 4550 veniunt.

2045 4582 2097 4635 8.
2133 4581 2211 4633 De
2269 4581 2669 4647 tabernaculo,
2720 4586 2776 4636 et
2806 4600 2931 4652 qua:
2989 4582 3047 4636 in
3099 4582 3225 4653 ipso
3269 4583 3540 4638 fuerunt:
3574 4588 3633 4639 et

1980 4670 2117 4741 quia
2146 4687 2257 4723 non
2292 4670 2534 4741 sanguis
2566 4670 2881 4739 hircorum,
2906 4674 3005 4726 sed
3038 4672 3279 4741 sanguis
3297 4672 3437 4726 Jesu
3461 4689 3632 4727 mun-

1977 4759 2075 4813 dat
2107 4758 2427 4825 credentes,
2461 4763 2519 4814 et
2550 4758 2673 4813 sine
2704 4760 2990 4829 sanguine
3021 4776 3138 4813 non
3171 4760 3237 4812 tit
3268 4760 3557 4814 remissio.

2045 4849 2099 4901 9.
2133 4846 2276 4911 Quia
2309 4862 2423 4901 non
2455 4848 2513 4902 in
2547 4846 2897 4903 manufactis
2930 4846 3196 4902 introibit
3226 4848 3420 4913 Jesus,
3442 4848 3542 4902 sed
3573 4848 3635 4902 in

1976 4936 2212 5005 ccelum,
2273 4936 2779 4993 consummatione
2834 4936 3230 4993 saeculorum:
3290 4941 3345 4990 et
3394 4935 3534 5006 quia
3579 4937 3641 4990 in

1975 5024 2263 5100 legalibus
2294 5024 2507 5085 hostiis
2536 5028 3014 5085 commemoratio
3065 5021 3269 5090 fuerit,
3295 5040 3412 5079 non
3441 5037 3648 5077 emun-

1976 5117 2133 5174 datio
2167 5120 2581 5188 peccatorum:
2618 5120 2673 5169 et
2699 5115 2851 5183 quod
2904 5117 3022 5173 ait:
3076 5108 3382 5177 Hostiam,
3412 5114 3469 5163 et
3496 5107 3653 5163 obla-

1974 5208 2195 5263 tionem
2226 5202 2493 5265 noluisti.

2055 5297 2118 5318 ιιι
2172 5292 2309 5318 n..:..
2350 5311 2429 5318 ..-κ
2532 5289 2744 5318 n1...:..4:
2797 5294 3067 5318 ..-ιμμηκ
3116 5282 3187 5318 υἷι
3218 5301 3233 5313 ο
3308 5294 3355 5318 ..ι
3387 5288 3453 5318 ιιι-ι
3485 5284 3671 5318 Ἀβδη-
