3976 5348
370 383 486 439 ’727
1399 381 1732 444 ATTONIS
1776 380 2357 443 VERCELLENSIS
2405 380 2751 442 EPISCOP]
3661 385 3761 443 "128

449 514 532 568 11.
568 518 644 567 De
677 514 787 569 fide
814 518 1147 570 sanctorum
1172 515 1669 589 peregrinantium
1692 515 1750 569 in
1774 520 1947 581 terra,
1967 516 2024 568 et
2052 519 2106 585 Α
2137 514 2207 568 ad
2242 515 2538 569 ardentem
2571 518 2847 583 montem,
2884 515 2982 570 sed
3019 513 3089 569 ad
3133 514 3267 571 Sion
3302 512 3689 583 accessimus;
3720 524 3764 573 et

375 603 838 675 exspectantium
872 603 1187 661 civitatem.
2137 620 2250 658 non
2283 609 2731 659 contemnamus
2762 605 2832 658 de
2864 604 3005 659 coelo
3037 603 3407 676 loquentem.

449 694 535 747 12.
570 697 647 748 De
677 692 1173 761 tribulationibus,
1236 699 1293 749 et
1336 695 1623 750 mortibus
1665 699 2027 761 sanctorum,
2211 695 2295 748 14.
2330 693 2400 748 Ut
2430 709 2675 765 regnum
2699 693 2998 749 immobile
3021 694 3450 765 suscipiamus,
3477 693 3615 764 quia
3640 694 3763 751 Deus

379 798 629 853 quorum
662 782 1008 854 patientiam
1040 783 1258 838 imitari
1291 800 1396 840 nos
1428 787 1687 856 oportet:
1716 788 1771 838 et
1794 786 1856 838 ut
1879 782 2029 853 aspi-
2139 780 2292 851 ignis
2314 797 2667 837 consumens
2686 785 2857 836 est:et
2878 781 2948 836 de
2973 781 3346 849 charitate,et
3370 780 3766 851 hospitalitate,

380 871 599 927 cientes
628 871 961 943 passionem
990 872 1154 942 Jesu,
1203 872 1263 927 in
1295 873 1574 945 diciplina
1613 878 1891 944 tanquam
1922 871 2027 926 ﬁlii
2137 876 2196 925 et
2216 874 2341 925 toro
2367 870 2743 926 immaculato
2769 887 2781 925 :
2808 874 2863 926 et
2880 871 2949 926 de
2969 870 3388 942 praepositis,et
3404 870 3545 926 Jesu
3570 870 3767 927 Christo

380 975 840 1032 perseveremus.
2136 960 2282 1031 heri,
2316 964 2371 1015 et
2401 960 2610 1014 hodie:
2645 964 2700 1015 et
2730 960 2800 1014 de
2832 960 3002 1026 escis,
3036 977 3163 1032 quze
3201 976 3315 1015 non
3354 965 3623 1031 prosunt.
3786 968 3787 971 ‘

452 1052 536 1107 13.
598 1051 670 1107 Ut
723 1067 938 1107 manus
988 1052 1235 1108 remissa
1301 1052 1631 1124 erigamus:
1693 1065 1920 1122 pacem,
1974 1052 2030 1105 et
2211 1050 2298 1104 45.
2335 1053 2410 1105 De
2468 1048 2660 1116 altari,
2715 1050 2869 1120 quod
2931 1050 3249 1104 habemus:
3316 1054 3379 1104 et
3442 1049 3582 1120 quia
3628 1050 3766 1106 Iesus

380 1140 833 1197 sanctimoniam
865 1146 1155 1197 sectantes
1181 1157 1194 1195 :
1230 1143 1286 1196 et
1333 1141 1404 1196 de
1434 1141 1617 1195 Esau:
1646 1143 1701 1194 et
1745 1139 1883 1209 quia
1913 1154 2029 1193 non
2141 1142 2303 1194 extra
2333 1144 2522 1194 castra
2554 1154 2763 1210 passus
2794 1142 2882 1193 est
2908 1155 2919 1193 :
2956 1141 3011 1193 et
3048 1138 3119 1193 de
3152 1136 3518 1210 praepositis.

1202 1310 1756 1373 ARGUMENTUM
1802 1310 1881 1370 IN
1924 1310 2367 1371 EPISTOLAM
2414 1312 2517 1369 AD
2563 1310 2973 1371 HEBRIEOS.

458 1461 676 1516 Hebraei
709 1462 942 1532 proprio
972 1462 1162 1533 gentis
1193 1479 1310 1517 suae
1352 1461 1634 1517 vocabulo
1660 1460 2034 1533 appellaban-
2146 1460 2204 1515 in
2240 1459 2613 1515 festinatione
2648 1459 2972 1531 perterriti,
3020 1459 3421 1514 Christianam
3454 1456 3766 1529 religionem

388 1553 502 1615 tur,
538 1550 635 1622 qui
668 1550 725 1604 in
758 1549 985 1605 Christo
1010 1550 1383 1606 crediderunt
1404 1566 1473 1606 ex
1500 1550 1721 1605 Judzeis
1748 1575 1761 1616 ;
1786 1565 2035 1620 quorum
2146 1551 2218 1605 ab
2253 1550 2531 1621 apostolis
2591 1550 2701 1605 sibi
2762 1550 3040 1604 traditam
3101 1549 3480 1605 deserebant.
3518 1549 3621 1603 Hos
3650 1548 3763 1602 Pau-

388 1638 655 1694 Ecolesiae
687 1640 759 1694 ab
789 1639 1062 1711 Apostolo
1096 1640 1347 1694 fundatae
1392 1643 1559 1694 erant
1580 1655 1683 1711 per
1704 1638 2036 1693 universam
2147 1638 2240 1693 lus
2270 1638 2569 1710 apostolus
2630 1640 3034 1693 adhortatione
3090 1656 3197 1694 sua
3247 1638 3541 1693 roborans
3586 1638 3647 1691 ad
3676 1638 3765 1707 pri-

388 1728 674 1798 Judaeam,
706 1729 776 1783 de
836 1728 1050 1800 quibus
1099 1727 1192 1782 hic
1252 1729 1400 1783 idem
1434 1728 1651 1784 Paulus
1702 1728 1774 1783 ad
1806 1727 2038 1782 Galatas
2148 1728 2363 1781 stinam
2395 1730 2620 1781 revocat
2679 1728 2853 1780 Iidem
2911 1727 3173 1782 scribens
3233 1726 3318 1781 eis
3376 1726 3453 1780 ab
3512 1724 3666 1779 Italia
3691 1742 3766 1795 per

391 1817 676 1884 scribens,
734 1818 815 1872 ita
857 1817 1033 1873 dicit:
1065 1840 1093 1866 ‹‹
1154 1818 1325 1873 Eram
1386 1821 1582 1873 autem
1626 1818 1861 1889 ignotus
1893 1817 2040 1872 facie
2149 1814 2546 1880 Timotheum,
2581 1815 2797 1886 quibus
2824 1815 3167 1886 prommium
3195 1815 3447 1870 solitum
3470 1814 3544 1868 de
3572 1812 3765 1869 nomine

392 1905 665 1962 Ecclesiis
720 1906 954 1975 Judaeae,
1012 1923 1140 1978 quae
1196 1910 1357 1962 erant
1416 1907 1475 1962 in
1534 1906 1759 1963 Christo
1800 1907 1943 1978 (Gal.
2000 1924 2036 1971 ι,
2147 1922 2254 1960 suo
2285 1904 2412 1960 ideo
2444 1904 2503 1958 in
2533 1903 2642 1959 hac
2697 1903 2951 1975 Epistola
2994 1921 3109 1959 non
3159 1902 3473 1975 praemisit,
3510 1902 3641 1972 quia
3666 1902 3764 1971 ipse

391 1995 503 2065 22).
537 2016 566 2044 »
601 1995 667 2049 Hi
716 2012 849 2068 ergo
892 2000 1251 2063 ceterorum,
1311 1996 1409 2068 qui
1460 1995 1754 2052 Christum
1804 2013 1919 2051 non
1951 2011 2039 2050 re-
2150 1992 2481 2065 specialiter
2513 1995 2583 2047 ad
2616 1998 2819 2064 gentes
2851 1994 3070 2049 missus
3100 1996 3245 2061 erat,
3279 1991 3481 2048 cateri
3512 2007 3636 2046 vero
3663 2006 3765 2060 apo-

393 2088 691 2155 ceperunt,
775 2085 1111 2141 Judznorum
1192 2085 1570 2143 acerbissima
1638 2085 2043 2157 persecutione
2150 2082 2285 2139 stoli
2320 2083 2391 2138 ad
2421 2082 2674 2139 Judaeos.

1424 2255 1716 2316 INCIPIT
1758 2254 2173 2316 PROLOGUS
2219 2257 2323 2315 AD
2370 2256 2785 2317 HEBREOS.

463 2408 528 2459 In
554 2403 761 2474 primis
784 2404 1097 2463 dicendum
1121 2407 1420 2474 est,quare
1444 2402 2043 2474 apostolusPaulusin
2076 2407 2121 2471 Β
2151 2403 2269 2458 Hoc
2302 2402 2362 2457 in
2392 2402 2519 2475 ipso
2550 2404 2784 2459 exordio
2821 2404 3083 2460 scribens
3106 2405 3259 2475 apud
3292 2404 3567 2459 Hebraeos
3598 2401 3764 2456 beatus

397 2492 506 2549 hac
538 2492 815 2564 Epistola,
840 2508 1017 2563 quam
1049 2492 1271 2547 Judaais
1295 2492 1554 2564 scripsit,
1588 2509 1732 2561 quos
1755 2492 2046 2557 Hebraeos,
2162 2491 2396 2561 Paulus,
2430 2494 2577 2547 bene
2626 2494 2768 2548 satis
2823 2496 3058 2549 exortus
3114 2498 3222 2549 est.
3281 2493 3537 2549 Dicendo
3577 2495 3761 2545 autem:

400 2585 601 2637 etnon
637 2580 927 2635 Israelitas
973 2580 1153 2636 voluit
1211 2580 1535 2649 nominare,
1589 2598 1704 2636 non
1739 2581 2052 2637 servaverit
2165 2602 2192 2631 ‹‹
2224 2580 2556 2646 Multifarie,
2592 2581 2911 2653 multisque
2942 2582 3153 2649 modis,
3194 2606 3213 2632 α
3242 2580 3504 2638 ostendit
3537 2578 3761 2651 quoniam

402 2685 626 2725 morem
658 2685 854 2740 suum,
887 2674 953 2725 ut
998 2670 1087 2726 vel
1128 2670 1477 2725 vocabulum
1527 2669 1781 2725 nominis
1815 2672 1927 2740 sui,
1962 2672 2051 2727 vel
2164 2686 2267 2724 nec
2290 2670 2399 2741 ipsi
2422 2669 2715 2742 prophetae
2738 2673 2985 2744 gratiam
3010 2671 3193 2726 Deum
3218 2670 3453 2727 videndi
3482 2682 3760 2742 promerue-

405 2758 630 2813 ordinis
661 2758 937 2814 scriberet
967 2758 1331 2829 dignitatem.
1371 2761 1493 2815 Haac
1535 2776 1713 2815 causa
1743 2764 1832 2815 est
1858 2778 1869 2815 :
1897 2762 2050 2832 quod
2165 2763 2301 2814 runt
2327 2776 2339 2813 :
2377 2759 2531 2830 quod
2566 2776 2735 2813 nemo
2758 2758 2997 2815 illorum
3028 2760 3194 2827 vidit,
3214 2760 3368 2815 sicut
3401 2758 3497 2814 ille
3526 2763 3626 2825 est,
3653 2755 3764 2809 sicut

406 2847 477 2902 ad
510 2863 609 2903 eos
639 2846 859 2916 scribit,
915 2848 1015 2919 qui
1064 2864 1133 2903 ex
1181 2847 1629 2904 circumcisione
1661 2848 2049 2915 crediderant,
2166 2847 2303 2905 alibi
2336 2848 2556 2903 dictum
2588 2853 2709 2904 est:
2754 2870 2780 2897 ‹‹
2814 2848 2928 2921 Ego
2959 2848 3214 2905 visiones
3246 2845 3705 2920 multiplicavi,et
3722 2842 3760 2896 in

408 2935 577 3007 quasi
634 2935 898 3007 gentium
967 2934 1305 3009 Apostolus,
1366 2940 1422 2991 et
1480 2953 1595 2992 non
1656 2938 2051 2992 Hebraeorum.
2167 2954 2344 2992 manu
2378 2936 2795 3009 prophetarum
2828 2936 3209 2992 assimulatus
3242 2938 3429 3008 (1386)
3466 2951 3625 3000 sum;
3655 2957 3673 2983 ι
3703 2930 3763 2983 Fi-

407 3025 609 3081 Sciens
640 3040 1093 3097 quoqueeorum
1117 3026 1477 3098 superbiam,
1502 3041 1788 3098 suamque
1813 3026 2055 3081 humili-
2166 3026 2311 3081 lium
2343 3030 2541 3081 autem
2569 3024 2935 3097 unigenitum
2959 3026 3196 3095 vidisse,
3219 3029 3452 3081 constat
3473 3040 3592 3079 esse
3622 3018 3762 3075 mani-

407 3118 585 3169 tatem
616 3114 741 3187 ipse
773 3115 1206 3184 demonstrans,
1230 3115 1508 3171 meritum
1539 3115 1713 3171 ofﬁcii
1745 3114 1836 3170 sui
1870 3114 2058 3170 noluit
2169 3116 2404 3170 festum.
2440 3115 2756 3170 Considera
2784 3114 3396 3187 prudenter.Primum
3423 3131 3491 3169 ex
3520 3108 3763 3184 prophetis

410 3202 716 3259 anteferre.
762 3203 868 3258 Pro
899 3218 965 3258 eo
996 3204 1149 3274 quod
1182 3204 1337 3275 apud
1370 3204 1742 3259 Hebraiorum
1775 3202 2059 3259 Ecclesiae
2169 3202 2548 3257 eminentiam
2579 3202 2744 3257 nisus
2776 3208 2863 3259 est
2894 3203 3468 3276 approbare.Deinde
3498 3199 3655 3257 veluti
3682 3198 3758 3252 hoc

413 3291 583 3364 quasi
610 3294 939 3349 destructor
985 3292 1133 3364 legis
1164 3293 1307 3348 falsa
1339 3293 1673 3365 suspicione
1710 3292 2058 3359 habebatur,
2172 3308 2465 3358 concesso,
2500 3292 2711 3347 astruit
2741 3295 2797 3346 et
2837 3294 3178 3364 pronuntiat
3225 3294 3506 3365 quoniam
3539 3288 3643 3345 illis
3668 3285 3763 3357 qui-

412 3380 596 3437 voluit
624 3380 796 3436 tacito
855 3382 1091 3437 nomine
1139 3383 1210 3437 de
1265 3383 1471 3454 ﬁguris
1517 3381 1686 3453 legis,
1734 3384 1791 3435 et
1820 3380 2061 3436 veritate
2172 3381 2305 3435 dem
2328 3396 2430 3451 per
2451 3379 2764 3451 prophetas
2786 3380 3018 3436 locutus
3047 3386 3152 3450 est,
3182 3382 3393 3436 deinde
3417 3396 3517 3453 per
3538 3375 3760 3449 angelos;

412 3469 625 3526 Christi
652 3469 891 3525 reddere
923 3469 1226 3537 rationem,
1263 3488 1333 3525 ne
1364 3470 1563 3525 odium
1598 3470 1852 3525 nominis
1873 3470 2062 3523 fronte
2174 3469 2463 3540 siquidem
2495 3473 2550 3523 et
2581 3469 2769 3541 angeli
2806 3467 2981 3524 locuti
3029 3475 3169 3525 sunt
3197 3470 3452 3525 Judteis:
3487 3485 3549 3523 ac
3575 3466 3617 3521 si
3642 3464 3760 3517 dice-

416 3559 639 3630 praafati
670 3557 847 3623 tituli,
882 3557 1196 3613 utilitatem
1226 3558 1557 3613 excluderet
1588 3558 1874 3613 lectionis.
1900 3558 2061 3620 Quod
2174 3564 2297 3614 ret:
2332 3558 2479 3622 Quid
2529 3575 2834 3630 magnum,
2896 3558 2943 3613 si
2996 3559 3308 3630 pr0phetas
3362 3558 3526 3613 misit
3553 3552 3760 3628 patribus

418 3646 515 3703 alii
547 3646 630 3701 sic
678 3645 1012 3717 intelligunt
1036 3663 1048 3700 :
1111 3648 1261 3717 quod
1307 3652 1612 3719 propterea
1661 3646 1873 3702 Paulus
1895 3646 2066 3701 solita
2175 3646 2393 3702 nostris
2415 3647 2441 3701 ‘I
2465 3647 2643 3703 Nobis
2665 3648 2816 3703 enim
2844 3648 3038 3719 ipsum
3064 3649 3361 3720 proprium
3390 3648 3589 3703 Filium
3609 3641 3758 3711 unige-

421 3735 843 3789 consuetudine
884 3750 988 3789 nec
1035 3751 1247 3789 nomen
1282 3752 1475 3806 suum,
1509 3753 1612 3790 nec
1635 3734 1880 3807 apostoli
1903 3751 2064 3790 voca-
2097 3775 2137 3807 ρ
2178 3734 2367 3789 nitum
2401 3734 2581 3801 misit,
2614 3739 2669 3789 et
2701 3737 3015 3807 peripsum
3046 3736 3410 3807 unigenitum
3437 3730 3760 3806 loquidigna-

422 3821 626 3877 bulum
660 3821 1089 3893 praeposuisset,
1114 3823 1252 3892 quia
1275 3824 1343 3878 de
1369 3823 1595 3879 Christo
1619 3829 1740 3879 erat
1771 3824 2061 3878 dicturus:
2097 3814 2138 3839 υ
2180 3828 2275 3879 tus
2305 3828 2410 3879 est.
2446 3824 2561 3879 Nos
2592 3841 2723 3879 vero
2772 3823 2829 3878 in
2876 3826 2985 3880 hoc
3042 3815 3215 3880 etiam
3262 3826 3584 3897 superiores
3606 3814 3758 3874 existi-

421 3933 449 3960 «
483 3910 773 3966 Habentes
796 3926 931 3983 ergo
963 3913 1319 3983 pontificem,
1347 3913 1799 3980 Sacerdotem,et
1819 3914 2070 3984 Aposto-
2182 3930 2335 3984 mus,
2357 3917 2414 3967 et
2434 3913 2616 3969 multo
2640 3913 2896 3985 amplius
2921 3914 3205 3969 habemus
3230 3915 3366 3985 quia
3393 3913 3556 3969 nobis
3577 3905 3757 3981 quidem

424 3999 548 4054 lum
580 4000 964 4056 confessionis
998 4015 1207 4057 nostra:
1237 4002 1441 4057 Jesum
1476 4024 1505 4051 υ
1532 4020 1544 4057 :
1580 4018 1683 4057 nec
1719 4002 1899 4057 fuisse
1932 4018 2066 4057 con-
2183 4002 2463 4057 Dominus
2484 4006 2571 4057 est
2600 4001 2869 4070 locutus;
2901 4002 3019 4058 illis
3041 4008 3259 4073 autem,
3289 4003 3438 4058 servi
3464 4008 3515 4058 et
3535 3990 3756 4055 conservi,

425 4103 659 4160 gruum,
695 4094 780 4159 ut,
814 4089 913 4144 ubi
946 4088 1213 4146 Christus
1264 4090 1580 4162 Apostolus
1612 4091 1894 4147 dicendus
1923 4095 2067 4158 erat,
2180 4091 2287 4145 hoc
2319 4095 2427 4159 est,
2458 4090 2544 4146 vel
2578 4092 2869 4162 prophetae
2916 4091 3001 4146 vel
3034 4091 3247 4163 angeli.
3301 4091 3545 4148 Dicendo
3577 4090 3755 4141 autem:

425 4178 507 4233 ibi
539 4177 715 4233 etiam
744 4179 959 4235 Paulus
991 4180 1290 4251 apostolus
1322 4181 1819 4252 poneretur.Hanc
1848 4182 2072 4253 Episto-
2182 4204 2207 4229 (ι
2246 4180 2395 4233 Olim
2438 4185 2493 4235 et
2548 4181 2884 4236 novissimis
2943 4181 3169 4249 diebus,
3232 4204 3259 4230 »
3312 4182 3565 4236 insinuat
3613 4168 3752 4232 nobis,

424 4265 541 4321 lam
577 4266 761 4321 fertur
786 4265 1100 4337 Apostolus
1126 4268 1197 4322 ad
1230 4268 1497 4322 Hebraeos
1538 4268 1927 4338 conscriptam
1961 4272 2068 4322 He-
2182 4268 2365 4323 multo
2394 4269 2449 4322 in
2483 4269 2672 4323 medio
2704 4276 2963 4342 tempore
3013 4275 3405 4339 percurrente,
3440 4263 3647 4341 quando
3663 4259 3752 4328 jam

425 4356 581 4410 brzea
610 4355 815 4425 lingua
866 4356 1118 4412 misisse.
1180 4357 1358 4425 Cujus
1417 4372 1658 4411 sensum
1719 4360 1775 4410 et
1804 4356 2067 4412 ordinem
2183 4357 2427 4429 proximi
2464 4374 2700 4412 oramus
2722 4359 2792 4412 ad
2829 4376 3093 4430 poenam;
3122 4360 3355 4431 quando
3382 4355 3569 4413 omnia
3594 4344 3754 4407 charis-

425 4443 683 4497 retinens
730 4442 914 4497 Lucas
962 4442 1340 4515 evangelista,
1401 4448 1532 4515 post
1581 4460 1881 4499 excessum
1913 4445 2067 4499 beati
2182 4451 2340 4501 mata
2372 4448 2751 4519 quieverunt;
2788 4450 3019 4519 quando
3076 4465 3210 4520 spes
3260 4447 3466 4503 salutis
3509 4437 3749 4506 nullajam

429 4529 689 4598 Apostoli
720 4529 916 4585 Graeco
967 4547 1236 4586 sermone
1289 4532 1636 4599 composuit.
1689 4536 1754 4586 Et
1794 4537 1913 4589 tota
1943 4534 2070 4604 ejus
2181 4540 2332 4603 erat;
2362 4537 2593 4605 quando
2617 4538 2688 4590 ab
2710 4536 2983 4592 omnibus
3006 4537 3263 4593 minores
3286 4553 3413 4592 esse
3436 4534 3749 4608 putabamur;

427 4616 671 4672 intentio
703 4618 761 4672 in
795 4618 904 4673 hac
962 4619 1219 4690 Epistola
1278 4621 1405 4687 fuit,
1465 4625 1530 4675 ut
1558 4621 1863 4691 Hzebraaos,
1898 4622 1954 4676 id
1985 4627 2073 4677 est
2182 4629 2321 4678 tunc
2353 4624 2666 4695 ampliores
2692 4625 3017 4681 existimus.
3040 4607 3610 4682 Animadvertendum
3639 4607 3748 4685 qUOd

426 4710 659 4777 gentem
683 4724 873 4775 suam,
908 4709 977 4763 ad
1002 4709 1213 4765 Christi
1241 4714 1580 4766 convocaret
1610 4711 1781 4765 ﬁdem
1807 4729 1818 4766 :
1845 4716 1901 4766 et
1934 4711 2073 4766 emi-
2183 4735 2211 4761 ‹‹
2246 4712 2303 4766 in
2340 4736 2366 4761 ››
2401 4714 2754 4785 praepositio,
2790 4714 2960 4769 etiam
2996 4732 3095 4785 pro
3131 4736 3157 4765 ‹‹
3188 4734 3291 4785 per
3324 4738 3350 4763 ››
3379 4700 3748 4784 accipitur.N0n

429 4795 683 4850 nentiam
715 4796 935 4869 gratiae,
970 4814 1094 4869 quae
1130 4816 1229 4870 per
1259 4799 1466 4855 Filium
1500 4801 1638 4855 data
1667 4805 1774 4869 est,
1810 4819 1842 4855 a
1870 4800 2071 4873 legali-
2182 4801 2333 4856 enim
2356 4802 2535 4857 dixit:
2566 4826 2591 4851 ‹‹
2617 4802 2884 4858 Christus
2906 4803 3134 4858 locutus
3157 4809 3264 4868 est,
3288 4829 3309 4854 ››
3338 4799 3586 4874 quamvis
3606 4794 3747 4864 ipsum
3786 4792 3789 4799 ’

428 4884 537 4939 bus
560 4885 918 4942 discerneret
952 4887 1202 4955 umbris,
1238 4905 1364 4959 qua:
1386 4889 1666 4959 angelicis
1691 4889 2070 4944 ministratio-
2181 4890 2442 4945 locutum
2503 4896 2727 4946 constet
2758 4910 2884 4947 esse
2942 4893 3322 4947 manifestum
3350 4911 3363 4959 ;
3414 4890 3507 4947 sed
3537 4878 3747 4957 quoniam

428 4973 604 5006 νιῖιὶηα
638 4974 872 5006 θητικηηῦ
905 4975 1171 5006 ηηιυιῖιὴιῠη
1204 4978 1337 5006 πτειν-Μ
1657 4979 1844 5006 *ιι-ξηιλ
1879 4994 1998 5006 “An!

2185 4980 2372 5006 -31“...
2428 4982 2632 5006 "arx-.-"
2700 4997 2891 5006 ,ιω-.-.μ
2985 4982 3194 5006 ηυξικ.--
3254 4980 3531 5006 ---ειςμιυςι
3588 4964 3744 5006 ᾹοΙιίΙρς
