3976 5348
165 450 278 512 ’733

741 450 1148 512 EXPOSITIO
1192 451 1269 511 IN
1317 448 1747 511 EPISTULAS
1791 442 2050 509 PAULI.
2086 478 2162 493 -
2204 447 2280 509 IN
2315 448 2557 509 EPIST.
2606 446 2707 508 AD
2752 443 2986 506 HEBR.

3448 438 3566 499 ’734

239 606 265 631 ‹‹
298 583 382 638 Ad
415 583 623 639 Filium
657 589 849 640 autem
882 603 893 640 :
924 586 1097 641 Sedes
1127 590 1225 640 tua
1255 586 1409 641 Deus
1440 586 1497 639 in
1532 584 1811 639 saeculum
1840 581 1896 647 Α
1926 582 2062 638 filiis
2120 582 2244 652 Dei,
2295 583 2507 638 iterum
2560 583 2626 637 ad
2688 578 3069 636 aeternitatem
3127 571 3451 629 divinitatis
3508 570 3568 626 in

170 672 362 727 seaculi
394 674 565 744 (Psal.
598 692 745 741 xciv,
779 678 855 745 7).
884 695 909 725 »
949 678 1179 731 Intuere
1225 676 1516 746 quomodo
1567 674 1810 741 dividat,

170 766 225 815 et
257 777 390 815 cum
424 769 644 832 quanta
673 764 931 820 claritate
962 771 1259 820 creaturas
1283 782 1315 819 a
1337 765 1475 819 Filio
1499 764 1810 818 discernat.

169 848 365 919 Neque
397 850 760 907 differentius
800 870 1011 907 nomen
1052 854 1383 925 appellabat
1418 853 1543 908 Filii
1577 868 1810 920 nomen,

170 938 215 992 si
250 940 514 1007 ejusdem
539 947 695 995 esset
726 942 1191 1012 significationis.
1218 967 1243 992 ‹‹
1270 944 1467 1009 Sedes,
1494 948 1614 1007 tua,
1637 943 1810 1007 Deus,

167 1026 226 1080 in
264 1028 541 1082 saeculum
568 1030 782 1083 saeculi.
811 1054 835 1079 »
864 1035 1003 1086 Ecce
1036 1032 1216 1086 habes
1238 1032 1398 1103 regni
1421 1030 1810 1101 signaculum.

168 1138 193 1163 «ι
229 1116 411 1187 Virga
453 1118 764 1187 aequitatis,
811 1142 836 1167 »
886 1119 1099 1190 inquit,
1154 1143 1179 1168 ‹‹
1229 1120 1392 1191 virga
1440 1120 1601 1191 regni
1650 1120 1811 1173 tui.»

167 1207 308 1260 Ecce
340 1206 518 1260 babes
559 1213 615 1261 et
660 1208 819 1262 aliud
851 1208 1241 1280 signaculum.
1280 1210 1452 1281 Virga
1483 1226 1612 1263 vero
1644 1224 1814 1279 regu-

163 1292 282 1347 lam
314 1294 522 1349 divinre
545 1296 837 1367 significat
862 1300 1172 1369 aequitatis,
1198 1316 1325 1369 quae
1351 1299 1629 1354 veraciter
1659 1302 1815 1351 recta

162 1382 395 1451 dicitur,
426 1386 564 1455 quia
593 1386 755 1440 nulla
785 1388 1067 1458 pravitate
1097 1393 1385 1442 curvatur.
1417 1388 1588 1458 Virga
1619 1388 1813 1455 justos

163 1473 334 1543 regit,
368 1472 581 1544 impios
614 1477 894 1545 percutit;
929 1477 1028 1529 sed
1064 1476 1182 1531 bene
1205 1476 1384 1546 virga,
1412 1476 1692 1530 fortitudo
1725 1479 1815 1529 est

164 1560 407 1625 invicta,
442 1564 685 1633 aequitas
730 1565 1078 1629 rectissima,
1110 1565 1443 1619 inflexibilis
1482 1564 1811 1634 disciplina.

162 1649 326 1704 Hanc
370 1651 527 1705 enim
578 1652 797 1722 virgam
850 1655 1033 1725 regni,
1080 1655 1315 1709 honoris
1364 1654 1616 1725 insigne,
1651 1670 1813 1723 scep-

161 1743 324 1793 trum
358 1740 633 1796 dicebant
662 1743 1011 1813 antiquitus,
1037 1743 1415 1815 designantes
1446 1743 1503 1795 in
1538 1758 1604 1796 ea
1633 1742 1812 1795 virtu-

162 1831 296 1881 tum
332 1844 550 1898 regem,
584 1830 900 1885 Dominum
934 1831 1315 1888 Salvatorem.

1922 674 2123 727 eodem
2176 672 2317 727 Filio
2367 673 2464 727 Dei
2514 670 2795 727 convertit
2843 685 2903 724 se
2951 664 3256 738 apostolus
3304 661 3572 717 testimo-

1923 763 2087 815 nium
2135 761 2374 816 alterius
2424 760 2635 833 psalmi
2681 760 2890 814 dicere.
2922 757 3017 812 Ait
3046 755 3203 810 enim
3239 770 3251 807 :
3286 774 3313 801 «
3349 755 3405 805 et
3438 767 3449 803 :
3484 751 3569 804 Tu

1924 851 1979 905 in
2016 851 2324 922 principio,
2362 850 2623 918 Domine,
2664 857 2878 903 terram
2914 844 3195 901 fundasti.
3234 866 3259 891 »
3292 842 3374 896 Ne
3422 840 3571 892 forte

1922 941 2075 995 enim
2138 940 2413 1006 audiens,
2466 962 2493 988 ‹‹
2543 955 2669 992 cum
2732 936 3054 990 introducit
3110 928 3569 1001 Primogenitum

1922 1026 1980 1081 in
2042 1030 2239 1083 orbem
2300 1034 2488 1096 terrae,
2531 1049 2557 1077 »
2609 1030 2811 1097 postea
2868 1024 2949 1077 illi
3010 1024 3293 1077 donatum
3353 1032 3569 1071 munus

1922 1117 2243 1181 existimes,
2300 1118 2379 1171 ita
2428 1116 2736 1187 subjungit
2769 1130 2779 1168 :
2814 1136 2833 1163 α
2870 1114 2936 1167 Et
2970 1128 2982 1165 :
3034 1111 3119 1163 Tu
3172 1109 3230 1163 in
3260 1104 3567 1178 principio,

1926 1208 2185 1275 Domine,
2246 1212 2458 1261 terram
2518 1204 2781 1259 fundasti
2839 1201 3011 1255 (Ρδαι.
3072 1216 3147 1264 CI,
3202 1198 3315 1267 26).
3368 1218 3392 1242 »
3445 1194 3569 1248 Non

1924 1313 2099 1365 nunc,
2127 1297 2226 1351 sed
2264 1297 2335 1349 ab
2368 1295 2532 1349 initio
2561 1310 2662 1365 per
2691 1290 3011 1346 divinitatis
3042 1285 3381 1358 potentiam,
3408 1284 3572 1335 Crea-

1922 1388 2012 1439 tor
2055 1390 2189 1440 ante
2239 1390 2559 1451 creaturas,
2590 1383 2715 1437 sine
2745 1380 2940 1451 aliquo
2989 1376 3153 1432 initio
3206 1370 3571 1445 cognosceris

1922 1475 2236 1530 exstitisse.

1996 1587 2023 1613 «
2056 1566 2125 1617 Et
2174 1580 2349 1635 opera
2404 1577 2688 1616 manuum
2748 1564 2985 1613 tuarum
3045 1558 3183 1611 sunt
3234 1551 3433 1607 cceli.»
3468 1550 3573 1605 Hic

1924 1670 2158 1717 manus,
2192 1653 2469 1706 virtutem
2508 1648 2803 1720 jussionis
2840 1646 2941 1701 Dei
2973 1644 3257 1700 debemus
3288 1640 3569 1712 accipere.

1923 1743 2068 1797 Nam
2121 1743 2176 1794 in
2237 1740 2349 1795 alio
2405 1740 2529 1794 loco
2588 1737 2775 1792 dicit:
2812 1759 2838 1784 «
2874 1733 3160 1800 Quoniam
3218 1731 3345 1802 ipse
3402 1729 3571 1798 dixit,

1924 1834 1981 1886 et
2009 1831 2164 1885 facta
2192 1834 2359 1897 sunt;
2393 1829 2518 1900 ipse
2565 1824 2885 1888 mandavit,
2919 1828 2975 1878 et
3006 1825 3200 1876 creata
3230 1822 3369 1874 sunt
3399 1817 3570 1888 (Psal.

242 1940 270 2015 ξι
311 1916 561 2015 Dilexisti
594 1920 906 1988 justitiam,
941 1926 997 1975 et
1025 1921 1195 1976 odisti
1232 1920 1655 1991 iniquitatem.»
1688 1920 1819 1989 Ipsa
1848 1951 1896 2015 B
1926 1936 2154 1985 CXLVIII,
2186 1920 2265 1989 5).

168 2009 263 2059 est
294 2005 454 2076 virga
504 2012 659 2061 recta
687 2012 745 2062 et
776 2010 1096 2064 dominatio
1128 2010 1582 2074 dominantium,
1625 2023 1820 2061 amare

161 2094 462 2165 justitiam
485 2100 541 2150 et
564 2097 757 2151 odisse
780 2098 1172 2169 iniquitatem.
1198 2099 1377 2153 Nemo
1400 2098 1552 2151 enim
1576 2098 1821 2168 perfecte

168 2183 369 2254 diligit
398 2184 712 2254 justitiam,
738 2186 847 2240 nisi
870 2187 969 2259 qui
1003 2192 1170 2241 actus
1202 2187 1489 2259 pessimos
1522 2186 1819 2241 abomina-

166 2277 288 2337 tur,
322 2273 413 2327 cui
442 2275 701 2329 veritatis
732 2293 897 2329 amor
926 2278 1125 2331 odium
1158 2282 1247 2332 est
1277 2276 1571 2331 falsitatis.

246 2362 355 2416 Sed
390 2362 525 2417 huic
550 2364 735 2419 amori
769 2366 1047 2420 bonitatis
1076 2372 1134 2421 et
1158 2367 1291 2421 odio
1317 2365 1668 2437 iniquitatis,
1692 2382 1822 2436 quas

170 2451 416 2521 prtemia
447 2452 567 2507 sint
594 2454 837 2521 reddita,
864 2455 1064 2509 subter
1093 2456 1349 2527 exponit,
1378 2455 1579 2510 dicens
1603 2472 1652 2509 ;‹‹
1689 2455 1820 2508 Pro-

172 2544 370 2611 pterea
400 2542 565 2595 unxit
594 2546 650 2596 te
682 2543 857 2609 Deus,
887 2543 1040 2598 Deus
1072 2548 1227 2598 tuus.
1256 2567 1282 2591 »
1314 2544 1596 2615 Repetitio
1626 2547 1821 2597 autem

171 2628 308 2699 ista,
333 2632 486 2701 quod
520 2631 659 2685 dicit
693 2650 741 2686 :«
780 2634 951 2697 Deus,
978 2638 1185 2698 Deus,»
1210 2633 1565 2704 praeconium
1597 2648 1821 2703 magnae

171 2718 502 2774 dilectionis
525 2722 797 2775 ostendit.
822 2723 929 2776 Sed
958 2723 1249 2792 quomodo
1273 2727 1445 2788 Deus,
1469 2722 1638 2791 cujus
1662 2720 1823 2774 thro-

170 2824 285 2862 nus
343 2814 433 2862 est
480 2809 539 2861 in
595 2809 874 2863 saeculum
929 2810 1146 2875 saeculi,
1181 2811 1421 2881 ungitur
1450 2827 1482 2863 a
1513 2810 1629 2863 Deo
1663 2825 1674 2862 ε
1708 2808 1820 2862 nisi

171 2896 439 2951 Christus
469 2898 660 2962 .lcsus,
688 2896 786 2967 qui
819 2914 886 2951 ex
914 2897 1044 2968 ipsa
1064 2898 1338 2952 unctione
1367 2897 1579 2953 Christi
1611 2912 1822 2951 nomen

170 2986 437 3055 accepit?
458 2986 726 3039 Chrisma
757 2986 992 3056 quippe,
1029 2986 1256 3053 unctio;
1289 2986 1576 3049 Christus,
1614 2989 1824 3040 unctus

172 3072 413 3126 dicitur.
437 3073 655 3128 Unctus
678 3074 833 3128 enim
857 3074 1217 3139 Christus,et
1240 3091 1431 3145 regem
1457 3074 1749 3145 significat
1769 3077 1826 3127 et

174 3161 705 3233 sacerdotem,quia
727 3162 1040 3234 dignitates
1064 3166 1186 3218 ista:
1208 3165 1595 3219 sumebantur
1615 3178 1718 3234 per
1737 3178 1826 3216 sa-

172 3247 540 3305 eratissimas
586 3251 909 3307 unctiones.
931 3253 1075 3307 Nam
1108 3257 1164 3307 et
1196 3253 1391 3325 ipsum
1425 3268 1635 3307 nomen
1658 3250 1821 3306 Chri-

2000 2008 2175 2080 «Ipsi
2226 2008 2579 2079 peribunt.»
2631 2006 2876 2060 Pereunt
2920 2001 3077 2056 enim
3138 1999 3209 2053 ab
3266 2014 3331 2052 eo
3393 1998 3572 2062 statu,

1928 2096 1987 2150 in
2048 2114 2161 2168 quo
2221 2112 2377 2151 nunc
2435 2099 2605 2160 sunt,
2668 2094 2808 2147 dum
2875 2092 3182 2145 mutantur
3238 2088 3297 2140 in
3363 2083 3575 2139 melius

1930 2192 2226 2241 creaturae.
2268 2209 2291 2233 ι(
2326 2186 2409 2239 Tu
2458 2188 2652 2238 autem
2703 2194 3031 2253 permanes.
3068 2200 3095 2225 »
3128 2175 3201 2230 Ut
3231 2174 3381 2230 sicut
3411 2176 3574 2227 aster-

1930 2276 2169 2330 nitatem
2196 2273 2425 2329 Domini
2459 2272 2737 2334 ostendit,
2761 2274 3078 2339 antequam
3109 2268 3328 2320 crearet
3356 2261 3574 2331 omnia,

1929 2364 2015 2419 sic
2046 2369 2179 2435 post
2210 2362 2383 2418 ccnlos
2430 2365 2707 2424 mutatos,
2739 2360 2935 2429 ipsum
2985 2355 3129 2410 dicit
3158 2354 3217 2407 in
3250 2350 3577 2422 majestatis

1931 2470 2052 2508 suae
2082 2453 2267 2525 gloria
2296 2467 2656 2524 permanere.
2687 2472 2706 2498 ιι
2740 2449 2808 2502 Et
2837 2462 3041 2501 omnes
3072 2448 3137 2499 ut
3164 2441 3576 2498 vestimentum

1929 2546 2311 2597 veterascent.
2336 2564 2355 2589 ι
2388 2542 2584 2612 Ipsum
2614 2535 2941 2600 veterascit,
2976 2534 3152 2604 quod,
3187 2547 3347 2586 more
3374 2528 3574 2597 vestis,

1932 2635 2217 2687 vetustate
2256 2629 2643 2694 consumitur,
2670 2628 2822 2682 sicut
2852 2641 2984 2679 caro
3031 2623 3293 2677 humana
3340 2620 3528 2673 morte
3558 2633 3573 2672 :

1933 2738 2059 2792 quas
2107 2725 2304 2774 tamen
2356 2717 2568 2773 melius
2630 2716 2684 2769 in
2746 2712 3171 2769 resurrectione
3230 2706 3572 2763 mutabitur.

1931 2809 2171 2863 Addidit
2200 2824 2432 2878 quoque
2464 2824 2526 2860 :u
2564 2806 2631 2859 Et
2660 2804 2816 2859 velut
2847 2802 3129 2857 amictum
3162 2796 3421 2853 mutabis
3452 2811 3573 2863 eos,

1933 2901 1989 2951 et
2021 2897 2426 2951 mutabuntur.
2456 2918 2483 2943 »
2514 2894 2676 2948 Sicut
2705 2891 2953 2963 quilibet
2996 2888 3276 2944 amictum
3317 2882 3575 2948 involvit,

1934 2990 2108 3055 atque
2139 2987 2459 3055 permutat,
2487 2982 2569 3037 sic
2600 2986 2656 3036 et
2684 2981 2879 3050 ipsum
2911 2977 3200 3033 mundum
3231 2974 3575 3027 immutatu-

1934 3091 2034 3129 rus
2084 3078 2173 3128 est
2219 3074 2423 3143 (1390),
2466 3075 2523 3125 et
2567 3068 2962 3125 conditionem
3010 3070 3065 3120 et
3112 3060 3579 3119 transformatio-

1933 3179 2090 3229 nem,
2124 3179 2250 3233 quas
2308 3161 2386 3216 sit
2428 3160 2484 3213 in
2540 3156 2772 3222 melius,
2806 3161 2926 3210 tam
2956 3153 3122 3208 facile
3181 3149 3391 3223 poterit
3443 3162 3577 3218 ope-

1935 3251 2073 3322 rari,
2107 3252 2259 3306 sicut
2300 3248 2547 3321 quilibet
2593 3245 2874 3302 amictum
2918 3241 3171 3296 involvat
3222 3243 3395 3310 atque
3444 3253 3577 3309 per-

172 3336 273 3401 sti,
293 3336 446 3391 sicut
475 3338 593 3407 jam
627 3339 847 3394 dictum
879 3344 990 3407 est,
1013 3358 1047 3395 a
1075 3315 1277 3396 sancto
1308 3341 1623 3396 chrismate
1650 3356 1824 3395 voca-
1856 3315 1898 3381 θ’
1937 3315 2143 3395 mutet.

172 3429 293 3480 tur.
337 3426 447 3481 Sed
481 3428 540 3481 in
570 3426 673 3482 illa
720 3434 929 3483 natura
976 3434 1188 3485 unctus
1219 3429 1453 3499 dicitur,
1486 3430 1544 3483 in
1576 3446 1693 3499 qua
1723 3444 1824 3499 per

173 3513 675 3584 dispensationem
708 3518 902 3572 carnis
937 3518 1119 3583 nasci,
1155 3522 1212 3573 et
1244 3519 1410 3585 mori,
1436 3524 1493 3573 et
1523 3533 1825 3589 resurgere

171 3604 458 3658 veraciter
514 3604 730 3659 dicitur
786 3606 1071 3661 Christus.
1121 3612 1401 3662 Caeterum
1459 3608 1645 3662 deitas
1697 3608 1825 3677 ejus

174 3691 342 3746 nullo
372 3709 631 3760 munere,
668 3694 827 3749 nullo
860 3696 1080 3751 honore
1112 3696 1365 3768 indiguit
1395 3696 1679 3767 adjuvari.

249 3804 277 3830 ‹‹
311 3782 447 3836 Oleo
484 3783 912 3848 exsultationis,
940 3807 967 3833 »
1000 3785 1220 3856 duplici
1271 3787 1442 3839 modo
1492 3784 1825 3839 unctionem

174 3869 340 3925 illam
372 3876 637 3926 sanctam
672 3874 1007 3944 provenisse
1030 3874 1345 3943 significat.
1369 3875 1495 3928 Non
1526 3873 1719 3928 oleum
1750 3873 1828 3927 vi-

174 3959 368 4026 sibile,
402 3961 501 4015 sed
535 3961 783 4031 Spiritus
816 3963 1002 4017 sancti
1049 3964 1296 4036 gratiam
1345 3961 1725 4029 invisibilem,
1757 3962 1827 4016 de

175 4064 296 4119 qua
318 4049 521 4104 beatus
536 4054 742 4106 Petrus
766 4052 1065 4123 apostolus
1088 4053 1146 4105 in
1168 4052 1411 4107 Actibus
1430 4050 1826 4122 apostolorum

173 4140 252 4205 (x,
288 4138 400 4208 38),
424 4143 695 4206 testatur,
724 4141 920 4196 dicens
947 4158 993 4196 ;‹‹
1025 4142 1230 4196 Jesum
1261 4142 1827 4212 Nazarenum,quem

175 4226 347 4280 unxit
377 4227 533 4283 Deus
572 4228 792 4299 Spiritu
839 4235 1061 4295 sancto,
1094 4234 1150 4284 et
1191 4231 1427 4285 virtute.
1455 4253 1482 4280 »
1508 4234 1574 4284 Et
1605 4230 1663 4283 in
1696 4245 1827 4299 pro-

175 4315 374 4386 phetia
409 4332 419 4370 :
455 4338 481 4365 ‹‹
516 4318 710 4372 Inveni
744 4319 919 4372 David
952 4335 1185 4373 servum
1218 4336 1437 4383 meum,
1472 4318 1595 4373 oleo
1628 4322 1827 4372 sancto

174 4420 307 4459 meo
340 4405 475 4459 unxi
507 4422 642 4460 eum
666 4408 837 4477 (Psal.
871 4424 1139 4471 cxxxvm,
1169 4410 1244 4479 2),
1274 4431 1299 4457 »
1333 4424 1436 4478 per
1464 4407 1655 4461 oleum
1689 4424 1827 4461 san-

176 4497 343 4548 ctum
392 4495 730 4566 significans
783 4496 1064 4566 Spiritum
1114 4501 1408 4551 sanctum.
1463 4495 1596 4550 Sive
1653 4494 1828 4548 etiam

177 4581 375 4637 oleum
400 4583 606 4639 laztitiaa
636 4584 721 4638 illi
744 4584 871 4651 fuit,
889 4584 1109 4656 peccati
1141 4585 1432 4639 maculam
1456 4600 1570 4638 non
1595 4583 1826 4637 habere.

2009 3431 2150 3484 «Tu
2184 3433 2376 3483 autem
2426 3427 2579 3481 idem
2629 3424 2753 3495 ipse
2796 3439 2879 3491 es,
2910 3424 2967 3475 et
2999 3418 3134 3473 anni
3182 3415 3267 3471 tui
3315 3430 3431 3470 non
3480 3414 3579 3468 de~

1935 3520 2153 3574 ficient.
2189 3540 2214 3568 »
2271 3517 2434 3571 Sicut
2488 3513 2644 3569 enim
2706 3509 2887 3582 Moysi
2946 3505 3165 3563 famulo
3224 3520 3330 3560 suo
3387 3502 3577 3557 dixit:

1937 3630 1964 3657 ‹‹
2000 3614 2113 3680 Ego
2164 3623 2295 3662 sum
2344 3605 2442 3676 qui
2496 3619 2627 3659 sum
2663 3618 2675 3656 :
2715 3624 2735 3649 ι»
2771 3600 2854 3655 sic
2908 3597 3037 3653 istis
3096 3595 3286 3650 tribus
3316 3591 3581 3648 versibus

1935 3697 2318 3753 commutatio
2379 3695 2677 3756 creaturae,
2722 3694 2775 3745 et
2836 3689 3131 3742 mternitas
3186 3682 3415 3739 Domini
3472 3681 3582 3735 hoc

1938 3788 1996 3841 in
2030 3786 2155 3841 loco
2188 3802 2219 3839 a
2251 3782 2537 3854 Propheta
2579 3775 2912 3835 admirabili
2961 3773 3241 3829 brevitate
3290 3768 3585 3842 descripta

1936 3879 2044 3929 est.

2010 3963 2089 4017 De
2124 3959 2448 4031 majestatis
2491 3957 2699 4012 divinae
2731 3952 3049 4008 aeternitate
3078 3950 3137 4004 in
3172 3949 3337 4015 Filio,
3369 3948 3584 4003 iterum

1940 4052 2145 4106 beatus
2180 4048 2391 4105 Paulus
2432 4046 2503 4101 ad
2532 4041 2913 4099 humanitatis
2943 4040 3070 4109 ejus
3102 4037 3583 4109 glorificationcm

1938 4155 2267 4196 sermonem
2315 4134 2541 4200 direxit,
2576 4133 2777 4188 dicens
2810 4148 2821 4185 :
2852 4151 2879 4179 ‹‹
2908 4129 2993 4183 Ad
3025 4143 3199 4198 quem
3249 4128 3449 4179 autem
3480 4141 3583 4178 an-

1936 4228 2200 4302 gelorum
2252 4226 2397 4281 dixit
2439 4221 2753 4293 aliquando
2787 4235 2799 4273 :
2834 4218 2979 4273 Sede
3009 4233 3043 4270 a
3070 4213 3288 4269 dextris
3329 4212 3476 4267 meis
3496 4215 3523 4267 Ὺ
3556 4235 3584 4261 ››

1876 4302 1881 4305 ⁷
1939 4300 2109 4390 (Ρδαι.
2135 4334 2245 4382 cxx,
2272 4316 2346 4385 1.)
2368 4312 2575 4369 Victori
2610 4307 2773 4373 Filio,
2800 4310 2855 4362 et
2887 4322 2988 4378 per
3019 4308 3284 4360 sanctam
3316 4300 3584 4356 incarna-

1938 4409 2155 4463 tionem
2185 4406 2365 4460 totius
2409 4400 2614 4457 mundi
2662 4394 3097 4468 triumphatori,
3131 4397 3264 4465 post
3290 4407 3582 4446 resurrec-

1938 4497 2114 4551 tionis
2146 4494 2391 4567 gloriam
2440 4486 2799 4545 honorabilis
2838 4484 3141 4541 confessus
3169 4486 3424 4552 paternae
3456 4496 3582 4534 ma-

1931 4585 2164 4657 jestatis
2195 4584 2467 4641 offertur.
2489 4584 2554 4633 ut
2596 4595 2697 4649 per
2733 4577 2891 4631 hunc
2921 4574 3101 4629 situm
3155 4574 3441 4640 susceptae
3474 4569 3581 4623 hu-

178 4672 343 4727 Unde
374 4690 435 4728 se
468 4678 807 4728 sanctorum
859 4674 1211 4729 conscientia
1242 4690 1473 4744 semper
1520 4672 1825 4736 exhilarat,
1858 4679 1903 4742 1)
1937 4672 2238 4729 manitatis
2270 4670 2454 4743 gloria
2483 4668 2828 4722 declaretur.
2859 4688 2885 4712 ‹‹
2921 4662 3120 4728 Quoad
3154 4675 3339 4729 usque
3371 4675 3583 4729 ponam

179 4762 415 4833 quando
445 4761 605 4817 nulla
638 4762 1056 4818 recordationis
1088 4762 1399 4835 asperitate
1431 4762 1752 4817 mordetur.

256 4876 275 4899 ι
314 4852 433 4906 Prae
463 4852 848 4924 participibus
876 4852 1051 4906 tuis.»
1072 4853 1204 4907 Ideo
1237 4856 1429 4906 autem
1462 4852 1682 4907 dictum
1717 4853 1827 4915 est,

187 4962 206 4988 α
244 4958 357 5013 prae
391 4940 773 5013 participibus
795 4941 971 5008 tuis,»
995 4942 1273 5013 quoniam
1306 4941 1455 4995 hanc
1478 4940 1833 4996 benedictio-

182 5046 311 5083 nem
346 5047 530 5101 supra
552 5047 724 5086 omne
753 5031 1080 5085 humanum
1114 5047 1321 5102 genus,
1351 5032 1470 5087 sive
1502 5050 1688 5106 reges,
1714 5035 1832 5091 sive

181 5122 514 5175 sacerdotes
561 5120 619 5174 in
653 5121 841 5175 Veteri
874 5121 1267 5185 Testamento,
1303 5123 1421 5178 sive
1468 5124 1643 5181 etiam
1694 5142 1832 5195 apo-

182 5208 361 5265 stolos
395 5213 453 5263 et
484 5213 769 5279 martyres
818 5195 875 5261 in
908 5208 1084 5272 Novo,
1118 5210 1483 5281 ﬁgurabatur
1513 5216 1830 5286 accepisse,

182 5300 236 5348 et
266 5302 481 5348 unctus
513 5295 889 5348 singulariter
920 5301 1155 5348 Caeteros
1189 5314 1426 5348 ungere-
1460 5304 1515 5348 id
1551 5310 1637 5348 nui
1696 5319 1831 5348 smn-

1937 4762 2207 4818 inimicos
2236 4765 2387 4815 tuos.
2416 4781 2442 4807 »
2475 4758 2637 4822 Quod
2684 4760 2879 4810 autem
2915 4769 2948 4805 a
2976 4753 3144 4806 Patre
3190 4746 3589 4817 subjiciuntur

1940 4854 2084 4909 Filio
2114 4848 2363 4913 inimici,
2398 4865 2512 4903 non
2544 4844 2952 4900 infirmitatem
2987 4838 3133 4902 Filii,
3167 4837 3268 4890 sed
3302 4836 3587 4890 unitatem

1944 4948 2187 5008 natura),
2229 4954 2347 5009 qua
2398 4938 2460 4991 in
2509 4935 2687 4991 altero
2747 4931 2897 4987 alter
2954 4932 3243 4999 operatur,
3277 4924 3596 4995 signiﬁcat.

1943 5036 2090 5089 Nam
2124 5034 2179 5084 et
2201 5027 2380 5083 Fllius
2413 5023 2655 5096 subjicit
2680 5019 2960 5078 inimicos
2992 5015 3169 5082 Patri,
3195 5012 3337 5082 quia
3368 5014 3605 5069 Patrem

1943 5122 2226 5179 clarificat
2268 5132 2447 5187 super
2490 5120 2734 5170 terram.
2768 5134 2789 5158 «ι
2827 5105 3158 5161 Scabellum
3208 5098 3445 5169 pedum
3490 5103 3616 5152 tuo-

1944 5230 2098 5270 rum.
2130 5231 2156 5256 »
2190 5208 2296 5261 Per
2327 5206 2505 5276 pedes
2536 5208 2731 5258 autem
2786 5195 3047 5260 Domini,
3074 5187 3375 5247 stabilitas
3417 5193 3628 5249 agterna

1943 5299 2335 5348 aioniﬁcatur.
2386 5294 2485 5348 ubi
2539 5291 2657 5348 ille.
2705 5299 3009 5348 tanquam
3060 5274 3319 5348 vestigiis
3395 5272 3631 5348 positis.
