3976 5348
447 375 558 439 735

1456 390 1792 453 ATTUNIS
1840 391 2424 455 VERCELLENSIS
2471 392 2823 456 EPISCOPI
3696 397 3783 460 736

442 517 617 575 nibus
643 517 1023 578 inclinantur.
1056 524 1190 581 Sine
1220 525 1395 583 dubio
1442 528 1513 585 de
1559 528 1678 586 illis
1708 530 1965 588 inimicis
1996 531 2080 586 di-
2111 526 2165 592 A
2195 526 2306 581 bus
2338 524 2532 582 verbis
2580 526 2903 598 explicavit,
2932 524 3174 582 dicendo
3205 542 3256 583 :«
3283 525 3338 581 Si
3386 526 3541 583 enim
3588 527 3674 601 qui
3715 546 3789 601 per

441 607 539 676 cit,
595 609 696 680 qui
744 612 1005 669 conversi
1061 615 1131 669 ad
1192 615 1486 673 dexteram
1546 620 1925 677 collocantur.
1958 623 2083 677 Non

440 696 535 753 hic
566 699 904 757 adverbium
944 722 965 751 α
998 720 1325 777 quousque,
1360 731 1388 757 ››
1419 708 1669 780 alicujus
1698 713 1981 784 temporis
2014 714 2084 767 fi-

441 788 574 844 dem
623 790 805 862 (1391)
863 793 1149 865 designat,
1206 797 1306 852 sed
1366 800 1705 856 aeternitatis
1766 804 2082 875 potentiam

442 876 823 936 demonstrat.

512 990 541 1017 «
574 968 776 1025 Nonne
812 987 1016 1028 omnes
1065 980 1205 1030 sunt
1236 978 1715 1036 administratorii
1750 983 1993 1053 spiritus
2024 984 2082 1038 in

440 1056 837 1115 ministerium
887 1062 1053 1118 missi
1102 1070 1338 1138 propter
1385 1085 1504 1136 eos,
1537 1071 1634 1141 qui
1684 1070 2083 1127 haereditatem

441 1145 681 1217 capiunt
710 1147 917 1206 salutis
939 1151 966 1206 ‘?
992 1174 1017 1201 »
1049 1156 1127 1208 Ac
1176 1155 1223 1209 si
1275 1156 1491 1213 diceret
1524 1175 1535 1214 :
1570 1160 1818 1232 Angelos
1870 1162 2084 1217 consti-

439 1235 555 1291 tuit
586 1237 911 1305 ministros,
936 1240 1146 1297 Filium
1200 1248 1395 1301 autem
1438 1249 1507 1302 ad
1543 1249 1833 1305 dexteram
1888 1251 2084 1306 sedere

442 1324 597 1396 fecit,
646 1329 800 1397 quod
850 1329 997 1384 nulli
1051 1349 1311 1403 unquam
1372 1336 1713 1407 angelorum
1775 1340 2080 1395 concessit.

440 1413 584 1470 Nam
616 1420 672 1471 et
705 1417 884 1473 Filius
916 1420 1136 1476 missus
1173 1428 1281 1487 est,
1315 1426 1413 1480 sed
1466 1444 1577 1481 non
1612 1428 1765 1482 sicut
1796 1428 2081 1495 minister,

442 1519 631 1575 neque
653 1506 996 1575 perfunctus
1019 1511 1332 1579 cujuslibet
1357 1514 1586 1581 ofﬁciis,
1608 1518 1705 1571 sed
1733 1518 1883 1571 sicut
1906 1518 2085 1573 Filius

442 1593 809 1664 unigenitus;
847 1598 1029 1653 Filius
1061 1617 1212 1663 vero,
1248 1603 1399 1657 sicut
1432 1605 1710 1660 Dominus
1745 1606 1951 1674 salvat;
1990 1608 2081 1662 isti

438 1698 593 1751 vero,
628 1684 780 1739 sicut
810 1687 980 1756 servi,
1015 1689 1251 1745 salvatis
1284 1708 1386 1762 per
1415 1694 1585 1748 ﬁdem
1616 1696 1967 1751 deserviunt.
2003 1697 2085 1750 Si-

442 1771 680 1842 quidem
713 1790 815 1844 pro
846 1780 1048 1831 nostra
1092 1778 1281 1834 salute
1326 1781 1627 1838 ministros
1659 1788 1884 1840 constat
1916 1785 2083 1840 effec-

2194 613 2434 685 angelos
2465 615 2657 671 dictus
2687 620 2775 671 est
2801 631 3014 671 sermo.
3040 635 3063 666 ι
3093 616 3341 680 Quidam
3365 617 3567 671 dicunt
3594 621 3725 688 quod
3747 622 3786 675 in

2194 702 2300 757 hoc
2332 704 2456 759 loco
2488 704 2725 775 Moysen
2775 709 2996 777 tangat,
3032 722 3097 761 eo
3128 707 3283 777 quod
3318 705 3653 777 Decalogum
3681 707 3787 779 legis

2196 790 2252 845 in
2287 796 2482 847 monte
2511 793 2664 847 Sinai
2699 811 2732 847 a
2760 793 3006 848 Domino
3036 794 3342 865 acceperit,
3374 793 3527 849 sicut
3554 793 3659 848 illic
3684 798 3787 850 scri-

2195 883 2359 951 ptum
2392 884 2479 936 est
2512 898 2523 935 :
2551 904 2577 930 ‹‹
2613 883 2840 955 Moyses
2886 882 3251 954 loquebatur,
3286 882 3567 937 Dominus
3595 901 3786 955 respon-

2194 968 2367 1023 debat
2396 970 2669 1041 ei,(E:rod.
2701 988 2817 1040 xIx,
2850 972 2935 1042 19)
2962 987 2973 1025 :
3001 994 3028 1021 ››
3060 977 3115 1026 et
3144 970 3283 1026 alibi
3316 989 3329 1026 :
3360 994 3379 1019 α
3420 972 3532 1026 Lex
3558 988 3650 1042 per
3675 973 3789 1046 Moy—

2194 1074 2294 1113 sen
2328 1059 2465 1113 data
2496 1064 2583 1115 est
2613 1062 2790 1132 (Joan.
2818 1079 2855 1125 Ι,
2882 1062 2999 1128 17);
3028 1082 3055 1112 ››
3088 1062 3187 1116 sed
3220 1061 3313 1115 hic
3340 1076 3445 1132 per
3473 1061 3687 1132 angelos
3712 1064 3785 1117 da-

2193 1151 2311 1201 tam
2344 1164 2472 1203 esse
2502 1150 2669 1204 docet
2707 1150 3021 1220 Apostolus
3055 1166 3067 1203 :
3103 1166 3239 1204 nam
3280 1154 3337 1205 et
3384 1149 3441 1203 in
3496 1149 3714 1220 epistola
3736 1153 3784 1205 ad

2195 1236 2431 1292 Galatas
2464 1240 2663 1305 111,29,
2702 1239 2879 1293 simili
2930 1240 3102 1293 modo
3149 1239 3290 1294 dicit.
3316 1255 3362 1293 ει
3402 1238 3679 1310 Disposita
3717 1258 3788 1311 per

2195 1326 2431 1399 angelos
2464 1327 2524 1381 in
2550 1345 2727 1382 manu
2752 1328 3108 1384 Mediatoris.
3133 1350 3159 1377 »
3187 1332 3253 1382 Et
3282 1328 3497 1382 iterum
3526 1328 3579 1382 in
3601 1329 3786 1384 Actibus

2195 1416 2592 1487 apostolorum
2624 1436 2724 1481 νη,
2757 1420 2825 1471 53
2858 1435 2871 1473 :
2903 1441 2923 1467 α
2962 1417 3282 1488 Accepistis
3324 1417 3515 1489 legem
3561 1417 3617 1473 in
3660 1434 3786 1472 man-

2194 1504 2345 1560 datis
2379 1506 2741 1577 angelorum,
2768 1511 2824 1562 et
2850 1524 2963 1562 non
2996 1506 3364 1562 custoditis.»
3395 1507 3463 1561 Et
3496 1506 3691 1577 ubique
3718 1523 3787 1577 per

2193 1596 2431 1666 angelos
2464 1598 2659 1650 datam
2693 1612 2819 1651 esse
2859 1595 3130 1667 plurimis
3171 1596 3505 1651 ostenditur
3532 1595 3676 1650 locis.
3704 1600 3785 1649 Aut

2194 1685 2333 1755 quia
2364 1687 2433 1740 de
2464 1686 2737 1740 omnibus
2797 1684 2909 1753 his,
2944 1702 3070 1757 quae
3121 1685 3201 1750 in,
3229 1684 3425 1739 Veteri
3473 1684 3782 1739 Testamento

2193 1775 2347 1829 dicta
2376 1775 2461 1829 vel
2512 1776 2662 1829 facta
2711 1779 2868 1843 sunt,
2895 1778 2996 1829 aut
3040 1778 3195 1829 certe
3241 1774 3381 1845 quia
3432 1773 3582 1828 Deus
3624 1774 3785 1827 eratin

440 1862 552 1925 tos,
587 1862 856 1931 quamvis
888 1865 1055 1921 nobis
1087 1870 1414 1939 superiores
1465 1872 1611 1937 sint;
1644 1876 1839 1928 tamen
1875 1875 1943 1928 ad
1980 1891 2080 1929 no-
2115 1898 2162 1963 B
2196 1863 2441 1963 angelis,
2464 1888 2491 1913 ‹‹
2527 1866 2711 1963 factus
2736 1869 2822 1963 est
2843 1865 3049 1963 ﬁrmus
3070 1864 3275 1931 (1393).
3306 1886 3325 1912 υ
3354 1862 3505 1963 Quid
3536 1867 3617 1963 est
3644 1863 3781 1963 factus

441 1952 623 2003 stram
675 1951 923 2007 salutem
975 1954 1365 2013 ministerium
1413 1960 1685 2015 exhibent
1731 1980 1743 2017 :
1791 1963 2081 2033 siquidem

440 2037 842 2096 etfunctionis
893 2044 1150 2101 officium
1202 2046 1343 2103 illud
1397 2049 1675 2117 declarat,
1706 2069 1837 2107 nam
1893 2053 2083 2125 angeli

441 2126 634 2184 Graece
664 2129 960 2204 dicuntur,
986 2134 1207 2205 Latine,
1240 2140 1445 2193 nuntii.
1479 2140 1718 2212 Propter
1739 2159 1846 2197 nos
1868 2143 2087 2213 ubique

442 2217 791 2288 mittuntur;
825 2226 1058 2295 propter
1100 2242 1206 2280 nos
1254 2226 1550 2297 laborant;
1586 2234 1821 2302 propter
1850 2249 1955 2288 nos
1988 2232 2083 2287 de-

441 2312 713 2375 currunt;
746 2310 914 2366 nobis
946 2328 1053 2366 suo
1086 2313 1408 2385 funguntur
1429 2317 1636 2373 officio.
1665 2320 1731 2373 Et
1761 2319 1971 2375 harum
2004 2338 2087 2376 re-

441 2411 573 2450 rum
605 2398 883 2468 exemplis
915 2399 1067 2470 pleni
1101 2407 1239 2457 sunt
1280 2404 1413 2459 libri
1442 2406 1664 2462 Veteris
1698 2413 1752 2463 et
1774 2408 1910 2464 N0vi
1946 2411 2084 2465 Tes-

439 2486 709 2541 tamenti.
742 2486 888 2542 Nam
934 2494 989 2544 et
1037 2492 1368 2561 pastoribus
1417 2496 1605 2567 angeli
1656 2499 2083 2569 evangelizave-

442 2578 581 2628 runt
601 2574 748 2644 (Luc.
775 2593 835 2644 II,
859 2577 915 2647 9)
942 2596 955 2633 :
989 2582 1044 2634 et
1074 2581 1142 2635 ad
1191 2581 1437 2637 Mariam
1472 2586 1715 2656 angelus
1744 2588 1901 2642 venit
1933 2589 2081 2650 (Luc.

443 2679 483 2727 1,
515 2664 604 2734 28)
636 2680 648 2718 :
674 2668 729 2719 et
758 2665 897 2720 talia
928 2667 1113 2724 multa
1142 2670 1201 2725 in
1233 2670 1444 2727 divinis
1475 2673 1725 2745 legimus
1747 2675 2084 2747 Scripturis.

442 2750 631 2807 Simul
663 2752 838 2810 etiam
872 2760 927 2811 et
956 2773 1157 2813 eorum
1199 2760 1464 2817 sublevat
1502 2768 1746 2829 mentes,
1773 2766 2087 2821 ostendens

444 2841 725 2898 honorem
758 2846 927 2904 nobis
967 2865 999 2903 a
1040 2848 1157 2904 Deo
1188 2849 1509 2920 plurimum
1541 2854 1956 2910 condonatum.
1995 2858 2083 2911 In-

442 2929 688 3002 telligite
732 2932 914 3005 igitur
944 2952 1098 2991 nunc
1128 2942 1383 3009 quantus
1433 2942 1600 2997 nobis
1632 2942 1817 2998 honor
1869 2946 2084 3016 existit,

444 3022 508 3074 ut
537 3019 688 3075 sicut
714 3024 785 3078 ad
817 3024 1055 3095 amicos,
1090 3027 1169 3083 ita
1210 3030 1515 3087 ministros
1548 3032 1784 3104 angelos
1816 3050 1953 3089 suos
1986 3052 2088 3090 no-

442 3108 533 3164 bis
565 3109 817 3168 destinet
842 3113 1015 3171 Deus.

514 3199 671 3271 (CAP.
695 3199 789 3272 ΙΙ.)
820 3203 922 3259 His
954 3204 1033 3261 ita
1062 3205 1412 3265 introductis
1444 3211 1513 3264 de
1544 3210 1885 3283 angelorum
1919 3212 2091 3267 mini-

443 3288 640 3356 sterio,
665 3307 768 3361 per
797 3308 944 3364 quos
976 3295 1151 3350 etiam
1183 3296 1313 3367 ipsa
1342 3298 1440 3353 lux
1471 3300 1801 3355 ministrata
1826 3305 1933 3367 est,
1958 3318 2090 3357 mox
2120 3272 2163 3339 α

444 3377 749 3447 subjunxit
769 3381 839 3435 de
860 3382 1201 3439 excellentia
1221 3386 1439 3457 gratiae,
1464 3404 1590 3458 quae
1623 3406 1725 3460 per
1756 3389 1853 3444 Dei
1883 3390 2086 3444 Filium

443 3466 613 3520 nobis
647 3466 824 3523 allata
854 3474 964 3536 est,
1004 3471 1204 3528 dicens
1239 3491 1250 3529 :
1285 3494 1305 3522 (κ
1339 3475 1648 3547 Propterea
1691 3478 2089 3533 abundantius

445 3558 671 3625 oportet
700 3573 807 3612 nos
847 3560 1151 3615 observare
1201 3579 1268 3618 ea
1316 3580 1441 3635 quae
1491 3565 1876 3621 audivimus.»
1904 3569 2090 3632 Quare

448 3664 476 3693 ι(
507 3644 959 3701 abundantius»
991 3648 1174 3704 dixit?
1206 3652 1320 3707 Hoc
1350 3656 1437 3707 est
1467 3670 1641 3724 quam
1686 3654 1745 3709 in
1778 3654 1903 3727 lege
1936 3655 2087 3710 sole-

442 3731 677 3788 bamus.
712 3736 820 3789 Sed
872 3752 1084 3793 nomen
1130 3739 1272 3812 legis
1304 3742 1576 3810 obticuit;
1611 3760 1746 3799 nam
1798 3745 1854 3798 in
1904 3750 2090 3800 astru-

447 3822 637 3877 ctione
668 3839 774 3879 sua
804 3826 1183 3883 manifestum
1233 3830 1340 3885 hoc
1390 3831 1545 3887 facit.
1582 3835 1646 3887 Et
1694 3850 1873 3903 quare
1904 3834 2088 3888 abun-

446 3911 683 3968 dantius
716 3930 820 3969 nos
851 3920 1077 3987 oportet
1115 3918 1419 3976 observare
1449 3937 1516 3976 ea
1550 3938 1680 3993 qum
1713 3923 2042 3979 audivimus
2063 3924 2091 3978 ‘?

446 4000 649 4056 Nonne
674 4006 730 4057 et
751 4001 851 4058 illa
872 4004 968 4059 Dei
990 4010 1147 4072 sunt,
1169 4013 1226 4063 et
1248 4008 1397 4065 ista?
1418 4033 1445 4060 ‹‹
1468 4011 1877 4067 Abundantius
1904 4036 1924 4064 ι
1954 4028 2089 4083 ergo

447 4089 611 4158 dixit,
631 4096 733 4147 aut
754 4110 931 4165 quam
958 4094 1226 4151 solebant
1255 4098 1311 4151 in
1337 4098 1479 4170 lege,
1508 4103 1607 4155 aut
1637 4105 1809 4167 certe,
1835 4100 2091 4172 amplius

446 4195 562 4235 non
608 4197 953 4254 comparans
1003 4185 1380 4257 absit(1392).
1412 4189 1519 4243 Sed
1570 4192 1707 4259 quia
1755 4206 1857 4261 per
1907 4190 2093 4245 multa

446 4272 712 4341 tempora
767 4288 1049 4343 magnum
1081 4276 1234 4345 apud
1294 4291 1389 4330 eos
1449 4278 1812 4333 auctoritatis
1864 4280 2092 4350 pondus

446 4361 627 4412 Vetus
650 4358 903 4416 habebat
916 4362 1354 4419 Testamentum
1375 4390 1387 4431 ;
1412 4364 1530 4419 haec
1553 4366 1917 4439 autem,quia
1937 4368 2095 4423 velut

450 4462 598 4503 nova
624 4445 740 4503 illis
771 4449 1133 4518 dicebantur,
1158 4466 1229 4508 n'e
1252 4454 1715 4526 contemptibilis
1736 4456 2091 4527 judicarent,

449 4536 735 4605 ostendit;
770 4554 835 4592 ex
858 4539 1237 4608 abundantia,
1266 4543 1541 4615 quoniam
1569 4543 1690 4599 hzec
1716 4545 1972 4617 amplius
2000 4547 2095 4602 ob-

2200 1954 2444 2008 firmus?
2482 1953 2762 2008 Videlicet
2807 1970 3000 2021 verus,
3033 1956 3318 2025 tanquam
3370 1952 3602 2018 diceret,
3646 1950 3784 2004 ﬁdelis

2197 2042 2257 2097 in
2288 2046 2547 2115 tempore
2577 2046 2924 2114 opportuno.

2274 2152 2295 2179 ε
2330 2134 2397 2188 Et
2426 2132 2617 2188 omnis
2659 2130 3049 2204 praevaricatio
3098 2135 3153 2186 et
3200 2129 3593 2186 inobedientia
3618 2129 3784 2199 accepit

2188 2224 2413 2294 justam
2438 2221 2835 2277 retributionis
2858 2222 3205 2276 mercedem.
3230 2242 3257 2270 »
3281 2220 3401 2274 Hoc
3423 2223 3513 2274 est
3532 2218 3656 2289 quia
3679 2216 3782 2270 nihil

2197 2312 2478 2367 remansit
2528 2311 2800 2377 inultum,
2852 2310 2970 2366 sive
3019 2311 3171 2382 quod
3225 2309 3520 2380 promisit,
3552 2309 3657 2363 sive
3695 2322 3781 2377 qua:

2196 2400 2607 2456 comminando
2640 2401 2811 2468 dixit;
2848 2404 3077 2465 cuncta,
3102 2416 3229 2470 quae
3262 2399 3544 2470 praedicta
3572 2400 3783 2463 sunt,ac-

2197 2490 2350 2562 cepit
2372 2492 2593 2560 justam
2622 2491 2906 2545 mercedis
2938 2488 3406 2544 retributionem.
3433 2489 3611 2553 Quare
3639 2488 3782 2540 autem

2197 2580 2362 2649 dixit,
2388 2579 2673 2634 mercedis
2700 2578 3162 2649 retributionem,
3188 2594 3321 2633 cum
3348 2592 3569 2632 merces
3597 2575 3647 2629 in
3675 2574 3783 2628 bono

2197 2669 2333 2740 poni
2383 2668 2601 2723 soleat?
2632 2667 2742 2722 Sed
2792 2667 2904 2722 iste
2955 2684 3081 2721 mos
3140 2670 3227 2722 est
3286 2664 3657 2738 Apostolo,ut
3704 2677 3782 2715 non

2199 2774 2472 2830 magnam
2504 2757 2811 2811 verborum
2861 2756 3073 2811 habeat
3122 2755 3435 2822 rationem,
3468 2754 3565 2809 sed
3609 2750 3782 2806 inditl‘e-

2198 2853 2412 2912 renter,
2438 2846 2527 2901 vel
2559 2848 2687 2917 quae
2715 2845 2773 2900 in
2800 2846 2951 2901 bono
2974 2845 3271 2909 dicuntur,
3294 2843 3382 2899 vel
3416 2860 3541 2916 quae
3571 2842 3624 2896 in
3652 2837 3780 2901 malo,

2200 2953 2300 3009 pro
2336 2936 2613 2991 alterutro
2647 2951 2889 3007 ponere;
2924 2933 3075 2989 sicut
3107 2932 3245 2989 alibi
3278 2932 3428 2987 dixit
3461 2950 3472 2987 :
3499 2955 3525 2981 ‹‹
3558 2934 3616 2985 1n
3642 2926 3782 2999 capti-

2196 3026 2375 3083 vitate
2407 3025 2733 3097 redigentes
2765 3041 2996 3080 omnem
3042 3040 3283 3079 sensum
3330 3024 3405 3079 ad
3455 3019 3780 3077 obediendum

2198 3115 2427 3171 Christo
2460 3116 2529 3185 (II
2558 3114 2682 3170 Cor.
2715 3131 2769 3183 x,
2801 3115 2942 3184 5);»
2976 3114 3056 3169 ita
3087 3118 3142 3168 et
3172 3113 3267 3169 hic
3298 3136 3325 3163 ‹‹
3360 3110 3635 3168 mercedis
3662 3105 3781 3163 retri-

2202 3204 2524 3261 butionem.
2552 3226 2578 3251 ››

2278 3315 2297 3341 σ
2324 3294 2393 3348 Et
2416 3292 2707 3363 quomodo
2733 3308 2837 3347 nos
2858 3292 3224 3363 effugiemus,
3251 3290 3299 3345 si
3324 3293 3550 3345 tantam
3573 3285 3779 3359 neglexe-

2199 3381 2384 3437 rimus
2416 3380 2759 3437 salutem?»
2790 3381 2898 3436 Per
2945 3380 3063 3435 haec
3115 3380 3290 3435 verba
3338 3378 3484 3435 satis
3533 3375 3781 3449 significat,

2201 3471 2337 3543 quia
2369 3488 2482 3526 non
2516 3474 2639 3526 erat
2688 3474 2855 3525 tanta
2902 3470 3061 3525 salus
3108 3470 3168 3524 in
3210 3469 3403 3525 Veteri
3452 3468 3781 3527 Testamento,

2200 3565 2423 3633 quanta
2454 3565 2541 3616 est
2573 3561 2631 3614 in
2662 3559 2871 3633 gratia,
2900 3576 3077 3632 quam
3104 3558 3200 3614 Dei
3226 3558 3411 3613 Filius
3434 3556 3594 3612 nobis
3617 3550 3782 3609 attulit.

2199 3652 2321 3706 Non
2355 3651 2510 3706 enim
2536 3650 2703 3706 nobis
2736 3666 2889 3704 nunc
2934 3648 3085 3704 sicut
3116 3648 3255 3717 illis,
3277 3652 3446 3703 terrae
3467 3644 3691 3707 divitias,
3711 3639 3781 3695 sed

2198 3740 2324 3796 δαεΙί
2358 3739 2602 3811 gloriam
2636 3738 2926 3811 promittit
2948 3742 3117 3793 Deus.
3144 3738 3268 3793 Non
3300 3736 3595 3793 victoriam
3624 3733 3682 3787 de
3707 3735 3780 3783 ter-

2199 3830 2355 3885 renis
2386 3830 2677 3896 hostibus,
2712 3829 2809 3884 sed
2844 3828 2913 3883 de
2946 3826 3349 3899 spiritualibus
3383 3822 3664 3882 concessit
3692 3819 3779 3874 Non

2200 3921 2378 3975 vitam
2412 3918 2722 3974 infeliciter
2762 3922 3123 3989 pereuntem,
3156 3917 3256 3971 sed
3302 3920 3631 3987 perpetuam
3660 3912 3781 3964 aeter-

2202 4008 2411 4064 naliter
2441 4007 2677 4063 donavit
2701 4008 2951 4061 beatam.
2976 4006 3101 4060 Haec
3130 4005 3344 4076 quippe
3375 4002 3570 4059 omnia
3594 3998 3781 4055 breviter

2200 4096 2511 4163 intimavit,
2555 4097 2756 4151 dicens
2783 4111 2793 4149 :
2820 4117 2847 4144 «
2869 4095 2929 4151 Si
2961 4098 3185 4151 tantam
3217 4092 3632 4166 neglexerimus
3668 4082 3781 4141 salu-

2200 4190 2340 4241 tem.
2372 4207 2399 4233 »
2440 4185 2659 4239 Deinde
2707 4182 3265 4256 supereminentiam
3313 4198 3535 4248 eorum,
3563 4193 3671 4250 quie
3704 4187 3780 4268 ⁸[δίξτ

2205 4276 2301 4332 Dei
2336 4274 2547 4330 Filium
2601 4274 2759 4329 dicta
2806 4276 2962 4344 sunt,
3002 4272 3269 4343 adjunxit
3294 4290 3307 4327 :
3332 4294 3360 4321 ‹‹
3384 4272 3535 4337 Quae,
3560 4282 3673 4324 cum
3704 4262 3779 4315 ini-

2202 4365 2348 4421 tium
2381 4364 2703 4435 accepisset
2750 4362 3007 4417 enarrari
3038 4378 3140 4434 per
3184 4361 3519 4426 Dominum,
3543 4351 3778 4452 »ὶιοοιεεεξν

2203 4456 2275 4510 ab
2305 4454 2431 4526 ipso
2464 4453 2623 4508 fonte
2652 4452 2775 4507 haec
2806 4469 2931 4523 qua:
2976 4450 3247 4517 dicimus,
3271 4448 3593 4505 habuerunt
3619 4448 3775 4526 priucr

2204 4521 2387 4617 pium.
2422 4543 2547 4597 Non
2597 4542 2750 4597 enim
2804 4521 2931 4612 quae
2963 4539 3213 4595 dicimus
3268 4539 3341 4595 ab
3392 4534 3695 4593 hominibus
3716 4521 3775 4578 vel

451 4640 681 4682 servare
713 4627 1015 4696 debemus,
1050 4647 1173 4702 qua:
1216 4648 1318 4703 per
1359 4632 1453 4688 Dei
1497 4631 1708 4688 Filium
1740 4634 2094 4703 audivimus,
2127 4640 2174 4706 Ι)
2207 4634 2382 4690 etiam
2416 4633 2487 4687 ab
2519 4630 2741 4703 angelis
2771 4630 2935 4685 illata
2965 4633 3120 4700 sunt,
3154 4629 3254 4683 sed
3285 4627 3408 4699 ipse
3435 4624 3602 4683 Filius
3630 4618 3777 4687 unige-

449 4732 625 4784 quam
649 4732 716 4771 ea
736 4733 861 4787 qum
884 4734 986 4788 per
1006 4719 1241 4791 angelos
1265 4722 1420 4777 dicta
1441 4728 1773 4792 sunt,more
1796 4742 1901 4780 suo
1925 4742 2092 4780 suam

448 4804 566 4859 illis
598 4808 960 4877 conjungens
983 4826 1316 4880 personam,
1342 4812 1395 4865 in
1422 4828 1486 4867 eo
1513 4814 1666 4882 quod
1692 4813 1854 4882 dixit,
1885 4837 1905 4863 κ
1933 4815 2095 4868 audi-

448 4894 643 4949 vimus
677 4913 689 4950 :
718 4916 738 4946 υ
776 4900 832 4951 et
861 4896 995 4951 inde
1026 4903 1262 4953 secutus
1295 4899 1561 4969 adjunxit
1593 4918 1605 4955 :
1636 4922 1662 4950 «
1694 4918 1765 4956 ne
1798 4903 1940 4956 forte
1970 4919 2097 4973 per-

449 4982 786 5054 efﬂuamus,
809 5008 835 5036 »
870 4987 979 5041 hoc
1010 4992 1116 5051 est,
1141 5004 1210 5042 ne
1243 4988 1485 5044 forsitan
1518 5007 1846 5061 pereamus,
1880 5008 1952 5044 ne
1984 4992 2097 5044 for-

452 5073 607 5127 sitan
640 5074 1001 5143 excidamus,
1036 5076 1239 5131 nolens
1268 5077 1340 5132 ab
1374 5078 1590 5132 auditis
1640 5094 1740 5147 per
1791 5077 1987 5131 inania
2018 5080 2098 5131 ef-

452 5160 631 5216 fluere
660 5163 1026 5219 audientium
1075 5182 1316 5220 sensum
1345 5183 1356 5220 :
1387 5166 1538 5236 quod
1574 5164 1749 5220 etiam
1800 5166 2097 5236 sequenti-

526 5269 709 5348 (1391)
741 5271 801 5348 _In
844 5272 970 5325 cod.
1003 5274 1331 5348 tgmporz’bus
1379 5274 1561 5343 fidem.
1598 5273 1865 5329 Fortasse
1913 5274 2095 5344 ﬁnem,

2204 4723 2363 4778 nitus
2396 4721 2564 4776 nobis
2595 4736 2662 4776 ea
2692 4718 3028 4792 impertivit.

2275 4835 2302 4861 ‹‹
2339 4812 2418 4865 Ab
2453 4810 2535 4865 eis
2574 4809 2675 4881 qui
2708 4807 3037 4872 audierunt,
3069 4805 3126 4859 in
3175 4822 3280 4860 nos
3312 4804 3633 4860 conﬁrmata
3657 4798 3773 4889 est,»

2207 4900 2316 4956 hoc
2347 4904 2457 4969 est,
2483 4897 2581 4970 qui
2617 4914 2650 4951 a
2681 4896 2921 4951 Domino
2954 4895 3282 4966 audierunt,
3315 4894 3425 4966 ipsi
3457 4908 3555 4946 nos
3584 4894 3775 4980 prognti

2207 4991 2702 5045 conﬁrmaverunt
2731 4986 3065 5041 virtutibus.
3091 4983 3250 5048 Quod
3284 4983 3455 5038 etiam
3489 4985 3648 5034 Lucas
3672 4971 3776 5065 dixit

2208 5078 2265 5131 in
2290 5078 2573 5149 principio
2595 5074 3007 5148 Evangelii‘sui
3030 5092 3081 5129 :«
3104 5074 3265 5128 Sicut
3290 5069 3633 5128 tradiderunt
3652 5060 3774 5117 nobis

2209 5166 2308 5236 qui
2342 5166 2412 5219 ab
2444 5166 2611 5220 initio
2644 5164 2755 5236 ipsi
2781 5164 3068 5233 viderunt,
3102 5166 3159 5216 et
3188 5160 3440 5216 ministri
3468 5156 3675 5213 fuerunt
3697 5163 3775 5205 ser-

2207 5275 2405 5327 tamen
2430 5270 2941 5348 interpretandus,
2976 5268 3075 5341 qui
3099 5285 3225 5348 per
3246 5267 3484 5348 angelos
3514 5263 3680 5348 dictus
3696 5256 3775 5348 Left
