3976 5348
137 396 245 454 737

720 392 1134 453 EXPOSITIO
1181 392 1255 451 IN
1306 392 1732 453 EPISTOLAS
1780 392 2035 453 PAULI.
2072 424 2146 436 —
2180 394 2255 452 IN
2303 394 2551 456 EPIST.
2597 395 2701 454 AD
2748 396 2980 456 HEBR.

3419 400 3537 459 738

145 523 331 579 monis
362 523 507 594 (Luc.
543 541 577 593 ι,
610 524 731 595 2).»
759 544 789 575 α
819 526 877 578 In
895 524 1598 595 nos,inquit,conﬁrmata
1618 528 1729 589 est,
1753 544 1778 571 ››
1811 527 1862 592 Α
1892 540 2010 592 vm,
2042 525 2096 593 5)
2123 540 2135 577 :
2175 546 2201 573 ››
2232 528 2344 579 Cur
2369 542 2483 581 non
2518 526 2713 597 ipsum
2748 542 2961 581 nomen
3018 527 3317 597 Prophetas
3370 535 3529 586 ante-

142 612 356 668 credita
385 617 474 668 est
504 617 680 684 atque
711 614 1002 684 perfecta;
1037 630 1162 683 quac
1196 612 1376 676 salus,
1429 630 1554 683 qure
1610 612 1780 667 nobis

144 717 243 774 per
267 702 538 757 eumdem
588 702 802 757 Filium
833 703 968 757 data
998 706 1105 771 est,
1140 707 1441 772 permanet
1496 702 1555 756 in
1609 706 1780 757 aeter-

144 807 307 847 num.

213 902 241 929 ι(
273 879 463 936 Etiam
494 880 677 951 (1394)
709 882 1073 952 contestante
1105 880 1220 935 Deo
1252 880 1436 951 signis
1482 884 1539 936 et
1581 879 1779 952 prodi-

141 969 467 1042 giis(1395),
499 973 557 1025 et
571 969 747 1025 variis
763 968 1101 1025 virtutibus.
1128 991 1156 1019 »
1174 969 1475 1033 Quomodo
1501 969 1781 1025 testiﬁca-

140 1065 233 1116 tur
244 1059 400 1115 Deus
412 1059 438 1114 ?
451 1059 577 1115 Non
594 1059 766 1115 verbo
780 1075 968 1130 neque
980 1059 1244 1129 voce,sed
1263 1058 1459 1115 virtuti
1470 1060 1577 1115 bus
1590 1063 1646 1113 et
1660 1074 1786 1129 pro-

141 1147 519 1221 digiis;simul
538 1147 714 1203 etiam
727 1148 1091 1204 afﬂuentiam
1110 1146 1450 1219 signiﬁcans
1463 1148 1783 1218 gratiarum

140 1255 269 1310 qum
300 1254 416 1293 non
446 1241 613 1292 erant
642 1236 796 1309 apud
828 1237 1121 1307 antiquos,
1155 1251 1343 1307 neque
1382 1239 1547 1291 tanta
1594 1236 1785 1307 signa,

140 1343 330 1398 neque
358 1330 479 1382 tam
512 1327 741 1383 diversa
762 1326 1047 1399 prodigia,
1073 1330 1291 1395 quanta
1318 1326 1453 1381 data
1470 1330 1608 1380 sunt
1634 1328 1787 1396 post-

140 1433 319 1487 quam
348 1416 706 1487 gloriﬁcatus
732 1420 820 1471 est
839 1415 1033 1470 Jesus.
1058 1414 1322 1469 Ostendit
1344 1430 1479 1486 ergo
1503 1414 1643 1485 quia
1669 1430 1785 1469 non

140 1505 487 1576 simpliciter
509 1510 598 1561 est
626 1504 745 1559 illis
774 1504 1084 1574 creditum,
1119 1505 1219 1558 sed
1251 1520 1351 1575 per
1372 1504 1542 1574 signa
1570 1508 1627 1557 et
1654 1519 1785 1573 pro-

142 1596 321 1667 digia.
357 1596 425 1649 Et
456 1599 585 1665 post
642 1594 750 1648 hoc
806 1592 1051 1648 intulit:
1107 1616 1133 1641 ‹‹
1171 1594 1237 1647 Et
1298 1592 1549 1663 Spiritus
1602 1591 1787 1647 sancti

141 1682 1017 1748 distributionibus,secundum
1047 1698 1214 1736 suam
1238 1680 1616 1736 voluntatem.
1641 1705 1663 1729 ιι
1695 1680 1785 1735 Di-

138 1773 287 1827 vina;
299 1789 433 1828 vero
455 1771 737 1828 voluntati
752 1775 923 1842 atque
946 1770 1188 1826 consilio
1205 1776 1417 1826 cuncta
1431 1770 1782 1837 contribuit;

139 1862 456 1932 divinoque
479 1861 741 1927 consilio,
765 1860 926 1917 velut
942 1860 990 1915 si
1011 1860 1257 1915 diceret:
1292 1861 1421 1930 Ipse
1453 1860 1613 1915 novit
1645 1858 1785 1930 quid

138 1951 358 2022 cuique
389 1950 593 2022 prosit,
626 1950 711 2005 vel
733 1949 827 2004 cui
848 1950 987 2020 quid
1016 1949 1094 2004 sit
1122 1950 1192 2004 ad
1224 1950 1624 2017 commodum,
1649 1965 1788 2019 qua-

136 2045 379 2114 propter
407 2040 530 2111 ipse
578 2039 822 2111 gratiam
886 2037 1203 2109 unicuique
1255 2037 1574 2093 distribuit.
1625 2038 1786 2101 Quod

137 2129 324 2185 etiam
356 2130 427 2184 ad
459 2127 789 2183 Corinthios
820 2127 974 2193 facit,
1036 2128 1276 2183 dicens:
1329 2150 1356 2176 «
1394 2132 1545 2183 Deus
1596 2127 1793 2198 posuit

140 2232 653 2290 unumquemque,
687 2216 839 2272 sicut
884 2215 1069 2271 voluit
1128 2217 1174 2287 (Ι
1207 2216 1327 2271 Cor.
1370 2233 1468 2283 xu,
1522 2217 1629 2286 18).
1667 2238 1694 2264 ››
1727 2216 1794 2270 Et

139 2309 395 2363 iterum:
428 2306 753 2378 Unicuique
797 2305 969 2361 datur
1017 2305 1409 2360 manifestatio
1445 2305 1690 2377 spiritus
1722 2306 1792 2360 ad

138 2397 462 2453 utilitatem
499 2396 683 2466 (ll/£11.,
716 2397 837 2465 7).»

218 2510 247 2536 ‹‹
285 2485 621 2542 Secundum
670 2484 1030 2539 voluntatem
1088 2484 1288 2553 ejus.»
1343 2483 1610 2539 Ostendit
1636 2487 1795 2556 :ergo

144 2578 480 2634 secundum
500 2574 856 2631 voluntatem
880 2573 979 2629 Dei
1004 2574 1156 2629 dona
1179 2574 1497 2645 unicuique
1535 2574 1680 2639 dari,
1726 2588 1797 2627 ne

147 2669 209 2722 in
246 2665 582 2737 superbiam
605 2663 1003 2726 subleventur,
1026 2679 1097 2717 ne
1119 2662 1798 2718 influenturventositate

137 2755 466 2827 jactantiaa,
482 2770 552 2809 ne
565 2753 811 2808 altitudo
830 2751 1089 2805 muneris
1104 2751 1550 2822 negligentiores
1563 2753 1795 2808 efﬁciat.

144 2846 263 2909 Qui
295 2844 451 2899 enim
483 2844 811 2911 compotem
841 2857 903 2895 se
932 2839 1168 2894 virtutis
1199 2840 1514 2907 existimat,
1547 2858 1661 2895 non
1687 2841 1798 2896 sibi

142 2950 219 2989 ex
255 2932 448 3004 gratia
475 2929 775 3001 largientis
806 2927 1111 2983 advenisse
1142 2944 1359 2983 munus
1384 2928 1530 2982 illud
1555 2929 1798 2984 arbitra-

141 3028 276 3086 tur,
308 3020 410 3076 sed
437 3036 505 3074 ex
525 3034 764 3074 suorum
798 3017 991 3072 debito
1025 3016 1387 3071 meritorum.
1412 3017 1659 3072 Proinde
1690 3018 1799 3072 hu-

131 3106 607 3183 jusmodihomo
628 3106 1223 3162 inflaturventositate
1245 3107 1549 3177 superbiae.
1585 3106 1801 3163 Idcirco

138 3215 297 3271 ergo
329 3198 483 3252 Deus
514 3196 922 3251 convenienter
950 3199 1161 3251 cuncta
1190 3194 1509 3266 dispensat.
1545 3196 1706 3259 Quod
1741 3198 1799 3251 in

140 3268 417 3342 Ecclesia
446 3300 678 3356 quoque
710 3284 1007 3356 provenire
1038 3284 1454 3355 conspicimus,
1486 3284 1626 3340 dum
1649 3285 1799 3341 alius
1832 3268 1874 3335 C

143 3376 401 3448 quidem
432 3374 608 3429 habet
637 3373 971 3429 facultatem
1004 3374 1292 3429 sermonis
1340 3375 1411 3428 ad
1452 3374 1801 3445 docendum,

143 3465 312 3521 alius
336 3468 531 3519 autem
556 3479 743 3535 neque
759 3480 823 3518 os
846 3464 1070 3534 aperire
1088 3462 1256 3518 valet.
1282 3463 1402 3518 Non
1424 3463 1807 3519 contristetur

143 3554 293 3623 iste,
321 3552 421 3624 qui
452 3551 702 3607 similem
736 3568 850 3607 non
881 3552 1055 3607 habet
1100 3552 1369 3623 gratiam,
1424 3553 1616 3607 sciens
1668 3553 1806 3623 quia

144 3642 480 3712 unicuique
502 3641 677 3696 datur
699 3641 1092 3696 manifestatio
1111 3641 1355 3712 spiritus
1372 3642 1443 3696 ad
1467 3641 1801 3697 utilitatem.

146 3731 213 3787 Si
228 3730 393 3786 enim
415 3730 591 3785 homo
613 3729 1034 3800 paterfamilias
1056 3730 1215 3784 novit
1233 3730 1326 3783 cui
1348 3730 1644 3801 negotium
1668 3747 1807 3800 qua-

147 3832 395 3887 cunque
416 3816 781 3872 committere
803 3816 1218 3881 debeat,multo
1240 3816 1496 3887 amplius
1514 3819 1684 3881 Deus,
1707 3818 1807 3887 qui

147 3910 509 3962 cunctorum
532 3906 691 3961 novit
709 3911 932 3962 mentes
950 3906 1340 3975 hominum,et
1358 3904 1675 3961 scitomnia
1705 3923 1807 3960 an-

149 4002 404 4067 tequam
436 3996 597 4049 fiant.

226 4108 257 4134 «
296 4085 425 4139 Non
455 4084 612 4139 enim
642 4085 866 4157 angelis
899 4083 1150 4155 subjecit
1182 4085 1331 4138 Deus
1392 4084 1591 4138 orbem
1646 4089 1807 4139 terra:

151 4174 456 4239 futurum,
482 4174 552 4227 de
570 4189 684 4243 quo
709 4172 1023 4244 loquimur.
1055 4195 1073 4221 υ
1098 4172 1374 4243 Nunquid
1392 4189 1527 4227 nam
1542 4174 1613 4227 de
1627 4173 1810 4227 altero

150 4264 301 4318 orbe
336 4262 647 4333 disputat?
667 4262 813 4317 Non.
838 4262 949 4316 Sed
973 4262 1043 4316 de
1064 4261 1193 4316 hoc.
1220 4266 1462 4333 Propter
1504 4261 1612 4317 hoc
1634 4262 1810 4317 etiam

150 4350 419 4415 addidit,
456 4369 482 4401 α
515 4350 583 4404 de
615 4367 729 4421 quo
752 4349 1067 4421 loquimur,
1090 4370 1117 4399 ››
1152 4365 1223 4404 ne
1248 4355 1503 4405 mentem
1528 4351 1812 4405 auditoris

150 4455 363 4496 errare
394 4437 921 4510 pcrmitteret,dum
947 4436 1097 4492 alius
1121 4442 1492 4507 quaereretur.
1513 4439 1812 4501 Quomodo

151 4545 302 4601 ergo
325 4544 458 4583 eum
476 4528 740 4583 futurum
762 4531 927 4583 vocat
944 4526 1239 4582 ?Futurus
1259 4527 1476 4598 quippe
1489 4532 1611 4583 erat
1631 4528 1810 4596 orbis,

1890 613 2101 681 posuit,
2128 614 2227 669 sed
2250 615 2604 669 abscondit?
2628 616 2787 671 Facit
2807 616 2915 672 hoc
2931 616 3105 671 etiam
3129 617 3188 671 in
3212 617 3341 672 aliis
3364 620 3535 675 testi-

1892 701 2124 767 moniis,
2159 701 2309 757 sicut
2340 720 2519 774 supra
2548 703 2763 759 lectum
2793 709 2901 760 est.
2936 705 3217 761 Existimo
3240 708 3394 777 quod
3420 725 3535 763 non

1892 790 2322 855 abscondentis,
2349 791 2449 846 sed
2473 793 3084 859 ostendentisintuitu,
3110 796 3423 851 ostendens
3438 813 3537 853 eos

1894 878 2140 935 multam
2154 880 2367 935 habere
2391 880 2693 935 scientiam
2712 882 3240 953 Scripturarum,ut
3261 901 3365 941 nec
3389 903 3537 958 opus

1892 968 2131 1024 haberet
2151 985 2363 1025 nomen
2396 970 2661 1040 posuisse
2692 971 2958 1038 dicentis,
2989 973 3090 1027 sed
3123 974 3301 1030 veluti
3360 976 3432 1031 de
3478 992 3539 1031 re

1894 1059 2229 1126 manifesta,
2251 1060 2381 1114 etin
2405 1064 2678 1131 promptu
2704 1061 3023 1116 constituta
3044 1061 3346 1119 induceret
3369 1066 3538 1121 testi-

1895 1148 2111 1217 monia,
2144 1148 2421 1203 dicendo:
2459 1170 2487 1198 ‹‹
2518 1149 2663 1212 Quid
2694 1154 2783 1204 est
2807 1150 3005 1218 homo,
3038 1152 3191 1222 quod
3225 1168 3451 1209 memor
3475 1171 3538 1211 es

1895 1236 2199 1305 ejus?Quid
2223 1241 2312 1292 est
2333 1236 2559 1304 homo,-
2587 1254 2720 1292 cum
2744 1239 3019 1309 despectu
3034 1242 3535 1310 pronuntiandum

1894 1328 2002 1391 est,
2037 1325 2094 1379 id
2127 1329 2233 1391 est,
2266 1325 2489 1397 fragilis
2527 1332 2583 1382 et
2623 1328 2878 1382 caducus
2926 1329 3061 1383 Adae
3091 1346 3329 1401 sequax,
3375 1334 3433 1386 et
3478 1332 3537 1386 in

1893 1414 2070 1469 veteri
2102 1420 2334 1484 peccato
2364 1414 2620 1485 generali
2651 1415 2931 1485 pravitate
2983 1418 3306 1475 devinctus.
3349 1420 3537 1490 Hujus

1900 1521 2123 1558 memor
2152 1509 2241 1559 est
2275 1504 2578 1572 Dominus,
2609 1506 2842 1575 quando
2865 1507 2915 1560 ei
2950 1513 3184 1578 peccata
3215 1510 3462 1565 dimittit
3483 1517 3539 1565 et

1898 1592 2307 1647 misericordiae
2331 1609 2449 1646 sua
2479 1594 2631 1646 dona
2658 1592 2919 1663 largitur.
2948 1616 2975 1643 ‹‹
3008 1598 3121 1649 Aut
3143 1597 3323 1652 Filius
3346 1598 3537 1653 homi-

1900 1684 2052 1752 nis,q
2065 1681 2295 1736 uoniam
2318 1682 2523 1737 visitas
2536 1698 2669 1736 eum
2692 1683 2717 1734 ?
2733 1705 2759 1729 ››
2774 1683 3007 1752 Hicjam
3024 1701 3159 1739 voce
3178 1688 3536 1757 surgendum

1897 1775 2113 1840 cst,pro
2136 1786 2201 1825 eo
2223 1771 2377 1840 quod
2401 1771 2715 1825 Dominum
2738 1772 3032 1842 signiﬁcat
3049 1773 3537 1847 Salvatorem,qui

1899 1876 2013 1914 non
2046 1863 2109 1913 ut
2138 1858 2637 1923 caeterimortales,
2661 1876 2728 1914 ex
2748 1860 2979 1915 duobus
3001 1861 3341 1919 hominibus
3365 1870 3538 1919 natus

1899 1952 2009 2014 est,
2041 1950 2142 2003 sed
2175 1965 2244 2003 ex
2269 1948 2485 2019 Spiritu
2517 1954 2720 2003 sancto
2753 1955 2808 2003 et
2838 1951 3015 2004 beatae
3064 1950 3254 2005 Maria:
3312 1969 3544 2024 semper

1896 2036 2143 2108 virginis
2168 2041 2640 2107 utero,tanquam
2663 2038 2999 2108 sponsusde
3016 2038 3267 2110 glorioso
3281 2040 3540 2098 thalamo

1903 2125 2201 2197 processit.
2237 2127 2303 2180 Et
2323 2125 2627 2180 considera
2668 2125 2820 2196 quod
2852 2128 3122 2198 superius
3153 2129 3335 2184 dixit:
3362 2153 3390 2181 «
3424 2131 3542 2187 Me-

1903 2232 2031 2270 mor
2060 2232 2122 2269 es
2146 2231 2158 2267 :
2183 2234 2211 2263 »
2233 2214 2481 2283 subjecit
2528 2219 2746 2281 autem,
2777 2215 3046 2270 «visitas.
3073 2238 3100 2265 ››
3144 2219 3363 2273 Memor
3410 2220 3540 2291 fuit,

1905 2321 2036 2359 cum
2061 2302 2407 2374 patriarchis
2428 2302 2499 2357 de
2514 2302 2658 2357 coelo
2674 2302 2947 2358 misertus
2962 2309 3052 2358 est
3071 2322 3083 2360 :
3108 2305 3379 2377 visitavit,
3409 2323 3542 2363 cum

1908 2416 1935 2445 ‹‹
1958 2393 2213 2447 Verbum
2237 2408 2368 2446 caro
2392 2392 2607 2445 factum
2632 2395 2789 2446 estet
2808 2391 3089 2446 habitavit
3108 2394 3167 2449 in
3182 2395 3540 2466 nobis(Joan.

1910 2502 1945 2549 ι,
1980 2482 2087 2551 Ui).
2119 2504 2138 2530 ι
2175 2481 2319 2535 Nam
2350 2480 2586 2536 visitare
2612 2480 2884 2545 dicimus,
2918 2482 3152 2551 quando
3187 2484 3449 2539 medicus
3471 2488 3541 2541 ad

1908 2573 2172 2625 inﬁrmos
2196 2570 2537 2641 ingreditur,
2564 2570 2714 2639 quod
2738 2568 2797 2622 in
2820 2570 3069 2625 adventu
3097 2572 3323 2627 Domini
3348 2590 3547 2631 revera

1907 2665 2133 2715 constat
2162 2658 2489 2728 impletum.

1984 2769 2009 2800 α
2040 2747 2301 2802 Minnisti
2332 2764 2487 2801 eum.
2520 2766 2547 2797 ιο
2582 2746 2727 2800 Hinc
2773 2748 2897 2816 jam
2948 2749 3176 2803 Domini
3234 2751 3547 2809 Salvatoris

1907 2836 2213 2893 humilitas
2245 2840 2516 2890 narratur
2544 2840 2602 2890 et
2632 2836 2836 2906 gloria.
2894 2837 3216 2895 Minoratus
3248 2845 3337 2895 est
3365 2843 3546 2914 enim,

1909 2946 2022 2983 non
2076 2926 2421 2980 necessitate
2479 2924 2922 2991 ministratoria,
2979 2927 3079 2981 sed
3139 2929 3372 2999 pietatis
3429 2948 3547 2986 suae

1910 3021 2232 3089 spontanea
2262 3013 2559 3067 voluntate
2592 3030 2605 3067 :
2640 3013 2791 3068 sicut
2838 3015 3154 3085 Apostolus
3199 3018 3319 3073 ait:
3380 3042 3407 3067 «
3441 3021 3550 3075 Se-

1911 3105 2227 3176 metipsum
2259 3102 2592 3172 exinanivit,
2625 3103 2872 3157 formam
2904 3104 3053 3158 servi
3083 3106 3373 3177 accipiens
3396 3108 3550 3177 (Phi-

1916 3195 2014 3266 lip.
2052 3213 2112 3261 ιι,
2146 3193 2222 3263 7).
2255 3216 2275 3241 ο

1983 3284 2299 3355 Sequitur:
2353 3280 2589 3336 «Paulo
2645 3280 2843 3336 minus
2871 3283 2943 3336 ab
3001 3282 3294 3354 angelis.»
3350 3284 3431 3339 Ex
3484 3302 3553 3340 ea

1914 3374 2201 3445 siquidem
2235 3375 2397 3443 parte
2426 3374 2659 3425 Creator
2676 3370 3016 3442 angelorum
3040 3373 3232 3427 minor
3252 3374 3438 3429 factus
3464 3379 3555 3430 est

1914 3463 2232 3535 angelis,ex
2257 3478 2374 3532 qua
2395 3475 2628 3515 crucem
2654 3476 2755 3530 pro
2780 3460 3086 3515 hominum
3112 3463 3557 3534 suscepit.Bene

1915 3558 2106 3609 autem
2138 3551 2304 3617 dixit,
2338 3573 2367 3600 «
2400 3549 2572 3621 paulo
2632 3550 2849 3617 minus,
2888 3573 2908 3599 υ
2960 3551 3100 3621 quia
3151 3552 3258 3606 etsi
3310 3552 3556 3609 mortale

1916 3659 2124 3713 corpus
2157 3640 2499 3710 assumpsit,
2534 3644 2727 3694 tamen
2760 3644 3060 3710 peccatum
3086 3658 3201 3696 non
3224 3641 3447 3699 habuit.

1986 3753 2013 3779 «
2049 3730 2262 3795 Gloria,
2294 3737 2351 3783 et
2374 3728 2589 3783 honore
2623 3729 2910 3783 coronasti
2943 3745 3099 3784 eum.
3128 3752 3154 3779 ››
3190 3731 3415 3788 Honore
3461 3748 3557 3787 co-

1917 3824 2157 3873 ronatus
2187 3822 2296 3881 est,
2328 3833 2463 3870 curn
2497 3822 2626 3887 post
2657 3819 3141 3874 resurrectionem
3176 3824 3347 3886 Deus,
3381 3820 3441 3874 in
3491 3838 3558 3876 eo

1918 3908 2072 3980 quod
2104 3906 2277 3961 homo
2310 3906 2496 3959 factus
2526 3910 2634 3973 est,
2660 3905 2835 3959 nimis
2858 3907 3186 3962 mirabilem
3212 3910 3415 3963 mundi
3438 3926 3559 3965 cre-

1919 3998 2223 4052 dulitatem
2246 3995 2531 4049 exaltatns
2553 3995 2791 4065 accepit.
2827 3995 3021 4049 Gloria
3051 4004 3361 4052 coronatus
3392 4005 3480 4052 est
3502 4000 3559 4053 in

1920 4084 2343 4141 resurrectione
2366 4090 2421 4138 et
2436 4084 2859 4151 ascensione,et
2880 4084 3099 4140 honore
3116 4087 3173 4139 in
3188 4086 3562 4142 concessione

1920 4181 2171 4248 paternae
2203 4173 2549 4244 majestatis.

1998 4287 2025 4314 ‹‹
2058 4266 2123 4319 Et
2152 4263 2510 4319 constituisti
2540 4279 2674 4316 eum
2709 4278 2885 4333 super
2916 4278 3092 4334 opera
3123 4280 3407 4319 manuum
3440 4269 3564 4320 tua-

1924 4372 2075 4409 rum.
2098 4375 2127 4403 »
2152 4354 2431 4425 Superius
2463 4352 2533 4407 de
2561 4352 2745 4423 gloria
2776 4354 2922 4423 ejus,
2948 4357 3003 4407 et
3025 4353 3241 4409 honore
3264 4360 3565 4411 narratum

1923 4448 2030 4510 est,
2066 4458 2221 4497 nunc
2252 4442 2488 4513 ponitur
2514 4446 2570 4496 et
2592 4446 2869 4512 potestas,
2894 4447 2958 4496 ut
2980 4448 3334 4513 agnoscatur
3352 4444 3569 4500 Christi

1923 4531 2155 4588 Domini
2175 4532 2504 4601 majestatis
2527 4530 2952 4601 perfectissima
2974 4532 3297 4603 plenitudo.
3316 4533 3571 4589 Dicenda

152 4622 224 4674 ut
254 4618 445 4686 ﬁeret,
480 4616 588 4673 hoc
617 4621 727 4684 est,
761 4621 827 4672 ut
873 4616 1151 4672 crederet.
1212 4616 1377 4671 Hunc
1423 4633 1557 4688 ergo
1611 4618 1812 4673 orbem
1844 4642 1890 4706 D
1924 4621 2101 4690 enim,
2134 4641 2161 4673 (ι
2191 4636 2367 4691 super
2390 4636 2565 4691 opera
2596 4635 2882 4674 manuum
2908 4624 3167 4689 tuarum,
3199 4641 3225 4671 η
3262 4621 3455 4676 omnis
3485 4621 3571 4677 illi

153 4708 460 4776 futurum,
484 4722 597 4762 non
621 4704 844 4777 angelis
866 4705 1085 4772 subdit,
1111 4705 1210 4761 sed
1237 4704 1485 4760 Christo.
1510 4706 1631 4761 Non
1655 4706 1812 4763 enim

156 4794 395 4869 angelis
426 4795 675 4851 salutem
707 4798 991 4861 nostram,
1025 4811 1151 4865 quas
1184 4794 1503 4850 novissimo
1553 4800 1814 4868 tempore

157 4885 326 4939 facta
354 4882 521 4939 estin
544 4883 703 4947 orbe,
725 4882 996 4953 subjecit,
1048 4898 1174 4952 quae
1205 4899 1240 4936 a
1272 4880 1568 4951 prophetis
1617 4885 1817 4939 futura

158 4988 301 5029 esse
323 4970 464 5027 olim
494 4972 767 5043 praedicta
795 4976 903 5037 est,
936 4971 1037 5026 sed
1068 4971 1189 5027 Filo
1213 4986 1341 5037 suo,
1367 4970 1438 5024 ad
1483 4986 1657 5041 quem
1710 4988 1819 5027 vox

158 5066 435 5133 paterna,
461 5060 615 5116 sicut
644 5060 913 5133 superius
958 5060 1425 5136 demonstratum
1457 5064 1564 5127 est,
1599 5060 1817 5126 sonuit,

432 5171 459 5186 ιι
485 5149 661 5186 pinna

159 5151 371 5186 Αἶηοηο
395 5166 406 5178 ο
432 5171 459 5186 ιι
485 5149 661 5186 pinna
708 5165 872 5186 manu
895 5164 954 5186 Da
986 5151 1043 5186 in
1101 5168 1206 5186 ann
1274 5148 1441 5186 ﬁndit:
1499 5156 1669 5186 non":
1720 5157 1777 5186 4ο
1803 5167 1815 5179 ·

1922 4714 2192 4766 creatura
2222 4709 2487 4778 subjecta
2514 4711 2892 4775 monstratur,
2929 4708 3067 4778 quia
3097 4708 3249 4763 sicut
3278 4726 3312 4763 a
3344 4710 3572 4765 Domini

1926 4816 2095 4871 opere
2128 4797 2273 4853 nihil
2297 4801 2385 4851 est
2405 4801 2733 4868 exceptum,
2762 4797 2844 4851 ita
2863 4812 2968 4850 nec
2990 4815 3024 4852 a
3048 4800 3334 4869 potestate
3356 4796 3576 4854 Christi

1927 4888 2147 4960 aliquid
2181 4886 2455 4957 probatur
2484 4900 2614 4941 esse
2648 4885 2926 4939 divisum.

2005 5000 2030 5030 ιι
2060 4976 2272 5034 Omnia
2296 4974 2599 5043 subjecisti
2632 4974 2743 5029 sub
2774 4972 3028 5045 pedibus
3059 4973 3188 5043 ejus
3218 4986 3232 5035 ;
3257 4970 3319 5025 in
3342 4986 3407 5025 eo
3426 4973 3586 5031 enim

1931 5070 2083 5141 quod
2100 5064 2300 5123 omnia
2313 5063 2733 5134 subjecit,nihil
2751 5061 2981 5118 dimisit
2994 5079 3114 5120 non
3130 5058 3467 5127 subjectum
3481 5064 3594 5120 ei.»

1931 5158 2188 5186 ΠεηηκᾹΛ
2223 5154 2372 5186 Anim
2400 5155 2592 5186 nmndn
2644 5170 2746 5186 nan
2770 5158 3001 5186 inﬂﬂnnn
3024 5150 3575 5186 .Jﬂahurnvnnnioon
