3976 5348
451 384 569 443 ’739

450 514 842 570 titubantibus
874 512 1145 575 auferret,
1177 514 1232 564 et
1262 508 1506 579 gloriam
1553 515 1764 563 sanctae
1823 510 2091 564 incarna-
2122 511 2176 575 Α

452 604 627 658 tionis
659 602 1008 657 ostenderet.
1050 622 1070 649 α
1106 600 1226 654 Sub
1274 598 1581 670 pedibus»
1638 599 1736 665 ait,
1790 604 1854 652 ut
1903 598 2094 653 omnis

452 697 718 748 creatura
749 691 952 744 merito
992 692 1187 759 ipsum
1246 687 1433 741 colere
1493 692 1668 757 atque
1729 689 1967 742 adorare
2014 689 2093 740 vi—

453 783 677 836 deatur.

524 892 551 919 ‹‹
586 870 749 923 Nunc
778 874 972 922 autem
1007 867 1255 921 necdum
1306 865 1571 919 videmus
1600 866 1797 919 omnia
1832 866 2095 933 subjecta

453 959 527 1015 ei.
562 980 591 1008 ››
622 962 740 1012 Hoc
774 957 973 1027 itaque
1003 956 1085 1009 ait
1115 956 1183 1008 de
1229 971 1342 1009 non
1402 956 1774 1008 credentibus
1836 955 1891 1008 in
1937 971 2092 1022 eum,

451 1047 590 1119 quia
610 1047 860 1102 necdum
884 1044 1081 1099 omnia
1098 1042 1439 1115 Evangelica
1464 1043 1716 1096 obtinuit
1742 1042 2092 1113 praedicatio.

449 1136 728 1207 Superius
746 1133 909 1203 dixit,
945 1131 1090 1186 nihil
1122 1131 1337 1185 dimitti
1359 1130 1468 1185 sibi
1504 1148 1616 1185 non
1651 1131 2004 1200 subjectum,
2041 1134 2098 1183 et

450 1225 545 1280 hic
572 1222 1061 1290 astruit,necdum
1085 1221 1283 1274 omnia
1304 1220 1569 1289 subjecta
1593 1220 1705 1273 sibi
1731 1219 1935 1285 videri,
1961 1218 2098 1288 quia

448 1312 569 1367 illic
600 1309 1007 1376 universalem,
1041 1309 1162 1363 sive
1182 1308 1596 1374 voluntariam,
1621 1307 1669 1362 si
1692 1307 1812 1362 sive
1832 1323 2096 1361 necessa-

450 1402 598 1457 riam
621 1399 1045 1469 subjectionem
1087 1396 1511 1467 designat;bic
1555 1399 1787 1449 tantum
1829 1394 2095 1449 volunta-

453 1492 620 1554 riam,
656 1506 770 1560 qua
803 1487 1050 1541 ﬁdeliter
1080 1487 1263 1555 (1396)
1294 1485 1542 1539 credunt
1572 1484 1630 1538 in
1664 1501 1817 1538 eum.

523 1602 548 1627 «
584 1579 728 1632 Eum
746 1574 1319 1645 autem,quimodico
1344 1590 1523 1643 quam
1550 1572 1741 1644 angeli
1770 1572 2095 1626 minoratus

447 1673 553 1735 est,
588 1668 855 1721 videmus
871 1666 1074 1719 Jesum
1100 1668 1335 1734 propter
1354 1662 1686 1733 passionem
1719 1664 1919 1716 mortis
1943 1663 2089 1731 ejus,

449 1755 717 1828 gloria,et
730 1755 949 1808 honore
960 1758 1362 1807 coronatum.»
1374 1750 1471 1805 Hic
1485 1750 1738 1805 ostendit
1752 1751 1890 1820 quia
1908 1751 2092 1822 gloria

448 1850 504 1901 et
534 1845 719 1900 honor
740 1859 879 1896 crux
903 1845 991 1896 est
1019 1839 1251 1907 Christi,
1276 1856 1378 1910 pro
1411 1856 1525 1910 qua
1557 1838 1851 1893 modicum
1904 1839 2090 1893 mino-
2124 1877 2170 1940 B

447 1938 609 1989 ratus
631 1938 720 1987 est
743 1931 812 1986 ab
836 1929 1235 2001 angelis,sicut
1260 1930 1383 1999 ipse
1400 1928 1681 1983 Dominus
1704 1944 1837 1982 eum
1862 1944 2095 2000 semper

446 2026 633 2087 vocat,
666 2020 864 2075 dicens
893 2036 905 2072 :
934 2042 960 2068 «
985 2018 1056 2073 Ut
1075 2017 1433 2090 gloriﬁcetur
1456 2017 1612 2071 ﬁlius
1639 2016 1891 2072 hominis
1912 2018 2089 2088 (Joan.

444 2129 605 2178 XVIII,
647 2110 721 2180 4).
757 2133 776 2158 ι
811 2109 868 2163 Si
902 2108 1001 2163 ille
1030 2124 1117 2173 ea,
1154 2124 1279 2178 quae
1322 2123 1424 2176 pro
1484 2106 1664 2161 servis
1720 2123 1929 2176 passus
1982 2112 2089 2173 est,

444 2199 692 2272 gloriam
724 2201 910 2266 vocat,
931 2196 1114 2251 multo
1133 2194 1411 2265 amplius,
1442 2200 1501 2249 tu
1524 2195 1720 2251 homo.
1746 2196 1979 2264 quando
1999 2212 2092 2265 pa-

445 2289 611 2356 teris,
642 2288 747 2341 tibi
780 2288 851 2340 ad
880 2284 1125 2357 gloriam
1157 2284 1445 2355 pertinere
1476 2284 1892 2352 sempiternam
1916 2284 2087 2337 dubi-

444 2382 567 2433 tare
598 2394 714 2431 non
747 2374 941 2429 debes.
978 2374 1046 2426 Et
1075 2372 1337 2426 addidit:
1377 2394 1397 2420 α
1435 2372 1508 2426 Ut
1564 2372 1751 2441 gratia
1810 2372 1932 2439 Dei,
1986 2390 2087 2441 pro

446 2466 721 2522 omnibus
778 2466 1041 2534 gustaret
1096 2464 1424 2515 mortem.»
1488 2465 1687 2529 Ipsum
1751 2477 1877 2515 vero
1956 2478 2088 2532 ενα-

446 2555 588 2612 tiam
619 2551 961 2619 nominavit,
996 2551 1094 2620 qui
1125 2566 1227 2620 pro
1259 2549 1523 2603 omnium
1582 2550 1768 2603 salute
1828 2550 2088 2619 gustavit

446 2648 714 2698 mortem.
740 2642 861 2696 Non
896 2640 1052 2695 enim
1086 2639 1407 2693 debebatur
1454 2637 1640 2702 nobis,
1676 2644 1742 2691 ut.
1775 2638 1955 2693 Filius
1986 2640 2083 2693 Dei

444 2751 547 2805 pro
580 2731 745 2787 nobis
780 2733 1041 2801 gustaret
1072 2731 1338 2793 mortem,
1374 2728 1471 2781 sed
1532 2727 1719 2798 gratia
1771 2727 1877 2782 hoc
1928 2728 2081 2782 fecit.

444 2825 573 2893 Ipse
606 2821 840 2893 quidem
873 2836 975 2889 pro
1008 2818 1282 2872 omnibus
1304 2820 1568 2870 mortuus
1592 2821 1699 2870 est.
1718 2816 1863 2879 Quid
1888 2822 2083 2871 autem

443 2913 493 2967 si
526 2927 639 2966 non
672 2925 875 2964 omnes
910 2906 1192 2961 credunt?
1223 2904 1321 2959 Ille
1352 2910 1547 2959 tamen
1580 2906 1731 2975 quod
1756 2922 1931 2959 suum
1964 2911 2083 2960 erat

442 2998 723 3071 implevit.
748 2996 985 3068 Proprie
1009 2995 1154 3049 dixit
1186 3013 1197 3049 :
1237 3018 1257 3043 ι
1290 2994 1547 3065 gustavit
1578 2998 1859 3049 mortem:
1891 3017 1911 3043 ι
1948 2995 2086 3065 quia

443 3087 599 3143 brevi
631 3092 889 3157 tempore
919 3085 977 3139 in
1011 3083 1110 3138 illa
1142 3083 1270 3149 fuit,
1304 3088 1371 3137 ut
1402 3099 1468 3137 ea
1499 3083 1720 3137 devicta
1776 3084 2083 3138 confestim

444 3180 792 3249 resurgeret.

1477 378 1812 437 ATTONIS
1859 378 2436 438 VERCELLENSIS
2486 378 2836 438 EPISCOPI
3690 387 3772 445 ἨΟ

2278 534 2302 557 ‹‹
2340 515 2581 581 Propter
2612 526 2789 581 quam
2821 527 3058 565 causam
3090 526 3203 564 non
3240 510 3768 569 confunditurt‘ratrea

2206 616 2303 653 eos
2336 616 2555 661 vocare,
2589 599 2808 653 dicens.
2844 621 2870 647 ››
2909 602 2967 653 In
3001 616 3066 653 co
3098 599 3275 664 enim,
3310 601 3457 670 quod
3509 600 3655 666 dixit,
3696 621 3769 657 non

2206 689 2497 742 erubescit
2530 694 2732 741 fratres
2765 706 2860 742 eos
2906 706 3128 749 vocare.
3191 690 3543 743 demonstrat
3587 707 3680 744 non
3722 693 3772 746 rei

2208 784 2423 829 naturis
2456 795 2603 841 esse,
2640 780 2735 831 sed
2776 779 3184 832 misericorde
3216 780 3339 845 ejus
3365 794 3489 831 csso
3511 782 3770 845 tantum,et

2207 865 2558 918 humilitatis
2593 865 2808 934 IUUIIER,
2844 867 2939 936 qui
2977 883 3076 919 nos
3113 870 3316 919 fratres
3346 866 3515 935 elegit
3570 868 3681 921 sibi.
3728 870 3769 921 ll:

2206 954 2311 1006 hoc
2342 954 2675 1024 prophetico
2699 951 2951 1008 al‘lirniut
2971 955 3320 1021 testimonio,
3346 972 3416 1007 ne
3441 957 3594 1023 quasi
3618 973 3771 1010 novum

2207 1048 2528 1111 putaretur,
2564 1049 2617 1097 et
2637 1060 2747 1096 non
2772 1043 2960 1096 multo
2983 1050 3117 1097 ante
3144 1044 3501 1112 praedictum.
3536 1046 3615 1096 Ait
3635 1045 3769 1099 enim:

2213 1152 2231 1178 ι
2246 1132 2531 1187 Nuntiabo
2547 1148 2755 1186 nomen
2771 1138 2935 1185 tuum
2955 1132 3228 1186 fratribus
3245 1131 3771 1203 meis(l’sal.xx1,23).»

2207 1221 2341 1275 Post
2362 1238 2585 1275 sacram
2612 1221 2939 1291 passionem
2954 1226 3009 1275 et
3027 1221 3529 1288 resurrectionem,
3554 1222 3671 1276 dicit
3686 1223 3773 1294 gle-

2206 1309 2352 1364 riam
2386 1310 2703 1365 divinitatis
2737 1316 2857 1365 toto
2887 1312 3024 1366 orbe
3054 1311 3428 1382 vulgandam.
3450 1311 3731 1365 «Nuntiabo
3756 1335 3772 1359 ι»

2204 1397 2358 1451 enim
2391 1398 2549 1464 dicit,
2584 1399 2640 1451 id
2677 1404 2764 1452 est
2795 1416 3031 1454 narrare
3048 1398 3519 1468 faciam,sicutin
3538 1399 3771 1470 Evangelio

2207 1487 2551 1541 mulieribus
2583 1487 2760 1541 dicit:
2791 1510 2818 1536 ‹‹
2858 1490 2953 1558 Ite,
2971 1488 3163 1553 dicite,
3196 1488 3475 1542 fratribus
3490 1489 3621 1541 meis
3641 1489 3767 1553 (Marc.

2204 1592 2315 1641 XVI,
2344 1577 2420 1641 5).
2456 1598 2483 1623 ››
2511 1577 2739 1630 Fratres
2771 1582 2965 1629 autem
3000 1576 3294 1647 dicuntur,
3330 1576 3429 1647 qui
3488 1576 3702 1646 diligunt
3737 1584 3771 1630 et

2203 1662 2545 1734 diliguntur.
2580 1666 2648 1718 Et
2671 1664 2928 1718 addidit:
2966 1686 2986 1712 κ
3018 1667 3075 1718 ln
3100 1666 3289 1719 medio
3313 1664 3769 1719 Ecclesiazlaudalio

2203 1756 2276 1805 te.
2306 1776 2326 1803 »
2366 1753 2427 1806 In
2463 1754 2650 1808 medio
2683 1758 3021 1808 sanctorum
3053 1754 3181 1808 laus
3213 1753 3444 1809 Domini
3478 1761 3678 1809 resonat
3702 1771 3765 1825 per

2202 1858 2358 1907 eum,
2393 1841 2491 1912 qui
2524 1842 2603 1895 ait
2636 1860 2648 1896 :
2688 1866 2711 1889 ‹‹
2743 1844 3027 1898 Conﬁteor
3059 1843 3182 1910 tibi,
3214 1848 3403 1911 Pater,
3439 1843 3657 1898 Domine
3680 1842 3765 1898 celi

2205 1935 2261 1983 et
2280 1933 2466 1996 terrae,
2491 1930 2630 2000 quia
2652 1932 3007 1986 abscondisti
3034 1932 3153 1985 haec
3172 1948 3204 1985 a
3224 1931 3583 2002 sapientibus
3603 1938 3649 1986 et
3672 1949 3767 2002 pru-

2204 2018 2477 2073 dentibus
2515 2024 2571 2073 et
2598 2019 2860 2074 revelasti
2883 2037 2950 2075 ea
2967 2020 3224 2091 parvulis
3242 2024 3395 2089 (Luc.
3422 2039 3475 2089 χ,
3498 2021 3641 2091 21).»
3668 2021 3770 2075 Laus

2202 2107 2356 2161 enim
2389 2107 2616 2162 Domini
2651 2125 2803 2174 vera,
2840 2126 2953 2163 non
2985 2109 3173 2163 solum
3206 2126 3322 2179 ore,
3354 2111 3455 2165 sed
3475 2111 3634 2164 etiam
3654 2111 3769 2164 corde

2203 2200 2260 2250 et
2291 2213 2461 2266 opere
2492 2196 2843 2267 perﬁcientis
2870 2203 3157 2269 prmcepta
3188 2199 3418 2253 Domini
3452 2206 3699 2253 narratur.

2273 2310 2297 2333 ‹‹
2333 2286 2403 2340 Et
2434 2287 2641 2341 iterum
2669 2304 2680 2339 :
2712 2287 2828 2357 Ego
2853 2303 2983 2341 vero
3017 2287 3200 2341 ﬁdens
3233 2288 3291 2341 in
3313 2303 3449 2342 eum
3483 2289 3633 2357 (Psal.
3660 2303 3768 2348 XVIII,

2199 2376 2271 2443 3).
2298 2396 2325 2423 n
2352 2381 2429 2429 De
2452 2382 2722 2446 suscepto
2742 2375 2977 2429 homine
3007 2375 3115 2429 hoc
3137 2374 3361 2429 dictum
3394 2380 3503 2447 est,
3527 2377 3769 2447 cujuscun-

2200 2464 2436 2519 ﬁdentia
2466 2468 2587 2519 tota
2618 2465 2674 2517 in
2709 2464 2823 2518 Deo
2858 2469 3023 2519 Patre
3053 2481 3180 2519 esse
3203 2481 3315 2519 non
3337 2465 3577 2520 dubium
3598 2469 3669 2519 est
3692 2464 3767 2517 :si-

2196 2558 2297 2606 cut
2328 2554 2385 2605 in
2420 2552 2727 2623 Evangelio
2759 2553 2884 2623 ipse
2914 2553 3016 2622 ait,
3048 2570 3149 2623 pro
3184 2554 3400 2623 quibus
3449 2553 3768 2625 supplicabat,

2197 2642 2420 2695 dicens:
2462 2640 2668 2704 «Volo,
2695 2645 2885 2708 Pater,
2911 2648 2975 2695 ut
3017 2642 3111 2695 ubi
3145 2659 3249 2711 ego
3283 2659 3441 2707 sum,
3474 2648 3528 2697 et
3567 2642 3648 2695 isti
3686 2642 3769 2695 sint

2196 2746 2426 2784 mecum
2459 2731 2635 2800 (Joan.
2668 2747 2802 2797 XVII,
2836 2730 2944 2799 24).
2976 2750 3001 2777 ››
3033 2731 3186 2793 Quos
3211 2731 3389 2785 etiam
3422 2731 3767 2786 conﬁdentiam

2197 2824 2260 2874 ut
2282 2820 2562 2874 haberent
2581 2819 3015 2886 exhortabatur,
3035 2820 3313 2875 dicendo:
3345 2820 3768 2891 «Conﬁdite,quia

2196 2926 2295 2978 ego
2325 2908 2433 2962 vici
2466 2909 2751 2962 mundum
2784 2911 2971 2978 (Joan.
2995 2926 3108 2975 XVI,
3142 2910 3254 2978 23).
3291 2934 3316 2957 ››

2272 3023 2290 3048 ι
2329 3001 2397 3053 Et
2426 3016 2661 3053 rursum
2688 3017 2699 3053 :
2735 3000 2875 3053 Ecce
2906 3016 3032 3071 ego,
3057 3000 3309 3071 etpueri,
3330 3019 3483 3073 quos
3505 3001 3633 3057 mihi
3657 3000 3769 3055 dedit

2194 3088 2347 3143 Deus
2378 3089 2512 3159 (Isa.
2549 3106 2666 3157 VIII,
2690 3090 2796 3157 t8).
2827 3110 2853 3136 »
2885 3090 2997 3143 [loc
3018 3090 3425 3145 testimonium
3449 3093 3518 3146 de
3541 3092 3665 3146 Isaia
3683 3106 3771 3159 pro-

2197 3177 2331 3231 tulit
2354 3176 2758 3248 Apostolus,ad
2773 3177 3068 3232 Christum
3083 3183 3139 3232 et
3152 3180 3220 3233 ad
3246 3180 3543 3250 apostolos
3556 3180 3767 3240 referens,

515 3290 543 3316 ‹‹
578 3266 828 3321 Decebat
858 3263 1010 3318 enim
1047 3278 1202 3326 eum,
1246 3266 1480 3332 propter
1537 3277 1711 3331 quem
1757 3261 1975 3327 omnia,
2027 3266 2084 3317 et
2115 3242 2156 3307 Ο
2197 3283 2344 3336 quos
2364 3265 3004 3338 propterinnocentiam
3024 3268 3660 3336 puerosnominavitzde
3679 3266 3769 3337 qui-

440 3372 544 3427 per
566 3370 740 3426 quem
763 3351 979 3417 omnia,
1009 3348 1111 3420 qui
1134 3348 1348 3403 multos
1370 3348 1521 3402 ﬁlios
1548 3348 1604 3401 in
1628 3348 1873 3419 gloriam
1897 3351 2080 3404 addu-

440 3447 623 3511 xerat,
651 3446 946 3497 auctorem
981 3437 1187 3493 salutis
1219 3453 1420 3491 eorum
1453 3454 1554 3507 per
1584 3437 1912 3507 passionem
1945 3454 2080 3493 con-

441 3532 820 3597 summari;»
881 3528 937 3581 id
996 3532 1102 3595 est,
1158 3526 1430 3597 perﬁcere
1489 3525 1753 3580 omnium
1804 3525 2076 3582 salutem.

444 3643 471 3672 ((
508 3625 744 3690 Propter
774 3633 948 3687 quem
980 3614 1197 3683 omnia,
1234 3638 1260 3663 »
1294 3615 1349 3668 id
1383 3618 1489 3679 est,
1524 3631 1624 3685 per
1653 3616 1779 3684 ejus
1810 3622 2076 3683 mortem,

442 3710 562 3765 sive
583 3724 709 3779 quae
732 3707 791 3760 in
806 3704 964 3759 coctis
986 3703 1269 3772 sunt,sive
1291 3719 1419 3773 qua:
1444 3702 1497 3756 in
1540 3703 1727 3772 terris,
1758 3708 2081 3761 restaurata

438 3803 599 3866 sunt,
634 3812 736 3867 per
767 3809 941 3865 quem
972 3792 1145 3846 etiam
1180 3796 1237 3845 et
1265 3791 1464 3845 omnia
1493 3795 1685 3846 creata
1714 3797 1870 3847 sunt.
1906 3794 2078 3850 Vides

439 3892 723 3958 quantum
756 3886 844 3939 est
871 3883 927 3936 in
963 3880 1151 3936 medio
1186 3885 1473 3935 nostrum.
1510 3881 1575 3935 Et
1606 3881 1729 3951 ipse
1761 3881 1961 3954 Filius,
2022 3888 2080 3939 et

436 3994 544 4031 nos
576 3974 712 4029 ﬁlii:
742 3972 840 4027 ille
871 3970 1161 4043 proprius,
1188 3987 1292 4025 nos
1326 3969 1600 4041 adoptivi,
1628 3972 1726 4026 sed
1752 3971 1845 4026 ille
1869 3972 2076 4043 s’alvat,

437 4071 495 4119 et
525 4081 630 4120 nos
662 4062 977 4119 salvamur.
1001 4059 1482 4129 Videsquomodo
1506 4075 1614 4113 nos
1635 4061 2005 4132 etconjungit
2024 4066 2080 4115 et

436 4152 740 4208 discernit.
766 4174 791 4200 ‹‹
830 4148 1045 4204 Multos
1077 4146 1248 4214 ﬁlios,
1273 4166 1297 4196 ιι
1338 4146 1855 4217 inquit,adducens
1878 4148 1935 4201 in
1956 4148 2077 4219 glo-

437 4242 543 4309 ria,
578 4242 672 4295 hic
702 4236 1007 4307 conjunxit
1040 4252 1051 4289 :
1087 4257 1108 4283 ι
1142 4237 1473 4303 Auctorem,
1502 4256 1529 4283 »
1563 4234 1775 4305 inquit,
1814 4256 1840 4287 α
1871 4236 2079 4292 salutis

436 4345 638 4384 eorum
674 4346 686 4394 ;
714 4347 740 4377 ι
769 4326 864 4381 hic
892 4322 1184 4379 discrevit.

509 4439 536 4465 ‹‹
572 4416 679 4481 Qui
708 4415 860 4470 enim
897 4411 1222 4467 sanctiﬁcat
1252 4414 1307 4464 ot
1336 4409 1435 4479 qui
1488 4410 1953 4481 sanctiﬁcantur,
2013 4431 2079 4469 ex

437 4522 553 4561 uno
584 4519 804 4559 omnes.
840 4527 861 4552 ι
902 4505 1043 4554 Ecce
1066 4499 1274 4554 iterum
1309 4499 1599 4568 quomodo
1630 4501 1956 4572 conjungit,
1982 4502 2081 4557 bo-

2193 3354 2303 3409 bus
2334 3355 2458 3426 ipse
2485 3354 2767 3409 Dominus
2799 3355 2913 3409 ait:
2949 3379 2975 3405 ‹‹
3010 3355 3189 3411 Sinite
3220 3356 3493 3428 parvulos
3523 3357 3685 3411 venire
3721 3354 3769 3406 ad

2194 3443 2667 3514 me,quiata1ium
2681 3448 2767 3498 est
2781 3459 3019 3513 regnum
3035 3445 3307 3500 caelorum
3327 3446 3650 3515 (Matth.x1x,
3666 3446 3679 3496 t
3694 3445 3768 3511 1}.»

2265 3557 2290 3583 ‹‹
2318 3534 2463 3599 Quia
2492 3549 2627 3603 ergo
2660 3538 2714 3586 et
2747 3534 2908 3603 pueri
2951 3533 3511 3590 comminicaverunt
3566 3532 3697 3588 carni
3733 3536 3771 3583 et

2189 3621 2699 3695 sanguini;etipse
2723 3622 2992 3677 similiter
3020 3622 3387 3694 participavit
3416 3624 3676 3679 eisdem.»
3700 3621 3769 3674 At-

2188 3713 2360 3767 tende
2374 3710 2816 3767 similitudinem
2842 3713 2989 3780 ejus,
3017 3713 3340 3767 secundum
3366 3729 3610 3779 carnem,
3628 3712 3768 3778 inqua

2189 3802 2315 3873 ipse
2346 3819 2477 3855 cum
2512 3801 2705 3871 pueris
2730 3800 3109 3871 participatus
3131 3806 3237 3855 est.
3255 3802 3601 3857 Erubescant
3615 3811 3767 3854 omnes

2192 3890 2484 3955 haeretici;
2518 3890 2927 3959 cooperiantur
2956 3890 3317 3957 confusione,
3351 3898 3409 3946 ct
3460 3886 3766 3946 verecundia,

2193 3980 2289 4051 qui
2312 3978 2569 4051 putative
2583 3978 2928 4032 dicunteum
2943 3978 3269 4049 advenisse,
3304 3986 3361 4034 ct
3386 3997 3495 4035 non
3521 3996 3652 4034 vere.
3680 3975 3766 4029 Non

2189 4069 2346 4123 enim
2380 4071 2607 4121 tantum
2632 4066 2795 4129 dix1t,
2820 4068 3095 4136 quoniam
3120 4069 3502 4140 participatus
3523 4072 3603 4123 est
3620 4064 3767 4120 istiset

2189 4154 2664 4225 tacuit,quamvis
2682 4154 2789 4208 etsi
2802 4155 3034 4220 diceret,
3061 4174 3125 4211 su
3138 4157 3417 4211 fﬁcienter
3430 4158 3670 4212 dixisset:
3695 4149 3765 4206 sed

2190 4244 2416 4299 addidit
2446 4266 2471 4292 ‹‹
2507 4242 2723 4297 eisdem
2752 4260 2764 4309 ;
2799 4266 2825 4292 »
2860 4248 2915 4297 et
2947 4242 3101 4299 aliud
3137 4262 3270 4299 cum
3302 4245 3435 4315 plus
3465 4249 3671 4301 constat
3689 4254 3763 4310 po—

2189 4333 2398 4401 suisse,
2434 4332 2541 4386 hac
2573 4336 2661 4386 est
2691 4331 3033 4402 proximius,
3071 4334 3223 4403 quod
3260 4351 3371 4387 non
3406 4335 3463 4389 in
3498 4327 3763 4405 phantasia,

2190 4438 2303 4476 non
2336 4421 2393 4475 in
2428 4420 2682 4491 imagine
2714 4420 2937 4475 venerit
2966 4420 3235 4489 aliorum,
3291 4424 3388 4476 sed
3448 4438 3626 4477 veram
3675 4418 3764 4485 ejus

2188 4508 2444 4565 ostendit
2475 4509 2894 4563 fraternitatem
2926 4514 2983 4565 et
3012 4509 3435 4566 humanitatem
3482 4512 3536 4565 in
3587 4507 3762 4563 Christo

438 4610 652 4649 norans
670 4596 724 4647 et
743 4589 1076 4657 consolans,
1100 4587 1383 4642 ethristi
1410 4587 1615 4642 fratres
1630 4604 1726 4643 eos
1747 4590 2077 4657 nominans,
2108 4612 2154 4674 D
2190 4615 2304 4653 non
2340 4600 2553 4652 ﬁctam.
2589 4596 2733 4659 Quia
2765 4598 2915 4651 sicut
2947 4600 3292 4668 puericarne
3319 4598 3763 4671 etsanguinecon-

436 4684 761 4738 secundum
793 4680 945 4752 quod
978 4695 1044 4733 ex
1077 4694 1191 4731 uno
1223 4692 1321 4730 eos
1353 4692 1480 4730 esse
1512 4676 1669 4731 dicit.
1702 4678 1914 4733 Deinde
1936 4697 2075 4734 .mu-

437 4771 603 4827 niens
624 4786 949 4825 sermonem
978 4783 1149 4823 suum
1178 4766 1863 4835 etostendens,quoniam
1889 4768 1958 4822 de
1985 4786 2071 4836 eo,

434 4859 535 4930 qui
566 4858 887 4914 secundum
922 4872 1155 4911 carnem
1188 4858 1298 4921 est,
1331 4852 1494 4918 dixit,
1531 4854 1728 4907 intulit
1752 4870 1763 4908 :
1790 4854 1895 4916 Qui
1918 4857 2072 4912 enim

433 4948 775 5014 sanctiﬁcat,
815 4969 835 4994 υ
872 4945 981 5000 hoc
1016 4948 1105 4999 est
1135 4942 1437 5011 Christus;
1497 4964 1523 4991 ‹‹
1559 4948 1616 4995 et
1659 4943 1758 5012 qui
1816 4945 2072 4999 sanctiﬁ-

432 5040 643 5078 nsmtnr
687 5058 715 5078 τι
746 5036 855 5078 hnn
886 5039 975 5078 aut.
1006 5049 1131 5078 nos-
1170 5030 1417 5078 Intueris
1474 5034 1758 5078 miantnm
1812 5031 2053 5078 inter-nat

2186 4686 2647 4751 stant,similiter
2677 4691 2731 4741 et
2764 4685 2858 4740 ille
2890 4686 3420 4759 participavitcarni
3447 4695 3501 4744 et
3524 4680 3761 4754 sanguini,

2185 4775 2491 4830 uthaberet
2504 4776 2658 4829 unde
2669 4778 2929 4845 gustaret
2942 4781 3185 4832 mortem
3200 4794 3300 4848 pro
3313 4792 3609 4849 puerorum
3624 4768 3765 4827 salute

2256 4864 2439 4933 Cujus
2471 4864 2925 4933 dispensationis
2958 4866 3175 4920 ati'atim
3206 4883 3439 4921 causam
3499 4855 3765 4931 subjungil.

2185 4952 2426 5007 dicendo
2456 4970 2467 5006 :
2494 4975 2519 5001 «
2554 4952 2625 5006 Ut
2650 4968 2753 5023 per
2784 4958 3029 5007 mortem
3061 4954 3382 5010 destrueret
3408 4970 3538 5008 eum
3570 4949 3655 5023 qui
3688 4947 3764 4999 h8-

3603 5062 3626 5078 ιι
3660 5033 3765 5078 Hinc

2184 5042 2353 5078 Hahn}
2389 5040 2592 5078 mantia
2623 5040 2932 5078 imnarinm
2993 5042 3100 5078 Enn
3130 5048 3215 5078 ne}
3273 5044 3554 5078 Ainknlnm
