3976 5348
138 323 244 381 741

699 320 1110 380 EXPOSITIO
1156 319 1232 379 IN
1282 318 1706 378 EPISTULAS
1755 319 2007 380 PAULI.
2045 354 2117 362 ——
2173 321 2248 379 IN
2294 322 2543 382 EPIST.
2593 324 2695 381 AD
2744 324 2977 382 HEBR.

3429 328 3545 385 742

143 451 375 523 eos,qui
401 451 607 507 timore
625 452 829 505 mortis
852 469 954 523 per
976 456 1153 506 totam
1170 451 1345 504 vitam
1370 450 1596 505 obnoxii
1622 455 1784 505 erant
1814 453 1863 517 Α
1899 451 2049 515 fecit,
2086 452 2183 521 qui
2218 454 2381 507 sedet
2416 455 2469 507 in
2496 455 2730 508 dextera
2753 454 2960 509 Patris.
2987 456 3099 510 Iste
3124 459 3404 523 tantus,et
3424 463 3541 512 tam

147 540 436 597 servituti.
466 564 490 590 n
524 542 707 605 Quare
738 541 1010 607 tremitis,
1037 557 1216 611 quare
1248 540 1465 593 timetis
1506 557 1631 594 eam
1666 557 1791 609 quae

138 633 262 701 jam
297 630 683 685 condemnata
732 630 865 683 est?
912 633 1041 683 Jam
1078 628 1353 683 terribilis
1403 646 1515 683 non
1550 635 1656 693 est,
1693 629 1788 683 sed

148 719 441 791 optabilis,
476 718 642 791 quasi
664 718 927 773 laborum
952 718 1087 772 finis
1109 723 1165 772 et
1185 718 1398 789 requiei
1420 718 1796 772 initium.Cur

148 808 226 863 ait
250 824 264 864 ε
300 831 327 858 ‹‹
355 809 589 864 Timore
620 809 823 862 mortis
846 824 948 879 per
968 812 1148 862 totam
1174 807 1350 862 vitam
1375 807 1607 862 obnoxii
1631 811 1797 860 erant

148 898 472 953 servituri?
508 922 533 946 ρ)
567 897 721 952 Servi
771 896 1060 967 siquidem
1113 896 1349 951 fuerunt
1396 897 1620 965 mortis,
1656 896 1796 966 quia

150 992 401 1042 mortem
434 986 739 1053 timebant,
772 990 827 1041 et
860 987 1109 1041 necdum
1132 990 1297 1041 erant
1322 985 1495 1040 soluti
1526 1002 1558 1038 a
1588 986 1797 1040 timore

150 1076 377 1145 mortis,
402 1077 573 1145 cujus
589 1075 819 1149 legibus
838 1076 1375 1130 tenebantur.Nunc
1394 1076 1587 1145 itaque
1609 1075 1794 1129 sancti

149 1165 419 1220 derident
441 1165 695 1236 eam,qui
720 1181 902 1237 agone
928 1168 1315 1234 transacto,et
1336 1169 1521 1219 morte
1553 1166 1794 1230 devicta,

150 1254 221 1309 ad
257 1271 501 1324 regnum
552 1254 855 1308 transituri
915 1258 1070 1309 sunt.
1122 1252 1284 1307 Unde
1342 1257 1397 1307 et
1429 1253 1547 1323 ipse
1580 1252 1798 1307 Paulus

150 1342 230 1397 ait
259 1360 271 1399 :
298 1366 325 1393 «
348 1342 532 1415 Cupio
555 1342 813 1411 dissolvi,
846 1348 903 1396 et
932 1358 1059 1397 esse
1090 1358 1222 1396 cum
1253 1340 1479 1396 Christo
1505 1342 1730 1412 (Philip.
1758 1358 1795 1409 ι,

148 1433 264 1502 23).
295 1455 320 1478 η

227 1546 256 1570 α
287 1521 597 1592 Nunquam
624 1520 778 1575 enim
804 1519 1041 1590 angelos
1065 1520 1574 1591 apprehendit,sed
1601 1537 1796 1575 semen

153 1610 399 1665 Abrahae
427 1609 831 1681 apprehendit.
888 1611 1047 1663 Unde
1093 1610 1293 1663 debuit
1330 1626 1432 1680 per
1461 1609 1657 1663 omnia
1687 1610 1798 1663 fra-

157 1699 351 1753 tribus
366 1698 699 1752 assimilari.
730 1720 756 1746 ››
780 1698 995 1752 Idcirco
1021 1715 1271 1769 namque
1295 1699 1645 1769 Redemptor
1666 1716 1800 1753 nos-

1904 541 2273 607 miserabilis,
2305 548 2359 596 et
2382 548 2496 596 tam
2525 544 3070 613 gloriosus,tantum
3098 550 3305 599 nostrre
3339 546 3548 602 salutis

1904 646 2102 684 curam
2138 632 2339 684 habuit
2372 636 2433 685 ut
2464 634 2639 685 frater
2671 639 2867 687 noster
2898 635 2955 687 in
2989 634 3263 689 omnibus
3296 636 3549 703 fieret,ct

1904 724 2136 790 propter
2159 719 2265 773 hoc
2285 720 2521 789 angelos
2542 722 2972 790 quodammodo
2998 722 3250 795 reliquit,
3289 724 3549 795 aliasque

1904 807 2180 861 caelorum
2212 808 2475 873 virtutes,
2539 814 2604 863 ut
2635 827 2737 864 nos
2788 812 3265 881 apprehenderat,
3299 817 3355 867 et
3386 830 3545 868 ovem

1905 897 2212 967 perditam,
2249 898 2515 968 passione
2549 898 2990 968 suainventam,
3016 900 3276 955 humeris
3308 901 3548 973 imposi-

1905 990 2023 1039 tam
2058 991 2375 1056 reportaret
2401 988 2469 1040 ad
2495 987 2786 1041 cmlestem
2817 988 3064 1058 patriam
3100 991 3249 1059 (Luc.
3282 1008 3371 1057 xv,
3398 992 3449 1059 4,
3471 992 3547 1062 5).

1906 1074 2007 1127 Hic
2038 1091 2170 1128 vero
2201 1079 2421 1141 tantus,
2454 1080 2509 1129 et
2542 1075 2673 1129 talis
2698 1076 2967 1130 sacerdos
2993 1080 3188 1131 noster
3219 1078 3339 1132 ﬁeri
3370 1079 3553 1133 voluit

1906 1162 2059 1232 apud
2093 1163 2346 1229 Patrem,
2382 1164 2636 1234 seipsum
2672 1165 2918 1219 offerens
2944 1183 3044 1238 pro
3080 1167 3267 1221 nobis.
3303 1169 3553 1223 Proinde

1906 1255 2144 1305 secutus
2177 1256 2231 1305 et
2262 1252 2470 1306 infert:
2507 1252 2577 1307 Ut
2610 1276 2635 1300 ‹‹
2685 1253 3016 1309 misericors
3050 1256 3230 1321 fieret,
3264 1260 3321 1310 et
3364 1257 3553 1311 fidelis

1908 1340 2165 1411 pontifex
2193 1358 2225 1395 a
2259 1347 2385 1407 Deo,
2446 1346 2506 1394 ut
2556 1342 2957 1413 repropitiaret
3012 1342 3223 1398 delicta
3269 1343 3486 1415 populi.
3526 1368 3553 1394 ››

1907 1433 2148 1500 Propter
2178 1429 2305 1497 hoc,
2361 1430 2570 1500 inquit,
2631 1447 2865 1484 carnem
2917 1433 3238 1501 assumpsit
3268 1438 3554 1502 nostram,

1909 1524 2144 1589 propter
2159 1519 2614 1572 misericordiam
2636 1519 2817 1572 solam
2832 1524 2913 1582 ,ut
2928 1538 3029 1589 pro
3047 1523 3259 1575 nostris
3283 1523 3554 1593 interpel-

1910 1609 2053 1661 laret
2086 1608 2352 1677 pereatis.
2382 1609 2503 1661 Non
2536 1614 2622 1662 est
2649 1609 2801 1663 enim
2830 1609 3016 1679 magis
3044 1610 3221 1665 totius
3242 1611 3421 1681 hujus
3446 1613 3555 1666 mi-

1911 1697 2094 1749 randa
2126 1696 2584 1767 dispensationis
2636 1714 2811 1751 causa
2844 1714 3023 1767 quam
3068 1698 3191 1752 haec
3224 1698 3365 1755 sola.
3402 1701 3559 1753 Vidit

154 1793 269 1853 ter,
294 1804 409 1841 non
434 1785 699 1859 angelus,
724 1787 823 1842 sed
848 1787 1021 1841 homo
1046 1788 1231 1842 factus
1263 1789 1515 1858 est,quia
1537 1788 1643 1842 hoc
1667 1805 1803 1859 pro-
1832 1824 1880 1887 B
1912 1786 2126 1855 quippe
2158 1785 2484 1839 humanum
2516 1802 2701 1856 genus
2726 1787 2782 1840 in
2809 1786 2904 1839 irae
2928 1787 3329 1858 fumojacens,
3364 1806 3560 1859 pecca-

154 1875 251 1931 cul
276 1875 453 1930 dubio
477 1876 595 1931 fieri
621 1876 841 1940 debuit,
875 1877 1028 1947 quod
1054 1876 1318 1943 redemit,
1348 1882 1412 1931 ut
1432 1881 1483 1931 et
1508 1879 1800 1948 perditum

156 1964 434 2036 angelum
460 1982 573 2019 non
599 1966 1088 2037 apprehendendo
1112 1967 1484 2031 desereret,et
1507 1967 1805 2022 hominem

151 2055 209 2108 in
233 2054 548 2125 semetipso
563 2054 1051 2126 apprehendendo
1066 2054 1632 2125 repararet.Mu1tam
1648 2056 1802 2109 enim

154 2142 260 2198 Dei
290 2142 749 2197 misericordiam
772 2142 968 2197 volens
992 2142 1301 2213 Apostolus
1325 2143 1730 2199 demonstrare
1750 2150 1808 2199 et

154 2231 526 2299 charitatem,
560 2248 736 2303 quam
788 2231 941 2286 circa
988 2248 1172 2303 genus
1221 2232 1547 2286 humanum
1580 2233 1806 2302 habuit,

156 2327 470 2392 postquam
497 2320 675 2374 dixit:
706 2320 1042 2382 «Quoniam
1065 2336 1199 2392 ergo
1222 2320 1385 2391 pueri
1408 2323 1809 2378 communica-

162 2415 374 2465 verunt
403 2410 561 2464 carni
595 2413 651 2463 et
681 2409 1038 2481 sanguini,et
1061 2410 1181 2479 ipse
1204 2410 1477 2465 similiter
1498 2412 1806 2483 participa-

159 2501 244 2553 vit
276 2498 528 2555 eisdem:
567 2525 587 2550 ι
618 2500 955 2571 exsequitur
974 2499 1230 2570 amplius
1252 2500 1404 2554 hunc
1428 2516 1807 2570 sensum,un—

165 2588 239 2642 de
272 2588 644 2659 participaret
676 2604 907 2642 carnem
942 2592 997 2641 et
1027 2588 1395 2658 sanguinem,
1439 2592 1496 2641 et
1526 2590 1607 2643 ait
1637 2606 1648 2641 :
1687 2590 1806 2643 Non

164 2677 323 2732 enim
351 2693 710 2748 quemquam
757 2676 1094 2746 angelorum
1150 2676 1549 2746 apprehendit,
1602 2684 1664 2731 ut
1697 2695 1812 2731 una

164 2782 417 2836 persona
449 2764 548 2819 Dei
590 2762 768 2816 Filius
819 2766 1039 2816 naturae
1087 2778 1286 2816 eorum
1337 2764 1808 2834 conjungeretur,

161 2854 268 2909 sed
300 2853 455 2907 hunc
504 2852 778 2905 honorem
828 2854 885 2903 et
941 2850 1090 2905 hanc
1138 2850 1479 2921 dignitatem
1543 2852 1810 2906 humanae

164 2946 388 2996 natura:
438 2940 611 3003 Deus,
661 2939 763 2993 Dei
823 2938 1025 3006 Filius,
1086 2940 1370 3009 attribuit,
1431 2945 1495 2993 ut
1549 2945 1696 2995 Deus
1756 2946 1813 2996 et

165 3031 347 3085 homo
379 3045 496 3083 una
552 3032 707 3083 esset
755 3044 1022 3099 persona.
1082 3028 1269 3091 Quare
1325 3045 1438 3083 non
1480 3028 1643 3094 dixit,
1679 3047 1807 3085 sus-

163 3118 369 3190 cepit?
427 3116 655 3172 Scilicet
730 3117 841 3171 isto
896 3118 1069 3172 verbo
1146 3134 1289 3172 usus
1360 3122 1465 3183 est,
1528 3119 1637 3173 hoc
1696 3124 1804 3186 est,

1912 1878 2101 1928 terum
2123 1873 2367 1928 vinculis
2388 1874 2831 1945 ligatum,morti
2847 1876 3557 1947 obnoxium,tyrannidem

1915 1963 2163 2034 patiens,
2195 1968 2250 2017 et
2283 1964 2560 2018 misertus
2592 1969 2678 2019 est
2704 1966 2852 2035 ejus,
2887 1965 3037 2019 sicut
3068 1965 3257 2020 ﬁdelis
3282 1969 3554 2036 pontifex.

1915 2053 2037 2106 Non
2070 2052 2267 2123 itaque
2300 2051 2411 2105 alia
2444 2053 2552 2106 fuit
2584 2070 2760 2107 causa
2804 2053 2886 2107 illi
2922 2070 3022 2124 per
3054 2054 3249 2109 omnia
3281 2056 3558 2113 fratribus

1916 2141 2370 2209 assimilari,nisi
2408 2146 2471 2195 ut
2504 2141 2692 2196 ﬁdelis
2724 2143 2977 2213 pontifex
2997 2147 3173 2211 esset,
3212 2164 3237 2195 α
3270 2144 3502 2212 Fidelis,
3532 2170 3558 2195 ››

1917 2230 2075 2293 dicit,
2108 2230 2214 2284 hoc
2246 2236 2353 2295 est,
2383 2248 2553 2285 verus
2585 2236 2640 2285 et
2671 2236 2895 2301 potens.
2923 2232 3309 2287 Ministerium
3344 2235 3559 2306 quippe

1918 2319 2237 2373 sacerdotis
2268 2326 2355 2374 est
2388 2320 2612 2374 fidelem
2656 2337 2781 2373 esse
2828 2324 2891 2373 ut
2925 2321 3104 2389 possit
3155 2338 3273 2391 eos,
3308 2339 3558 2393 quorum

1917 2412 2004 2462 est
2034 2409 2322 2474 sacerdos,
2359 2409 2603 2464 liberare
2639 2426 2671 2462 a
2702 2408 2973 2479 peccatis.

1990 2498 2238 2551 Proinde
2271 2499 2339 2551 de
2369 2498 2494 2566 ejus
2546 2500 2803 2567 potentia
2850 2498 3221 2569 subsecutus,
3255 2500 3558 2569 abjunxit:

1922 2612 1945 2633 α
1984 2588 2041 2639 In
2076 2603 2139 2639 eo
2174 2586 2351 2649 enim,
2414 2588 2469 2638 in
2526 2603 2639 2655 quo
2698 2602 2909 2655 passus
2957 2592 3045 2641 est
3104 2588 3247 2658 ipse,
3281 2592 3560 2657 tentatus,

1922 2679 2123 2746 potens
2158 2680 2245 2727 est
2276 2678 2331 2727 et
2361 2674 2444 2728 eis
2475 2675 2573 2743 qui
2606 2678 2862 2728 tentatur
2912 2674 3197 2729 auxiliari.
3231 2699 3256 2725 »
3293 2678 3351 2731 In
3384 2694 3469 2745 eo,
3506 2680 3560 2733 id

1925 2768 2033 2827 est,
2068 2763 2323 2829 homine,
2358 2763 2411 2815 in
2446 2780 2559 2832 quo
2592 2780 2801 2831 passus
2832 2768 2939 2828 est,
2974 2769 3179 2835 potens
3226 2771 3312 2820 est
3343 2767 3564 2823 vinctos

1925 2852 2189 2921 liberare,
2222 2856 2589 2922 tentatosque
2621 2853 2894 2921 adjuvare
2943 2870 3014 2907 ne
3051 2854 3389 2910 vincantur:
3428 2857 3565 2927 quia

1926 2941 2272 2997 tentationes
2307 2944 2534 2994 nostras
2558 2956 2668 2993 non
2702 2940 2890 2994 solum
2915 2941 3066 2995 sicut
3094 2943 3248 2997 Deus
3279 2944 3558 3010 novit,sed

1926 3031 2100 3085 etiam
2134 3031 2287 3085 sicut
2318 3029 2489 3083 homo
2520 3028 2578 3082 in
2612 3029 2802 3100 seipso
2834 3046 2934 3100 per
2973 3031 3434 3101 experimentum
3466 3050 3561 3087 co-

1925 3120 2141 3191 gnovit.
2174 3120 2242 3173 Et
2270 3117 2402 3173 licet
2444 3123 2594 3173 Deus
2638 3118 2697 3171 in
2756 3135 2864 3173 sua
2913 3123 3125 3174 natura
3155 3120 3568 3193 impassibilis,

162 3208 576 3280 apprehendit,
636 3206 774 3277 quia
831 3223 938 3261 nos
994 3206 1161 3277 quasi
1210 3207 1541 3262 iecedentes
1596 3209 1666 3263 ab
1720 3226 1806 3277 eo,
1842 3187 1883 3253 ε
1922 3214 2115 3263 tamen
2167 3208 2224 3261 in
2280 3210 2493 3275 nostra,
2549 3224 2724 3278 quam
2779 3208 3122 3279 assumpsit,
3179 3208 3332 3264 idem
3380 3210 3560 3265 Filius

158 3302 218 3353 et
251 3296 420 3368 longe
451 3296 760 3367 fugientes,
791 3311 1028 3350 eramus
1051 3295 1257 3367 longe;
1292 3296 1592 3352 insecutus
1617 3314 1816 3369 appre-

160 3386 391 3454 hendit,
419 3389 475 3440 et
504 3385 563 3439 in
590 3402 763 3439 unam
790 3401 1099 3455 personam
1124 3390 1334 3440 nostra:
1359 3386 1691 3458 fragilitatis
1710 3404 1811 3441 na-

165 3482 363 3531 turam
396 3473 506 3529 sibi
561 3474 1035 3544 contemperavit.
1086 3473 1233 3528 Mira
1278 3475 1629 3545 conjunctio,
1672 3478 1811 3531 dum

168 3568 383 3618 aeterno
416 3568 473 3617 et
503 3561 817 3617 immortali
852 3562 1115 3617 mortalis
1144 3564 1436 3618 adunatus
1464 3570 1552 3619 est
1578 3564 1588 3618 Ξ
1623 3566 1815 3628 Quan-

174 3658 299 3708 tum
329 3651 686 3707 festinaverit
707 3651 858 3705 circa
880 3655 1153 3706 naturam
1175 3652 1777 3720 humanam,ostendit
1801 3673 1813 3709 :

169 3747 227 3797 et
258 3741 536 3813 quoniam
560 3739 747 3794 multa
769 3744 1015 3809 curaest
1043 3744 1155 3794 Deo
1182 3740 1252 3795 de
1273 3740 1395 3807 illa,
1419 3741 1501 3796 sic
1522 3742 1697 3796 etiam
1724 3742 1816 3797 hic

171 3831 358 3886 multo
385 3830 639 3901 amplius
656 3829 923 3899 est,quod
951 3829 1114 3900 ponit
1143 3845 1210 3883 ex
1234 3830 1817 3901 comparatione.Non

170 3919 328 3975 enim
361 3919 701 3991 angelorum
726 3934 1081 3989 quemquam
1107 3917 1513 3989 apprehendit,
1537 3924 1593 3974 et
1623 3936 1818 3974 revera

170 4024 454 4080 magnum
468 4011 522 4062 et
541 4005 871 4061 mirarabile
888 4011 944 4061 et
960 4012 1196 4077 stupore
1212 4006 1450 4078 plenum
1469 4014 1816 4077 est,carnem

168 4102 432 4153 nostram
465 4111 701 4151 sursum
752 4095 971 4157 sedere,
1007 4100 1064 4149 et
1111 4095 1342 4149 adorari
1381 4096 1451 4151 ab
1484 4096 1728 4168 angelis,
1762 4100 1820 4151 et

168 4185 560 4257 archangelis,
594 4189 649 4239 et
698 4182 1022 4253 cherubim,
1074 4189 1130 4237 et
1179 4184 1495 4255 seraphim.
1530 4189 1649 4239 Hoc
1681 4202 1817 4257 ergo

169 4276 387 4347 saepius
406 4274 463 4329 in
485 4276 677 4329 mente
696 4272 1046 4328 versandum
1066 4277 1120 4327 et
1139 4272 1501 4327 laudandum
1520 4279 1611 4329 est
1633 4275 1815 4329 valde.

170 4362 320 4429 Quia
352 4379 465 4416 non
498 4361 662 4428 dixit,
695 4360 988 4425 homines,
1022 4361 1385 4433 simpliciter,
1413 4363 1817 4434 apprehendit,

174 4452 275 4507 sed
312 4474 339 4500 ‹‹
364 4467 561 4506 semen
585 4449 851 4517 Abrahae,
876 4471 904 4499 »
927 4454 983 4503 et
1013 4449 1260 4504 honorat
1285 4451 1376 4505 hic
1406 4452 1817 4522 patriarcham,

1922 3296 2220 3370 passibilis
2251 3296 2377 3363 fuit,
2413 3299 2587 3367 atque
2619 3304 2827 3350 nostra:
2861 3301 3079 3351 naturae
3111 3298 3457 3353 consimilis.
3502 3300 3565 3353 In

1924 3404 1989 3441 ea
2019 3403 2151 3440 vero
2183 3402 2373 3451 carne,
2426 3402 2601 3456 quam
2645 3386 2916 3456 suscepit,
2969 3386 3153 3441 multa
3185 3405 3331 3443 saeva
3357 3405 3567 3460 passus

1925 3480 2030 3531 est.
2065 3475 2234 3529 Novit
2257 3475 2392 3545 quid
2419 3474 2493 3528 sit
2524 3474 3164 3547 tribulatio,novitquid
3192 3478 3265 3532 sit
3285 3477 3566 3546 tentatio;

1926 3565 2023 3620 sed
2061 3581 2159 3635 per
2191 3564 2532 3635 patientiam
2564 3564 2715 3618 vicit.
2748 3564 2874 3635 Ipse
2906 3581 3036 3619 vero
3060 3570 3320 3622 tentatus
3349 3568 3567 3629 est,sed

1927 3671 2041 3708 non
2071 3657 2401 3723 superatus.
2436 3652 2581 3717 Quid
2635 3669 2771 3723 ergo
2822 3658 2911 3707 est
2957 3656 3111 3723 quod
3145 3655 3321 3711 dicit:
3357 3656 3571 3712 Potens

1927 3758 2047 3805 eos,
2081 3742 2177 3810 qui
2213 3745 2488 3804 tentatur,
2542 3741 2816 3809 adjuvare
2864 3742 3193 3813 ‘?'I‘anquam
3227 3743 3277 3797 si
3307 3744 3523 3799 diceret
3556 3761 3568 3798 :

1928 3831 2072 3885 Cum
2106 3828 2289 3882 multa
2317 3827 2614 3882 alacritate
2648 3829 2942 3899 protendit
2972 3847 3212 3885 manum
3237 3833 3307 3885 ad
3342 3849 3574 3904 compa-

1928 3918 2215 3972 tiendum.

2000 4007 2155 4077 (CAP.
2191 4005 2313 4075 Ill.)
2353 4027 2379 4053 ‹‹
2415 4004 2597 4070 Unde,
2633 4006 2837 4060 fratres
2872 4007 3081 4072 sancti,
3114 4008 3429 4063 vocationis
3461 4026 3574 4064 cm-

1930 4096 2091 4152 lestis
2140 4093 2473 4167 participes,
2514 4094 2877 4149 considerate
2905 4096 3269 4166 Apostolum,
3299 4100 3354 4150 et
3377 4098 3573 4151 Ponti-

1931 4187 2094 4241 ﬁcem
2130 4182 2511 4239 confessionis
2539 4188 2748 4237 nostra:
2770 4184 2992 4239 Jesum.
3030 4208 3057 4233 »
3083 4185 3284 4241 Adhuc
3308 4186 3483 4241 etiam
3503 4186 3575 4242 de

1929 4273 2348 4328 incarnationis
2378 4272 2590 4327 Christi
2626 4271 2890 4344 loquitur
2915 4276 3210 4346 mysterio.
3255 4276 3401 4331 Nam
3433 4280 3489 4330 et
3519 4276 3578 4331 in

1930 4361 2237 4433 Evangelio
2269 4361 2392 4432 ipse
2416 4366 2665 4415 testatur
2688 4380 2748 4417 se
2776 4363 3027 4419 missum
3055 4381 3169 4419 non
3195 4381 3341 4428 esse,
3367 4365 3483 4419 nisi
3507 4364 3579 4419 ad

1931 4468 2065 4505 oves
2102 4450 2355 4521 perditas
2405 4451 2617 4504 domus
2670 4452 2843 4506 Israel
2895 4454 3114 4521 (Matth.
3158 4470 3251 4524 xv,
3280 4455 3392 4523 24).
3428 4456 3581 4523 Apo-

176 4545 352 4611 atque
384 4556 483 4595 eos
515 4539 615 4610 qui
675 4539 745 4593 de
793 4540 920 4608 ejus
959 4543 1098 4592 sunt
1143 4554 1370 4609 genere,
1422 4541 1493 4594 ad
1520 4558 1669 4612 quos
1702 4541 1821 4596 hazc
1854 4554 1898 4618 1)
1931 4540 2117 4596 stolus
2148 4538 2328 4609 igitur
2363 4539 2659 4603 Hebraice,
2713 4541 2915 4595 Latine
2969 4543 3185 4596 dicitur
3226 4544 3446 4597 missus.
3480 4545 3583 4595 Co-

176 4628 439 4701 Epistola
460 4628 680 4699 scripta
699 4631 806 4682 est.
831 4627 1261 4681 Commemorat
1281 4628 1351 4681 de
1374 4629 1668 4684 beneficiis
1698 4631 1822 4697 Dei,

178 4723 234 4773 et
264 4719 336 4773 de
366 4720 753 4790 propinquate
799 4714 1016 4769 carnali
1047 4716 1117 4769 ad
1150 4715 1468 4781 Christum,
1502 4724 1558 4772 ct
1589 4720 1659 4775 de
1692 4736 1822 4791 pro-

181 4807 479 4874 missione,
515 4824 639 4878 quae
672 4807 827 4861 dicta
848 4810 935 4859 est
965 4806 1034 4859 ad
1060 4804 1353 4859 Abraham
1380 4823 1392 4864 :
1428 4829 1455 4854 «
1491 4808 1619 4863 Tibi
1651 4815 1707 4863 et
1738 4825 1822 4863 se-

182 4895 325 4950 mini
356 4901 459 4951 tuo
508 4896 657 4950 dabo
690 4901 905 4950 terram
964 4892 1113 4948 hanc
1163 4892 1312 4962 (Gen.
1346 4911 1445 4962 xu,
1503 4896 1579 4968 7).
1613 4920 1639 4947 ››
1675 4898 1822 4961 Quia

181 5001 248 5038 ex
280 5002 393 5041 uno
428 5001 654 5049 omnes,
686 4985 743 5038 id
776 4988 883 5051 est,
908 4998 975 5037 ex
1005 4981 1300 5038 Abraham
1325 4982 1590 5043 Christus
1622 5003 1827 5044 secun-

182 5073 318 5128 dum
350 5089 608 5141 carnem,
642 5078 697 5129 et
728 5072 831 5141 illi,
866 5071 933 5123 ad
968 5087 1117 5142 quos
1145 5071 1266 5123 haec
1298 5070 1577 5143 loquitur.

255 5184 282 5212 ‹‹
313 5163 477 5219 Unde
509 5162 705 5216 debuit
734 5177 838 5231 per
867 5161 1060 5216 omnia
1112 5160 1391 5215 fratribus
1424 5164 1764 5223 assimilari.
1799 5182 1824 5212 ν

182 5251 323 5315 Quid
355 5256 466 5316 est,
503 5270 531 5297 ‹‹
562 5266 661 5320 per
690 5247 884 5305 omnia
911 5268 937 5295 »
969 5248 1156 5305 Natus
1189 5251 1292 5313 est,
1318 5250 1828 5324 educatus,crevit,

1929 4628 2188 4701 gnoscite
2222 4627 2360 4697 quid
2396 4632 2484 4681 est
2514 4630 2686 4682 Jesus
2714 4632 2772 4682 et
2804 4628 3015 4699 qualis,
3057 4636 3112 4684 et
3145 4646 3256 4683 non
3289 4629 3588 4685 habebitis
3680 4630 3685 4637 “

1934 4735 2080 4791 opus
2110 4716 2505 4771 consolatione
2555 4716 2690 4782 alia,
2745 4733 2938 4785 neque
2987 4717 3213 4774 solatio.
3250 4719 3589 4773 Pontiﬁcem

1936 4825 2068 4863 eum
2104 4805 2247 4859 dixit
2276 4804 2659 4860 confessionis
2712 4810 2962 4877 nostrae,
2992 4808 3051 4862 id
3078 4809 3165 4859 est
3196 4804 3329 4858 fidei
3361 4810 3596 4871 nostrae,

1938 4899 2029 4953 cui
2063 4896 2172 4950 iste
2196 4892 2448 4965 populus
2485 4910 2669 4949 novus
2721 4899 2811 4951 est
2842 4893 3392 4957 commissus,sicut
3418 4890 3606 4961 Moysi

1942 4988 2100 5059 prior
2130 4982 2385 5055 populus
2412 4982 2469 5037 in
2504 4983 2765 5053 regimen
2817 4982 3020 5048 datus
3051 4985 3155 5037 est.
3182 4976 3295 5029 Sed
3320 4978 3461 5033 huic
3489 4993 3611 5031 ma-

1934 5077 2090 5146 jora,
2124 5070 2208 5126 vel
2250 5070 2419 5142 longe
2465 5070 2707 5129 meliora
2738 5085 3097 5138 commissa
3126 5068 3278 5119 sunt.
3299 5065 3438 5119 Vult
3466 5063 3621 5119 enim

1943 5166 2153 5221 beatus
2170 5158 2385 5213 Paulus
2410 5160 2712 5230 apostolus
2725 5160 2989 5227 erigere
3004 5158 3228 5222 animos
3243 5152 3630 5206 Israelitarum

1945 5256 2012 5311 ad
2030 5246 2433 5309 excellentiam
2457 5251 2943 5319 promissionum
2989 5244 3186 5315 Dei,ut
3204 5238 3418 5294 intente
3439 5241 3641 5311 parent

2148 5337 2160 5348 .
2496 5338 2509 5348 .
2551 5342 2581 5348 ..
2755 5339 2767 5348 .
2884 5337 2895 5346 ς
3105 5327 3214 5348 ηιξ-
3265 5327 3524 5348 ._____-.'_:L
3559 5325 3615 5348 ,ρ
