3976 5348
453 460 570 517 ’743

456 590 589 645 fecit
620 606 773 644 eum.
805 610 830 635 η
854 591 927 643 Dc
957 588 1321 643 humanitate
1346 588 1487 644 dicit
1507 591 1760 660 ejus,qui
1794 590 1979 645 factus
2006 592 2093 643 est

455 696 525 735 ex
557 679 779 734 semine
811 676 988 733 David
1021 678 1342 732 secundum
1367 694 1621 749 carnem,
1647 696 1761 733 non
1794 680 1865 733 de
1895 678 2096 732 divini-

453 772 590 835 tate,
624 784 751 837 quae
782 767 933 822 facta
965 783 1079 822 non
1128 770 1236 835 est,
1285 768 1385 822 sed
1434 766 1630 838 genita
1660 785 1693 823 a
1725 769 1887 823 Patre
1919 768 2094 823 unius

453 855 797 913 substantias
827 872 961 911 cum
994 871 1080 911 eo.

527 1011 555 1041 «
587 990 747 1046 Sicut
777 993 834 1045 et
862 993 1084 1061 Moyses
1114 989 1172 1044 in
1206 990 1364 1044 omni
1386 990 1559 1045 domo
1589 990 1746 1045 illius
1779 992 1958 1061 (Nam.
1990 1008 2091 1060 xn,

451 1080 526 1151 7).
564 1101 591 1129 ››
626 1080 1044 1151 Ρτωροείιιιῐιιιε
1074 1096 1204 1133 eum
1238 1080 1414 1151 Moysi
1439 1080 1761 1134 secundum
1793 1096 2093 1151 compara-

450 1168 669 1224 tionem
701 1168 761 1223 in
792 1166 917 1239 lege
948 1168 1276 1234 sacerdotii,
1302 1168 1458 1222 hunc
1488 1185 1816 1223 sermonem
1840 1169 2089 1239 induxit,

452 1274 720 1313 asserens
751 1273 886 1313 eum
918 1256 1147 1312 fidelem
1180 1274 1305 1312 esse
1337 1256 1394 1311 in
1441 1258 1612 1314 domo
1645 1276 1771 1313 sua.
1810 1258 2088 1326 Fidelem,

449 1345 506 1401 id
532 1350 638 1411 est,
664 1346 955 1415 devotum,
980 1345 1386 1399 defendentem
1410 1362 1475 1401 ea
1499 1363 1624 1416 quae
1650 1351 1787 1402 sunt
1808 1348 1956 1415 ejus,
1976 1364 2090 1401 non

450 1435 885 1505 permittentem
918 1434 1246 1505 corrumpi;
1281 1451 1406 1505 qua:
1462 1436 1671 1490 domus
1721 1453 1828 1491 nos
1861 1453 2090 1500 sumus,

450 1524 602 1579 sicut
632 1524 688 1577 in
722 1524 1105 1594 sequentibus
1138 1524 1278 1577 dicit
1305 1542 1316 1590 ;
1343 1524 1494 1579 sicut
1517 1525 1741 1597 Moyses
1775 1525 1961 1579 ﬁdelis
1985 1526 2092 1579 fuit

448 1612 506 1666 in
540 1613 711 1666 domo
743 1628 871 1677 sua,
905 1611 961 1665 id
996 1616 1101 1677 est,
1150 1611 1363 1683 populo
1420 1614 1625 1679 priore,
1660 1613 2090 1685 Confestimque

448 1706 750 1756 assecutus
784 1700 1042 1755 ostendit
1084 1702 1376 1770 quomodo
1411 1702 1619 1756 domus
1651 1701 1810 1756 illius
1841 1720 1966 1757 esse
1998 1705 2091 1758 de-

446 1790 710 1844 beamus.
746 1789 841 1843 Ait
863 1790 1056 1843 enim:
1096 1812 1119 1835 ‹‹
1148 1789 1283 1852 Quae
1307 1790 1517 1844 domus
1549 1808 1757 1845 sumus
1789 1810 1913 1861 nos,
1951 1794 1997 1847 si
2026 1794 2087 1846 ﬁ-

445 1878 678 1933 duciam
702 1883 757 1931 et
784 1877 1025 1949 gloriam
1053 1878 1172 1949 spei
1201 1895 1385 1949 usque
1413 1880 1482 1932 ad
1510 1880 1681 1933 ﬁnem
1708 1882 1937 1935 ﬁrmam
1958 1882 2089 1937 reti-

444 1983 726 2022 neamus:
766 1988 792 2015 ››
826 1966 983 2038 quia,
1018 1988 1042 2013 ››
1100 1967 1197 2037 qui
1231 1968 1677 2037 perseveraverit
1710 1987 1895 2040 usque
1926 1970 1983 2024 in
2020 1972 2090 2023 ﬁ-

444 2072 599 2123 nem,
634 2054 728 2109 hic
760 2055 956 2110 salvus
980 2055 1087 2109 erit
1113 2058 1330 2124 (Matth.
1360 2073 1413 2127 x,
1446 2059 1557 2125 2‘3).
1592 2076 1615 2107 ι)
1657 2058 1907 2112 Domum
1930 2060 2086 2114 enim

443 2144 581 2199 dicit
612 2161 713 2217 pro
746 2144 857 2213 his,
891 2144 988 2215 qui
1048 2145 1106 2199 in
1140 2146 1313 2201 domo
1368 2145 1668 2212 habitant;
1703 2148 1853 2201 sicut
1890 2148 2088 2203 Eccle-

441 2234 589 2289 siam
624 2233 783 2300 dicit,
816 2250 932 2289 non
966 2250 1069 2303 pro
1100 2233 1418 2305 lapidibus,
1451 2235 1538 2289 vel
1571 2235 1957 2301 aediticiis,sed
1983 2254 2085 2308 pro

442 2322 663 2393 his,qui
696 2323 1661 2379 convocanturinecclesiaJntulit:
1694 2348 1716 2369 τι
1752 2325 1851 2379 Dei
1874 2327 2085 2382 domus

441 2428 649 2466 sumus
694 2427 821 2480 nos,
849 2434 870 2458 »
907 2411 963 2464 id
997 2416 1105 2477 est,
1132 2411 1352 2466 factura
1401 2412 1523 2477 Dei,
1559 2413 1734 2467 creati
1766 2414 1824 2467 in
1858 2415 2083 2470 Christo

438 2500 601 2554 Jesu.
634 2499 757 2554 Huc
790 2515 976 2569 usque
1027 2500 1520 2571 comparationem
1554 2502 1686 2556 fecit
1717 2504 1785 2557 de
1816 2504 2082 2559 incarna-

442 2590 599 2643 tione
629 2588 843 2642 Christi
872 2604 1003 2641 cum
1058 2588 1267 2660 Moyse.
1300 2589 1513 2643 Dehinc
1541 2607 1601 2644 se
1624 2593 1693 2645 ad
1718 2590 1926 2647 altiora
1955 2594 2082 2663 ejus

443 2678 738 2733 narranda
770 2677 1072 2745 convertit,
1106 2676 1304 2733 dicens
1332 2696 1343 2733 :
1376 2678 1689 2749 Amplioris
1712 2680 1862 2735 enim
1889 2682 2081 2753 gloria:

437 2767 546 2822 iste
578 2784 690 2838 prae
716 2766 941 2838 Moyses
974 2766 1186 2837 dignus
1211 2767 1444 2821 habitus
1465 2773 1573 2837 est,
1600 2775 1817 2839 quanto
1846 2770 2085 2842 amplio-

438 2872 561 2911 rem
594 2856 873 2910 honorem
905 2854 1083 2910 habet
1113 2857 1344 2921 domus,
1378 2857 1477 2927 qui
1513 2857 1815 2912 fabricavit
1844 2859 2076 2914 illam.»

437 2946 560 3000 Non
593 2945 759 3009 dixit,
793 2950 1009 3015 quanto
1042 2946 1322 3015 majorem
1345 2946 1517 3001 habet
1541 2946 1818 3002 honorem
1844 2948 1913 3002 ab
1947 2965 2080 3020 ope-

440 3034 603 3087 ribus
652 3033 875 3100 artifex,
917 3032 1016 3087 sed
1075 3038 1289 3104 quanto
1338 3035 1569 3102 domus,
1620 3036 1719 3106 qui
1755 3037 2083 3091 construxit

440 3138 590 3177 eam.
624 3121 798 3176 Vides
832 3123 1111 3194 quoniam
1167 3140 1279 3178 non
1314 3124 1381 3179 de
1434 3124 1652 3196 templo
1685 3125 1845 3191 dicit,
1880 3127 1976 3180 sed
2012 3127 2081 3181 de

441 3211 598 3267 omni
631 3210 842 3283 populo
871 3232 885 3279 ς
922 3210 1107 3283 primo
1130 3212 1199 3267 de
1222 3210 1345 3279 illo,
1370 3229 1540 3284 quem
1564 3218 1783 3285 Moyses
1817 3215 1883 3268 de
1916 3219 2082 3286 ZEgy-

435 3305 531 3372 pto
563 3300 779 3370 eduxit,
809 3305 865 3356 et
894 3300 1101 3355 deinde
1132 3300 1201 3354 de
1232 3317 1318 3367 eo,
1352 3317 1525 3371 quem
1559 3302 1824 3356 Christus
1854 3304 1925 3357 de
1950 3304 2074 3357 dia-

435 3391 624 3445 bolica
653 3389 918 3445 liberavit
940 3390 1236 3457 servitute,
1266 3389 1495 3459 sibique
1519 3391 1574 3443 in
1599 3391 1839 3444 domum
1872 3392 2074 3462 acqui-

433 3478 587 3533 sivit.

511 3633 534 3660 α
569 3611 772 3667 Omnis
806 3628 1059 3681 namque
1106 3612 1317 3667 domus
1371 3612 1687 3668 fabricatur
1734 3614 1805 3668 ab
1834 3613 2029 3684 aliquo
2059 3632 2072 3681 ;

432 3702 533 3773 qui
566 3705 760 3756 autem
795 3701 991 3754 omnia
1020 3701 1249 3766 creavit,
1285 3701 1437 3756 Deus
1460 3706 1566 3756 est.
1603 3724 1630 3750 ››
1666 3702 1762 3756 Hic
1796 3704 2072 3758 factorem

432 3807 466 3845 a
480 3791 705 3844 factura
718 3789 1018 3853 discernit,
1035 3789 1339 3859 utriusque
1354 3790 1565 3845 domus
1578 3795 1871 3845 auctorem
1888 3792 2069 3846 Deum

431 3895 559 3934 esse
589 3877 834 3948 intelligi
890 3876 1128 3933 volens:
1180 3878 1279 3934 sed
1311 3877 1480 3934 aliter
1511 3879 1691 3944 illius,
1725 3880 1817 3934 cui
1848 3884 2068 3951 Moyses

431 3966 694 4039 praefuit;
728 3966 897 4022 aliter
929 3965 1102 4034 illius,
1136 3966 1230 4021 cui
1260 3967 1525 4023 Christus
1556 3969 1674 4023 dux
1714 3986 1841 4025 esse
1871 3975 1927 4025 et
1956 3970 2067 4025 Do-

431 4056 627 4110 minus
646 4056 1177 4127 cognoscitur.ldeo
1202 4058 1550 4112 subsecutus
1564 4058 1673 4112 ait:
1708 4077 1727 4105 ι
1754 4060 1821 4111 Et
1841 4058 2067 4129 Moyses

429 4144 668 4216 quidem
697 4144 884 4200 ﬁdelis
915 4149 1037 4200 erat
1063 4145 1119 4199 in
1152 4150 1273 4200 tota
1304 4146 1477 4201 domo
1509 4148 1965 4217 ejus,tamquam
1991 4148 2070 4202 fa-

430 4232 645 4301 mulus,
676 4234 735 4287 in
769 4233 1173 4289 testimonium
1206 4250 1407 4289 eorum
1431 4251 1557 4305 qua:
1591 4235 1837 4290 dicenda
1866 4240 2068 4303 erant;

426 4322 692 4378 Christus
721 4339 852 4377 vero
903 4328 1184 4393 tanquam
1236 4322 1391 4377 ﬁlius
1432 4324 1490 4377 in
1548 4324 1720 4378 domo
1766 4340 1910 4387 sua;
1944 4341 2068 4392 qua:

427 4411 637 4465 domus
660 4427 866 4466 sumus
890 4411 1073 4475 nos,si
1096 4411 1370 4465 ﬁduciam
1395 4417 1451 4465 et
1470 4410 1716 4482 gloriam
1740 4413 1863 4484 spei
1886 4430 2069 4484 usque

426 4500 495 4552 ad
528 4499 703 4553 tinem
736 4500 967 4553 ﬁrmam
1014 4500 1393 4555 retineamus.
1432 4522 1460 4549 »
1496 4502 1606 4556 lste
1637 4508 1855 4568 autem,
1892 4502 1946 4557 id
1981 4507 2069 4558 est

423 4586 597 4642 Jesus
628 4588 686 4642 in
716 4592 990 4658 paternas
1023 4605 1136 4659 res,
1188 4590 1339 4643 sicut
1387 4589 1544 4645 ﬁlius
1576 4590 1935 4662 ingreditur:
1974 4592 2067 4647 ille

425 4681 642 4743 autem,
670 4678 728 4731 id
759 4680 848 4731 est
875 4680 1119 4749 Moyses,
1175 4677 1327 4764 sient
1372 4680 1627 4734 famulus
1675 4679 1769 4735 Dei
1799 4679 1859 4733 in
1892 4682 2063 4735 domo
2095 4707 2142 4773 Β

425 4781 551 4821 sua.
588 4767 687 4820 llic
714 4766 926 4821 iterum
957 4783 1056 4822 eos
1088 4750 1355 4823 hortatur
1396 4774 1550 4823 stare
1585 4769 1827 4837 fortiter,
1861 4776 1917 4823 et
1948 4786 2062 4825 non

425 4855 649 4909 subrui.
682 4855 901 4911 Domus
928 4857 1143 4928 quippe
1168 4857 1265 4911 Dei
1288 4857 1584 4923 erimus,si
1610 4859 1885 4913 ﬁduciam
1919 4859 2061 4930 spei,

423 4949 479 4998 et
508 4944 755 5016 gloriam
780 4962 964 5017 usque
985 4945 1043 4999 in
1076 4946 1253 5001 ﬁnem
1278 4947 1507 5001 ﬁrmam
1532 4946 2064 5003 retineamus.Bene

424 5033 589 5099 dixit,
620 5033 894 5089 ﬁduciam
922 5034 1045 5105 spei
1089 5040 1297 5089 nostrae
1327 5051 1339 5089 :
1375 5035 1652 5106 quoniam
1683 5036 1884 5090 omnia
1911 5036 2064 5091 bona

425 5124 644 5177 sanctis
674 5123 733 5177 in
764 5123 871 5177 hac
901 5124 1017 5178 vita
1047 5122 1106 5176 in
1140 5140 1242 5193 spe
1273 5131 1433 5190 sunt,
1483 5126 1665 5178 donec
1705 5126 1777 5178 ad
1810 5125 2061 5195 speciem

425 5210 761 5279 perveniant
790 5213 1055 5283 perfectae
1087 5211 1501 5268 beatitudinis:
1536 5236 1561 5260 κ
1589 5214 1701 5283 Spe
1730 5213 1886 5267 enim
1920 5214 2062 5267 salvi

425 5298 560 5348 facti
592 5302 993 5348 sumnsﬂinm-
1026 5318 1146 5348 vm.
1170 5302 1281 5348 2/0..
1320 5323 1347 5348 υ
1374 5306 1525 5348 Bnnn
1548 5302 1859 5348 enim_nnm
1894 5302 2062 5348 nnhia

1471 456 1808 517 ATTONIS
1856 456 2438 517 VERCELLENSIS
2484 456 2833 516 EPlSCOPI

3691 462 3778 521 ἨΑ

2276 612 2303 638 ‹‹
2340 591 2711 660 Quapropter,
2742 589 2896 643 sicut
2920 587 3061 643 dicit
3084 586 3335 658 Spiritus
3366 590 3591 643 sanctus
3613 606 3623 643 :
3644 590 3775 648 hodie

2206 678 2253 733 si
2286 696 2480 733 vocem
2515 680 2643 749 ejus
2676 676 2999 744 audieritis,
3032 692 3103 730 ne
3136 676 3433 731 obduretis
3459 678 3620 732 corda
3635 687 3777 737 vestra

2204 768 2372 837 (Psal.
2410 784 2559 833 xcnv,
2590 769 2765 833 8-11).
2802 789 2830 816 ››
2863 767 3117 821 Locutus
3174 770 3262 820 est
3289 765 3493 820 beatus
3529 767 3780 837 Apostolus

2204 858 2274 912 de
2304 872 2406 928 sps
2436 856 2494 910 in
2529 856 2954 928 superioribus,
3019 854 3160 925 quia
3206 858 3430 925 oportet
3474 871 3573 910 nos
3600 872 3782 927 sperare

2204 962 2334 1017 quas
2365 946 2558 1001 futura
2590 948 2747 1001 sunt.
2781 946 2925 1016 Spes
2960 949 3157 1000 autem
3198 960 3327 1015 quae
3354 943 3573 1000 videtur
3600 961 3696 1001 non
3720 956 3783 1005 est

2203 1052 2359 1107 spes,
2382 1035 2635 1091 Historia
2655 1050 2809 1104 vero,
2840 1050 3017 1105 quam
3041 1033 3321 1105 Propheta
3351 1032 3445 1088 hic
3474 1044 3781 1107 rememorat,

2203 1124 2511 1180 notissima
2534 1129 2640 1179 est.
2666 1124 2810 1178 Cum
2833 1123 2989 1178 enim
3017 1123 3237 1194 egressi
3267 1126 3463 1178 essent
3484 1122 3782 1183 Israelitzede

2201 1217 2357 1269 terra
2386 1214 2610 1286 [Egypti
2642 1214 2823 1283 (Num.
2855 1229 2968 1279 xw,
3004 1212 3140 1281 1-4),
3165 1217 3222 1266 et
3243 1211 3489 1266 multam
3519 1212 3655 1267 viam
3683 1232 3780 1285 per-

2203 1302 2624 1368 ambulassent,
2657 1307 2711 1356 et
2744 1300 2928 1356 multa
2959 1300 3177 1355 indicia
3197 1300 3429 1355 virtutis
3459 1300 3555 1356 Dei
3584 1304 3779 1373 accepis-

2202 1396 2333 1447 sent
2355 1393 2408 1445 in
2433 1393 2691 1462 :ligypto,
2716 1391 2772 1444 in
2799 1390 2941 1444 mari
2969 1389 3188 1457 Rubro,
3209 1389 3266 1443 in
3289 1406 3504 1454 eremo,
3530 1391 3776 1446 consilium

2201 1480 2460 1535 fecerunt
2492 1480 2717 1533 mittere
2750 1478 3146 1548 speculalores
3177 1480 3360 1547 (Num.
3402 1495 3523 1549 xm,
3562 1481 3681 1549 1-4),
3706 1483 3777 1550 qui

2199 1570 2475 1623 deberent
2505 1568 2789 1637 inspicere
2814 1572 3081 1621 naturam
3106 1572 3267 1620 terrae
3290 1584 3417 1637 quae
3444 1568 3699 1637 promissa
3714 1575 3775 1623 est

2200 1658 2303 1712 eis.
2338 1657 2423 1711 llli
2451 1674 2580 1711 vero
2606 1662 2909 1727 pergentes
2934 1655 3145 1710 reversi
3172 1660 3330 1724 sunt,
3354 1661 3563 1711 terram
3594 1659 3774 1727 quidem

2198 1746 2361 1801 valde
2396 1746 2695 1809 mirantes,
2724 1746 3011 1814 majorum
3062 1746 3363 1799 fructuum
3397 1746 3776 1816 procreatricem

2198 1852 2324 1890 esse
2372 1836 2647 1897 dicentes,
2707 1835 2807 1889 sed
2867 1835 3123 1887 virorum
3185 1834 3661 1904 inexpugabilium
3687 1853 3776 1891 esse

2200 1925 2357 1978 illam
2385 1924 2761 1995 provinciam,
2787 1929 2842 1978 et
2865 1924 3120 1978 fortium.
3150 1921 3427 1977 Israelita:
3453 1939 3577 1978 vero
3598 1924 3777 1995 ingrati,

2198 2018 2255 2069 et
2285 2013 2587 2077 insensati,
2621 2028 2766 2083 quos
2809 2013 3111 2083 oportebat
3140 2017 3204 2066 ut
3235 2013 3660 2067 recordarentur
3682 2020 3777 2067 tan-

2198 2108 2391 2157 torum
2422 2101 2519 2156 Dei
2551 2100 2987 2168 beneﬁciorum,
3011 2105 3067 2156 et
3086 2102 3381 2171 quomodo
3406 2117 3505 2156 eos
3533 2100 3776 2157 conclusos

2196 2191 2254 2245 in
2287 2191 2478 2245 medio
2509 2190 2655 2245 tanti
2677 2190 2962 2245 exercitus
2983 2190 3387 2260 JEgyptiorum
3408 2190 3613 2260 eripuit
3628 2191 3685 2245 de
3709 2206 3775 2260 pe-

2197 2279 2415 2347 riculis,
2442 2285 2499 2334 et
2528 2279 2835 2333 fluviorum
2864 2278 3052 2332 fontes
3079 2278 3205 2332 sine
3226 2278 3549 2333 defectione
3575 2279 3775 2339 donavit,

2193 2374 2245 2424 ct
2280 2385 2496 2424 manna
2528 2368 2753 2433 tribuit,
2804 2371 2862 2421 et
2911 2366 3022 2421 alia
3068 2364 3376 2434 miracula,
3412 2384 3536 2438 quas
3566 2372 3777 2438 operatus

2192 2464 2300 2526 est,
2333 2463 2390 2513 et
2420 2458 2714 2513 credimus
2742 2456 2946 2511 fecisse
2972 2461 3151 2510 Deum
3178 2472 3191 2510 ε
3218 2455 3300 2510 illi
3322 2473 3435 2512 nec
3456 2458 3624 2512 Deum
3645 2457 3778 2511 credi-

2192 2549 2425 2613 derunt,
2458 2563 2562 2601 nec
2594 2546 2801 2601 horum
2831 2544 3054 2615 aliquid
3109 2546 3483 2600 rememorati
3533 2551 3682 2601 sunt:
3705 2546 3773 2600 sed

2192 2637 2399 2691 timore
2444 2640 2581 2691 sunt
2639 2634 2947 2705 perterriti,
3001 2633 3294 2689 dicentes:
3351 2635 3699 2691 Revertamur
3734 2636 3772 2687 in

2192 2727 2520 2797 z’lﬂgyptum.
2559 2729 2706 2779 Deus
2730 2724 2909 2794 igitur
2932 2724 3113 2779 iratus
3134 2723 3238 2790 eis,
3268 2724 3410 2793 quia
3433 2724 3513 2779 sic
3538 2725 3636 2779 cito
3654 2722 3775 2778 obliti

2193 2814 2426 2868 fuerunt
2446 2813 2860 2868 beneﬁciorum
2885 2814 3004 2883 Dei,
3030 2812 3564 2883 miraculorumque
3587 2814 3778 2884 ejusju-

2191 2904 2336 2957 ravit
2351 2908 2413 2957 ut
2426 2920 2538 2957 non
2561 2905 2801 2957 intraret
2818 2902 3110 2973 generatio
3130 2901 3227 2955 illa
3241 2902 3298 2956 in
3314 2903 3570 2973 requiem
3585 2901 3777 2973 promis-

2191 3009 2317 3047 sam
2332 2992 2468 3047 olim
2490 2993 2786 3063 patribus;
2811 2995 2868 3047 et
2886 2991 2969 3045 sic
2993 3007 3195 3045 omnes
3215 2990 3515 3062 perierunt
3535 2992 3587 3045 in
3608 3006 3773 3049 eremo.

2190 3086 2399 3152 praeter
2415 3083 2562 3136 duos
2582 3081 2991 3135 tantummodo
3009 3079 3773 3150 homines(i\'um.xm,18-35;

2188 3187 2301 3236 x1v,
2330 3171 2513 3241 5-45).
2544 3172 2728 3236 Quare
2760 3184 2896 3240 ergo
2922 3168 3094 3223 David
3127 3168 3246 3222 haec
3273 3174 3478 3239 postea
3506 3169 3652 3233 dixit,
3681 3170 3777 3238 post

2188 3259 2622 3329 generationem
2642 3258 2875 3313 illorum
2894 3258 3167 3327 loquens:
3189 3277 3214 3308 ι
3232 3258 3665 3313 Hodiesivocem
3680 3256 3774 3323 ejus

2108 3338 2150 3404 C
2190 3347 2516 3413 audieritis,
2551 3363 2621 3401 ne
2652 3347 2955 3403 obduretis
3003 3346 3177 3401 corda
3205 3350 3421 3411 vestra,
3456 3368 3483 3395 »
3515 3362 3581 3401 ne
3607 3342 3774 3400 similia

2186 3435 2508 3506 patiamini,
2542 3434 2741 3505 qualia
2768 3434 3166 3506 progenitores
3196 3435 3395 3502 vestri,
3420 3452 3491 3491 ne
3520 3432 3769 3507 privemini

2186 3524 2383 3595 requie
2415 3524 2704 3595 promissa
2723 3524 2749 3577 ‘1
2778 3526 2921 3587 Quia
2950 3528 3037 3580 est
3058 3524 3325 3593 quaedam
3356 3525 3540 3595 (1398)
3568 3522 3767 3594 requies.

2186 3630 2320 3668 nam
2355 3614 2401 3668 si
2429 3615 2554 3682 jam
2589 3618 2930 3685 acceperant
2962 3613 3381 3684 requiem,quas
3414 3622 3537 3668 erat
3564 3615 3616 3668 in
3644 3610 3773 3666 Pala-

2186 3705 2357 3770 stina,
2388 3721 2563 3773 quare
2584 3704 2667 3759 eis
2689 3704 2901 3759 iterum
2925 3704 3063 3758 dicit
3086 3722 3096 3758 :
3122 3719 3192 3759 ne
3214 3704 3514 3760 obduretis
3534 3703 3685 3759 corda
3699 3717 3769 3754 ve-

2186 3798 2327 3863 stra,
2361 3793 2511 3848 sicut
2544 3798 2734 3864 patres
2760 3794 2979 3848 vestri?
3001 3795 3132 3857 Quae
3154 3809 3289 3864 ergo
3316 3798 3409 3848 est
3431 3793 3541 3848 alia
3567 3791 3768 3861 requies.

2186 3882 2297 3937 nisi
2334 3898 2573 3953 regnum
2605 3881 2903 3949 caelorum,
2953 3883 3122 3952 cujus
3172 3882 3364 3951 imago
3398 3888 3457 3937 et
3501 3882 3685 3937 umbra
3706 3882 3770 3933 est

2187 3972 2508 4027 Sabbatum
2530 3972 2556 4025 ?
2578 3972 2716 4026 Tres
2739 3971 2933 4040 itaque
2958 3971 3185 4040 requies
3203 3970 3516 4042 Apostolus
3538 3970 3769 4025 memorat

2184 4061 2243 4117 in
2270 4061 2377 4115 hac
2410 4060 2667 4131 Epistola
2695 4079 2706 4116 :
2762 4077 2939 4115 unam
2974 4059 3228 4129 Sabbati,
3276 4076 3391 4128 qua
3427 4059 3679 4115 Dominus
3702 4070 3764 4109 re-

2184 4151 2405 4221 quievit
2435 4151 2505 4204 ab
2538 4149 2811 4221 operibus
2842 4149 3007 4214 suis;
3054 4150 3371 4204 secundam
3404 4149 3461 4204 in
3496 4146 3763 4207 Palaestina,

2180 4238 2237 4293 in
2271 4256 2446 4310 quam
2478 4239 2727 4309 ingressi
2762 4238 3033 4292 lsraelitaa
3067 4238 3385 4308 requieturi
3418 4243 3661 4293 erantex
3686 4232 3763 4287 mi-

2181 4328 2332 4383 seria
2368 4327 2553 4382 multa
2598 4336 2652 4382 et
2709 4326 3047 4394 laboribus;
3096 4328 3350 4393 tertiam,
3406 4344 3534 4399 quae
3562 4341 3676 4380 vera
3700 4326 3764 4375 est

2179 4416 2547 4488 requies,hoc
2579 4421 2687 4481 est,
2722 4432 2962 4486 regnum
3010 4415 3309 4482 cmlorum,
3360 4417 3513 4488 quod
3543 4411 3764 4485 superius

2169 4508 2294 4577 jam
2330 4506 2605 4560 diximus.
2639 4506 2724 4559 Ad
2757 4522 2932 4576 quam
2983 4522 3131 4575 quos
3161 4506 3455 4576 pervenire
3485 4498 3763 4572 contigerit.

2178 4612 2377 4651 revera
2398 4596 2762 4666 requiescent
2782 4614 2814 4649 a
2840 4596 3137 4650 laboribus
3158 4600 3216 4649 et
3234 4594 3635 4649 afflictionibus
3652 4588 3762 4651 suis,

2174 4686 2243 4740 de
2266 4702 2383 4755 qua
2405 4684 2690 4756 Propheta
2712 4683 2971 4753 loquitur
2984 4685 3055 4739 ad
3073 4700 3234 4739 veros
3258 4680 3760 4745 lsraelitas,dicens:

2174 4774 2355 4828 Hodie
2369 4774 2418 4828 si
2434 4790 2631 4828 vocem
2647 4774 2775 4843 ejus
2787 4772 3090 4827 audieritis
3104 4789 3175 4827 ne
3190 4772 3490 4827 obduretis
3502 4768 3661 4825 corda
3672 4779 3761 4818 ves-

2174 4868 2281 4917 tra.
2315 4862 2646 4933 Aliquando
2676 4861 2828 4917 enim
2854 4862 3165 4917 audierunt
3188 4866 3381 4932 patres
3410 4860 3576 4915 vestri
3603 4867 3760 4911 vocem

2173 4951 2332 5007 illius
2362 4968 2465 5021 per
2497 4953 2754 5022 Moysen,
2787 4956 2841 5005 et
2872 4951 3141 5005 obdurati
3174 4955 3331 5005 sunt.
3366 4951 3508 5021 Ergo
3536 4954 3660 5001 tunc
3685 4955 3761 5013 per

2171 5057 2494 5112 praeconem
2517 5041 2746 5095 locutus
2763 5045 3009 5105 est,cum
3029 5039 3142 5093 Deo
3164 5040 3496 5095 obdurastis
3516 5035 3673 5090 corda
3688 5045 3758 5083 ve-

2174 5134 2311 5184 stra.
2339 5130 2441 5183 Per
2464 5146 2523 5184 se
2546 5146 2700 5183 nunc
2724 5129 2981 5198 loquitur
3004 5146 3015 5183 :
3048 5127 3392 5183 Mollescant
3411 5126 3575 5182 corda
3592 5125 3759 5177 vestra.

2172 5217 2278 5282 Qui
2310 5234 2602 5287 praecones
2633 5223 2767 5273 ante
2815 5218 3101 5281 mittebat,
3151 5217 3277 5287 ipse
3318 5217 3505 5272 venire
3532 5212 3758 5284 dignatus

2172 5312 2258 5348 psi.
2313 5306 2421 5348 nm
2454 5322 2558 5348 ann
2609 5307 2700 5348 hin
2753 5308 3006 5348 Innniinr
3081 5306 3176 5348 nni
3217 5306 3552 5348 Innnnhntnr
3574 5318 3662 5346 nor
3684 5309 3758 5346 ora

2121 592 2176 655 A

2120 1972 2168 2036 Β
