3976 5348
118 282 232 341 749

684 283 1100 344 EXPOSITIO
1146 282 1221 343 IN
1272 281 1694 343 EPISTULAS
1741 283 1998 344 PAULI.
2034 315 2109 326 —
2142 283 2216 341 IN
2264 282 2512 344 EPIST.
2560 286 2663 345 AD
2709 285 2942 345 HEBR.

3405 289 3526 349 750

118 410 332 466 Volens
361 411 557 482 itaque
585 426 685 468 eos
714 413 786 468 de
812 413 1237 469 resurrectione
1269 413 1579 475 instruere,
1610 418 1666 468 et
1695 414 1765 468 de
1797 423 1843 485 Α
1879 413 2505 484 num,quemjudicem
2531 415 2786 471 habituri
2806 415 3380 474 sumus.Timeamus
3396 420 3526 490 ejus

118 500 313 570 requie
372 502 748 571 sempiterna,
774 525 801 549 ‹‹
861 502 1099 567 hodie,»
1138 503 1459 571 szepissime
1510 502 1767 572 interpo-

116 589 254 653 suit,
288 593 355 643 ut
386 606 690 659 nunquam
733 592 1111 662 desperarent
1139 608 1201 645 se
1232 592 1574 653 intraturos,
1599 593 1769 662 quasi

117 678 333 733 diceret
365 696 381 731 :
414 678 469 733 Si
505 680 820 749 quisquam
856 679 1175 750 peccaverit
1207 695 1514 751 usquequo
1546 684 1633 734 est
1667 679 1766 732 ho-

116 766 230 834 die,
260 783 426 838 spem
459 766 671 822 habeat
716 767 1061 824 revertendi.
1094 768 1305 824 Nullus
1345 768 1527 840 igitur
1556 769 1766 839 despe-

116 858 220 921 ret,
256 871 564 927 usquequo
592 856 770 911 vivat.

182 942 465 1013 Sequitur
493 960 541 997 ;‹‹
576 944 944 1001 Festinemus
975 961 1110 1017 ergo
1145 945 1368 1016 ingredi
1400 945 1457 1001 in
1487 945 1647 1001 illam
1680 962 1769 1001 re-

115 1032 337 1103 quiem,
361 1038 427 1087 ut
458 1049 528 1087 ne
560 1033 617 1087 in
652 1034 907 1104 idipsum
932 1034 1065 1105 quis
1096 1035 1316 1089 incidat
1340 1034 1768 1089 incredulitatis

113 1121 729 1193 exemplum.»Magna
746 1123 984 1192 quidem
1010 1139 1100 1177 res
1124 1128 1212 1176 est
1236 1124 1377 1177 fides
1398 1129 1455 1178 et
1471 1123 1764 1178 salutaris.

110 1209 249 1263 Sine
282 1208 389 1264 hac
420 1225 532 1264 non
566 1216 655 1264 est
683 1210 891 1265 salvari
939 1211 1219 1282 possibile
1272 1212 1470 1282 alicui,
1502 1212 1655 1267 sicut
1684 1211 1768 1264 di-

112 1304 275 1353 ctum
307 1304 397 1353 est
424 1314 435 1353 :
459 1300 599 1371 quia
621 1322 649 1349 «
683 1301 810 1355 sine
850 1299 963 1355 fide
1010 1300 1377 1370 impossibile
1424 1306 1512 1355 est
1542 1300 1767 1371 placere

110 1388 225 1442 Deo
268 1388 455 1457 (Hebr.
492 1404 571 1451 x1,
611 1388 722 1455 6).»
759 1387 1008 1443 Proinde
1036 1389 1212 1444 etiam
1247 1388 1459 1443 Paulus
1492 1390 1768 1443 admonet

110 1492 203 1531 eos
233 1476 337 1546 qui
360 1476 417 1530 in
440 1476 839 1547 dignationem
867 1478 1278 1547 mysteriorum
1300 1477 1522 1549 suscipi
1545 1493 1767 1533 merue-

111 1565 476 1634 runt(1405),
499 1564 699 1618 dicens
725 1581 770 1618 ια
800 1565 1167 1620 Ροθίὶηθωυε
1198 1566 1420 1637 ingredi
1457 1566 1515 1619 in
1545 1565 1758 1620 illam.-

115 1652 506 1718 Festinemus,
531 1651 742 1722 inquit,
769 1654 1047 1723 quoniam
1071 1670 1187 1707 non
1215 1653 1432 1708 sufﬁcit
1459 1654 1634 1719 fides;
1663 1656 1763 1708 sed

115 1742 287 1795 debet
308 1741 445 1796 addi
467 1740 656 1796 etvita
677 1741 810 1795 fidei
828 1742 1201 1813 condigna,et
1222 1742 1473 1797 multum
1498 1742 1762 1797 studium

114 1830 290 1885 debet
330 1829 617 1899 adhiberi,
652 1847 721 1884 ne
754 1830 897 1885 fides
928 1829 1005 1885 sit
1036 1831 1246 1886 otiosa.
1271 1831 1330 1885 Si
1362 1831 1520 1886 enim
1552 1836 1766 1886 terram

115 1920 335 1974 intrare
354 1917 441 1973 illi
464 1935 574 1973 non
602 1918 1072 1990 meruerunt,qui
1096 1920 1362 1974 fornicati
1384 1926 1523 1975 sunt
1540 1924 1595 1974 et
1616 1936 1771 1975 mur-

116 2011 499 2063 muraverunt
530 2013 733 2062 contra
753 2007 960 2075 Deum,
976 2009 1269 2078 quomodo
1293 2025 1397 2063 nos
1419 2008 1628 2064 ccelum
1654 2025 1770 2063 me-

114 2097 381 2152 rebimur
423 2096 664 2162 intrare,
694 2097 1097 2151 indifferenter
1124 2097 1402 2161 viventes,
1428 2098 1580 2152 sicut
1631 2114 1768 2169 gen-

116 2184 238 2240 tes?
256 2185 423 2256 Opus
443 2189 533 2239 est
554 2183 767 2255 quippe
789 2184 946 2239 omni
970 2184 1185 2240 volenti
1209 2184 1418 2241 cmlum
1447 2186 1765 2258 possidere,

117 2274 294 2329 fidem
325 2273 600 2344 operibus
621 2273 793 2328 bonis
823 2289 1048 2328 ornare.
1072 2274 1188 2329 Nec
1213 2275 1318 2329 hoc
1346 2269 1536 2330 solum
1567 2275 1766 2330 damni

118 2363 295 2418 habet
324 2362 477 2417 male
504 2362 898 2433 viveue,quod
930 2379 1046 2418 non
1078 2364 1257 2418 intrat
1284 2364 1342 2417 in
1375 2381 1616 2434 regnum
1649 2365 1765 2429 Dei,

115 2468 319 2506 verum
350 2451 549 2516 etiam,
574 2452 727 2522 quod
756 2452 997 2521 majoris
1028 2459 1117 2507 est
1149 2453 1409 2517 terroris,
1433 2470 1613 2524 poma:
1640 2470 1766 2524 per-

117 2545 304 2610 petuas
334 2540 720 2611 mancipatur.
748 2541 879 2595 Ideo
902 2541 1129 2596 addidit
1153 2558 1202 2595 ;‹‹
1233 2542 1304 2596 Ut
1326 2558 1396 2597 ne
1424 2542 1482 2595 in
1506 2542 1765 2613 idipsum

116 2628 252 2699 quis
284 2628 504 2683 incidat
534 2627 960 2682 incredulitatis
990 2630 1344 2700 exemplum.
1370 2652 1396 2679 ››
1434 2631 1645 2684 Eorum
1676 2632 1763 2684 in-

114 2717 315 2784 teritu,
341 2717 441 2787 qui
489 2717 787 2786 perierunt
817 2716 876 2770 in
906 2716 1159 2781 deserto,
1187 2719 1394 2772 terruit
1440 2719 1765 2784 audientes,

113 2821 187 2861 ne
218 2807 283 2860 in
316 2806 550 2860 illorum
584 2804 1248 2873 inciderentjudicium,
1273 2807 1441 2876 quasi
1473 2807 1719 2861 dixisset
1750 2824 1762 2860 :

110 2893 489 2949 Sufﬁcienter
508 2908 577 2946 ex
602 2891 940 2962 parentibus
960 2893 1177 2947 nostris
1198 2893 1496 2960 docemur,
1523 2911 1594 2949 ne
1625 2895 1673 2949 si
1705 2894 1764 2949 in

108 2981 341 3036 similia
369 2980 721 3047 incidamus,
744 2981 946 3035 eadem
988 2981 1302 3051 patiamur,
1327 2998 1453 3052 quae
1493 2982 1575 3035 illi
1609 2982 1766 3053 passi

106 3074 285 3136 sunt;
320 3070 430 3125 hoc
459 3075 548 3124 est
578 3070 634 3123 in
668 3068 925 3140 idipsum
958 3069 1285 3141 exemplum
1318 3070 1697 3126 infidelitatis.

1796 1790 1846 1854 B

1882 503 2280 572 prmsentiam,
2314 506 2484 573 cuius
2533 505 2836 559 scientiam
2889 505 3226 561 nullatenus
3274 509 3527 580 effugere

1880 592 2159 645 valemus.
2189 592 2348 646 Unde
2379 597 2434 646 et
2464 594 2689 647 addidit
2723 611 2733 648 :
2761 617 2787 643 «
2826 596 2893 649 Et
2929 601 3018 650 est
3055 597 3341 650 discretor
3371 598 3527 669 cogi-

1881 681 2171 734 tationum
2204 686 2255 734 et
2291 680 2684 736 intentionum
2716 684 2929 738 cordis.
2959 705 2987 733 ››
3026 684 3342 757 Distinguit
3370 686 3529 741 enim

1882 768 1981 821 Dei
2032 785 2223 823 sermo
2257 785 2571 841 compages
2619 776 2675 825 et
2724 771 3033 839 medullas,
3067 774 3206 844 quia
3250 774 3533 831 discernit

1878 858 2263 928 cogitationes
2316 861 2372 912 et
2419 857 2775 914 intentiones
2823 861 3035 915 cordis.
3064 866 3172 916 Per
3218 879 3530 935 compages

1879 947 2096 1018 quippe
2127 946 2364 1001 ossibus
2413 962 2550 1001 ossa
2589 948 2948 1019 junguntur.
2982 949 3049 1002 Et
3078 965 3229 1021 saepe
3259 952 3527 1023 quaedam

1878 1036 2019 1090 dum
2080 1041 2234 1089 recta
2284 1035 2633 1105 cogitatione
2690 1036 2942 1107 agimus,
2970 1037 3163 1092 subito
3219 1038 3279 1094 in
3333 1038 3526 1095 laudis

1878 1140 2136 1178 amorem
2165 1124 2553 1193 declinamus,
2578 1129 2752 1195 atque
2779 1125 2887 1179 hoc
2916 1141 3018 1195 pro
3050 1125 3222 1180 laude
3252 1127 3523 1195 facimus,

1878 1213 2032 1283 quod
2066 1213 2227 1282 prius
2258 1214 2446 1268 facere
2479 1230 2581 1284 pro
2610 1213 2850 1268 veritate
2876 1230 3259 1285 cmperamus.
3287 1215 3357 1269 Et
3388 1215 3528 1286 quia

1876 1302 2261 1372 cogitationes
2280 1302 2735 1373 cogitationibus
2751 1303 3175 1373 adjunguntur,
3191 1303 3359 1374 quasi
3378 1320 3530 1374 qua-

1877 1390 2012 1444 dam
2060 1390 2118 1444 in
2164 1390 2369 1462 spiritu
2404 1407 2716 1461 compages
2749 1392 2917 1445 fiunt.
2946 1392 3055 1446 Sed
3102 1391 3324 1447 habent
3367 1408 3524 1460 ossa,

1878 1495 2005 1549 quae
2038 1478 2095 1533 in
2120 1495 2400 1550 compage
2418 1481 2626 1549 juncta
2647 1484 2808 1543 sunt,
2830 1479 3005 1535 etiam
3029 1479 3339 1536 medullas.
3363 1480 3527 1543 Quod

1875 1568 2218 1639 praedicator
2246 1571 2484 1623 sanctus
2504 1567 2763 1636 apertius
2789 1566 3010 1637 intulit,
3035 1584 3169 1625 cum
3190 1568 3525 1641 subjungit:

1876 1678 1903 1705 ‹‹
1934 1656 2003 1710 Et
2031 1661 2122 1711 est
2151 1657 2434 1711 discretor
2460 1656 2876 1727 cogitationum
2901 1661 2957 1711 et
2985 1656 3377 1713 intentionum
3409 1673 3529 1713 cor-

1875 1742 1989 1798 dis.
2017 1765 2043 1792 »
2081 1744 2403 1814 Compages
2454 1743 2609 1797 enim
2664 1748 2875 1797 nostra:
2922 1743 3303 1815 cogitationes
3350 1749 3525 1814 sunt;

1880 1831 2149 1887 medullae
2180 1837 2396 1897 autem,
2430 1832 2799 1887 intentiones.
2833 1833 2901 1886 Et
2940 1848 3089 1903 saepe
3120 1832 3276 1888 aliud
3308 1833 3526 1905 cogita-

1880 1938 2034 1985 mus,
2058 1926 2234 1991 atque
2265 1920 2424 1975 aliud
2456 1925 2545 1975 est
2574 1921 2729 1991 quod
2764 1936 2865 1990 per
2890 1921 3302 1991 cogitationem
3332 1922 3521 1976 inten-

1879 2010 2095 2065 dimus.
2130 2011 2273 2064 Nam
2308 2010 2356 2065 si
2391 2009 2525 2080 quis
2555 2026 2659 2080 pro
2693 2025 3004 2063 munerum
3037 2010 3293 2080 premis,
3318 2010 3524 2082 pupilli

1876 2098 1964 2152 vel
1996 2100 2179 2153 viduae
2212 2115 2451 2153 causam
2499 2098 2794 2166 defendat,
2819 2102 2877 2152 et
2919 2098 3163 2154 fortasse
3207 2098 3523 2154 Ecclesiam

1877 2187 2233 2257 ingrediens,
2265 2186 2323 2240 in
2357 2186 2483 2241 suis
2532 2185 2802 2257 precibus
2840 2190 2955 2241 Deo
2988 2186 3143 2241 dicat
3174 2203 3187 2241 :
3223 2187 3308 2241 Tu
3340 2186 3523 2256 vides,

1878 2276 2018 2346 quia
2046 2293 2285 2331 causam
2319 2273 2527 2346 pupilli
2558 2280 2615 2329 et
2656 2275 2841 2329 viduae
2874 2275 3152 2341 defendo;
3182 2274 3294 2331 iste
3324 2276 3526 2347 procul

1878 2364 2053 2419 dubio
2085 2365 2237 2434 quod
2273 2363 2511 2435 cogitat,
2546 2362 2675 2429 scit,
2709 2363 2810 2417 sed
2843 2380 2957 2433 quo
2989 2362 3254 2419 intendat
3281 2365 3409 2437 ejus
3441 2380 3531 2420 co-

1877 2451 2104 2521 gitatio,
2138 2452 2389 2524 ignorat.
2414 2450 2584 2505 Aliud
2618 2451 2837 2523 quippe
2878 2451 3114 2523 cogitat,
3147 2468 3321 2524 atque
3368 2452 3527 2508 aliud

1876 2541 2149 2595 intendit.
2187 2540 2310 2595 Non
2343 2540 2499 2595 enim
2533 2540 2929 2595 defensionem
2962 2540 3169 2611 pupilli
3202 2540 3290 2596 vel
3319 2542 3526 2612 vidua),

1877 2630 1976 2683 sed
2014 2630 2339 2682 mercedem
2375 2644 2753 2683 nummorum
2780 2629 3006 2700 quaerit.
3030 2628 3178 2683 Nam
3210 2628 3347 2685 tolle
3379 2636 3526 2685 tem-

1878 2716 2074 2787 porale
2107 2717 2437 2787 praemium,
2464 2722 2519 2771 et
2548 2715 2839 2787 pupillum
2888 2734 2954 2772 ac
3000 2718 3236 2773 viduam
3277 2733 3393 2773 non
3425 2719 3523 2774 de-

1876 2806 2090 2860 fendet.
2118 2812 2318 2859 Sermo
2366 2804 2565 2876 itaque
2605 2805 2706 2860 Dei
2754 2805 3037 2862 discretor
3084 2813 3175 2863 est
3221 2808 3521 2880 cogitatio-

1876 2910 2017 2947 num
2050 2898 2107 2948 et
2136 2892 2527 2947 intentionum
2561 2894 2781 2961 cordis;
2813 2894 2952 2965 quia
2981 2912 3095 2950 non
3126 2896 3337 2967 aspicit
3366 2899 3521 2969 quod

1876 2982 2029 3053 apud
2063 2982 2443 3053 semetipsum
2474 2981 2705 3052 cogitat,
2740 2983 2841 3036 sed
2879 2999 2983 3052 per
3016 2984 3335 3040 medullam
3362 3002 3522 3041 com-

1875 3070 2063 3143 pagis,
2097 3070 2155 3125 id
2196 3075 2304 3135 est,
2337 3085 2440 3140 per
2484 3068 2869 3123 intentionem
2918 3066 3286 3142 cogitationis
3332 3079 3522 3130 totum

179 3157 410 3213 Deinde
444 3164 509 3212 ut
535 3158 816 3227 majorem
842 3158 1223 3227 peccantibus
1251 3158 1537 3215 incuteret
1567 3160 1764 3214 formi-
1795 3151 1837 3218 C
1879 3163 2147 3231 penetrat
2199 3157 2518 3213 hominem.
2549 3156 2663 3212 Nec
2711 3159 2927 3213 mirum
2976 3159 3025 3214 si
3075 3163 3231 3215 totus
3279 3163 3520 3234 ubique,

108 3249 337 3316 dinem,
372 3246 680 3317 subjungit
713 3263 781 3303 ;‹‹
812 3246 983 3301 Vivus
1012 3251 1102 3302 est
1143 3248 1299 3302 enim
1332 3249 1431 3303 Dei
1463 3266 1677 3315 sermo,
1708 3256 1766 3305 et

109 3340 343 3401 efficax,
373 3340 430 3390 et
461 3333 874 3406 penetrabilior
904 3335 1062 3390 omni
1093 3335 1286 3407 gladio
1316 3337 1576 3409 ancipiti.
1602 3360 1629 3388 »
1661 3340 1765 3394 Hic

111 3428 482 3482 demonstrat
512 3423 792 3495 quoniam
817 3428 874 3478 et
901 3423 1002 3478 illa
1031 3424 1185 3479 idem
1218 3426 1345 3497 ipse
1374 3433 1647 3497 operatus
1676 3433 1768 3483 est

114 3523 171 3572 et
185 3515 411 3581 vivit,et
431 3530 546 3570 non
565 3513 974 3584 exstinctus,et
993 3514 1251 3569 ostendit
1272 3516 1545 3571 eumdem
1570 3518 1763 3587 ipsum

117 3622 221 3660 nos
244 3604 461 3659 habere
477 3602 866 3673 judicem,qui
891 3601 1023 3656 illos
1045 3609 1280 3673 propter
1297 3604 1764 3661 incredulitatem

116 3710 322 3750 eorum
345 3690 824 3747 damnavit.Dixit
843 3690 999 3745 enim
1019 3706 1072 3744 :a
1087 3690 1264 3746 Vivus
1283 3698 1371 3747 est
1391 3708 1582 3748 sermo
1605 3694 1766 3749 Dei.»

119 3789 320 3838 Sermo
361 3781 482 3847 Dei,
508 3779 690 3834 Filius
720 3783 810 3834 est
840 3778 960 3847 Dei,
985 3778 1086 3850 qui
1117 3779 1187 3833 de
1225 3797 1287 3835 se
1329 3780 1457 3851 ipso
1488 3781 1569 3836 ait
1601 3798 1613 3836 :
1644 3805 1671 3831 «
1707 3782 1767 3837 Si

123 3873 251 3945 quis
273 3885 607 3927 sermonem
632 3884 829 3923 meum
851 3867 1184 3934 servaverit,
1210 3875 1455 3925 mortem
1478 3887 1596 3926 nou
1616 3872 1769 3929 vide-

122 3964 206 4016 bit
234 3963 296 4016 in
327 3964 613 4014 internum
637 3959 815 4029 (Joan.
838 3974 965 4025 VIII,
989 3956 1099 4027 31).
1129 3978 1156 4007 ››
1181 3957 1346 4012 Sicut
1373 3957 1478 4023 illi,
1502 3959 1549 4014 si
1582 3976 1770 4018 serva-

124 4056 245 4106 rent
275 4063 611 4105 sermonem
642 4046 765 4112 Dei,
790 4045 1066 4113 viverent,
1090 4050 1423 4118 terramque
1454 4050 1767 4120 repromis-

122 4139 302 4195 sionis
333 4138 642 4204 intrarent,
666 4134 751 4189 sic
772 4137 828 4187 et
857 4150 985 4201 nos,
1019 4133 1067 4188 si
1098 4134 1523 4192 servaverimus
1556 4155 1772 4195 sermo-

124 4243 252 4282 nem
283 4226 437 4296 ejus,
460 4222 746 4290 vivemus,
782 4220 1163 4290 requiemque
1197 4220 1493 4277 caalestem
1525 4223 1768 4280 intrabi-

122 4333 271 4371 mus.
300 4337 327 4367 ¢
346 4313 526 4367 Vivus
558 4316 649 4366 est
678 4309 832 4364 enim
858 4308 959 4363 Dei
983 4323 1174 4363 sermo
1197 4314 1254 4364 et
1274 4311 1497 4381 efﬁcax,
1520 4317 1574 4366 et
1601 4328 1772 4383 pene-

124 4404 393 4460 trabilior
415 4400 574 4457 omni
597 4398 791 4471 gladio
813 4396 1074 4467 ancipiti.
1097 4421 1117 4446 υ
1139 4397 1385 4453 Gladius
1401 4400 1556 4454 enim
1580 4406 1775 4471 potest

1873 3254 2054 3303 totam
2089 3263 2257 3302 suam
2291 3245 2556 3318 agnoscit
2603 3250 2955 3317 creaturam,
2988 3247 3106 3303 sive
3134 3248 3520 3321 spiritualem,

1876 3336 1993 3391 sive
2024 3335 2414 3407 corporalem;
2447 3336 2587 3405 quia
2616 3334 2762 3389 nihil
2802 3337 2959 3407 quod
2990 3336 3209 3393 factum
3258 3345 3369 3408 est,
3395 3340 3523 3396 sine

1875 3441 1941 3480 eo
1973 3426 2192 3479 factum
2224 3429 2312 3479 est
2345 3426 2520 3494 (Joan.
2554 3441 2592 3491 ι,
2624 3425 2699 3495 3).

1946 3514 2078 3569 Ideo
2108 3513 2335 3569 addidit
2366 3529 2413 3567 ;‹‹
2432 3513 2546 3567 Nec
2575 3518 2665 3568 est
2687 3512 2803 3568 ulla
2824 3518 3090 3571 creatura
3119 3516 3431 3575 invisibilis
3461 3520 3520 3575 in

1876 3607 2188 3674 conspectu
2221 3602 2408 3672 ejus.»
2438 3602 2582 3657 Hinc
2611 3618 2710 3657 eos
2740 3602 2994 3658 maxime
3022 3606 3249 3673 terruit,
3274 3623 3346 3663 ne
3375 3608 3521 3665 forte

1876 3690 2088 3757 adhuc,
2116 3690 2326 3761 inquit,
2354 3690 2411 3743 in
2442 3691 2554 3745 fide
2584 3694 2827 3759 stantes,
2849 3708 2966 3747 non
3000 3709 3131 3749 cum
3168 3695 3396 3767 integra
3424 3714 3518 3754 sa-

1875 3778 2207 3835 tisfactione
2252 3778 2595 3848 perficerent
2623 3779 2757 3833 fidei
2794 3796 2997 3850 opera:
3044 3783 3183 3852 quia
3213 3784 3356 3857 ipse,
3390 3804 3517 3859 quae

1877 3869 1936 3922 in
1965 3867 2140 3921 corde
2181 3871 2339 3931 sunt,
2364 3865 2642 3920 discernit
2669 3883 2682 3921 :
2715 3866 2796 3921 ibi
2826 3869 3139 3937 examinat,
3173 3873 3274 3927 ubi
3323 3876 3517 3933 consi-

1879 3956 2066 4019 derat,
2097 3953 2346 4008 reddens
2376 3953 2692 4025 unicuique
2730 3956 3053 4011 secundum
3088 3975 3263 4029 opera
3290 3978 3415 4018 sua.

1955 4064 1978 4094 ι
2015 4041 2224 4097 Omnia
2252 4046 2449 4097 autem
2476 4042 2633 4096 nuda
2662 4048 2719 4097 et
2738 4048 2938 4115 aperta
2958 4051 3098 4101 sunt
3126 4048 3310 4105 oculis
3340 4053 3527 4122 ejus.»

1880 4134 2042 4204 Saape
2071 4131 2132 4185 in
2162 4130 2429 4186 exteriori
2461 4147 2633 4202 opere
2655 4137 2789 4187 ante
2817 4134 3018 4189 oculos
3040 4134 3344 4194 hominum
3369 4141 3532 4199 inor-

1881 4222 2070 4276 dinati
2102 4236 2382 4292 apparere
2429 4221 2776 4291 metuimus;
2812 4228 2870 4277 et
2914 4222 2974 4276 in
3019 4224 3280 4281 interiori
3311 4231 3531 4303 cogita-
3588 4274 3595 4281 .

1881 4310 2062 4375 tione,
2087 4308 2250 4364 illius
2281 4313 2609 4379 respectum
2635 4326 2749 4364 non
2778 4311 3121 4380 metuimus,
3145 4331 3319 4385 quem
3342 4318 3534 4375 viden-

1882 4405 1998 4455 tem
2028 4400 2230 4452 omnia
2261 4414 2374 4451 non
2408 4398 2696 4453 videmus.
2721 4399 2900 4455 Multo
2923 4401 3079 4457 enim
3112 4405 3300 4476 magis
3332 4406 3536 4464 intrin-

128 4494 388 4549 membra
419 4489 676 4546 dividere
706 4503 740 4542 a
770 4501 1035 4557 corpore,
1059 4489 1117 4540 et
1142 4492 1446 4557 penetrare
1466 4496 1688 4546 secreta
1716 4494 1776 4546 et
1806 4519 1852 4583 Β
1886 4502 2056 4543 secus
2086 4485 2225 4552 Deo,
2249 4500 2430 4555 quam
2469 4485 2829 4541 extrinsecus
2862 4488 3202 4547 hominibus
3233 4496 3533 4567 conspica-

128 4579 467 4638 abscondita
503 4578 726 4644 carnis;
760 4576 861 4632 sed
912 4591 979 4630 eo
1029 4574 1213 4630 multo
1246 4577 1661 4646 penetrabilior
1687 4584 1777 4634 est

130 4687 314 4726 sermo
339 4670 460 4735 Dei,
478 4691 503 4717 «
529 4666 872 4739 pertingens
894 4680 1082 4735 usque
1105 4665 1175 4719 ad
1198 4664 1543 4721 divisionem
1568 4667 1774 4722 animae

131 4776 191 4814 ac
212 4760 480 4831 spiritus,
498 4770 990 4827 compagumque,
1005 4759 1060 4809 et
1081 4751 1496 4811 medullarum.
1517 4777 1544 4803 »
1567 4756 1778 4811 Anima

132 4846 615 4918 vivimus,spiritu
638 4843 1167 4915 intelligimus,vita
1185 4842 1355 4896 nobis
1372 4843 1622 4901 carnalis
1640 4862 1774 4901 cum

134 4938 328 4993 bestiis
358 4935 692 4992 communis
715 4937 835 4998 est;
870 4932 1013 4986 ratio
1044 4931 1326 5004 spiritalis
1361 4949 1496 4988 cum
1528 4933 1771 5007 angelis.

132 5027 264 5083 Tam
294 5027 500 5082 efficax
524 5029 614 5079 est
635 5022 925 5095 judicium
951 5020 1072 5088 Dei,
1100 5027 1162 5075 ut
1194 5020 1490 5077 discernat
1519 5024 1777 5078 carnalia

134 5121 359 5184 peccata
389 5120 446 5169 et
476 5113 783 5183 spiritalia,
811 5108 944 5179 quis
974 5125 1088 5181 quo
1121 5113 1258 5181 agat
1287 5110 1507 5180 animo,
1540 5114 1628 5168 vel
1661 5128 1775 5183 quo

136 5203 413 5258 desiderio
435 5202 645 5257 serviat
666 5204 723 5257 in
748 5198 917 5254 corde
941 5214 954 5251 :
981 5205 1101 5256 tam
1132 5200 1517 5270 penetrabilis
1538 5208 1628 5257 est
1650 5204 1778 5272 ejus

134 5291 468 5348 intuitus.ut
481 5290 673 5346 omnia
690 5292 1045 5348 nostra,quae
1066 5287 1306 5348 agimus
1318 5287 1406 5342 vel
1428 5290 1779 5348 cogitamus.

1887 4574 2035 4631 biles
2065 4590 2294 4629 sumus.
2329 4573 2490 4629 Unde
2519 4575 2705 4628 sancti
2738 4591 2942 4632 omnes
2971 4574 3224 4651 foris'se,
3258 4582 3537 4657 intusque

1888 4662 2474 4733 circumspiciunt,et
2500 4660 2590 4717 vel
2640 4663 3114 4732 reprehendendo
3152 4684 3216 4723 se
3257 4675 3535 4743 exterius,

1886 4754 1974 4809 vel
2006 4755 2065 4808 in
2097 4768 2213 4822 quo
2236 4769 2298 4807 se
2330 4752 2578 4807 interius
2608 4750 2788 4805 videri
2820 4751 3187 4809 invisibiliter
3214 4757 3443 4817 timent.
3469 4762 3543 4817 Et

1889 4843 2044 4915 quod
2077 4840 2330 4895 dicimus
2367 4840 2437 4894 de
2480 4839 2843 4906 hominibus,
2876 4858 2942 4897 ac
2989 4844 3037 4897 si
3087 4845 3327 4913 angelos
3359 4850 3545 4914 dicas,

1888 4949 1953 4987 ac
1985 4933 2034 4988 si
2068 4928 2453 5001 archangelos
2485 4932 2670 4998 dicas,
2697 4945 2762 4983 ac
2791 4928 2839 4982 si
2872 4930 3188 4995 Cherubin,
3214 4949 3281 4989 ac
3313 4937 3362 4992 si
3387 4943 3552 4996 Sera-

1890 5020 2075 5092 phim,
2110 5019 2314 5089 sicque
2358 5017 2537 5076 aliam
2598 5014 2928 5088 quamlibet
2976 5024 3323 5094 creaturam,
3356 5028 3558 5084 omnia

1889 5112 2146 5167 revelata
2196 5111 2337 5163 sunt
2384 5110 2578 5165 oculis
2630 5105 2809 5169 illius,
2832 5108 3034 5163 omnia
3083 5112 3223 5162 sunt
3273 5122 3475 5185 aperta
3502 5119 3561 5171 et

1892 5200 2226 5261 manifesta,
2249 5210 2355 5249 nec
2377 5203 2469 5252 est
2499 5195 2658 5270 quod
2681 5208 2815 5248 eum
2847 5197 3039 5264 possit
3069 5194 3275 5255 latere.
3304 5223 3331 5252 ι(
3350 5204 3564 5261 omnia,

1892 5289 2069 5348 nuda,
2105 5288 2162 5340 et
2213 5287 2413 5348 aperta
2444 5284 2638 5341 oculis
2669 5282 2798 5348 ejus
2846 5290 3011 5348 sunt.
3045 5283 3116 5340 ad
3167 5299 3345 5348 quem
3395 5292 3566 5348 nobis
