3976 5348
528 370 628 427 751

1548 368 1883 425 ΛΊἽῸΝΙΒ
1932 365 2131 423 VERO

2256 368 2509 426 LENSIS
2562 368 2910 429 EPISCOPI
3753 381 3836 439 752

596 522 623 551 ‹‹
655 501 941 555 Habentes
980 518 1084 571 ego
1136 501 1465 572 pontificem
1523 518 1637 551 mar.
1662 516 1821 567 num,
1858 499 1953 567 qui
1993 516 2159 567 [iene-
2192 504 2237 565 Α
2277 516 2527 567 agnosce
2561 507 2613 553 et
2649 506 2705 553 tu
2745 502 3019 556 similem.
3054 503 3176 557 Non
3212 504 3343 557 inde
3373 504 3709 569 dissimilem,
3732 510 3838 563 unde

520 590 695 643 travit
725 590 919 655 crelos,
951 591 1153 644 Jesum
1188 588 1397 642 Filium
1434 588 1549 641 Dei.
1578 610 1603 633 ››
1630 586 1803 640 Paulo
1836 588 1989 640 enim
2034 592 2165 640 ante

520 680 591 732 de
624 679 924 733 divinitate
964 679 1090 747 ejus
1136 677 1451 742 disserens,
1476 677 1558 731 ait
1581 692 1629 731 ει(
1665 676 1873 730 Omnia
1906 676 2080 741 nuda,
2111 680 2166 728 et

520 772 720 837 aperta
765 772 906 821 sunt
955 766 1139 821 oculis
1186 768 1313 835 ejus
1349 782 1360 819 :
1395 789 1420 813 ››
1454 782 1607 819 nunc
1657 770 1871 831 autem,
1906 764 2044 834 quia
2093 764 2163 817 de

519 872 691 911 carne
736 856 1017 926 loquitur,
1052 856 1121 910 de
1176 855 1447 926 pontiﬁce
1496 854 1759 924 disputat
1807 852 1987 920 illius,
2023 852 2163 923 quia

517 944 898 1015 semetipsum
934 944 1210 999 offerebat
1241 948 1449 998 nostra:
1477 959 1653 997 causa
1686 941 1910 1007 salutis,
1937 948 1991 996 et
2022 958 2158 1011 quo-

516 1033 689 1088 modo
717 1033 903 1104 primo
937 1034 1197 1087 omnium
1232 1033 1510 1087 intrasset
1542 1032 1598 1084 in
1631 1031 1949 1101 requiem.«
1976 1031 2156 1085 Habe-

516 1137 669 1190 mus,
711 1121 921 1193 inquit,
970 1123 1302 1193 pontiﬁcem
1354 1137 1654 1192 magnum,
1690 1120 1789 1190 qui
1840 1120 2159 1190 penetravit

515 1209 710 1264 cmlos.
740 1232 766 1258 ››
801 1211 948 1281 Ergo
983 1211 1209 1282 Moyses
1249 1212 1455 1265 ductor
1499 1208 1719 1279 populi,
1744 1209 1833 1262 cui
1871 1208 2159 1279 promissa

514 1303 603 1351 est
651 1298 878 1368 requies
924 1299 1279 1365 transitoria,
1323 1316 1436 1353 non
1490 1298 1727 1353 intravit
1770 1297 1828 1351 in
1874 1297 2157 1367 requiem,

516 1404 690 1457 quam
724 1388 936 1457 saepius
966 1388 1180 1459 populo
1210 1388 1497 1459 promisit.
1530 1389 1641 1441 Iste
1674 1403 1804 1440 vero
1838 1390 2034 1439 noster
2064 1403 2159 1439 sa-

514 1477 717 1531 cerdos
744 1477 1001 1531 melioris
1025 1478 1431 1548 promissionis
1455 1492 1721 1545 sponsor,
1744 1476 1892 1529 viam
1919 1475 2155 1539 faciens,

511 1565 885 1619 credentibus
916 1566 973 1620 in
1008 1584 1090 1634 se,
1120 1567 1348 1637 primus
1399 1565 1632 1618 intravit
1671 1565 1727 1617 in
1764 1564 2021 1635 requiem
2058 1580 2157 1633 po-

512 1654 647 1723 pulo
667 1654 777 1709 sibi
796 1656 1014 1709 credito
1038 1655 1411 1725 promissam.
1433 1654 1698 1708 Ostendit
1719 1670 1851 1707 eum
1877 1669 2156 1723 magnum

509 1744 893 1807 sacerdotem,
921 1744 1059 1814 quia
1080 1743 1500 1814 sempiternum
1533 1743 1708 1797 habet
1740 1743 2152 1808 sacerdotium,

510 1846 743 1902 semper
762 1830 958 1886 vivens
975 1832 1045 1886 ad
1071 1831 1558 1902 interpellandum
1578 1848 1679 1902 pro
1699 1830 1886 1884 nobis.
1910 1831 1973 1883 Et
1998 1830 2155 1884 hunc

509 1919 703 1990 ipsum
738 1919 946 1974 Filium
978 1920 1079 1974 Dei
1111 1921 1383 1987 ostendit,
1409 1923 1547 1973 dum
1582 1920 1726 1974 dixit
1754 1937 1806 1974 :a
1831 1920 2036 1973 Jesum
2071 1919 2154 1973 Fi-

508 2008 652 2062 lium
684 2009 784 2063 Dei
813 2026 871 2062 :n
895 2010 1049 2079 quod
1083 2026 1373 2080 nusquam
1408 2010 1478 2063 de
1504 2010 1699 2080 Moyse
1732 2008 1921 2063 dicere
1953 2007 2156 2075 voluit,

507 2098 608 2152 sed
640 2114 774 2152 eum
808 2098 1093 2153 famulum
1124 2099 1481 2169 praeferebat,
1511 2099 1568 2152 in
1603 2098 2003 2168 superioribus
2036 2102 2157 2151 tes-

506 2187 737 2241 tiﬁcans
769 2186 851 2242 eis
883 2188 991 2241 sub
1025 2188 1261 2242 nomine
1290 2188 1452 2251 Jesu,
1480 2188 1633 2257 quod
1666 2203 1876 2240 nomen
1912 2186 2155 2257 angelus

514 2292 548 2330 a
579 2275 693 2330 Deo
724 2275 981 2332 directus
1009 2276 1233 2346 Virgini
1265 2275 1634 2329 annuntiavit
1664 2274 1869 2328 Filium
1900 2277 1998 2329 Dei
2029 2290 2157 2329 esse

515 2379 739 2430 verum,
764 2368 820 2418 et
850 2364 978 2419 ideo
1007 2380 1286 2434 magnum
1322 2366 1704 2419 sacerdotem.

586 2473 613 2501 ‹‹
650 2453 976 2507 Teneamus
1016 2454 1462 2508 confessionem.
1491 2476 1510 2501 ιο
1549 2452 1789 2514 Qualem
1837 2452 2153 2507 confessio-

512 2555 646 2595 nem
669 2541 850 2596 dicit?
881 2542 1166 2605 Quoniam
1192 2542 1367 2597 Filius
1400 2543 1497 2596 Dei
1524 2546 1629 2612 est,
1654 2542 1931 2612 quoniam
1956 2542 2151 2597 Chris-

507 2634 604 2685 tus
643 2630 797 2685 Deus
848 2634 956 2699 est,
989 2631 1265 2701 quoniam
1314 2648 1525 2702 passus
1572 2637 1681 2695 est,
1733 2631 1996 2701 sepultus
2041 2634 2147 2700 est,

506 2721 822 2777 resurrexit
850 2721 1022 2776 tertia
1070 2722 1181 2787 die,
1216 2721 1478 2775 ascendit
1506 2722 1563 2775 in
1598 2720 1830 2787 coelum,
1865 2720 2026 2774 sedet
2078 2720 2148 2774 ad

503 2811 795 2866 dexteram
847 2810 1053 2877 Patris,
1086 2810 1220 2865 inde
1272 2814 1551 2865 venturus
1596 2810 1862 2879 judicare
1904 2809 2060 2863 vivos
2095 2811 2151 2862 et

505 2903 796 2965 mortuos;
830 2915 931 2969 per
961 2914 1133 2966 quem
1157 2898 1356 2953 omnia
1381 2899 1531 2953 bona
1560 2899 1867 2959 habemus.
1891 2897 2149 2966 redemp-

501 2987 741 3054 tionem,
775 2988 1281 3056 resurrectionem,
1308 2987 1703 3042 hazreditatem
1735 3004 1868 3041 cum
1902 3003 1967 3041 eo
1998 3002 2147 3040 sem—

502 3078 790 3149 piternam
826 3095 838 3132 :
871 3077 993 3131 hmc
1037 3078 1435 3132 confiteamur.
1469 3078 1613 3140 Quia
1660 3094 1790 3131 vero
1841 3077 1959 3130 haec
1989 3092 2143 3141 vera,

502 3165 879 3221 manifestum
920 3183 988 3221 ex
1036 3183 1102 3221 eo
1151 3167 1305 3237 quod
1357 3166 1613 3238 pontifex
1660 3167 1717 3220 in
1766 3164 2142 3219 interioribus

2276 587 2548 653 similem,
2576 590 2673 642 sed
2708 589 2821 643 alia
2852 608 3029 645 causa
3059 590 3227 655 illud,
3250 595 3306 645 et
3328 591 3439 646 alia
3469 592 3621 646 illud.
3646 594 3762 648 Dum
3787 607 3841 651 ta-

2277 692 2409 731 men
2443 685 2756 749 utrumque
2807 680 3295 735 demonstremus.
3332 680 3631 735 Dissimilis
3677 682 3836 739 homini

2275 764 2717 836 Christus,quia
2750 767 2922 833 Deus,
2948 768 3230 839 scriptum
3262 774 3351 823 est
3369 770 3521 823 enim
3551 771 3616 823 de
3642 770 3836 843 illo,quia

2273 858 2362 907 est
2392 870 2568 925 super
2599 856 2796 909 omnia
2849 857 2998 910 Deus
3044 857 3383 912 benedictus
3414 858 3470 911 in
3502 858 3695 913 smcula
3718 862 3833 930 (Rom.

2271 958 2349 1005 1x,
2376 944 2453 1009 5).
2483 944 2547 996 Et
2589 944 2797 997 similis
2831 944 3053 998 homini
3086 944 3369 1011 Christus,
3392 946 3527 1015 quia
3549 947 3834 1020 homo,quo-

2271 1030 2425 1084 niam
2468 1033 2537 1085 de
2585 1032 2681 1087 illo
2734 1034 3048 1088 identidem
3083 1035 3362 1105 scriptum
3396 1041 3484 1089 est
3517 1053 3527 1090 :
3556 1058 3579 1085 ‹‹
3628 1037 3837 1094 Mediator

2270 1119 2369 1173 Dei
2398 1126 2455 1173 et
2478 1120 2781 1175 hominum
2810 1121 3277 1188 homoChristus
3300 1124 3471 1178 Jesus
3495 1124 3625 1193 (Gal.
3649 1143 3717 1193 ιιι,
3741 1130 3831 1191 19ζι.ι

2271 1209 2585 1265 Dissimilis
2612 1212 2897 1281 peceatori
2922 1212 3209 1275 Christus,
3233 1214 3370 1283 quia
3392 1230 3616 1281 semper
3634 1221 3831 1277 sanctus;

2269 1304 2325 1351 et
2380 1299 2591 1354 similis
2650 1300 2936 1371 peceatori
2986 1300 3275 1365 Christus,
3298 1302 3439 1371 quia
3494 1307 3636 1357 Deus
3687 1304 3831 1359 Filium

2268 1403 2441 1440 suum
2477 1388 2635 1443 misit
2665 1389 2723 1442 in
2752 1388 3203 1444 similitudinem
3242 1391 3438 1445 carnis
3484 1392 3701 1462 peccati,
3728 1400 3772 1446 ut
3789 1395 3833 1448 de

2270 1481 2502 1545 peccato
2551 1478 2855 1534 damnaret
2900 1483 3197 1548 peccatum
3241 1480 3298 1532 in
3344 1496 3536 1533 carne.
3572 1481 3755 1534 Homini
3790 1498 3832 1534 ei

2268 1566 2417 1619 coitu
2462 1570 2594 1620 nato
2626 1565 2933 1621 dissimilis
2973 1566 3260 1635 Christus,
3286 1567 3345 1621 in
3378 1572 3651 1637 quantum
3678 1584 3730 1622 ex
3750 1568 3832 1623 Vir-

2267 1654 2399 1723 gine
2428 1659 2628 1722 natus;
2664 1656 2763 1710 sed
2814 1655 3037 1710 homini
3090 1659 3225 1710 nato
3273 1655 3488 1711 similis
3537 1655 3774 1719 Christus,
3796 1657 3829 1711 in

2267 1748 2553 1813 quantum
2587 1752 2641 1799 et
2671 1744 2794 1815 ipse
2844 1761 2911 1798 ex
2955 1743 3171 1799 femina
3203 1750 3376 1799 natus
3411 1749 3517 1813 est,
3550 1744 3633 1800 cui
3674 1746 3827 1800 dictum

2266 1836 2353 1886 est
2386 1850 2396 1885 :
2426 1858 2451 1881 ‹‹
2502 1833 2663 1896 Quod
2712 1837 2985 1887 nascetur
3040 1850 3109 1887 ex
3160 1838 3215 1887 te
3275 1837 3566 1897 sanctum,
3611 1834 3830 1888 vocabitur

2272 1922 2449 1975 Filius
2491 1922 2588 1976 Dei
2623 1922 2833 1992 (Matth.
2868 1940 2904 1985 1,
2936 1924 3034 1987 20;
3078 1922 3204 1977 Luc.
3242 1940 3278 1991 ι,
3307 1922 3421 1993 35).
3452 1946 3473 1974 υ
3514 1922 3715 1977 Homini
3741 1939 3828 1993 pm-

2268 2017 2396 2081 pter
2426 2016 2728 2082 peccatum
2763 2027 2937 2065 suum
2961 2015 3192 2064 mortuo
3213 2010 3523 2065 dissimilis
3548 2010 3827 2080 Christus,in

2267 2107 2552 2169 quantum
2578 2100 2701 2154 sine
2724 2104 2978 2171 peccato,
2995 2104 3049 2153 et
3073 2098 3305 2170 propria
3335 2104 3617 2169 potestate
3637 2106 3827 2153 mortuus

2266 2194 2377 2249 est,
2401 2190 2501 2243 sed
2534 2206 2740 2243 rursus
2772 2188 2995 2243 homini
3029 2192 3259 2242 mortuo
3293 2187 3508 2242 similis
3538 2187 3825 2255 Christus,in

2266 2282 2554 2347 quantum
2587 2282 2642 2331 et
2675 2278 2798 2348 ipse
2828 2294 2960 2331 vera
2996 2281 3181 2331 morte
3211 2278 3473 2347 corporis
3508 2282 3737 2331 mortuus
3759 2281 3826 2329 est.

2265 2366 2393 2419 Haec
2426 2376 2509 2421 est
2540 2367 2804 2429 tentatio,
2839 2381 2954 2436 qua
2995 2368 3254 2419 tentatus
3297 2370 3409 2419 est.
3447 2364 3826 2419 Persecutionem

2264 2455 2653 2525 plurimorum
2686 2471 2897 2525 passus
2944 2457 3051 2520 est,
3086 2458 3257 2524 sputa
3290 2454 3569 2524 suscepit,
3600 2456 3827 2507 accusatus

2262 2550 2369 2610 est,
2394 2544 2811 2599 detractionem
2836 2542 3139 2612 sustinuit,
3165 2541 3527 2597 calumniam
3558 2559 3735 2613 passus
3756 2546 3826 2602 est,

2262 2631 2534 2703 repulsus
2567 2636 2653 2685 est
2686 2649 2719 2685 a
2749 2631 2985 2702 propria
3013 2634 3205 2703 gente,
3230 2631 3289 2685 in
3312 2631 3429 2686 ﬁne
3461 2631 3735 2685 cruciﬁxus
3758 2634 3859 2695 est,

2259 2723 2433 2777 Juxta
2464 2720 2934 2787 similitudinem,
2959 2720 3171 2791 inquit,
3196 2719 3319 2775 sine
3357 2724 3610 2791 peccato.
3633 2720 3751 2774 Dum
3774 2718 3827 2770 di-

2259 2812 2354 2880 cit,
2384 2812 2440 2865 in
2474 2810 2921 2865 similitudinem
2950 2810 3164 2874 carnis,
3192 2826 3311 2885 non
3345 2809 3457 2865 hoc
3488 2810 3639 2875 dicit,
3658 2807 3763 2878 quia
3784 2805 3829 2859 si-

2259 2900 2526 2954 militudo
2552 2899 2824 2970 putativaa
2845 2898 3037 2953 carnis
3059 2897 3170 2953 fuit
3192 2899 3251 2952 in
3275 2915 3363 2968 eo,
3390 2900 3491 2953 sed
3516 2898 3643 2967 quia
3661 2910 3825 2950 carnem

2258 2990 2515 3059 suscepit
2561 3005 2779 3043 veram.
2814 2991 3000 3051 Quare
3046 3003 3181 3057 ergo
3213 2988 3377 3053 dixit,
3414 2988 3471 3043 in
3522 2984 3827 3043 similitudine

2256 3078 2487 3133 carnis?
2544 3078 2766 3131 Natura
2811 3092 2966 3139 vero,
3016 3092 3193 3146 quam
3242 3076 3525 3147 suscepit,
3558 3073 3738 3129 similis
3772 3074 3825 3125 est

2256 3167 2415 3221 carni
2449 3171 2689 3232 nostrae;
2726 3169 3029 3236 peccatum
3070 3180 3202 3218 vero
3253 3179 3619 3236 nequaquam
3665 3160 3823 3223 habuit

499 3254 805 3310 velaminis
836 3254 1189 3310 constitutus
1218 3260 1325 3324 est,
1348 3254 1527 3309 intrat
1558 3255 1712 3308 enim
1742 3254 2026 3323 sanguine
2058 3271 2146 3309 as-
2175 3244 2216 3307 C
2256 3256 2410 3327 quod
2443 3260 2643 3310 nostra
2663 3271 2795 3310 caro
2818 3254 2888 3308 de
2920 3253 3260 3324 parentibus
3284 3253 3590 3307 contraxit.
3613 3250 3733 3316 Quia
3755 3247 3825 3302 tale

499 3361 720 3417 persus,
755 3347 1008 3416 proprio,
1044 3361 1157 3399 non
1206 3343 1415 3407 alieno,
1451 3342 1603 3398 sicut
1651 3343 1956 3413 pontiﬁces
1987 3344 2141 3414 prio-

498 3450 611 3501 res,
646 3435 745 3504 qui
777 3432 1062 3504 sanguine
1091 3449 1275 3487 vaccre
1309 3433 1495 3486 rubrae
1527 3431 2003 3502 aspergebantur.

569 3547 595 3573 ‹‹
631 3523 753 3577 Non
786 3522 940 3576 enim
974 3522 1259 3575 habemus
1292 3520 1646 3591 pontiﬁcem,
1677 3520 1776 3590 qui
1810 3537 1923 3573 non
1955 3521 2141 3591 possit

494 3613 749 3683 compati
782 3609 1218 3664 inﬁrmitatibus
1252 3610 1485 3664 nostris.
1512 3631 1539 3657 »
1568 3609 1713 3675 Non,
1746 3609 1953 3681 inquit,
1978 3610 2138 3680 igno-

496 3706 586 3755 rat
608 3717 734 3771 qum
766 3703 966 3754 nostra
988 3703 1145 3753 sunt.
1169 3697 1341 3752 Venit
1371 3699 1525 3753 enim
1560 3715 1661 3768 per
1680 3698 1831 3751 viam
1867 3698 2134 3753 humanas

493 3789 864 3855 conditionis,
899 3805 1000 3859 per
1045 3787 1241 3843 omnia
1288 3789 1413 3843 sine
1452 3792 1705 3859 peccato,
1740 3788 1884 3841 nihil
1935 3805 2133 3843 secum

494 3880 760 3946 efferens,
795 3878 948 3932 unde
1006 3877 1176 3931 morti
1231 3877 1458 3931 debitor
1504 3882 1679 3943 esset,
1714 3877 1864 3930 sicut
1917 3877 2041 3948 ipse
2074 3879 2130 3931 in

492 3967 800 4039 Evangelio
832 3972 1102 4035 testatur,
1130 3966 1329 4021 dicens
1356 3984 1367 4020 :
1401 3990 1423 4015 (ι
1458 3966 1629 4019 Venit
1660 3968 1814 4019 enim
1860 3967 2131 4037 princeps

492 4057 671 4127 hujus
704 4057 930 4123 mundi,
958 4061 1013 4110 et
1039 4057 1096 4110 in
1130 4073 1222 4110 me
1252 4072 1366 4109 non
1398 4056 1573 4109 habet
1598 4056 1918 4126 quidquam
1946 4056 2129 4125 (Joan.

490 4165 606 4214 xxv,
630 4148 777 4217 30).»
802 4147 965 4201 Multi
992 4145 1296 4217 pontiﬁces
1322 4145 1591 4216 ignorant
1614 4160 1711 4200 eos
1732 4146 1830 4214 qui
1866 4146 1919 4199 in
1948 4146 2128 4200 tribu-

488 4232 806 4289 lationibus
837 4232 1137 4287 constituti
1169 4237 1327 4298 sunt,
1352 4248 1539 4303 neque
1566 4249 1690 4301 qure
1723 4232 1799 4285 sit
1828 4232 2128 4289 tribulatio

489 4322 548 4376 in
600 4322 860 4392 quolibet
912 4322 1105 4376 sciunt
1137 4338 1149 4376 :
1180 4320 1543 4392 impossibile
1584 4322 1797 4391 quippe
1844 4327 1931 4377 est
1979 4324 2128 4379 scire

488 4410 829 4465 afﬁictiones
855 4410 1224 4475 afﬁictorum,
1258 4411 1329 4476 ei,
1357 4412 1454 4480 qui
1487 4410 1943 4481 experimentum
1978 4414 2126 4467 affli-

485 4499 694 4554 ctionis
726 4516 839 4554 non
872 4498 1094 4565 habuit,
1129 4503 1182 4553 et
1216 4498 1570 4554 sensibiliter
1617 4499 1812 4553 omnia
1844 4518 1955 4555 non
1990 4519 2123 4556 sus-

2254 3345 2361 3399 fuit
2392 3344 2669 3415 originale
2700 3347 3003 3412 peccatum
3034 3342 3093 3396 in
3124 3357 3298 3397 carne
3328 3341 3507 3413 primi
3541 3338 3773 3401 hominis,
3788 3340 3828 3387 ut

2250 3435 2385 3489 inde
2417 3439 2471 3488 et
2515 3450 2701 3505 pmna,
2735 3437 2792 3487 et
2839 3430 3161 3487 remedium
3211 3432 3331 3485 ﬁeri
3387 3432 3679 3503 potuisset.
3706 3428 3828 3480 Poena

2250 3527 2305 3577 et
2356 3528 2654 3593 peccatum
2704 3521 2763 3575 in
2817 3520 2977 3575 omni
3027 3519 3284 3574 humano
3335 3536 3568 3590 genere,
3600 3522 3765 3590 prater
3788 3514 3825 3567 in

2249 3613 2497 3680 Christo,
2530 3612 2588 3665 in
2622 3627 2736 3681 quo
2770 3609 2933 3664 salus
2963 3613 3019 3663 et
3068 3610 3391 3665 remedium
3428 3610 3551 3665 fuit.
3582 3608 3690 3663 Non
3716 3602 3823 3659 enim

2247 3702 2622 3772 prmjudicata
2650 3705 2739 3755 est
2782 3715 2915 3753 caro
2948 3700 3257 3770 peccatrix,
3291 3703 3356 3753 ut
3388 3699 3521 3753 inde
3569 3693 3821 3752 remedium

2247 3792 2369 3845 ﬁeri
2403 3808 2515 3844 non
2548 3789 2852 3861 potuisset.
2890 3788 3231 3842 Prmsciebat
3262 3788 3523 3858 potentia
3553 3780 3819 3856 Dei,quali-

2243 3885 2330 3935 ter
2351 3898 2417 3935 ex
2440 3880 2641 3934 eadem
2667 3894 2881 3943 massa,
2909 3877 3164 3946 justitia,
3189 3876 3458 3947 zequitas,
3486 3882 3539 3931 et
3568 3872 3819 3929 misericor-

2243 3971 2358 4039 dia,
2392 3974 2564 4039 atque
2598 3968 2781 4039 pietas
2813 3966 3112 4038 provenire
3142 3966 3446 4037 potuisset.

2316 4080 2342 4105 ‹‹
2375 4059 2670 4111 Adeamus
2699 4072 2833 4126 ergo
2865 4072 2999 4109 cum
3023 4055 3237 4109 ﬁducia
3268 4055 3339 4109 ad
3362 4056 3627 4109 thronum
3654 4049 3816 4122 gratia,

2242 4152 2305 4202 ut
2326 4145 2787 4203 misericordiam
2812 4160 3259 4215 consequamur,
3287 4148 3343 4198 et
3364 4144 3608 4215 gratiam
3628 4134 3817 4193 invenia-

2242 4255 2371 4291 mus
2425 4237 2480 4291 in
2531 4234 2745 4290 auxilio
2795 4239 3141 4305 opportuno.
3170 4255 3196 4283 ››
3223 4234 3515 4287 Adeamus
3565 4246 3684 4301 ergo
3721 4237 3813 4279 cum

2239 4326 2472 4389 ﬁducia,
2496 4326 2601 4379 hoc
2624 4328 2714 4379 est
2734 4325 3014 4378 adeamus
3039 4339 3140 4393 per
3163 4322 3335 4376 ﬁdem
3360 4322 3429 4376 ad
3455 4322 3703 4375 thronum
3722 4327 3814 4385 gra-

2236 4417 2326 4471 tia)
2358 4416 2505 4485 ejus.
2542 4414 2873 4467 Habeamus
2925 4410 3217 4476 fiduciam,
3242 4411 3507 4482 quamvis
3549 4410 3812 4480 peccatores

2236 4505 2442 4569 simus,
2462 4519 2562 4573 per
2584 4502 2708 4571 ejus
2732 4500 2981 4571 gratiam
3006 4499 3361 4554 reconciliari
3386 4514 3578 4569 posse;
3606 4494 3649 4551 si
3667 4499 3811 4547 tamen

482 4588 677 4643 tinuit.
711 4588 967 4644 Pontifex
990 4592 1181 4643 autem
1216 4593 1414 4642 noster
1443 4594 1836 4659 competenter
1866 4591 2122 4661 primum
2155 4614 2200 4677 D
2234 4596 2458 4648 fructus
2489 4592 2699 4662 dignos
2730 4590 3043 4644 fecerimus
3083 4587 3451 4659 poenitentiae,
3477 4590 3533 4640 et
3567 4585 3714 4638 ﬁdem
3738 4578 3810 4677 fit:

482 4678 679 4732 omnia
738 4677 1039 4741 sustinuit,
1074 4694 1201 4748 qua:
1262 4682 1495 4732 fuerunt
1555 4678 1821 4731 humanre
1878 4679 2123 4733 miseriae

480 4765 645 4821 illata
692 4772 824 4838 post
873 4771 1173 4837 peccatum
1225 4767 1392 4836 primi
1443 4766 1720 4831 hominis,
1758 4773 1814 4820 et
1868 4772 2000 4822 tunc
2051 4769 2120 4823 ad

478 4855 759 4911 interiora
780 4854 1086 4910 velaminis
1114 4856 1183 4909 ad
1210 4856 1481 4909 thronum
1517 4860 1766 4927 patorum
1800 4859 2122 4926 majestatis

480 4945 762 4999 ascendit.

549 5054 579 5081 ‹‹
612 5034 923 5088 Tentatum
954 5036 1144 5087 autem
1197 5048 1299 5102 per
1341 5033 1535 5085 omnia
1583 5049 1685 5103 pro
1736 5032 2119 5089 similitudine

476 5118 697 5190 absque
731 5126 982 5192 peccato.
1012 5145 1038 5171 »
1075 5123 1355 5175 Tentatus
1388 5126 1580 5173 autem
1616 5122 1903 5191 siquidem
1938 5123 2118 5177 diver-

475 5207 558 5261 sis
590 5210 799 5279 modis,
846 5212 944 5265 sed
998 5227 1111 5264 non
1166 5214 1494 5280 superatus.
1530 5210 1585 5261 In
1639 5209 2115 5267 tribulationibus

474 5295 776 5348 Drobatus.
801 5299 1017 5348 ubique
1054 5299 1237 5348 victor
1267 5297 1572 5348 gloriosus.
1600 5300 1880 5348 Tentatus
1926 5304 2013 5348 est
2066 5302 2110 5348 si

2237 4700 2391 4737 mam
2424 4698 2611 4751 usque
2649 4680 2707 4734 in
2742 4680 2919 4734 ﬁnem
2968 4683 3294 4732 teneamus.
3329 4678 3489 4731 Nunc
3535 4688 3653 4728 vero
3694 4665 3811 4722 sedet

2235 4772 2490 4843 pontifex
2522 4774 2716 4825 noster
2736 4770 2910 4823 Jesus
2947 4767 3119 4821 Filius
3142 4767 3199 4819 in
3224 4767 3429 4821 throno
3450 4764 3662 4836 gratiae;
3690 4770 3810 4843 para-

2231 4840 2327 4915 tus
2345 4865 2431 4915 est
2454 4858 2756 4931 indulgere
2776 4856 3029 4930 peccatis
3052 4857 3268 4910 nostris
3294 4856 3352 4909 in
3374 4857 3675 4925 opportuno
3694 4840 3809 4899 auxi-

2231 4951 2327 5005 lio.
2352 4952 2758 5020 Opportunum
2779 4953 3011 5017 tempus
3035 4950 3121 4999 est
3146 4944 3367 5013 auxilii,
3388 4948 3442 4998 et
3458 4932 3807 4997 misericordie

2229 5039 2412 5103 illius,
2445 5039 2595 5093 sicut
2642 5038 2752 5091 iste
2782 5038 2983 5090 doctor
3029 5034 3297 5105 egregius
3347 5033 3455 5088 alio
3502 5032 3635 5085 dixit
3674 5028 3801 5079 loco:

2229 5152 2255 5177 «
2292 5130 2431 5182 Ecce
2482 5143 2637 5181 nunc
2684 5130 2916 5195 tempus
2964 5122 3338 5193 acceptabile,
3374 5137 3496 5177 ecce
3542 5132 3679 5174 nunc
3713 5110 3801 5166 dies

2225 5216 2432 5271 salutis
2458 5216 2534 5285 (ll
2563 5216 2681 5267 Cor.
2706 5231 2782 5277 vx,
2810 5216 2886 5282 2).
2919 5235 2944 5260 ››
2975 5214 3041 5265 Et
3075 5210 3356 5281 propheta
3385 5207 3563 5263 multo
3590 5212 3701 5259 ante
3727 5200 3799 5252 hoc

2226 5306 2376 5348 idem
2412 5304 2605 5348 mixilii
2642 5302 2949 5348 nnnnrhini
2999 5306 3231 5348 temmls
3264 5297 3653 5348 signiﬁcansza
3679 5290 3799 5343 Τθω·
