3976 5348
375 401 495 462 755

1401 405 1737 467 ATTONIS
1782 404 2366 468 VEHCELLENSIS
2414 409 2771 473 EPISCUPI

3671 407 3796 470 156

379 537 499 594 nali
525 544 659 597 ante
690 539 1023 607 luciferum,
1057 558 1172 598 non
1221 541 1545 596 secundum
1574 539 1630 595 id
1663 540 1815 612 quod
1851 544 2023 596 natus
2054 539 2109 605 Α
2139 539 2471 595 ostenderet
2496 540 2556 596 in
2588 542 2781 614 seipso
2812 539 3196 597 humanitatis
3226 544 3441 597 nostra
3494 545 3796 595 naturam.

379 633 470 685 est
497 646 565 685 ex
596 631 763 686 Patre
786 635 934 687 Deus
957 631 1112 703 apud
1138 632 1718 695 Patrem,cozsternus
1740 629 2024 702 gignenti,

381 722 438 774 et
494 718 927 785 substantialis,
985 720 1084 775 sed
1160 720 1433 775 sacerdos
1502 724 1736 790 propter
1792 734 2026 773 carnem

379 812 1016 880 assumptam,propter
1043 808 1341 863 victimam
1365 824 1540 879 quam
1566 824 1668 879 pro
1697 808 1863 862 nobis
1897 808 2030 862 olfe-

380 897 547 952 rebat
576 913 610 951 a
641 896 809 952 nobis
841 901 1162 969 acceptam,
1198 898 1253 951 id
1287 902 1397 961 est,
1431 913 1665 952 carnem
1697 901 1753 950 et
1782 898 2026 967 sangui-

380 1002 514 1041 nem
547 1002 760 1041 suum:
798 988 869 1040 de
900 1003 1018 1058 qua
1046 986 1283 1041 victima
1320 987 1445 1056 ipse
1476 987 1533 1040 in
1570 985 1874 1056 Evangelio
1907 986 2023 1039 ait:

380 1076 1059 1131 «Nisimanducaveritis
1083 1093 1315 1132 carnem
1345 1077 1467 1131 Filii
1491 1076 1767 1141 hominis,
1797 1080 1852 1131 et
1874 1076 2029 1131 bibe-

380 1164 510 1220 ritis
541 1166 671 1235 ejus
702 1166 1072 1236 sanguinem,
1108 1183 1221 1221 non
1242 1166 1531 1221 habebitis
1560 1166 1737 1220 vitam
1772 1166 1829 1219 in
1862 1166 2026 1220 vobis

381 1253 559 1325 (Joan.
591 1271 671 1325 v1,
701 1256 815 1325 54).
852 1276 879 1302 ››
911 1255 1021 1309 Sed
1055 1256 1111 1309 in
1165 1255 1277 1311 ista
1309 1272 1575 1321 carne,ac
1607 1254 1910 1325 sanguine,
1944 1252 2022 1308 nil

378 1347 716 1409 cruentum,
743 1343 822 1397 nil
847 1343 1219 1415 corruptibile
1238 1361 1403 1399 mens
1432 1343 1688 1398 liumana
1714 1343 2022 1413 concipiat,

380 1431 533 1487 sicut
561 1430 701 1486 dicit
748 1432 1102 1503 Apostolus:
1138 1455 1165 1481 «
1200 1433 1306 1496 Qui
1364 1432 1518 1487 enim
1552 1448 1764 1502 corpus
1799 1431 2022 1485 Domini

378 1520 619 1591 indigne
648 1521 1297 1591 manducat,judicium
1330 1521 1442 1575 sibi
1474 1521 1791 1575 manducet
1821 1520 1873 1587 (Ι
1902 1520 2021 1575 Cor.

376 1625 455 1674 xx,
487 1608 601 1679 29),
631 1629 659 1660 υ
694 1610 794 1664 sed
817 1609 1252 1664 viviﬁcatricem
1276 1609 1692 1675 substantiam,
1726 1613 1902 1674 atque
1932 1626 2024 1662 sa-

376 1695 627 1752 lutarem
661 1697 720 1751 in
745 1714 893 1769 pane
918 1701 977 1752 et
996 1697 1151 1767 vino,
1177 1715 1278 1769 per
1303 1714 1451 1769 quae,
1476 1698 1523 1753 si
1548 1698 1721 1769 digne
1745 1696 2022 1760 sumitur,

378 1785 546 1840 nobis
578 1790 668 1841 est
695 1790 1070 1857 peccatorum
1098 1786 1363 1842 remissio
1388 1793 1445 1842 et
1474 1786 1635 1858 regni
1667 1785 1766 1841 Dei
1800 1802 2026 1856 posses-

380 1874 467 1973 sio
497 1874 924 1973 collata.Huj,us
958 1875 1223 1931 ordinem
1258 1875 1530 1932 sacrificii
1580 1891 1682 1947 per
1714 1874 2022 1947 mysticam
2051 1908 2099 1974 B

380 1961 854 2030 similitudinem,
887 1963 1304 2020 Melchisedech
1321 1963 1696 2035 justissimus
1727 1980 1827 2018 rex
1858 1964 2025 2019 insti-

379 2052 512 2120 tuit,
547 2052 781 2123 quando
810 2053 1057 2108 Domino
1089 2054 1256 2125 panis
1287 2058 1345 2109 et
1387 2053 1503 2108 vini
1537 2042 1760 2108 fructus
1791 2052 2020 2108 obtulit.

380 2139 619 2196 Constat
646 2140 802 2197 enim
837 2143 1125 2213 pecudum
1154 2143 1420 2198 victimas
1443 2142 1705 2213 periisse,
1739 2159 1866 2212 qua:
1899 2142 2021 2196 fue-

378 2233 519 2284 runt
538 2230 762 2286 ordinis
786 2236 996 2301 Aaron,
1025 2248 1135 2287 non
1160 2232 1575 2287 Melchisedech
1605 2249 1617 2297 ;
1644 2232 1744 2286 sed
1770 2230 1877 2285 hoc
1904 2246 2023 2285 ma-

379 2333 517 2373 nere
547 2318 743 2390 potius
772 2319 1135 2386 institutum,
1185 2323 1339 2392 quod
1394 2326 1515 2376 toto
1559 2321 1697 2375 orbe
1740 2322 1797 2373 in
1829 2335 2020 2375 sacra-

378 2411 713 2462 mentorum
735 2409 1066 2479 erogatione
1088 2408 1432 2464 celebratur.
1484 2409 1765 2464 Sacerdos
1824 2413 2020 2463 autem

379 2495 670 2567 praecipue
700 2496 916 2551 dicitur
961 2497 1252 2564 Christus,
1286 2498 1385 2569 qui
1418 2498 1596 2553 semel
1629 2515 1690 2553 se
1720 2514 1822 2568 pro
1854 2496 2022 2550 nobis

379 2582 1217 2653 obtulitimmolandum,sicut
1236 2587 1416 2642 semel
1438 2588 1507 2643 de
1522 2584 1944 2642 Melchisedech
1960 2583 2019 2638 in

380 2676 585 2727 sancta
612 2672 826 2744 legitur
846 2676 1229 2747 Scriptura,et
1248 2678 1376 2747 ejus
1398 2675 1741 2732 sacerdotio.
1772 2676 1833 2728 In
1863 2678 2022 2728 aeter-

380 2775 524 2814 num
550 2775 684 2816 vero
714 2778 849 2817 cum
882 2764 1115 2835 dicitur,
1168 2765 1293 2837 ipse
1343 2764 1708 2835 significatur
1742 2763 2023 2818 Dominus

378 2846 666 2915 Christus,
700 2851 801 2922 qui
831 2859 1133 2922 permanet
1164 2853 1222 2907 in
1254 2851 1440 2925 gloria
1470 2853 1851 2924 sempiterna.

454 2958 482 2987 ‹‹
508 2937 613 3001 Qui
649 2938 705 2993 in
738 2939 944 2997 diebus
975 2942 1168 2996 carnis
1217 2958 1335 2996 ευεθ
1384 2959 1604 3011 preces,
1638 2940 2021 3012 supplicatio-

380 3041 601 3096 nesque
622 3028 693 3081 ad
716 3043 871 3095 eum,
896 3030 996 3100 qui
1021 3035 1214 3101 posset
1238 3029 1462 3085 salvum
1485 3030 1651 3085 illum
1679 3047 1713 3085 a
1732 3035 1917 3085 morte
1940 3029 2019 3085 fa-

380 3129 527 3181 cere,
574 3132 706 3170 cum
756 3116 1008 3173 clamore
1062 3119 1274 3185 valido,
1333 3124 1389 3174 et
1445 3119 1719 3190 lacrymis
1750 3119 2018 3185 offerens,

379 3203 687 3261 exauditus
717 3210 805 3260 est
836 3222 939 3278 pro
960 3224 1068 3262 sua
1086 3207 1426 3262 reverentia.
1453 3231 1480 3257 ››
1505 3209 1652 3275 Quid
1677 3225 1807 3262 vero
1839 3207 1897 3260 in
1921 3222 2019 3261 sa-

368 3291 632 3351 cerdotio
655 3275 854 3350 noster
877 3296 1131 3366 pontifex
1152 3296 1611 3368 egisset,certius
1634 3296 1727 3351 hic
1749 3295 2021 3367 exprimit
2052 3275 2094 3341 Ο

379 3380 717 3451 Apostolus.
751 3382 987 3439 dicens:
1022 3406 1048 3433 «
1102 3384 1208 3448 Qui
1241 3385 1300 3438 in
1330 3385 1536 3440 diebus
1585 3384 1778 3439 carnis
1819 3401 1959 3440 suae.
1995 3407 2022 3433 ››

384 3467 511 3524 Dies
553 3470 768 3541 quippe
798 3472 988 3527 carnis
1019 3472 1249 3527 Domini
1278 3473 1460 3527 nostri
1490 3474 1626 3528 Jesu
1660 3473 1871 3528 Christi
1901 3474 2024 3529 dies

381 3561 543 3624 snnt,
575 3557 635 3613 in
660 3559 875 3629 quibus
896 3576 1127 3615 carnem
1152 3561 1494 3633 assumpsit,
1519 3563 1578 3616 in
1601 3561 1819 3633 quibus
1842 3567 2027 3617 tenta-

379 3649 478 3699 tus
508 3650 617 3711 est,
650 3664 862 3717 passus
892 3654 1001 3712 est,
1047 3648 1104 3703 in
1150 3650 1365 3719 quibus
1414 3666 1614 3721 preces
1646 3650 2023 3722 supplicatio-

382 3748 602 3801 nesque
633 3735 704 3788 ad
737 3750 872 3788 eum
905 3737 1003 3805 qui
1056 3741 1252 3806 posset
1284 3737 1509 3793 salvum
1560 3740 1746 3793 facere
1776 3756 1810 3794 a
1840 3743 2026 3793 morte

382 3818 678 3875 offerebat.
728 3823 938 3877 Totum
987 3841 1117 3879 vero
1169 3825 1452 3896 quidquid
1504 3827 1621 3898 egit
1667 3827 1933 3882 Christus
1968 3827 2024 3881 in

383 3924 575 3978 carne,
601 3925 795 3980 preces
818 3916 1031 3967 suntet
1052 3913 1507 3984 supplicationes
1525 3932 1626 3986 pro
1654 3916 1905 3987 peccatis
1923 3916 2027 3970 hu-

384 3997 542 4051 mani
564 4000 1029 4069 geueris.Sancta
1050 4018 1180 4056 vero
1204 4003 1511 4075 sanguinis
1535 4004 1663 4074 ejus
1686 3990 1893 4060 effusio
1916 4004 2026 4060 cla-

383 4102 511 4141 mor
529 4085 754 4144 validus
775 4090 946 4155 est,in
971 4107 1084 4161 quo
1106 4092 1412 4147 exauditus
1433 4099 1521 4147 est
1539 4109 1571 4148 a
1588 4093 1703 4149 Deo
1734 4094 2025 4165 Patre,pro

381 4177 701 4232 reverentia
713 4178 979 4248 ejusdem
994 4181 1285 4250 passionis
1300 4198 1417 4236 suae
1432 4198 1464 4252 q
1476 4199 1608 4236 nam
1626 4182 1671 4236 si
1683 4198 1752 4236 ne
1767 4188 2021 4253 peccato,

381 4269 593 4320 nostras
617 4265 827 4324 salutis
848 4285 1047 4334 causa,
1072 4285 1385 4339 perpessus
1408 4275 1531 4338 est;
1557 4270 1657 4341 qui
1681 4270 1907 4325 nullum
1933 4272 2026 4327 ha-

381 4352 527 4408 bens
548 4360 1184 4428 peccatum,peccatum
1211 4374 1312 4428 pro
1328 4358 1494 4412 nobis
1520 4360 1707 4413 factus
1728 4359 1899 4425 est,id
1916 4367 2025 4426 est,

383 4440 598 4497 oblatio
621 4459 723 4513 pro
747 4445 995 4515 peccatis
1020 4446 1255 4501 nostris.
1281 4447 1400 4502 Hoc
1425 4448 1580 4501 enim
1604 4451 1790 4502 totum
1816 4465 2028 4521 magna

384 4531 703 4587 reverentia
716 4537 771 4586 et
782 4533 1209 4602 perfectissima
1221 4535 1502 4590 charitate
1522 4537 1743 4607 peregit
1758 4538 1853 4606 qui
1872 4537 2028 4608 prior

2138 625 2349 681 Beatus
2382 629 2601 685 Paulus
2633 631 2726 685 hic
2759 631 2899 685 dicit
2929 647 3128 702 preces
3159 646 3293 685 eum
3322 635 3381 685 et
3411 629 3800 701 supplicatio-

2138 730 2243 770 nes
2258 716 2643 784 l‘undere,non
2660 720 2868 775 timore
2890 720 3226 785 mortis,sed
3248 725 3457 775 nostra;
3490 734 3676 773 causa
3706 735 3801 772 sa-

2136 800 2603 862 lutis.Undeetin
2637 808 3074 864 aliolocoetiam
3091 805 3801 879 diciteanguinemChris—

2136 892 2177 944 ti
2212 892 2423 948 melius
2449 895 2735 952 clamasse
2766 915 2869 968 pro
2928 898 3119 962 nobis,
3176 914 3355 968 quam
3410 895 3796 967 sanguinem.

2138 979 2408 1052 Abel,qui
2443 987 2513 1039 ad
2538 988 2935 1041 accusandum
2959 988 3282 1041 fraternum
3311 984 3508 1041 scelus
3530 986 3607 1039 de
3640 991 3797 1038 terra

2137 1067 2352 1125 clamat
2383 1074 2454 1127 ad
2487 1075 2736 1131 Patrem.

2221 1188 2247 1214 ‹‹
2279 1165 2345 1217 Et
2376 1164 2636 1234 quidem,
2668 1181 2800 1219 cum
2834 1171 2988 1220 esset
3013 1163 3193 1219 Filius
3224 1162 3572 1228 Dei,didicit
3595 1178 3665 1216 ex
3688 1161 3799 1225 bis,

2136 1270 2263 1324 quae
2297 1271 2509 1325 passus
2540 1260 2649 1318 est,
2684 1254 3097 1320 obedientiam,
3128 1259 3183 1308 et
3203 1256 3690 1314 consummatus,
3714 1254 3797 1304 fa-

2136 1348 2370 1397 ctusest
2393 1342 2667 1397 omnibus
2691 1343 3234 1414 obtemperantibus
3250 1341 3361 1397 sibi
3380 1358 3569 1397 causa
3590 1339 3797 1395 salutis

2134 1435 2383 1502 aeternae,
2430 1431 2760 1504 appellatus
2809 1449 2842 1487 a
2872 1432 2986 1487 Deo
3040 1432 3497 1501 Pontifexjuxta
3527 1429 3790 1485 ordinem

2136 1519 2583 1576 Melchisedech.
2604 1544 2631 1570 ››
2646 1522 2725 1576 De
2747 1520 3134 1576 similitudine
3156 1520 3536 1591 pontilicatus
3559 1517 3799 1573 Melchi-

2135 1610 2344 1665 sedech
2377 1610 2650 1681 superius
2680 1610 2824 1665 satis
2855 1609 3077 1664 dictum
3103 1609 3372 1664 arbitror.
3399 1608 3570 1662 Nunc
3602 1608 3798 1662 videa-

2135 1715 2269 1753 mus
2299 1699 2440 1770 quid
2473 1698 2598 1753 vult
2629 1698 2874 1769 intelligi
2923 1697 3234 1769 Apostolus
3264 1698 3326 1752 in
3381 1713 3448 1752 eo
3480 1697 3644 1767 quod
3671 1696 3786 1751 ait:

2138 1810 2159 1837 α
2196 1787 2323 1858 Qui,
2357 1804 2491 1843 cum
2524 1793 2680 1843 esset
2708 1788 2890 1844 Filius
2914 1788 3038 1855 Dei,
3062 1788 3267 1843 didicit
3285 1804 3355 1843 ex
3376 1787 3635 1857 his,qum
3664 1803 3793 1859 pas-

2135 1894 2238 1932 sus
2258 1881 2366 1942 est,
2390 1875 2803 1932 obedientiam.
2831 1897 2859 1925 »
2884 1881 3046 1932 Hanc
3067 1875 3677 1947 obedientiam,quam
3703 1874 3797 1929 hic

2133 1965 2407 2021 didicisse
2431 1966 2529 2020 Dei
2552 1964 2763 2020 Filium
2785 1965 2945 2035 dicit,
2978 1964 3089 2019 hoc
3110 1970 3198 2020 est
3226 1963 3563 2019 voluntarie
3591 1980 3794 2019 susce-

2133 2054 2308 2126 pisse,
2343 2054 2455 2109 alio
2490 2070 2724 2125 quoque
2752 2053 2877 2109 loco
2907 2053 3183 2119 ostendit,
3226 2053 3325 2108 ubi
3356 2053 3478 2108 ait:
3517 2074 3546 2101 ‹‹
3580 2052 3791 2107 Factus

2132 2148 2220 2198 est
2250 2143 2548 2209 ohediens,
2587 2164 2615 2192 ››
2649 2143 2822 2211 Patri,
2854 2164 2882 2192 «
2907 2158 3094 2213 usque
3125 2142 3196 2196 ad
3228 2146 3502 2208 mortem,
3536 2146 3785 2196 mortem

2133 2237 2325 2286 autem
2360 2232 2549 2287 crucis
2576 2249 2588 2287 :
2617 2235 2847 2301 propter
2869 2231 3024 2302 quod
3050 2237 3107 2285 et
3139 2232 3287 2286 Deus
3314 2230 3479 2284 illum
3513 2229 3789 2285 exultavit

2132 2321 2358 2392 (Philip.
2396 2338 2458 2387 Π,
2489 2322 2569 2383 8).
2611 2343 2639 2369 »
2674 2321 2735 2374 ln
2767 2336 2832 2375 eo
2859 2320 3015 2389 quod
3047 2320 3148 2389 ait,
3176 2342 3206 2369 (ι
3227 2324 3285 2373 et
3313 2324 3791 2383 consummatus,

2133 2409 2711 2464 factusestomnibus
2733 2408 3275 2478 obtemperantibus
3298 2407 3408 2463 sibi
3437 2424 3625 2462 causa
3644 2406 3791 2462 salu-

2131 2497 2208 2553 tis
2239 2502 2502 2565 asternae;
2561 2520 2581 2545 -
2644 2501 3112 2563 consummatus,
3172 2497 3228 2550 id
3295 2501 3404 2567 est,
3447 2496 3786 2567 perfectus:

2132 2586 2388 2641 ostendit
2418 2591 2705 2657 quantum
2757 2585 2984 2640 lucrum
3020 2585 3099 2639 sit
3128 2585 3255 2653 ejus
3308 2585 3630 2655 passionis,
3664 2601 3789 2655 quae

2132 2675 2408 2730 omnibus
2440 2675 2813 2729 credentibus
2844 2673 3062 2729 sufﬁcit
3090 2674 3161 2728 ad
3185 2673 3436 2728 salutem
3471 2673 3788 2744 sempiter-

2133 2780 2289 2818 nam.
2328 2764 2509 2835 Igitur
2539 2763 2587 2818 si
2618 2762 2949 2818 obedientia
2982 2762 3107 2818 Filii
3140 2767 3401 2818 causaet
3430 2762 3650 2818 salutis
3679 2762 3791 2816 hu-

2133 2857 2566 2924 manaa,quanta
2598 2852 2765 2908 nobis
2813 2851 3131 2907 necessitas
3164 2858 3253 2907 est
3282 2852 3521 2907 obedire
3552 2852 3691 2919 Deo,
3727 2858 3789 2906 ut

2132 2942 2293 3013 digni
2326 2942 2694 2997 inveniamur
2721 2944 2848 3010 ejus
2881 2940 3110 3007 salutis,
3153 2957 3328 3011 quam
3359 2940 3534 2996 nobis
3567 2958 3670 3011 per
3698 2940 3783 2994 Fi-

2132 3030 2276 3085 lium
2309 3031 2611 3102 proprium
2645 3029 2880 3085 donavit
2899 3029 2925 3083 ‘I

2201 3142 2228 3168 ‹‹
2257 3120 2335 3174 De
2368 3136 2483 3190 quo
2514 3119 2754 3190 grandis
2785 3118 2953 3173 nobis
2986 3134 3177 3173 sermo
3210 3122 3319 3184 est,
3352 3121 3409 3172 et
3438 3117 3781 3188 interpreta-

2133 3207 2268 3263 bilis
2298 3208 2368 3261 ad
2391 3208 2734 3262 dicendum:
2760 3205 3379 3272 Quoniamimbecilles
3393 3204 3531 3261 facti
3558 3206 3699 3261 estis
3719 3206 3781 3260 ad

2135 3297 2518 3352 audiendum.
2552 3318 2581 3344 ››
2612 3296 2800 3350 Causa
2840 3293 2994 3349 enim
3046 3294 3234 3350 reddit
3263 3311 3369 3348 cur
3422 3298 3604 3363 esset,
3636 3295 3780 3365 quod

2135 3387 2204 3442 de
2236 3386 2378 3441 Filio
2410 3385 2710 3439 incarnato
2732 3383 3011 3454 instituit,
3041 3381 3275 3439 difﬁcile
3298 3383 3370 3438 ad
3400 3382 3785 3453 interpretan-

2135 3475 2298 3544 dum,
2322 3475 2379 3529 id
2403 3479 2511 3542 est,
2534 3473 2673 3544 quia
2692 3472 2778 3526 illi
2795 3471 3114 3527 imbecilles
3136 3476 3301 3527 erant
3323 3476 3380 3526 et
3402 3472 3596 3543 fragili
3621 3488 3789 3528 sensu

2135 3566 2206 3619 ad
2239 3563 2685 3634 intelligendum
2719 3564 3007 3634 profunda
3038 3563 3138 3618 Dei
3163 3561 3585 3634 mysteria.Qui
3620 3562 3788 3616 etiam

2136 3670 2238 3724 pro
2261 3657 2521 3722 tempore
2544 3652 2811 3724 magistri
2834 3652 3161 3707 debuerunt
3182 3667 3309 3706 esse
3333 3650 3471 3705 facti
3495 3656 3641 3705 sunt
3664 3651 3790 3721 qui-

2136 3741 2247 3795 bus
2267 3740 2414 3795 lacte
2432 3757 2580 3811 opus
2602 3746 2712 3805 est,
2733 3757 2847 3795 non
2878 3741 3062 3795 solido
3085 3740 3234 3793 cibo.
3260 3737 3593 3794 Difﬁcultas
3618 3740 3792 3793 inter-

2136 3830 2401 3901 pretandi
2435 3830 2492 3883 in
2526 3828 2757 3884 illorum
2784 3829 2892 3883 fuit
2915 3828 3209 3893 tarditate,
3236 3844 3349 3882 non
3374 3828 3431 3881 in
3455 3827 3793 3899 Apostolica

2136 3918 2445 3990 sapientia,
2480 3916 2573 3972 cui
2604 3905 2855 3972 revelata
2875 3922 3015 3971 sunt
3036 3917 3314 3989 mysteria
3334 3934 3367 3971 a
3389 3916 3630 3971 saeculis
3662 3918 3795 3971 abs-

2136 4008 2393 4070 condita,
2427 4006 2580 4060 sicut
2611 4006 2667 4059 in
2719 4005 2974 4077 Epistola
3017 4006 3087 4060 ad
3137 4004 3419 4076 Ephesios
3450 4003 3797 4076 plenissime

2135 4096 2522 4150 demonstrat.

2210 4184 2425 4239 Deinde
2447 4182 2751 4254 subjunxit
2775 4200 2787 4237 :
2815 4205 2843 4232 «
2871 4182 3097 4238 Etenim
3122 4198 3258 4237 cum
3282 4182 3583 4239 deberetis
3617 4182 3796 4255 magi-

2137 4274 2237 4329 stri
2265 4289 2392 4327 esse
2425 4278 2659 4343 propter
2704 4278 2959 4343 tempus,
3011 4288 3248 4326 rursum
3292 4271 3577 4343 indigetis
3611 4279 3677 4327 ut
3701 4287 3798 4326 vos

2137 4360 2463 4416 doceamini
2499 4377 2626 4431 quae
2666 4367 2805 4415 sunt
2853 4361 3149 4416 elementa
3194 4359 3415 4414 exordii
3447 4376 3794 4416 sermonum

2138 4453 2258 4517 Dei,
2288 4456 2344 4505 ct
2377 4450 2508 4503 facti
2543 4452 2684 4503 estis
2717 4450 2935 4520 quibus
2966 4448 3112 4503 lacte
3143 4465 3291 4519 opus
3323 4447 3420 4515 sit,
3454 4465 3576 4504 non
3610 4449 3795 4504 solido

2138 4540 2284 4594 cibo.
2318 4561 2343 4587 ››
2378 4539 2462 4592 Ad
2495 4555 2593 4593 eos
2626 4538 2821 4608 itaque
2845 4538 3105 4608 loquitur
3127 4537 3227 4607 qui
3252 4537 3642 4593 exercitatum
3667 4555 3797 4593 sen-

383 4616 705 4675 dilexitnos
719 4622 1029 4676 ettradidit
1049 4624 1433 4695 semetipsum
1461 4641 1561 4695 pro
1586 4626 1756 4680 nobis
1777 4625 2028 4682 hostium
2066 4633 2107 4695 D
2139 4645 2291 4694 sum,
2328 4643 2429 4698 per
2460 4627 2645 4697 legem
2677 4632 2733 4682 et
2764 4627 3077 4698 prophetas
3106 4626 3178 4681 de
3207 4627 3459 4681 adventu
3492 4626 3715 4682 Christi
3745 4631 3799 4681 et

384 4710 497 4762 Deo
520 4708 1062 4781 acceptabilem,qui
1088 4711 1212 4767 ideo
1238 4713 1548 4768 exauditus
1571 4731 1604 4768 a
1625 4714 1906 4786 Deo,quia
1926 4714 2027 4770 ho-

385 4795 558 4850 stiam
573 4797 984 4869 acceptabilem
999 4799 1421 4871 obtulitDeo,id
1437 4806 1525 4857 est
1537 4802 2026 4873 seipsum.Simile

383 4890 472 4941 est
500 4885 719 4958 itaque,
747 4889 899 4960 quod
935 4889 1027 4943 hic
1058 4889 1288 4960 dicitur,
1312 4913 1339 4941 «
1376 4892 1475 4962 qui
1510 4908 1705 4962 preces
1732 4892 2025 4964 supplica-

382 4976 689 5049 tionesque
718 4978 790 5032 ad
823 4994 953 5032 eum
990 4979 1092 5050 qui
1119 4986 1314 5050 posset
1334 4980 1561 5035 salvum
1594 4981 1759 5035 illum
1789 4998 1822 5034 a
1844 4987 2027 5035 morte

382 5065 568 5104 far-oro
624 5083 753 5104 num
788 5066 1043 5104 nlnmnno
1074 5068 1259 5104 \rnHAn
1293 5074 1345 5104 cf
1390 5070 1661 5104 lor-nunt;
1693 5069 1937 5104 nWanonu
1997 5092 2022 5104 \\

2141 4716 2344 4787 gratia,
2379 4732 2504 4786 quae
2536 4733 2638 4787 per
2667 4733 2801 4771 cum
2830 4715 3205 4770 credentibus
3235 4714 3412 4770 allata
3441 4722 3553 4784 est,
3580 4715 3796 4771 habere

2136 4805 2464 4859 debuerunt
2490 4822 2503 4871 ;
2533 4804 2633 4875 qui
2656 4803 2831 4859 etiam
2865 4803 3202 4875 magisterio
3234 4803 3500 4875 aliis,per
3520 4804 3799 4876 mysteria

2140 4894 2235 4947 Dei
2251 4912 2377 4965 quae
2392 4894 2526 4947 data
2547 4898 2687 4946 sunt
2708 4891 2843 4961 illis,
2868 4900 3128 4963 poterant
3150 4892 3356 4960 esse,si
3381 4892 3795 4957 credidissent,

2137 4983 2302 5038 Nunc
2335 4992 2528 5036 autem
2564 4980 2708 5035 tales
2743 4981 2875 5035 l'acti
2907 4986 3063 5046 sunt,
3090 4981 3544 5047 sicutinfantes,
3582 4982 3795 5053 quibus

2138 5071 2319 5104 nn;mn
2355 5070 2635 5104 olonnonin
2664 5069 2989 5104 lilia-annum
3021 5070 3425 5104 inndnntnnor‘
3456 5070 3771 5104 [annua-lum
