3976 5348
364 387 484 448 ’159

1380 392 1717 452 ATTONIS
1768 393 1813 450 V
1828 391 2351 451 EltCELLENSlS
2400 393 2747 454 EPISCOPI

3664 395 3773 455 760

364 520 689 591 tiam.Quid
711 541 847 598 ergo
867 526 894 581 ‘.’
916 526 1161 581 Exclusa
1183 531 1270 581 est
1290 527 1625 598 pmnitentin
1648 531 1777 598 post
1800 525 2018 596 baptis-
2050 526 2103 589 Α
2138 523 2464 579 Fructifcras
2497 530 2662 581 terra:
2696 526 3031 584 cmlestibus
3062 527 3351 584 imbribus
3390 528 3654 599 irrigatee
3679 529 3777 583 ad-

372 632 535 671 mum
563 616 590 669 ‘2
621 615 811 669 Absit.
845 616 955 669 Sed
1003 615 1294 669 renovatio
1326 632 1429 687 per
1459 617 1608 671 sacri
1643 616 2015 687 baptismatis

370 704 667 762 lavacrum
698 706 951 759 secunda
998 705 1118 761 vice
1148 705 1269 760 ﬁeri
1322 723 1437 760 non
1473 708 1700 777 poterit.
1737 710 2018 763 Renovari

374 794 521 849 dixit
549 794 657 848 hoc
688 798 794 862 est,
846 810 1060 848 novum
1113 795 1257 849 fieri.
1314 797 1537 850 Novum
1583 797 1799 868 quippe
1834 798 2022 853 facere

374 882 673 938 hominem
700 883 851 938 sacri
893 883 1266 955 baptismatis
1298 890 1404 951 est,
1438 885 1509 940 de
1560 902 1674 955 quo
1708 886 2020 958 Propheta-

378 972 497 1028 ait:
528 994 547 1021 α
583 972 978 1027 Renovabitur
1008 973 1160 1027 sicut
1190 974 1697 1044 aquilzsjuventus
1721 981 1819 1031 tua
1849 978 2021 1045 (Psal.

380 1078 476 1131 cu,
509 1061 584 1132 5).
616 1079 643 1112 »ι
698 1062 878 1131 Cujus
930 1062 1134 1127 virtus,
1182 1062 1239 1116 id
1290 1070 1396 1127 est,
1449 1064 1821 1133 baptismatis
1852 1067 2023 1133 sacri,

383 1152 441 1207 in
502 1166 671 1205 cruce
728 1154 786 1205 et
842 1150 1143 1221 sepultura
1199 1152 1406 1207 Christi
1467 1157 1715 1208 constat.
1778 1156 2028 1212 Proinde

384 1239 725 1310 subjunxit:
784 1262 811 1290 ‹‹
866 1240 1117 1295 Rursum
1172 1242 1580 1311 cruciﬁgentes
1639 1244 2028 1316 sibimetipsis

387 1328 599 1385 Filium
632 1328 754 1395 Dei,
787 1333 843 1383 et
872 1331 1123 1385 ostentui
1172 1330 1479 1387 habentes.
1514 1356 1540 1383 ‹‹
1575 1334 1692 1388 Hoc
1722 1340 1828 1403 est,
1862 1339 2031 1390 vetus

386 1416 562 1473 homo
613 1421 811 1473 noster
857 1417 1034 1472 simul
1092 1420 1404 1475 crucifixus
1462 1426 1548 1476 est
1596 1438 1729 1476 cum
1762 1423 2029 1480 Christo:

390 1506 542 1561 sicut
574 1506 684 1561 alio
716 1506 797 1560 ait
822 1505 946 1561 loco
976 1525 988 1562 :
1023 1530 1050 1556 «
1085 1508 1424 1564 Conformes
1470 1510 1624 1565 enim
1658 1512 1790 1567 facti
1826 1530 2034 1569 sumus

393 1595 598 1651 mortis
628 1596 757 1665 ejus
787 1598 961 1664 (Rom.
996 1614 1119 1665 νιιι,
1149 1600 1260 1667 29).
1298 1622 1324 1647 ››
1360 1604 1426 1653 Et
1458 1600 1668 1655 iterum
1700 1618 1713 1658 :
1763 1622 1783 1648 α
1818 1603 2036 1659 Conse-

394 1685 541 1757 pulti
566 1683 719 1740 enim
744 1685 886 1741 estis
917 1686 966 1741 ei
992 1704 1091 1757 per
1122 1687 1418 1758 baptisma
1448 1688 1505 1743 in
1536 1695 1781 1747 mortem
1806 1694 1947 1764 (Col.
1975 1712 2037 1761 II,

397 1775 506 1845 12).
545 1798 564 1823 ι
601 1774 764 1829 Sicut
792 1775 949 1829 enim
983 1776 1344 1846 impossibile
1375 1783 1463 1834 est
1488 1783 1746 1836 secundo
1777 1784 2039 1856 cruciﬁgi

2129 615 2379 685 aequavit
2400 616 2798 685 proficientem
2822 618 3076 671 animam
3104 618 3161 671 in
3178 618 3419 673 floribus
3443 622 3775 672 sanctorum

2132 702 2485 774 germinum,
2520 705 2722 759 dicens
2752 723 2763 760 :
2800 729 2825 754 ‹‹
2858 708 3037 761 Terra
3083 708 3238 762 enim
3270 724 3421 777 saepe
3451 706 3775 761 venientem

2133 807 2311 861 super
2341 808 2402 846 se
2426 793 2673 849 imbrem
2699 795 2924 850 bibens.
2955 818 2980 843 ››
3012 796 3115 851 Hic
3141 796 3398 851 declarat
3418 797 3579 867 quod
3608 796 3692 861 hi,
3720 796 3779 848 ad

2136 896 2282 950 quos
2314 881 2361 935 ei
2413 898 2605 937 sermo
2656 884 2785 949 fuit,
2838 893 3222 956 susceperunt
3270 891 3328 941 et
3375 885 3781 941 combiberunt

2134 970 2376 1023 verbum
2409 970 2661 1027 cmlestis
2711 974 3007 1040 doctrinas,
3064 980 3120 1029 et
3168 976 3381 1046 saapius
3439 992 3547 1046 per
3577 974 3785 1045 legem,

2137 1074 2239 1128 per
2269 1058 2581 1129 prophetas
2613 1069 3015 1134 perceperunt,
3054 1070 3109 1118 et
3141 1081 3244 1119 nec
3284 1065 3330 1120 si
3364 1064 3629 1136 prompti
3666 1064 3789 1117 facti

2138 1152 2276 1200 sunt
2296 1148 2559 1217 germina
2583 1151 2714 1204 fidei
2750 1154 3023 1222 proferre.
3050 1153 3254 1209 Adhuc
3279 1154 3509 1207 addidit
3540 1152 3615 1206 de
3649 1153 3791 1206 bona

2138 1241 2315 1302 terra,
2348 1236 2406 1291 in
2438 1254 2614 1308 quam
2667 1241 2873 1295 cecidit
2924 1259 3119 1297 semen
3148 1244 3308 1298 verbi
3343 1242 3460 1297 Dei.
3501 1265 3527 1290 α
3562 1241 3789 1297 Germi-

2144 1340 2311 1389 nans,
2368 1326 2467 1392 ait,
2529 1328 2771 1384 herbam
2830 1337 3239 1401 opportunam.
3274 1355 3295 1382 ι
3334 1331 3491 1385 Nihil
3554 1332 3647 1385 sic
3698 1346 3792 1401 0p-

2143 1418 2488 1482 portunum,
2522 1417 2670 1471 sicut
2704 1418 2847 1473 ﬁdes
2894 1420 2948 1473 in
2983 1420 3123 1475 Filio
3154 1421 3274 1485 Dei,
3308 1426 3366 1475 et
3394 1421 3517 1474 vita
3546 1420 3789 1491 optima.

2146 1500 2276 1555 Haec
2307 1519 2440 1558 vero
2472 1504 2609 1561 talis
2656 1512 2810 1562 terra
2839 1508 3049 1579 accipit
3097 1510 3565 1564 benedictionem
3601 1524 3635 1561 a
3664 1508 3792 1572 Deo,

2148 1595 2213 1644 ut
2244 1591 2388 1646 ferat
2414 1594 2800 1665 tricesimum,
2836 1598 3287 1668 sexagesimum,
3312 1598 3487 1653 etiam
3523 1602 3585 1651 et
3612 1603 3795 1651 cente-

2150 1678 2363 1733 simum
2399 1682 2651 1738 fructum
2684 1686 2891 1755 pllatth.
2925 1705 3046 1753 χιιι,
3078 1690 3190 1741 23).
3224 1688 3292 1741 Et
3331 1687 3440 1741 hoc
3472 1686 3796 1741 notandum

2151 1774 2241 1823 est
2271 1772 2426 1840 quod
2457 1773 2648 1827 omnis
2682 1775 3039 1829 abundantia
3062 1776 3119 1830 in
3153 1776 3418 1847 frugibus
3453 1780 3627 1830 terrae
3660 1780 3717 1829 et
3745 1774 3799 1827 in

398 1863 695 1921 Christum
728 1863 857 1933 (hoc
890 1865 1045 1919 enim
1078 1870 1161 1920 est
1193 1868 1444 1922 ostentui
1478 1886 1609 1924 eum
1642 1871 1897 1941 habere),
1941 1875 2039 1943 qui
2076 1892 2122 1954 B
2154 1858 2445 1954 ff‘_uc_tibus
2478 1863 2774 1954 “Pl-19w“):
2832 1880 2945 1918 Ποη
2997 1864 3184 1931 aliter,
3220 1865 3331 1919 ηίεί
3364 1882 3468 1935 Per
3494 1865 3597 1918 DBi
3637 1866 3800 1918 bene‘

402 1954 658 2009 secundo
681 1971 743 2009 se
766 1954 1045 2026 baptizari
1070 1972 1240 2027 posse
1263 1962 1449 2028 putat,
1475 1960 1729 2015 secundo
1747 1961 2045 2017 Christum

407 2042 670 2113 crucifigi
697 2043 960 2114 requirit,
993 2044 1091 2114 qui
1125 2046 1302 2101 semel
1334 2048 1645 2103 crucifixus
1677 2055 1785 2115 est,
1819 2056 1875 2106 et
1897 2068 2047 2106 mor-

407 2136 567 2199 tuus,
600 2137 657 2187 et
684 2134 866 2188 victor
888 2134 1093 2189 mortis
1124 2137 1459 2207 resurrexit,
1484 2142 1659 2209 atque
1681 2157 1814 2194 cum
1843 2141 2051 2195 trium-

405 2222 520 2293 pho
551 2221 748 2294 gloriae
780 2221 954 2278 cmlos
984 2224 1266 2279 ascendit.
1300 2226 1464 2281 Sicut
1487 2227 1643 2282 enim
1677 2229 1856 2284 semel
1887 2230 2051 2285 Chri-

406 2314 533 2366 stus
559 2314 827 2367 mortuus
848 2315 939 2366 est
958 2329 1132 2368 carne
1155 2313 1211 2367 in
1236 2316 1517 2382 cruce,sic
1542 2333 1645 2371 nos
1670 2318 1851 2372 semel
1870 2320 2052 2374 mori-

408 2416 541 2454 mur
569 2398 629 2454 in
660 2399 1030 2474 baptismate,
1063 2417 1177 2456 non
1212 2419 1404 2471 carne,
1438 2405 1535 2458 sed
1573 2410 1825 2475 peccato.
1866 2410 2054 2477 Atque

408 2487 561 2543 sicut
590 2487 688 2541 ille
722 2488 868 2542 mori
919 2506 1033 2543 non
1083 2490 1313 2559 poterit,
1374 2491 1453 2547 ita
1484 2509 1589 2547 nec
1640 2511 1743 2549 nos
1774 2496 2055 2566 baptizari

408 2592 750 2648 possumus,
784 2576 897 2630 nisi
931 2578 1196 2633 fortassis
1227 2578 1501 2650 lacrymis
1533 2581 1903 2652 poenitentiae,
1940 2602 2054 2639 non

410 2664 622 2720 lavacri
655 2665 1111 2736 regeneratione.
1145 2667 1293 2737 Ergo
1334 2668 1554 2739 inquis,
1604 2688 1719 2724 non
1751 2677 1840 2727 est
1870 2674 2055 2743 paeni-

412 2753 597 2809 tentia
622 2753 649 2808 ?
679 2758 795 2809 Est.
816 2754 926 2809 Sed
951 2755 1243 2825 baptisma
1264 2756 1424 2811 aliud
1458 2775 1573 2813 non
1596 2764 1701 2814 est.
1719 2762 2059 2818 Pmnitentia

412 2860 548 2898 vero
580 2846 689 2908 est,
721 2847 777 2897 et
807 2843 1055 2899 multam
1105 2844 1279 2899 habet
1332 2847 1753 2915 fortitudinem,
1789 2852 1964 2905 etiam
2000 2853 2057 2907 in

417 2949 553 2987 eum
587 2932 686 3002 qui
715 2933 967 3003 peccatis
1009 2932 1173 2989 valde
1221 2935 1512 2991 dimersus
1562 2943 1668 2992 est.
1700 2939 1758 2994 Si
1789 2940 2057 3009 voluerit,

420 3026 613 3094 potest
644 3021 876 3076 liberari
911 3023 981 3077 ab
1014 3040 1188 3079 onere
1220 3030 1585 3095 peccatorum
1640 3033 1696 3083 et
1730 3030 2059 3099 periclitan-

419 3117 535 3165 tem
570 3110 627 3165 in
661 3114 786 3165 tuto
817 3111 1190 3177 cbnstituere,
1225 3114 1455 3169 etiamsi
1483 3116 1553 3170 ad
1585 3116 1778 3187 ipsum
1816 3119 2059 3174 fundum

418 3199 749 3272 iniquitatis
778 3202 1123 3271 pervenerit.
1151 3203 1214 3256 Et
1236 3202 1345 3259 hoc
1369 3221 1436 3259 ex
1456 3205 1660 3259 multis
1683 3208 2059 3263 manifestum

2161 1948 2497 2015 dictionem,
2531 1951 2854 2007 cultoribus
2886 1954 2957 2007 ad
3008 1954 3365 2009 voluntatem
3398 1954 3689 2025 proficere
3710 1970 3803 2024 po-

2160 2037 2313 2091 terit.
2349 2038 2545 2109 Neque
2578 2040 2733 2095 enim
2762 2042 3147 2113 agricolarum
3172 2044 3280 2097 fuit
3310 2048 3528 2098 terram
3561 2042 3809 2097 excitare

2162 2126 2233 2179 ad
2268 2126 2513 2196 fructus,
2546 2130 2643 2183 sed
2678 2129 2985 2202 imperium
3013 2132 3109 2187 Dei
3146 2132 3297 2187 sicut
3318 2132 3455 2187 alibi
3480 2133 3644 2186 idem
3683 2132 3811 2185 Pau-

2166 2214 2259 2269 lus
2293 2216 2374 2269 ait
2402 2232 2413 2270 :
2459 2238 2484 2269 α
2515 2218 2632 2288 Ego
2664 2218 2918 2289 plantavi
2951 2244 2965 2288 ;
2994 2220 3197 2292 Apollo
3222 2221 3466 2293 rigavit;
3494 2222 3598 2276 sed
3634 2220 3811 2274 incre-

2166 2310 2425 2359 mentum
2502 2306 2655 2363 Deus
2712 2308 2871 2363 dedit
2926 2310 2973 2378 (I
3025 2314 3150 2366 Cor.
3206 2328 3292 2379 ιιι,
3345 2312 3424 2381 6).
3489 2334 3517 2358 »
3575 2310 3695 2364 Hoc
3749 2311 3812 2362 de

2164 2394 2363 2448 anima
2394 2396 2635 2451 ﬂorente
2690 2398 2747 2451 in
2804 2398 3138 2467 virtutibus,
3190 2406 3247 2455 et
3276 2400 3378 2455 Dei
3407 2400 3811 2455 benedictione

2166 2483 2339 2554 digne
2373 2485 2611 2554 protulit
2642 2489 2997 2559 exemplum.
3033 2490 3278 2560 Moxque
3314 2490 3627 2560 subjunxit
3656 2489 3805 2543 aliud

2168 2573 2729 2645 paradigmaUémB)
2761 2577 2832 2631 de
2862 2594 2949 2642 ea,
3001 2578 3101 2648 qui
3154 2596 3320 2633 suam
3373 2578 3628 2650 negligit
3658 2578 3810 2631 salu-

2168 2664 2306 2725 tem,
2340 2661 2538 2716 dicens
2568 2679 2579 2717 :
2623 2686 2641 2711 ι
2679 2665 2985 2721 Proferens
3006 2673 3202 2721 autem
3226 2668 3427 2738 spinas
3450 2684 3517 2721 ac
3540 2666 3807 2731 tribulos,

2169 2749 2415 2819 reproba
2435 2756 2523 2805 est
2543 2756 2598 2805 et
2622 2752 2925 2809 maledicto
2952 2756 3410 2827 proxima,cujus
3436 2772 3810 2810 consumma-

2169 2836 2248 2890 tio
2282 2836 2339 2890 in
2373 2840 2859 2896 combustionem.
2910 2866 2937 2893 »
2973 2844 3113 2909 Quis
3163 2861 3418 2915 namque
3461 2851 3552 2899 est
3583 2846 3657 2899 ab
3687 2845 3810 2898 istis

2171 2925 2353 2995 spinis
2388 2929 2643 2983 mundus
2666 2930 2691 2983 ‘1
2721 2936 2802 2984 Ac
2833 2931 2880 2985 si
2926 2948 3193 2988 essemus
3229 2934 3453 3001 mundi,
3509 2950 3700 3004 neque
3730 2934 3808 2986 sic

2171 3021 2668 3087 prmsumptuosos
2717 3037 2821 3074 nos
2871 3026 3162 3092 Oporteret
3206 3038 3357 3089 esse,
3390 3024 3493 3077 sed
3524 3023 3729 3076 timere
3757 3027 3811 3076 et

2172 3107 2440 3169 tremere,
2475 3123 2545 3161 ne
2572 3109 2714 3162 forte
2748 3109 3035 3179 pullulent
3066 3112 3123 3165 in
3147 3113 3316 3167 nobis
3342 3114 3526 3184 spinea
3560 3118 3812 3184 peccato-

2174 3207 2326 3245 rum.
2361 3194 2659 3256 Quomodo
2683 3198 2899 3266 anima,
2932 3202 3019 3254 vel
3046 3216 3177 3254 caro
3201 3200 3388 3271 spinis
3416 3200 3591 3272 plena
3621 3214 3811 3271 super-

418 3293 508 3345 est
537 3289 910 3344 testimoniis.
940 3290 1215 3361 Nunquid
1239 3292 1394 3345 enim
1421 3294 1519 3364 qui
1547 3296 1843 3362 cadit,non
1869 3314 2051 3353 resur-

2177 3280 2300 3335 bire
2350 3284 2602 3352 poterit?
2662 3258 2933 3357 Nunquid
2994 3306 3107 3343 non
3168 3258 3372 3359 majori
3416 3258 3815 3344 sollicitudine

420 3378 551 3449 git?
573 3378 942 3448 (Psal.x1.,9.)
974 3382 1089 3433 Aut
1109 3379 1209 3450 qui
1232 3381 1527 3448 avertitur,
1558 3400 1669 3437 non
1704 3390 2019 3440 revertetur
2039 3388 2066 3441 ?

341 3534 348 3542 ‘
420 3467 596 3535 (Psal.
630 3484 755 3533 xm,
787 3467 861 3537 7).
897 3467 1074 3529 Quale
1102 3486 1236 3539 ergo
1268 3474 1358 3523 est
1390 3470 1542 3524 istud
1578 3472 2065 3530 medicamentum

422 3555 797 3626 pmnitentize,
825 3560 923 3609 aut
947 3556 1200 3625 qualiter
1221 3558 1529 3612 conﬁcitur
1551 3563 1573 3614 Ρ
1594 3560 1855 3617 Primum
1879 3564 2069 3618 excul-

424 3644 622 3714 pando
654 3643 890 3714 propria
918 3649 1169 3715 peccata.
1219 3646 1614 3716 Iniquitatem,
1656 3650 1848 3721 inquit
1878 3668 2066 3708 meam

430 3750 546 3786 non
577 3732 841 3797 celavi,et
863 3733 1253 3802 pronuntiabo
1277 3735 1554 3790 adversus
1583 3753 1676 3791 me
1696 3737 2066 3810 iniquitatem

429 3820 696 3875 Domino.
730 3825 785 3875 et
832 3825 892 3874 tu
946 3821 1239 3876 abstulisti
1300 3823 1659 3895 impietatem
1710 3830 1901 3884 cordis
1933 3832 2066 3887 mei.

432 3909 720 3974 Secundo,
756 3910 941 3964 multa
994 3909 1324 3967 humilitate
1355 3912 1629 3985 plangere
1677 3924 1912 3987 peccata
1941 3937 2068 3987 sua,

432 3999 773 4068 fructusque
797 3998 1004 4069 dignos
1035 4000 1240 4055 exinde
1290 4002 1475 4057 facere
1503 4005 1851 4074 poenitentiae
1877 4025 1888 4062 :
1924 4026 2072 4080 qua-

429 4092 601 4142 tenus
635 4086 973 4143 nullatenus
994 4089 1053 4142 in
1084 4090 1286 4144 eadem
1311 4091 1523 4147 iterum
1555 4101 1788 4151 corruat
1819 4104 2070 4167 peccata.

430 4175 645 4231 Deinde
677 4176 877 4231 multis
930 4176 1315 4251 eleemosynis
1373 4181 1659 4237 redimere
1706 4202 1766 4239 se
1810 4185 2069 4257 incipiat,

429 4263 529 4334 qui
562 4264 754 4319 saeculi
788 4264 964 4319 habet
1006 4270 1352 4336 potestatem
1380 4286 1392 4322 :
1443 4270 1596 4324 sicut
1625 4273 1907 4343 scriptum
1941 4280 2029 4329 est
2057 4292 2068 4331 :

431 4377 454 4405 ι
484 4353 704 4408 Divitiae.
734 4353 863 4418 viri,
910 4354 1230 4425 redemptio
1279 4357 1485 4411 animas
1537 4358 1695 4413 illius
1726 4367 1863 4415 sunt
1889 4364 2071 4432 (Prov.

430 4459 558 4505 x111,
590 4442 665 4510 8).
703 4463 730 4489 ››
764 4441 1062 4496 Postremo
1112 4459 1259 4513 opus
1316 4449 1405 4499 est
1454 4446 1595 4499 nulli
1657 4447 1850 4512 irasci,
1886 4468 2074 4521 neque

433 4527 655 4583 malum
716 4545 817 4597 pro
897 4528 1049 4583 malo
1129 4531 1387 4597 reddere,
1449 4533 1724 4589 omnibus
1784 4535 2074 4593 dimittere

2176 3371 2495 3441 exstirpare
2542 3390 2640 3428 eos
2693 3392 2839 3445 opus
2899 3376 3186 3433 haberet?
3235 3380 3367 3441 Quae
3412 3383 3553 3433 sunt
3592 3378 3814 3449 spinas?

2178 3459 2495 3515 Audiamus
2527 3462 2821 3517 Christum
2853 3465 2924 3519 de
2954 3466 3138 3537 spinis
3171 3468 3483 3533 dicentem,
3512 3467 3654 3537 quia
3685 3483 3817 3521 cura

2179 3547 2371 3601 saeculi
2405 3549 2580 3618 hujus
2613 3556 2668 3605 et
2699 3553 2957 3624 deceptio
2988 3554 3319 3609 divitiarum
3354 3556 3674 3627 praafocant
3704 3571 3819 3609 ver-

2179 3634 2341 3705 bum,
2375 3641 2432 3691 et
2476 3637 2906 3696 infructuosum
2967 3644 3230 3699 efficiunt
3277 3646 3484 3714 (Matth.
3537 3662 3663 3709 xm,
3711 3645 3817 3703 29].

2179 3724 2501 3795 Proferens,
2528 3727 2675 3783 dixit
2720 3731 2941 3801 spinas,
2968 3750 3081 3787 non
3100 3750 3405 3804 generans,
3424 3734 3820 3789 maledictioni

2180 3815 2443 3884 proxima
2474 3820 2580 3870 est.
2617 3818 2659 3871 Ο
2693 3825 2973 3889 quantam
3024 3822 3197 3876 habet
3238 3822 3704 3877 consolationem
3738 3822 3826 3875 hic

2182 3903 2411 3957 sermo!
2449 3904 2860 3973 Maledictioni,
2918 3910 3130 3980 inquit,
3180 3913 3447 3981 proxima
3491 3928 3610 3965 non
3644 3911 3825 3965 male-

2183 3991 2339 4046 dicta
2367 3994 2511 4057 Quia
2534 4001 2727 4049 autem
2751 3999 2995 4052 necdum
3022 3999 3078 4052 in
3105 3999 3573 4055 maledictiunem
3602 4000 3825 4063 incidit,

2184 4081 2283 4135 sed
2318 4082 2769 4151 proximitatem,
2803 4092 2857 4139 et
2881 4086 3048 4157 longe
3081 4089 3201 4142 fieri
3230 4089 3477 4159 poterit;
3510 4095 3567 4143 et
3600 4106 3709 4143 nec
3740 4105 3827 4143 so-

2184 4167 2304 4221 lum
2336 4172 2672 4227 consolatus
2703 4180 2809 4241 est,
2836 4178 2934 4229 sed
2970 4177 3141 4231 etiam
3172 4178 3227 4230 in
3260 4194 3326 4232 eo
3355 4180 3509 4248 quod
3539 4179 3827 4249 sequitur.

2183 4257 2305 4311 Non
2338 4259 2493 4313 enim
2528 4261 2669 4315 dixit
2696 4279 2706 4315 :
2740 4263 3022 4334 Reproba,
3045 4272 3104 4321 et
3134 4266 3532 4321 maledictioni
3564 4268 3829 4338 proxima

2183 4347 2596 4405 comburetur:
2631 4352 2731 4405 sed
2782 4353 2917 4423 quid
2941 4356 2968 4409 ’ἶ
3014 4378 3041 4405 ‹‹
3073 4356 3256 4426 Cujus
3304 4358 3742 4411 consummatio
3772 4356 3828 4409 in

2182 4436 2669 4496 combustionem.
2696 4465 2721 4489 ι(
2750 4446 2878 4498 Haec
2899 4445 3228 4500 combustio
3252 4462 3365 4499 non
3387 4446 3513 4513 erit,
3536 4446 3652 4501 nisi
3676 4446 3832 4517 quis-

2183 4540 2295 4593 que
2329 4543 2513 4596 usque
2543 4529 2598 4582 in
2656 4531 2830 4585 ﬁnem
2893 4539 3230 4602 permaneat
3278 4536 3335 4588 in
3397 4536 3654 4604 peccatis
3686 4535 3826 4588 suis.

434 4616 810 4688 peccantibus
842 4616 901 4671 in
935 4634 1015 4683 se,
1064 4617 1289 4672 dicente
1336 4620 1464 4690 ipsa
1493 4621 1766 4679 veritate:
1810 4644 1829 4671 α
1864 4626 2073 4681 Dimit-
2106 4624 2151 4687 D
2186 4614 2329 4675 Ουίδι
2360 4616 2415 4668 in
2450 4634 2800 4689 quacuanc
2840 4621 2933 4675 die
2976 4639 3289 4677 conversus
3333 4624 3505 4677 fuerit
3534 4628 3826 4693 peccator,

432 4705 557 4772 tite,
588 4710 643 4761 et
674 4704 1000 4760 dimittetur
1029 4706 1191 4762 vobis
1222 4709 1373 4778 (Luc.
1410 4726 1482 4778 νι,
1514 4710 1626 4781 37).
1662 4733 1689 4760 ››

506 4815 536 4845 ‹‹
570 4796 747 4849 Terra
779 4795 931 4849 enim
967 4812 1117 4867 saepe
1148 4797 1472 4854 venientem
1522 4817 1698 4871 super
1730 4818 1790 4856 se
1822 4803 2071 4860 imbrem

433 4882 661 4950 bibens,
695 4889 752 4938 et
804 4899 1087 4955 generans
1137 4885 1380 4942 herbam
1424 4895 1815 4960 opportunam
1872 4892 2007 4958 illis,
2044 4911 2077 4948 a

430 4972 647 5043 quibus
679 4971 908 5039 colitur;
933 4974 1143 5044 accipit
1162 4975 1620 5032 benediclionem
1654 4996 1687 5033 a
1718 4984 1851 5034 Deo.
1882 4981 2073 5036 Profe-

430 5078 563 5116 rens
614 5066 809 5116 autem
861 5062 1082 5132 spinas,
1132 5068 1190 5117 et
1248 5064 1517 5129 tribulos,
1580 5068 1824 5137 reproba
1882 5074 1971 5123 est
2020 5076 2076 5125 et

2188 4721 2214 4749 ‹‹
2245 4703 2363 4758 vita
2393 4706 2563 4773 vivet,
2596 4713 2652 4763 et
2701 4726 2813 4763 non
2866 4712 3145 4766 morietur
3184 4711 3408 4782 (Ezech.
3458 4727 3622 4778 xvm,
3655 4714 3767 4779 21).
3802 4734 3823 4757 ι

2183 4794 2240 4848 Si
2273 4811 2402 4849 vero
2429 4798 2845 4854 abscindamus
2864 4800 3088 4871 spinas,
3114 4818 3215 4871 per
3241 4801 3644 4872 paenitentiam
3671 4805 3829 4872 pote-

2186 4882 2370 4938 rimus
2403 4885 2562 4941 mille
2620 4888 2789 4943 bonis
2848 4889 3087 4959 perfrui,
3146 4895 3201 4944 et
3256 4890 3376 4945 ﬁeri
3408 4890 3746 4961 probabiles
3775 4895 3831 4944 et

2184 4974 2607 5030 benedictionis
2630 4976 2725 5031 Dei
2754 4979 3407 5050 participes.Postquam
3431 4986 3629 5034 autem
3654 4980 3831 5033 incre~

2186 5063 2342 5133 pavit
2369 5080 2466 5117 eos
2499 5066 2876 5122 sufficienter.
2908 5072 2967 5121 et
2995 5068 3205 5120 terruit
3231 5074 3292 5114 nt
3320 5069 3619 5112 immanis
3660 5071 3833 5106 munt
