3976 5348
191 409 305 469 ’161

771 408 1187 469 EXPOSITIO
1231 407 1308 467 IN
1357 405 1786 467 EPISTOLAS
1831 404 2090 467 PAULI.
2124 438 2202 450 —
2230 406 2307 466 IN
2354 406 2597 467 EPIST.
2647 405 2750 467 AD
2796 403 3032 465 HEBB.

3473 396 3607 459 762‘

196 538 365 609 liora,
397 542 455 594 et
484 538 763 595 viciniora
788 539 986 603 saluti,
1048 539 1279 594 tametsi
1331 540 1412 594 ita
1463 537 1781 609 loquimur.
1810 558 1837 584 ››
1868 538 1923 604 Α
1955 538 2199 608 adeptus
2231 544 2322 594 est
2344 539 2814 609 promissionem.
2844 558 2869 586 η
2905 535 3051 592 Mira
3083 531 3381 606 sapientiae
3439 530 3593 586 beati

199 627 348 690 Quia
379 628 588 683 beatus
620 628 836 683 Paulus
868 646 981 683 non
1014 629 1221 683 habuit
1254 629 1407 682 unde
1438 644 1557 693 eos,
1595 626 1664 679 ad
1697 641 1842 695 quos

199 716 457 787 scripsit,
490 718 559 772 de
592 718 977 789 prmsentibus
1002 718 1285 785 laudaret,
1308 717 1511 787 incipit
1532 732 1629 770 eos
1650 716 1717 768 de
1741 730 1842 784 spe

199 806 399 860 futura
430 807 764 877 praedicare,
798 808 1034 862 dicens:
1070 807 1453 871 Conﬁdimus,
1489 806 1715 869 fratres,
1774 803 1844 856 de

199 895 362 950 vobis
396 895 655 959 meliora,
680 902 735 950 et
755 896 1037 951 viciniora
1064 896 1258 963 saluti,
1287 895 1557 965 quamvis
1580 894 1662 947 ita
1689 893 1843 945 dica-

198 1001 363 1052 mus;
398 989 567 1056 quasi
600 986 841 1040 dixisset
870 1002 881 1040 :
906 986 1396 1057 Optimaquaeque
1427 986 1497 1037 dc
1520 984 1683 1036 vobis
1706 998 1843 1035 con-

195 1073 461 1139 ﬁdimus,
493 1080 548 1128 et
578 1092 704 1144 quae
737 1074 910 1129 saluti
941 1080 1145 1129 vestra:
1178 1074 1520 1145 proﬁciant;
1562 1089 1675 1126 non
1728 1070 1841 1124 uti-

193 1177 332 1232 que,
369 1164 523 1232 quod
556 1164 829 1233 superius
852 1164 967 1217 dixi
986 1165 1055 1217 de
1074 1164 1319 1234 reproba
1342 1169 1497 1217 terra
1522 1168 1579 1216 et
1605 1160 1844 1215 cOmbu-

192 1251 376 1306 stioni
410 1253 692 1323 proxima,
726 1254 796 1309 de
826 1252 1111 1308 vobishoc
1136 1252 1413 1318 diximus,
1443 1252 1581 1322 quia
1606 1248 1846 1304 meliora

192 1340 269 1396 de
301 1342 462 1396 vobis
493 1342 809 1397 credimus.

270 1430 526 1485 Adduxit
548 1448 781 1501 quoque
795 1431 878 1487 eis
901 1431 959 1485 in
990 1431 1335 1486 memoriam
1355 1430 1667 1500 praeterita,
1692 1431 1757 1481 ut
1778 1443 1845 1482 ex

192 1520 511 1591 praeteritis
539 1536 639 1575 eos
671 1520 927 1575 alliceret
958 1521 1028 1575 ad
1060 1521 1213 1575 bona
1245 1536 1507 1591 quaeque.
1542 1519 1672 1572 Ideo
1705 1518 1845 1571 sub-

181 1610 391 1680 junxit
420 1626 432 1664 :
468 1634 495 1659 ‹‹
528 1611 654 1665 Non
685 1610 841 1665 enim
876 1610 1135 1679 injustus
1169 1616 1339 1676 Deus,
1376 1616 1438 1662 ut
1470 1607 1847 1663 obliviscatur

190 1700 393 1768 operis
424 1701 600 1755 vestri
632 1706 687 1754 et
726 1700 1076 1763 dilectionis,
1136 1716 1310 1771 quam
1372 1698 1732 1762 ostendistis,
1785 1698 1842 1750 in

188 1788 437 1843 nomine
464 1789 671 1859 ipsius,
697 1789 795 1860 qui
821 1788 1168 1844 ministratis
1194 1788 1433 1857 sanctis,
1468 1792 1526 1843 et
1549 1787 1842 1841 ministra-

1954 626 2133 681 Pauli.
2173 630 2276 683 Per
2324 628 2477 683 vices
2535 629 2810 684 laudibus
2869 625 3089 682 extollit
3147 640 3263 689 eos,
3325 621 3394 675 ad
3444 636 3591 692 quos

1953 716 2192 783 sci-ibit;
2227 734 2328 788 per
2356 719 2506 773 vices
2540 718 2861 773 terroribus
2892 713 3291 771 antecedentis
3331 710 3589 765 historia:

1954 810 2127 860 terret
2158 823 2276 871 eos,
2311 825 2381 861 ne
2428 807 2693 862 inﬁdeles
2746 810 2961 866 essent,
3022 809 3077 859 et
3128 804 3324 858 minus
3372 796 3589 854 creduli

1955 896 2327 964 promissioni
2345 896 2443 951 Dei
2469 914 2481 962 ;
2504 913 2605 966 per
2620 896 2771 950 vices
2785 912 2919 951 vero
2943 910 3143 949 eorum
3158 888 3439 960 exemplis
3460 888 3593 942 hor-

1954 988 2116 1037 tatur
2146 986 2216 1038 ad
2251 985 2592 1056 patientiam
2623 990 2678 1039 et
2727 986 2922 1053 ﬁdem,
2973 988 3029 1038 et
3078 986 3143 1036 ut
3191 978 3592 1035 indubitanter

1955 1074 2210 1139 credant,
2246 1091 2357 1128 non
2393 1074 2580 1128 solum
2612 1074 2727 1128 Deo
2761 1073 2997 1139 dicenti,
3030 1088 3230 1125 verum
3274 1069 3449 1124 etiam
3491 1068 3590 1136 ju-

1956 1163 2103 1216 ranti
2134 1180 2233 1232 per
2262 1165 2663 1234 semetipsum.
2692 1165 2757 1217 Et
2778 1164 2915 1217 dum
2941 1162 2989 1216 ei
3015 1160 3199 1215 multa
3219 1158 3593 1229 suppeterent

1954 1252 2217 1322 exempla
2248 1259 2606 1319 sanctorum,
2641 1252 2739 1324 qui
2772 1269 2873 1323 per
2902 1249 3245 1323 patientiam
3286 1244 3591 1301 haeredita-

1954 1344 2092 1394 runt
2123 1342 2540 1412 promissiones
2574 1342 2693 1409 Dei,
2728 1341 3014 1413 praecipue
3044 1337 3233 1394 ﬁdelis
3271 1333 3589 1397 Abraham,

1954 1435 2188 1500 propter
2215 1431 2558 1503 dignitatem
2594 1449 2852 1504 personae
2884 1447 3021 1498 sum,
3055 1433 3109 1483 et
3158 1430 3392 1498 propter
3437 1421 3590 1493 quod

1954 1520 2208 1574 maxime
2237 1520 2295 1576 in
2328 1538 2392 1575 eo
2424 1521 2580 1576 istud
2640 1520 2969 1591 contigerit,
3030 1518 3127 1589 qui
3178 1513 3594 1587 longanimiter

1954 1608 2143 1662 ferens
2177 1611 2421 1681 adeptus
2450 1614 2537 1664 est
2568 1612 2626 1664 in
2659 1610 2795 1664 ﬁliis
2828 1608 3247 1680 promissiones
3278 1620 3392 1658 non
3419 1601 3590 1657 modo

1954 1698 2224 1768 praeteriti
2257 1700 2694 1770 temporis,quae
2717 1699 2773 1753 in
2800 1697 3011 1770 populo
3035 1695 3133 1752 Dei
3154 1694 3403 1766 impleta)
3430 1694 3591 1756 sunt,

1955 1788 2054 1841 sed
2085 1787 2271 1857 magis
2302 1788 2477 1843 etiam
2498 1787 2556 1842 in
2582 1788 2869 1853 futurum,
2895 1784 3314 1858 promissiones
3335 1783 3394 1836 in
3417 1779 3591 1845 ﬁlios,

186 1876 297 1931 tis.
327 1899 348 1926 ιι
394 1877 534 1931 Ecce
595 1878 889 1948 quomodo
937 1877 1211 1932 recreavit
1259 1877 1489 1931 animas
1538 1892 1738 1931 eorum
1791 1879 1845 1929 et
1879 1907 1923 1970 Β
1955 1891 2101 1945 quos
2126 1876 2466 1932 bonitasDei
2488 1878 2558 1932 de
2579 1875 2874 1947 lapidibus
2900 1874 3165 1947 gentium
3192 1869 3513 1970 suscitavit,
3538 1871 3595 1921 et

188 1966 570 2031 confortavit,
598 1966 839 2036 antiqua
870 1966 953 2021 eis
1009 1966 1067 2019 in
1121 1972 1376 2021 mentem
1429 1981 1740 2021 revocans:
1793 1968 1850 2017 et

192 2054 338 2109 fecit
366 2070 484 2123 eos,
540 2060 602 2109 ut
656 2072 768 2109 non
822 2056 1178 2110 zestimarent
1230 2055 1488 2109 oblivisci
1548 2059 1747 2123 Deum,
1794 2056 1849 2106 et

195 2144 492 2215 praeterita
522 2145 650 2215 ejus
678 2144 960 2199 beneﬁcia
989 2145 1048 2197 in
1081 2161 1198 2199 eos.
1246 2145 1493 2198 Necesse
1550 2148 1637 2198 est
1692 2142 1845 2196 enim

195 2247 337 2287 eum
374 2248 628 2301 peccare,
662 2233 755 2287 cui
796 2249 931 2303 spes
977 2233 1161 2287 deerit
1220 2234 1573 2287 futurorum.
1631 2231 1848 2287 Deinde

196 2320 475 2375 hortatur
504 2337 603 2377 eos
626 2322 682 2375 in
715 2322 990 2377 omnibus
1009 2338 1243 2392 sperare
1261 2324 1477 2376 futura.
1503 2323 1646 2376 Eum
1666 2321 1846 2387 enim,

197 2409 304 2480 qui
336 2409 607 2480 desperat
637 2410 706 2464 de
738 2411 1123 2479 praesentibus
1155 2411 1452 2465 beneﬁciis
1484 2410 1602 2477 Dei,
1628 2411 1781 2481 quod
1816 2427 1849 2465 a

197 2498 319 2553 Deo
350 2515 463 2553 non
497 2498 727 2564 habeat,
755 2499 824 2553 de
848 2500 1062 2554 futuris
1085 2500 1410 2554 confortare
1428 2500 1560 2570 quis
1592 2500 1849 2571 poterit?

198 2586 406 2644 Simile
437 2588 575 2659 quid
608 2587 829 2644 Galatia
851 2591 976 2658 v,7,
1002 2590 1377 2660 improperat,
1403 2590 1636 2645 dicens:
1664 2590 1847 2644 «Cur-

201 2677 426 2732 rebatis
458 2678 623 2732 bene.
658 2678 940 2742 Quisnam
971 2694 1073 2734 vos
1105 2679 1458 2734 fascinavit?
1481 2700 1511 2731 ι
1544 2684 1729 2750 Atque
1750 2679 1850 2733 ite—

202 2782 338 2820 rum
363 2782 376 2819 :
412 2789 439 2815 «
474 2768 660 2821 Tanta
689 2769 848 2837 passi
878 2767 1018 2822 estis
1050 2768 1175 2822 sine
1196 2770 1416 2822 causa?
1443 2790 1469 2817 ››
1496 2770 1636 2835 (Gul.
1664 2786 1746 2837 ιιι,
1772 2768 1847 2837 fi.)

203 2855 278 2910 Ut
335 2860 530 2909 tamen
586 2855 882 2925 mitigaret
936 2857 1201 2909 eamdem
1279 2856 1651 2923 sententiam,
1717 2873 1849 2911 mox

201 2942 514 3011 subjungit
547 2960 559 2995 :
596 2964 623 2990 ‹‹
655 2942 715 2995 Si
764 2946 958 2996 tamen
1021 2944 1146 2996 sine
1204 2959 1401 2997 causa.
1438 2967 1464 2991 ››
1524 2943 1615 2997 Sic
1674 2945 1848 2998 etiam

201 3030 317 3085 hoc
376 3030 500 3083 loco
558 3029 902 3100 temperavit
958 3031 1308 3086 sententiam
1365 3048 1555 3098 suam,
1616 3032 1844 3086 dicens:

200 3119 331 3172 Non
393 3117 548 3171 enim
607 3118 865 3186 injustus
925 3124 1094 3184 Deus,
1157 3125 1221 3174 ut
1273 3119 1648 3175 obliviscatur
1721 3137 1850 3191 ope-

202 3206 288 3259 ris
319 3206 517 3271 vestri,
549 3208 690 3261 dum
724 3212 947 3262 tantam
1007 3208 1351 3263 charitatem
1403 3210 1740 3264 ostendistis
1789 3210 1847 3264 in

1958 1964 2091 2019 fecit
2121 1980 2218 2020 eos
2249 1966 2306 2019 in
2337 1966 2447 2021 ﬁde
2478 1982 2605 2021 esse
2637 1966 2785 2021 ﬁlios
2817 1964 3080 2019 Abrahae.
3136 1958 3592 2016 Promissionem

1956 2053 2136 2118 enim,
2170 2054 2315 2121 dico,
2351 2060 2587 2125 operata
2617 2060 2706 2110 est
2736 2053 3154 2125 longanimitas
3186 2046 3497 2112 audientis,
3540 2048 3596 2099 et

1957 2144 2343 2213 exspectantis
2357 2145 2749 2200 haereditatem
2766 2143 3138 2216 promissam,
3153 2156 3329 2212 quam
3354 2134 3594 2209 pusilla-

1958 2232 2146 2287 nimes
2177 2238 2231 2287 et
2258 2234 2539 2288 increduli
2570 2235 2745 2289 verbo
2776 2233 2876 2288 Dei
2932 2249 3046 2287 non
3093 2231 3331 2285 fuerunt
3379 2222 3593 2295 adepti,

1957 2321 2108 2375 sicut
2139 2321 2393 2392 plurima
2423 2323 2657 2378 illorum
2687 2323 2748 2377 in
2778 2324 3007 2377 deserto
3041 2319 3210 2392 periit
3257 2313 3592 2371 multitudo.

1957 2410 2141 2473 Quam
2175 2411 2422 2482 impium
2445 2416 2531 2467 est
2559 2412 2672 2467 Deo
2689 2410 2913 2480 juranti
2938 2426 3051 2464 non
3081 2407 3313 2462 credere
3336 2405 3348 2459 l
3372 2401 3596 2458 Juravit

1956 2500 2110 2553 enim
2142 2500 2296 2556 Deus
2329 2519 2429 2573 per
2459 2501 2863 2572 semetipsum,
2897 2498 3035 2570 quia
3066 2496 3359 2552 neminem
3392 2491 3597 2547 habuit

1957 2590 2260 2659 majorem,
2296 2607 2395 2661 per
2427 2608 2601 2662 quem
2626 2591 2871 2661 juraret.
2898 2589 3096 2643 Potest
3114 2585 3209 2640 hic
3237 2597 3504 2655 persona,
3533 2578 3594 2633 in

1957 2676 2065 2732 hoc
2091 2680 2444 2748 juramento,
2477 2679 2577 2735 Dei
2601 2679 2786 2734 Patris
2808 2678 3074 2749 intelligi,
3101 2674 3201 2747 qui
3223 2674 3294 2729 de
3318 2670 3462 2726 Filio
3489 2683 3595 2723 suo

1957 2767 2145 2822 eidem
2176 2768 2513 2839 patriarchae
2547 2768 2835 2838 promisit,
2867 2768 3103 2822 dicens:
3137 2766 3208 2819 Et
3261 2762 3321 2817 in
3372 2760 3596 2816 semine

1956 2860 2056 2909 tuo
2090 2857 2506 2911 benedicentur
2537 2874 2738 2912 omnes
2794 2860 2994 2928 gentes
3037 2859 3203 2908 terrae
3248 2851 3401 2922 (Gen.
3453 2865 3592 2916 xm,

1960 2944 2069 3013 18).
2093 2966 2119 2996 ι»
2150 2946 2275 2999 Νοη
2308 2945 2447 2999 dicit
2482 2965 2508 2996 ιι
2536 2945 2595 2999 in
2628 2945 2976 3010 seminibus,
3003 2965 3029 2993 ››
3064 2948 3129 2997 ut
3149 2943 3355 2997 beatus
3378 2937 3595 2993 Paulus

1959 3033 2016 3087 in
2053 3033 2164 3088 alia
2194 3035 2558 3089 demonstrat
2587 3033 2846 3105 Epistola
2876 3034 3029 3103 (Gal.
3065 3049 3149 3099 ιιι,
3187 3032 3273 3103 16)
3298 3047 3310 3085 :
3337 3030 3460 3094 sed,
3484 3027 3592 3081 «in

1959 3122 2179 3177 semine
2212 3128 2329 3188 tuo,
2368 3145 2393 3169 ››
2428 3123 2534 3177 hoc
2567 3128 2674 3190 est,
2707 3122 2766 3176 in
2807 3122 3058 3177 Christo.
3118 3121 3289 3175 Jurat
3337 3116 3491 3172 enim
3541 3119 3598 3169 et

1960 3210 2115 3265 idem
2148 3211 2415 3265 Christus
2442 3211 2500 3265 in
2536 3210 2863 3281 Evangelio,
2896 3209 3133 3264 dicens:
3168 3230 3195 3257 α
3218 3210 3401 3261 Amen
3424 3220 3594 3260 amen

200 3294 450 3350 sanctis.
484 3294 770 3351 Volumus
794 3297 949 3350 enim
981 3314 1082 3352 vos
1114 3298 1437 3353 imitatores
1467 3315 1665 3353 eorum
1698 3315 1848 3365 esse,
1882 3271 1923 3337 C
1962 3299 2090 3353 dico
2116 3299 2307 3366 vobis;
2344 3324 2364 3351 ι
2403 3304 2459 3354 et
2480 3298 2603 3371 ipse
2635 3315 2736 3370 per
2756 3296 3160 3367 semetipsum,
3188 3295 3326 3366 quia
3349 3309 3455 3349 nec
3476 3294 3599 3364 ipse

201 3383 308 3455 qui
338 3400 442 3454 per
473 3385 646 3439 ﬁdem
677 3389 735 3439 et
769 3385 1108 3455 patientiam
1145 3386 1461 3441 baereditati
1493 3387 1673 3459 (1409)
1716 3392 1854 3444 sunt

203 3473 657 3545 promissiones.

279 3564 471 3627 Quare
497 3579 629 3618 vero
661 3562 1017 3618 desiderium
1049 3564 1289 3620 haberet
1318 3566 1388 3620 de
1418 3564 1606 3621 salute
1628 3582 1852 3633 eorum,

206 3652 479 3723 sequenti
511 3653 765 3708 ostenth
793 3652 1162 3724 allegatione,
1218 3655 1455 3709 dicens:
1512 3677 1539 3704 «
1572 3656 1855 3727 Cupimus

207 3741 366 3795 enim
398 3756 881 3811 unumquemque
934 3747 1194 3797 vestrum
1246 3743 1515 3798 eamdem
1564 3748 1857 3800 ostentare

207 3828 665 3884 sollicitudinem
697 3829 767 3883 ad
800 3828 1189 3900 expletionem
1222 3831 1343 3900 spei
1364 3848 1551 3902 usque
1574 3832 1630 3885 in
1656 3834 1855 3898 ﬁnem,

208 3923 274 3971 ut
304 3934 421 3973 non
454 3934 662 3989 segnes
702 3918 1108 3972 efﬁciamini.»
1143 3918 1559 3973 Desideramus
1580 3936 1737 3986 vero,
1764 3921 1854 3975 in-

209 4006 359 4076 quit,
396 4022 510 4061 non
543 4010 774 4061 tantum
805 4006 959 4061 circa
988 4007 1181 4077 verba,
1216 4007 1316 4063 sed
1339 4008 1514 4062 etiam
1549 4010 1605 4062 in
1628 4008 1857 4064 virtuti-

210 4095 320 4149 bus
352 4095 704 4161 conversari,
738 4112 854 4150 non
887 4096 1055 4165 quasi
1090 4097 1285 4166 priora
1313 4101 1501 4152 vestra
1532 4097 1855 4168 culpantes,

210 4184 309 4238 sed
342 4189 410 4239 ut
439 4185 509 4239 de
541 4184 755 4239 futuris
785 4184 1022 4239 solliciti
1055 4184 1184 4240 sitis
1207 4186 1611 4255 admonentes,
1638 4187 1744 4243 hoc
1770 4192 1859 4243 est

210 4272 416 4341 quales
447 4272 643 4328 fuistis
676 4274 955 4343 primum,
990 4273 1138 4330 tales
1169 4291 1269 4330 vos
1301 4276 1576 4346 cupimus
1609 4280 1666 4331 et
1686 4278 1858 4332 modo

209 4376 337 4417 esse
367 4366 426 4417 et
474 4362 532 4416 in
566 4363 855 4416 futurum.
908 4363 977 4417 Et
1009 4379 1124 4417 non
1159 4362 1323 4433 dixit,
1356 4364 1507 4435 volo,
1556 4366 1711 4436 quod
1772 4370 1861 4421 est

1964 3388 2461 3459 habuitmajorem
2486 3404 2589 3460 per
2614 3404 2785 3460 quem
2802 3388 3051 3457 juraret.
3075 3406 3103 3435 ‹‹
3127 3384 3479 3440 Benedicens
3500 3382 3600 3437 be-

1881 3483 1897 3494 ⁶
1965 3478 2229 3531 nedicam
2255 3481 2330 3543 te,
2365 3499 2393 3527 »
2426 3477 2532 3533 hoc
2563 3477 2622 3531 in
2656 3475 2841 3532 stellis
2872 3474 3023 3541 cmli,
3073 3490 3174 3545 per
3218 3488 3367 3543 quas
3413 3469 3600 3526 sancti

1965 3567 2347 3635 designantur
2376 3568 2446 3622 de
2477 3569 2606 3636 ejus
2636 3566 2858 3621 semine
2891 3562 3090 3633 futuri,
3125 3560 3369 3631 intelligi
3414 3563 3606 3632 potest

1966 3656 2209 3711 dictum.
2236 3679 2263 3706 «
2294 3656 2690 3728 Multiplicans
2720 3653 3124 3726 multiplicabo
3156 3656 3231 3718 te,
3261 3673 3287 3699 ι»
3319 3653 3376 3705 et
3406 3649 3515 3704 hoc
3546 3648 3604 3702 in

1966 3762 2141 3800 arena
2173 3745 2370 3813 maris,
2420 3761 2520 3816 per
2577 3762 2753 3816 quam
2813 3746 3143 3816 peccatores
3197 3739 3397 3812 populi
3443 3737 3606 3793 illius

1966 3834 2260 3903 designari
2291 3840 2540 3905 possunt
2564 3852 2577 3901 ;
2602 3840 2848 3905 utraque
2874 3833 3029 3888 enim
3053 3831 3364 3887 Dominum
3392 3828 3608 3884 dixisse

1968 3922 2204 3991 legitur,
2239 3922 2337 3976 ubi
2368 3923 2483 3977 ait:
2522 3944 2547 3971 α
2576 3924 2646 3977 Et
2676 3922 2781 3976 erit
2812 3936 3012 3976 semen
3047 3924 3216 3974 tuum
3244 3920 3396 3973 sicut
3427 3916 3608 3973 stellas

1968 4011 2114 4077 cmli,
2148 4014 2203 4064 et
2233 4011 2387 4065 sicut
2416 4027 2591 4065 arena
2622 4027 2749 4081 quas
2781 4013 2871 4065 est
2901 4010 2961 4064 in
2994 4008 3190 4064 littore
3222 4008 3403 4062 maris
3450 4006 3605 4078 (Gen.

1966 4117 2105 4165 xxu,
2134 4100 2243 4170 17).
2271 4120 2297 4147 ››

2044 4210 2071 4239 ‹‹
2104 4188 2381 4243 Homines
2412 4188 2568 4242 enim
2602 4203 2704 4259 per
2730 4187 3011 4258 majorem
3054 4200 3227 4241 suum
3280 4185 3504 4255 jurant,
3555 4188 3612 4239 et

1969 4278 2162 4334 omnis
2189 4277 2592 4332 controversiae
2624 4293 2824 4332 eorum
2856 4275 2991 4331 ﬁnis
3014 4275 3083 4329 ad
3108 4274 3610 4329 conﬁrmationem

1968 4372 2057 4423 est
2080 4369 2506 4437 juramentum.
2531 4389 2557 4415 »
2592 4366 2649 4422 Si
2681 4365 2860 4438 igitur
2890 4364 3230 4420 hominibus
3261 4363 3321 4418 in
3345 4364 3609 4418 futurum

211 4450 580 4505 auctoritatis
613 4450 912 4517 doctrinae;
949 4452 1049 4505 sed
1083 4453 1239 4522 quod
1271 4458 1393 4507 erat
1424 4458 1677 4524 paternae
1710 4454 1859 4509 dile-
1970 4457 2325 4512 credendum
2358 4462 2466 4521 est,
2499 4457 2569 4510 de
2598 4454 2813 4526 quibus
2844 4454 3061 4509 dicitur
3090 4470 3193 4525 per
3218 4452 3603 4524 Prophetam:

212 4538 443 4595 ctionis.
477 4540 598 4595 Hoc
629 4544 739 4607 est,
770 4540 1043 4610 cupimus
1078 4558 1562 4613 unumquemque
1598 4547 1857 4598 vestrum
1971 4567 1999 4595 ‹‹
2032 4544 2233 4599 Omnis
2267 4545 2441 4599 homo
2498 4545 2747 4599 mendax
2794 4544 2966 4614 (Psal.
3026 4559 3150 4609 cxv,
3183 4543 3238 4613 2)
3264 4559 3331 4597 »:
3393 4547 3614 4614 quanto

212 4628 500 4693 eamdem,
532 4645 711 4699 quam
736 4628 874 4687 olim
907 4629 1219 4699 habuistis,
1281 4629 1738 4686 sollicitudinem
1787 4633 1857 4686 ad
1891 4635 1937 4699 D
1971 4634 2162 4704 magis
2193 4634 2291 4688 Dei
2316 4636 2656 4703 juramento
2689 4634 2843 4688 credi
2876 4634 3065 4702 debet,
3101 4632 3199 4703 qui
3239 4635 3326 4686 est
3381 4630 3615 4697 veritas,

214 4715 596 4786 expletionem
628 4716 773 4787 spei,
808 4716 865 4771 id
886 4720 993 4786 est,
1022 4717 1236 4773 habere
1252 4718 1472 4774 debetis
1500 4718 1557 4773 in
1584 4724 1865 4775 aeternam
1972 4722 2067 4792 qui
2097 4738 2199 4775 nec
2231 4721 2376 4786 falli,
2410 4739 2513 4777 nec
2546 4722 2777 4777 mentiri
2811 4722 3040 4793 potest?
3061 4720 3338 4775 Homines
3361 4735 3463 4790 per
3494 4734 3617 4773 ma-

214 4806 725 4861 resurrectionem.
788 4828 814 4855 «
848 4805 1065 4861 Verum
1110 4806 1438 4862 imitatores
1487 4824 1711 4874 eorum,
1758 4809 1859 4878 qui
1963 4811 2153 4881 jorem
2178 4809 2601 4877 suijurant;et
2622 4810 2816 4866 omnis
2840 4808 3245 4866 controversiae
3266 4823 3466 4861 eorum
3482 4806 3617 4863 ﬁnis

216 4891 326 4948 ﬁde
355 4899 413 4948 et
442 4895 726 4965 patientia
755 4894 1183 4951 haereditabunt
1205 4896 1691 4967 promissiones.»
1718 4898 1861 4953 Hor-
1972 4900 2043 4954 ad
2072 4898 2579 4954 conﬁrmationem
2613 4904 2704 4953 est
2727 4899 3161 4967 juramentum,
3194 4900 3367 4965 prout
3397 4895 3446 4949 si
3474 4894 3623 4948 dice-

214 4984 368 5036 tatur
397 4982 554 5037 enim
587 4984 885 5039 auditores
918 5001 1078 5051 suos,
1143 4990 1215 5039 ut
1272 4985 1387 5039 ﬁde
1445 5003 1560 5041 non
1620 4987 1755 5041 ﬁcta
1807 4991 1864 5042 et
1972 4997 2096 5045 rel:
2134 4989 2213 5042 Ex
2244 4987 2353 5041 hoc
2384 4988 2634 5043 solvitur
2676 4986 2855 5041 totius
2912 4982 3317 5043 controversias
3368 4984 3626 5053 discepta

217 5068 495 5136 patientia
526 5073 780 5142 perfecta
810 5077 1146 5142 exspectent
1178 5072 1603 5143 promissiones
1648 5075 1748 5128 Dei
1807 5079 1864 5129 et
1971 5078 2072 5144 tio,
2106 5095 2220 5132 non
2254 5076 2773 5149 uniuscujuslibet,
2808 5076 2908 5129 sed
2932 5074 3140 5132 totius.
3165 5072 3481 5139 Oportebat
3499 5069 3628 5140 qui-

216 5153 580 5216 haareditates
612 5177 760 5232 quas
789 5161 1008 5217 sanctis
1040 5162 1167 5218 suis
1212 5162 1502 5230 promisit.
1972 5170 2103 5223 dem
2137 5167 2263 5221 sine
2286 5165 2628 5234 juramento
2660 5164 2896 5220 credere
2926 5167 3067 5230 Deo,
3106 5157 3429 5226 sedjurare
3450 5158 3633 5212 Deum

288 5249 348 5280 ιθι
378 5248 487 5280 huic
523 5250 749 5280 “remi-1n
783 5251 1060 5280 Ανητνιλῖἶη
1095 5251 1469 5280 ΛΑηπΛιΊΛνιηυιΑ
1502 5251 1710 5280 ηειειη..
1773 5253 1826 5280 Ai

1976 5258 2110 5280 J!-2.L
