3976 5348
355 377 473 440 763

1367 391 1708 454 ATTONIS
1756 391 2342 456 VERCELLENSIS
2390 393 2737 460 EPISCOPI

3635 400 3756 459 ’764

354 514 1096 595 terposuitjusiurandum,
1123 526 1440 596 »quoniam
1459 527 1611 582 enim
1637 529 1789 600 apud
1804 527 1992 583 homi-
2023 529 2077 593 Α
2108 527 2247 582 tif'ex
2278 529 2465 584 factus
2491 535 2579 585 est
2599 531 2923 586 secundum
2982 529 3247 586 ordinem
3298 528 3758 586 Melchisedech.

357 621 459 662 nes
491 607 599 663 hoc
629 610 857 666 videtur
888 613 1056 670 fidele
1075 633 1222 688 esse,
1247 635 1379 674 cum
1401 621 1804 691 juramentum
1826 623 1995 678 inter-

355 697 532 752 fuerit
561 703 972 758 controversiis
1007 721 1227 760 oorum.
1259 707 1382 763 Non
1415 716 1611 765 tamen
1647 712 1864 782 aequale
1911 718 1998 767 est

355 785 653 843 hominem
688 807 786 858 per
817 809 878 846 se
900 795 1122 865 jurare,
1157 802 1213 851 et
1247 799 1448 853 Deum.
1482 801 1663 855 Homo
1695 801 1849 856 enim
1903 802 1994 856 sui

355 881 706 946 potestatem
739 897 853 934 non
916 881 1135 951 habet;
1196 886 1349 941 Deus
1401 894 1594 943 autem
1650 895 1994 960 potestatem

356 964 532 1020 habet
561 969 825 1022 omnium
858 987 985 1040 qua:
1020 977 1176 1027 sunt.
1211 975 1319 1029 Sed
1353 977 1490 1046 quia
1521 977 1883 1032 incredulum
1909 984 1998 1033 est

356 1053 680 1110 humanum
713 1074 921 1128 genus,
954 1063 1364 1118 condescendit
1392 1066 1460 1118 ad
1497 1083 1622 1120 nos.
1659 1067 1818 1122 Sicut
1839 1069 1993 1121 enim

347 1144 510 1212 jurat
543 1151 780 1217 propter
829 1165 953 1218 nos,
989 1153 1256 1219 quamvis
1317 1154 1622 1224 indignum
1656 1156 1705 1210 ei
1752 1157 1828 1210 sit
1884 1175 1993 1211 non

355 1233 530 1299 credi,
558 1234 641 1288 sic
661 1237 931 1306 superius
954 1238 1176 1294 dictum
1194 1247 1282 1295 cst
1305 1258 1317 1297 :
1340 1267 1362 1290 ‹‹
1385 1244 1846 1299 Etdidicitexhis
1869 1263 1996 1315 qua

356 1337 566 1392 passus
591 1329 680 1377 est
707 1341 718 1377 :
750 1346 776 1372 ››
795 1327 1071 1395 quoniam
1101 1328 1371 1385 homines
1389 1331 1496 1385 hoc
1520 1337 1727 1402 putant
1745 1335 1996 1389 maxime

354 1425 482 1464 esse
513 1411 755 1480 dignum
789 1415 919 1485 fide,
957 1421 1019 1470 ut
1052 1435 1154 1488 per
1181 1421 1644 1491 experimentum
1679 1423 1777 1492 qui
1812 1428 1997 1478 trans-

355 1503 447 1554 eat
477 1501 547 1554 ad
583 1502 778 1557 fidem.

315 1659 320 1662 .
433 1607 455 1636 ι
489 1589 559 1643 Ut
589 1607 690 1661 per
719 1592 866 1648 duas
899 1611 990 1649 res
1017 1595 1370 1666 immobiles,
1404 1599 1996 1671 quibusimpossibile

353 1681 442 1732 est
469 1680 697 1734 mentiri
724 1684 1319 1749 Deum,fcrtissimum
1346 1687 1620 1742 solatium
1651 1688 1992 1754 habeamus,

353 1767 454 1836 qui
472 1769 927 1840 confugimusad
943 1775 1252 1829 tenendam
1268 1777 1622 1846 propositam
1639 1795 1798 1849 spem
1819 1796 1993 1850 quam

354 1854 504 1910 sicut
521 1857 837 1914 anchoram
871 1860 1157 1916 habemus
1181 1864 1588 1918 animaatutam
1609 1883 1674 1920 ac
1695 1866 1990 1922 firmam.»
2027 1894 2073 1957 Β

352 1943 508 1998 Duas
540 1961 630 2000 res
662 1946 825 2016 dicit,
859 1949 1197 2019 significans
1222 1953 1323 2008 Dei
1355 1953 1542 2008 Patris
1573 1955 1991 2025 promissiones

352 2032 422 2087 de
446 2032 586 2089 Filio
612 2052 717 2090 suo
739 2043 797 2091 et
818 2038 1131 2094 adventum
1159 2040 1285 2094 Filii
1314 2043 1371 2096 in
1401 2042 1555 2097 hunc
1578 2046 1862 2099 mundum
1891 2062 1992 2116 pro

351 2121 538 2177 salute
568 2128 787 2179 nostra.
824 2125 1122 2197 Proposita
1154 2146 1286 2184 vero
1315 2147 1448 2201 spes
1506 2133 1716 2188 veritas
1775 2140 1861 2188 est
1905 2151 1993 2188 re-

351 2226 478 2264 rum
513 2217 833 2284 gestarum,
867 2232 995 2285 qua:
1028 2217 1376 2288 patriarchis
1407 2222 1708 2290 promissa}
1741 2229 1901 2291 sunt,
1937 2228 1994 2276 ct

350 2298 609 2369 redditaa,
645 2306 709 2354 ut
737 2318 806 2356 ex
839 2305 1154 2359 transactis
1189 2307 1384 2361 futura
1413 2309 1744 2362 credamus.
1808 2310 1989 2372 Quam

350 2403 514 2458 spem
548 2388 699 2443 sicut
726 2391 1066 2457 anchoram,
1090 2393 1301 2464 inquit,
1335 2395 1655 2451 habeamus
1678 2397 1883 2451 animae
1907 2405 1994 2452 tu-

349 2479 468 2530 tam
497 2493 564 2531 ac
596 2478 845 2533 firmam.
883 2480 1047 2536 Sicut
1075 2482 1232 2537 enim
1265 2484 1754 2556 anchorajactata
1795 2488 1990 2541 navim

355 2580 468 2619 non
502 2567 786 2636 permittit
814 2568 1199 2637 circumferri,
1229 2572 1363 2627 licet
1393 2574 1545 2628 venti
1592 2581 1995 2632 commoveant

353 2669 502 2721 eam,
537 2655 637 2709 sed
660 2657 883 2725 jactata
913 2658 1143 2715 firmam
1178 2662 1316 2715 facit
1348 2663 1572 2730 navim;
1607 2665 1690 2719 sic
1741 2670 1798 2719 et
1851 2667 1994 2722 fides

354 2757 456 2813 spe
503 2743 772 2799 roborata
831 2746 1150 2803 introducit
1210 2766 1314 2805 nos
1371 2752 1428 2806 in
1489 2769 1683 2808 rerum
1741 2756 1993 2826 speciem

353 2847 530 2902 quam
565 2833 736 2888 modo
770 2834 883 2890 fide
912 2840 967 2890 et
997 2853 1101 2907 spe
1132 2841 1422 2894 tenemus.

425 2919 558 2975 Ideo
589 2922 836 2990 addidit,
869 2924 1070 2980 dicens
1096 2945 1108 2982 :
1134 2951 1160 2976 ‹‹
1194 2930 1262 2982 Et
1292 2929 1659 2986 incedentem
1707 2949 1891 3003 usque
1923 2935 1994 2988 ad

353 3007 632 3064 interiora
660 3012 984 3070 velaminis.
1011 3038 1040 3064 ››
1068 3017 1409 3088 Tempestas
1438 3019 1617 3086 enim,
1669 3027 1724 3076 et
1773 3021 1995 3076 multus

355 3096 544 3152 imber
572 3106 898 3156 commovet
925 3108 1107 3158 ratem
1135 3124 1147 3171 ;
1185 3107 1440 3163 anchora
1471 3115 1665 3164 autem
1701 3128 1814 3165 non
1866 3128 1994 3182 per-

356 3185 536 3241 mittit
565 3203 693 3242 eam
724 3190 1004 3264 demergi.
1038 3193 1132 3250 Sic
1163 3195 1339 3251 etiam
1372 3203 1572 3252 nostra
1604 3216 1757 3270 spes,
1817 3217 1995 3270 quam

2107 617 2343 689 Oportet
2376 619 2568 690 itaque
2599 625 2651 674 et
2679 619 2831 684 illos,
2865 637 3115 691 quorum
3147 619 3408 675 Pontifex
3454 624 3565 684 est,
3627 634 3756 672 me-

2105 705 2278 761 liores
2309 725 2472 770 esse;
2508 714 2564 763 et
2596 714 2879 778 quantum
2913 714 3002 763 est
3033 709 3184 763 inter
3222 712 3411 762 Aaron
3472 713 3531 761 et
3589 707 3758 761 Chri-

2108 800 2290 862 stum,
2351 803 2581 852 tantum
2643 803 2732 852 est
2789 799 3221 869 quodammodo
3282 799 3432 852 inter
3515 796 3760 850 Judazos

2107 889 2164 939 et
2195 885 2556 941 Christianos
2589 888 2898 957 Superiora
2928 888 3102 941 etiam
3127 891 3183 941 et
3231 886 3538 941 sacrificia.
3592 885 3759 938 Talia

2105 973 2376 1029 videlicet
2407 976 2741 1044 offeramus,
2779 994 2903 1046 quae
2936 976 2992 1030 in
3027 976 3124 1030 illo
3144 977 3480 1031 sanctuario
3506 973 3755 1038 ccclesti,

2107 1065 2296 1118 offerri
2326 1071 2573 1135 possunt
2596 1083 2706 1119 non
2736 1067 2859 1134 jam
2896 1067 3146 1136 pecudes
3173 1071 3228 1120 et
3252 1065 3444 1129 boves,
3478 1081 3596 1118 non
3621 1080 3759 1118 san-

2105 1154 2341 1224 guinein
2376 1159 2430 1208 et
2461 1155 2711 1225 adipem.
2747 1155 2955 1208 Omnia
2988 1154 3106 1209 haec
3139 1154 3331 1209 soluta
3348 1159 3510 1222 sunt,
3540 1159 3598 1206 et
3653 1169 3758 1223 pro

2106 1241 2190 1296 eis
2219 1243 2615 1298 introductum
2647 1249 2734 1299 est
2766 1243 3109 1298 rationabile
3159 1244 3509 1313 obsequium
3574 1243 3753 1304 (Rom.

2061 1349 2063 1352 ·
2106 1348 2203 1399 ΧῙῐ,
2241 1333 2292 1398 1)
2344 1331 2502 1394 Quod
2548 1340 2743 1386 autem
2802 1339 2888 1386 est
2947 1331 3291 1386 rationabile
3349 1331 3755 1400 obsequium?

2106 1419 2280 1473 etiam
2302 1421 2450 1490 quod
2483 1438 2585 1490 per
2601 1422 3052 1490 animam,quod
3079 1437 3178 1491 per
3202 1420 3474 1490 spiritum
3506 1419 3756 1473 offertur

2107 1513 2240 1562 Deo.
2273 1533 2296 1555 ‹‹
2334 1509 2587 1579 Spiritus
2620 1516 2726 1575 est,
2768 1530 2787 1556 ι
2825 1510 3035 1580 inquit,
3098 1532 3124 1557 ‹‹
3158 1509 3332 1575 Deus,
3375 1513 3433 1562 et
3475 1524 3601 1570 eos,
3651 1507 3749 1577 qui

2105 1597 2349 1651 adorant
2379 1615 2535 1663 eum,
2567 1599 2626 1652 in
2661 1599 2868 1668 spiritu
2923 1603 2977 1652 et
3035 1597 3272 1652 veritate
3320 1601 3551 1667 oportet
3612 1599 3751 1649 ado-

2106 1701 2232 1739 rare
2269 1687 2447 1752 (Joan.
2488 1705 2558 1753 1v,
2591 1689 2703 1753 24).
2741 1710 2768 1735 ››
2819 1687 2965 1750 Quid
3024 1691 3132 1755 est,
3184 1691 3360 1740 Deum
3417 1684 3478 1739 in
3538 1684 3752 1755 spiritu

2106 1774 2365 1839 adorare,
2401 1776 2513 1829 nisi
2547 1776 2604 1828 in
2639 1776 2943 1841 charitate,
2978 1780 3033 1830 et
3081 1775 3194 1828 lide
3239 1773 3514 1845 perfecta,
3550 1778 3611 1826 et
3655 1788 3754 1843 spe

2107 1863 2347 1918 indubia
2368 1868 2424 1917 et
2447 1864 2662 1919 sanctis
2684 1865 2890 1918 anima:
2912 1863 3249 1931 virtutibus,
3271 1878 3418 1933 quas
3431 1860 3755 1932 Apostolus

2106 1951 2218 2008 alio
2249 1952 2373 2006 loco
2407 1954 2776 2007 abundanter
2798 1957 3150 2008 enumerat?

2175 2043 2328 2110 (CAP.
2362 2043 2504 2106 VII.)
2535 2065 2561 2090 ‹‹
2600 2042 2702 2096 Hic
2731 2042 2886 2096 enim
2947 2041 3392 2105 Melchisedech,
3430 2064 3452 2091 ι
3511 2039 3749 2106 Melchi,

2101 2147 2250 2191 rex;
2283 2132 2490 2185 sedech
2522 2148 2653 2186 vero
2695 2133 2936 2202 justitz’a,’
2989 2131 3424 2202 interpretatur.
3488 2130 3561 2182 Et
3610 2129 3752 2198 quid

2103 2219 2261 2273 aliud
2296 2226 2403 2284 est,
2438 2237 2534 2274 rex
2574 2220 2843 2290 justitiae,
2905 2221 3016 2274 nisi
3078 2220 3359 2275 Dominus
3419 2223 3625 2273 noster
3668 2217 3755 2271 Je-

2105 2326 2205 2362 sus
2235 2309 2525 2373 Christus,
2558 2311 2628 2364 de
2663 2327 2777 2380 quo
2800 2311 2927 2380 jam
2959 2326 3138 2380 supra
3168 2309 3390 2363 dictum
3415 2312 3535 2361 est:
3594 2331 3622 2354 ‹‹
3660 2305 3752 2360 Di-

2103 2397 2289 2452 lexisti
2316 2399 2635 2467 justitiam,
2671 2404 2726 2453 et
2750 2399 2925 2453 odisti
2957 2398 3328 2469 iniquitatem
3370 2397 3545 2468 (Psal.
3604 2413 3751 2459 κων,

2102 2488 2177 2557 8).
2204 2510 2231 2536 ››
2256 2488 2374 2542 Rex
2400 2487 2611 2542 Salem.
2649 2489 2717 2542 Et
2741 2488 2850 2543 hoc
2890 2487 3236 2542 vocabulum
3290 2486 3535 2541 sortitus
3568 2491 3659 2540 est
3688 2501 3753 2538 ex

2105 2575 2335 2630 civitate
2367 2592 2541 2646 quam
2604 2575 2972 2631 inbabitavit.
3028 2576 3174 2630 Nam
3229 2575 3434 2640 salem,
3495 2573 3610 2628 hoc
3669 2577 3752 2627 est

2098 2667 2272 2736 pacis,
2319 2666 2474 2736 quod
2533 2665 2746 2720 iterum
2802 2665 3056 2736 pertinet
3110 2665 3180 2718 ad
3239 2663 3564 2719 Christum.
3628 2663 3750 2734 lpse

2105 2771 2358 2826 namque
2390 2756 2703 2823 nosjustos
2735 2755 2944 2820 efficit;
2980 2755 3103 2826 ipse
3139 2752 3465 2825 pacificavit
3513 2767 3646 2823 qua:
3691 2751 3748 2805 in

2104 2842 2284 2911 cmlis,
2319 2848 2375 2896 et
2405 2860 2534 2912 quae
2561 2843 2619 2896 in
2655 2845 2826 2898 terris
2858 2849 3029 2909 sunt;
3075 2843 3175 2915 qui
3205 2847 3292 2897 est
3323 2857 3436 2912 pax
3465 2846 3668 2894 nostra
3695 2846 3748 2894 et

2105 2931 2240 2985 fecit
2272 2936 2515 3002 utraque
2548 2949 2730 2986 unum
2767 2933 2984 3002 (Ep/aes.
3023 2949 3081 2999 ιι,
3119 2932 3225 3000 14).
3266 2952 3286 2979 α
3323 2930 3610 2984 Sacerdos
3658 2929 3746 2983 Dei

2105 3021 2343 3076 summi.
2382 3042 2403 3070 »
2441 3021 2722 3076 Sacerdos
2755 3021 2854 3075 Dei
2887 3021 3252 3076 summiesse
3271 3019 3490 3073 dicitur
3514 3017 3747 3072 Melchi-

2104 3111 2312 3164 sedech
2337 3112 2406 3163 ad
2432 3110 2873 3164 distinctionem
2898 3109 3146 3164 aliorum
3167 3110 3433 3174 deorum,
3467 3112 3532 3161 ut
3563 3123 3744 3162 sacer-

2107 3200 2212 3254 dos
2246 3199 2341 3252 Dei
2375 3199 2682 3264 Creatoris,
2718 3215 2830 3254 non
2866 3198 3152 3253 idolorum
3207 3213 3334 3253 esse
3393 3196 3743 3250 crederetur.

354 3273 641 3331 habemus
663 3278 837 3334 fixam
862 3280 919 3336 in
943 3281 1996 3352 interioravelaminis,nullainfideli-
2028 3260 2070 3327 Ο
2113 3309 2134 3338 ι
2173 3287 2279 3352 Qui
2311 3287 2564 3342 obviavit
2619 3288 2862 3342 Abrahm
2895 3303 3158 3357 regresso
3191 3305 3223 3340 a
3255 3286 3408 3340 caede
3457 3300 3687 3354 regum.
3720 3305 3745 3330 υ

355 3367 474 3419 tate
501 3367 680 3434 mergi
701 3369 930 3438 poterit,
978 3371 1025 3425 si
1049 3388 1181 3426 cum
1208 3374 1490 3445 Propheta
1520 3378 1798 3431 veraciter
1841 3378 1996 3432 dica-

359 3469 528 3509 mus:
555 3476 583 3504 «
604 3456 774 3511 Jacta
804 3457 862 3512 in
897 3464 1078 3515 Deum
1110 3479 1308 3517 curam
1333 3469 1517 3533 tuam,
1543 3471 1595 3518 et
1621 3467 1745 3536 ipse
1775 3471 1829 3520 te
1862 3483 2001 3520 enu-

358 3542 494 3597 triet
523 3545 691 3615 (Psal.
728 3563 836 3611 LIV,
898 3548 1008 3618 23),
1039 3572 1067 3598 ››
1127 3555 1184 3604 et
1232 3569 1344 3605 non
1404 3553 1708 3622 habentes,
1760 3554 1999 3609 omnino

359 3630 613 3687 demersi
645 3649 902 3699 eramus,
929 3653 1038 3692 non
1073 3642 1301 3694 tantum
1346 3641 1403 3694 in
1461 3643 1846 3713 spiritalibus,
1898 3645 1998 3698 sed

360 3719 535 3774 etiam
569 3721 626 3774 in
650 3723 1007 3792 carnalibus,
1030 3727 1186 3798 quia,
1213 3750 1242 3780 ‹‹
1271 3730 1370 3800 qui
1394 3736 1586 3797 arat,»
1631 3732 1821 3802 inquit
1849 3735 1999 3803 Apo-

361 3807 573 3874 stolus,
606 3831 634 3858 «
666 3810 724 3864 in
757 3829 859 3884 spe
890 3819 1016 3870 arat
1048 3834 1060 3882 ;
1108 3822 1164 3871 et
1212 3820 1404 3873 omnis
1456 3819 1618 3875 labor
1662 3825 1857 3876 noster
1901 3839 2003 3892 spe

362 3899 649 3953 mercedis
681 3901 996 3970 cuiuslibet
1039 3905 1373 3962 consolatur
1429 3911 1477 3979 (I
1532 3910 1649 3964 Cor.
1712 3928 1784 3964 1x.
1840 3912 1997 3978 10).»

362 3986 505 4058 Spes
536 4005 668 4044 vero
701 3997 964 4062 penetrat
987 3994 1264 4051 interiora
1285 3997 1612 4065 velaminis,
1647 4001 1784 4053 dum
1835 4000 2002 4055 cccle-

363 4077 479 4132 stia
507 4078 729 4150 absque
748 4079 866 4136 ulla
881 4081 1238 4138 dubitatione
1257 4087 1520 4151 credit,et
1543 4094 1802 4156 Speratct
1823 4094 2000 4155 amat,

367 4167 642 4237 operibus
665 4171 920 4226 ostendit
938 4172 1076 4244 quid
1101 4179 1280 4241 amet,
1310 4180 1366 4229 et
1397 4176 1535 4246 quid
1569 4178 1764 4230 credat
1786 4180 1841 4230 et
1863 4177 2003 4247 quid

364 4263 575 4327 speret.

435 4347 500 4398 Et
531 4349 594 4398 ut
615 4346 930 4403 ﬁrmiorem
957 4350 1127 4407 nobis
1149 4368 1312 4423 spem
1350 4353 1610 4420 adderet,
1661 4353 2001 4423 subjunxit:

365 4450 394 4482 ι
416 4431 523 4486 Ubi
547 4448 867 4502 praecursor
887 4453 988 4507 pro
1022 4438 1188 4494 nobis
1224 4440 1445 4495 introiit
1463 4441 1656 4511 Jesus,
1676 4444 2002 4498 secundum

363 4520 627 4577 ordinem
651 4522 1071 4580 Melchisedech
1090 4528 1356 4583 Pontifex
1373 4529 1630 4585 factusin
1655 4535 2004 4586 aeternum.»

2109 3377 2374 3430 Tradunt
2404 3376 2622 3430 Hebraei
2660 3376 2816 3430 hunc
2847 3393 2974 3431 esse
3001 3380 3132 3430 Sem
3167 3374 3350 3429 filium
3385 3373 3524 3438 Noe,
3573 3378 3631 3426 et
3685 3388 3744 3426 eo

2081 3466 2390 3536 'tempore,
2427 3481 2542 3534 quo
2564 3470 2728 3520 ortus
2758 3469 2848 3520 est
2877 3464 3195 3530 Abraham,
3230 3462 3509 3517 habuisse
3568 3459 3746 3514 aetatis

2111 3571 2295 3609 annos
2325 3559 2612 3609 trecentos
2642 3555 2960 3625 nonaginta
2990 3554 3137 3607 duos
3169 3553 3369 3622 (1410),
3406 3555 3461 3605 et
3502 3567 3569 3605 eo
3604 3557 3747 3604 tem-

2111 3659 2268 3714 pore,
2301 3659 2416 3712 quo
2441 3648 2712 3697 mortuus
2726 3642 3040 3708 Abraham,
3057 3641 3335 3696 habuisse
3348 3639 3541 3694 aetatis
3569 3655 3748 3693 annos

2113 3731 2462 3802 quingentos
2495 3731 2795 3803 sexaginta
2826 3731 3106 3802 quinque,
3139 3735 3196 3785 et
3224 3731 3306 3784 ita
3361 3728 3749 3799 supervixisse

2110 3821 2402 3875 Abraham
2427 3837 2610 3875 annos
2634 3820 3023 3892 quadraginta
3045 3817 3750 3890 quinque,quibusexple-

2112 3909 2209 3978 tis,
2245 3909 2376 3964 facti
2409 3914 2548 3963 sunt
2571 3925 2774 3964 omnes
2805 3909 2926 3963 dies
2957 3909 3084 3962 vitae
3118 3909 3247 3977 ejus
3305 3906 3588 3962 sexcenti.
3641 3905 3750 3960 Nec

2113 4014 2239 4053 esse
2273 3999 2510 4061 mirum,
2545 3998 2593 4051 si
2625 3997 3044 4052 Melchisedech
3077 3996 3278 4052 victori
3307 3994 3606 4051 Abraham
3656 3995 3748 4048 ob-

2111 4087 2265 4141 viam
2299 4087 2662 4158 processerit,
2698 4093 2753 4140 et
2795 4088 2850 4140 in
2915 4085 3311 4151 refectionem,
3364 4089 3487 4138 tam
3545 4083 3749 4156 ipsius,

2115 4193 2290 4246 quam
2313 4181 2700 4246 pugnatorum
2725 4177 3091 4246 ejus,panem
3117 4174 3438 4245 vinumque
3453 4172 3748 4239 obtulerit,

2114 4269 2170 4318 et
2201 4265 2556 4318 benedixerit
2584 4265 2656 4329 ei,
2690 4266 2842 4335 quod
2868 4265 3136 4336 abnepoti
3157 4265 3413 4335 suojure
3439 4264 3752 4334 paternita-

2113 4354 2189 4408 tis
2220 4353 2474 4417 deberet,
2503 4357 2559 4407 et
2591 4354 2884 4408 decimaas
2914 4355 3120 4423 pradre
3151 4358 3326 4424 atque
3374 4351 3630 4406 victoriae
3687 4350 3751 4404 ab

2114 4443 2240 4514 ipso
2263 4442 2567 4513 acceperit.
2595 4442 2703 4496 Sed
2721 4443 2790 4495 de
2814 4442 2921 4496 hoc
2944 4443 3012 4495 ad
3042 4440 3300 4495 litteram
3331 4439 3568 4511 longius
3601 4438 3752 4494 labo-

2115 4549 2241 4586 rare
2258 4548 2492 4587 necesse
2521 4548 2633 4585 non
2657 4535 2764 4598 est,
2787 4531 2923 4602 quia
2945 4532 3002 4586 in
3027 4530 3468 4585 commentariis
3491 4527 3627 4583 libri
3659 4529 3752 4583 Ge-

365 4609 695 4664 Praecursor
724 4615 919 4666 autem
942 4617 1332 4683 quorumdam
1354 4622 1442 4672 est
1466 4635 1807 4689 prmcursor,
1834 4619 2006 4676 sicuti
2037 4627 2082 4692 D
2117 4637 2340 4687 neseos,
2380 4637 2525 4690 quos
2548 4621 2618 4674 de
2641 4621 2847 4690 spiritu
2871 4628 2923 4674 et
2948 4619 3139 4674 littera
3159 4625 3292 4674 ante
3307 4618 3531 4689 aliquot
3551 4616 3750 4687 scripsi

363 4697 619 4753 Joannes
646 4699 881 4755 Christi.
914 4701 1038 4756 Non
1070 4704 1223 4758 enim
1258 4706 1400 4760 dixit
1447 4708 1813 4779 simpliciter,
1856 4734 1880 4759 ‹‹
1917 4710 2006 4764 in-

364 4787 547 4854 troiit,
583 4813 607 4834 ιι
640 4790 762 4856 sed,
802 4812 821 4838 ι
850 4789 947 4844 ubi
979 4809 1303 4862 prwcursor
1333 4813 1434 4866 pro
1477 4798 1645 4852 nobis
1705 4799 1943 4868 introiit,
1974 4823 2001 4849 ››

365 4875 462 4930 ubi
477 4877 699 4949 absque
711 4879 890 4934 dubio
905 4896 1010 4935 nos
1024 4887 1284 4952 oporteat
1304 4887 1571 4956 prosequi
1586 4905 2001 4959 praecursorem

365 4971 650 5021 nostrum.
687 4971 1111 5025 Praecursorem
1135 4973 1448 5043 siquidem,
1474 4979 1527 5028 et
1550 4982 2003 5046 conscquentem

366 5052 422 5092 in
458 5056 658 5094 nariam
694 5057 866 5094 aHnm
898 5058 983 5094 υἷα
1009 5075 1135 5094 anan
1159 5062 1422 5096 anns-oni}
1471 5062 1584 5096 ῘῘΛΛ
1605 5069 1796 5096 ηηιηννι
1826 5065 1892 5096 An
1919 5082 1981 5096 nn

2117 4725 2323 4775 annos,
2351 4709 2708 4763 sufficienter
2729 4708 3058 4779 expositum
3081 4714 3169 4762 est
3190 4706 3396 4776 (Mli).
3422 4729 3450 4755 ‹‹
3483 4707 3554 4760 Et
3584 4706 3750 4760 bene-

2117 4797 2261 4852 dixit
2284 4797 2355 4851 ei.
2384 4820 2408 4845 ››
2442 4797 2550 4860 Qui
2580 4797 2736 4852 enim
2765 4797 3054 4851 benedicit
3085 4799 3274 4866 major
3301 4800 3391 4850 est
3419 4811 3602 4865 quam
3660 4793 3747 4864 qui

2116 4886 2496 4941 benedicitur.
2535 4887 2693 4941 Unde
2722 4890 2777 4940 et
2803 4886 3132 4940 sacerdotes
3164 4901 3233 4939 ex
3263 4885 3486 4939 semine
3521 4883 3748 4938 Abrahae

2115 4976 2255 5043 nati,
2293 4975 2502 5030 fratres
2531 4991 2671 5029 suos
2699 4974 3142 5042 benedicebant,
3171 4973 3230 5028 id
3260 4978 3371 5037 est,
3406 4973 3565 5027 filios
3587 4971 3744 5027 Israel

2117 5065 2331 5098 nnikna
2355 5063 2446 5098 in}:
2477 5063 2730 5098 rint-imae
2755 5063 2969 5098 [ξολοηέ
3000 5063 3324 5098 οοηηηιῖηπι
3346 5060 3492 5098 lania
3521 5059 3749 5098 montis-
