3976 5348
200 260 322 320 Ἰῑιῦ

782 256 1199 323 EXPOSITIO
1243 259 1325 321 IN
1368 259 1801 322 EPIS’I‘OLAS
1845 259 2102 323 PAULI.
2138 292 2214 307 —
2242 260 2323 324 IN
2357 261 2607 324 EPIST.
2652 262 2755 321 AD
2799 260 3035 322 HEBR.

3490 254 3610 317 766

204 392 379 449 modo
398 392 553 448 enim
576 392 835 450 dedisset
853 393 1149 449 Abraham
1183 393 1521 465 alienigena
1551 394 1855 449 Melchise-
1885 395 1940 460 Α
1970 399 2123 451 esset
2152 414 2163 452 :
2190 419 2217 446 «
2240 398 2418 469 Cujus
2440 400 2635 453 autem
2658 394 2953 468 generatio
2975 409 3091 450 non
3115 389 3611 449 annumeraturin

203 481 349 537 dech
373 482 659 537 sacerdoti
691 483 1102 538 incircumciso
1123 484 1401 551 decimas,
1429 483 1540 538 nisi
1569 485 1697 553 ejus
1728 482 1855 555 plu-

204 569 394 624 rimus
419 569 607 626 honor
645 576 821 626 esset.

278 659 494 714 Deinde
524 659 765 715 alteram
797 661 1184 716 differentiam
1226 662 1569 725 introducit,
1602 661 1804 717 dicens
1840 679 1852 716 :

205 766 236 797 «
264 747 400 802 Sine
440 752 620 818 patre,
656 748 783 804 sine
814 755 1019 815 matre,
1055 750 1183 805 sine
1216 750 1577 821 genealogis.
1615 772 1640 799 ››
1696 751 1757 804 In
1789 768 1855 805 eo

200 837 358 892 enim
393 838 547 908 quod
581 838 776 893 subito
809 855 1018 893 nomen
1049 839 1177 908 ejus
1212 838 1530 904 inducitur,
1555 843 1613 893 et
1642 856 1709 893 ex
1740 856 1856 909 qua

200 927 387 999 stirpe
405 928 484 981 sit
502 931 838 996 procreatus
856 944 1228 998 nequaquam
1254 928 1455 998 ponitu
1466 945 1622 995 r,nec
1641 928 1856 983 indica-

198 1018 299 1069 tur
328 1016 400 1070 de
434 1015 599 1070 initio
631 1016 761 1071 vita
791 1018 921 1085 ejus
949 1017 1034 1071 vel
1070 1018 1202 1083 ﬁne,
1234 1032 1338 1071 nec
1369 1022 1523 1081 ante,
1556 1033 1661 1070 nec
1694 1021 1851 1085 post-

197 1104 445 1158 modum
472 1103 796 1176 quidquam
822 1106 1087 1171 refertur,
1114 1106 1241 1160 ideo
1265 1107 1570 1177 adjungit:
1608 1128 1633 1158 α
1658 1107 1854 1176 Neque

192 1191 433 1247 initium
466 1192 717 1257 dierum,
752 1210 940 1264 neque
970 1198 1146 1248 tinem
1178 1195 1305 1248 vita
1339 1194 1583 1249 habens.
1622 1216 1649 1241 ››
1700 1196 1850 1258 Quo-

193 1281 376 1335 modo
417 1295 523 1334 nec
572 1281 809 1336 initium
850 1282 1098 1347 dierum,
1136 1300 1325 1353 neque
1372 1284 1547 1337 ﬁnem
1600 1282 1853 1336 habuit?

189 1369 525 1434 Quomodo,
550 1369 661 1426 nisi
692 1371 832 1441 quia
857 1388 972 1425 non
1004 1378 1225 1435 narrat,
1251 1372 1401 1427 sicut
1428 1372 1700 1442 superius
1724 1371 1849 1440 jam

185 1457 477 1521 diximus,
497 1458 800 1530 Scriptura
820 1460 949 1529 ejus
971 1460 1371 1531 genealogiam
1389 1459 1417 1512 ?
1436 1459 1595 1513 Sicut
1616 1463 1672 1514 et
1692 1458 1853 1513 Chri-

183 1550 326 1601 stus
355 1546 489 1616 ipsa
519 1551 731 1601 natura
762 1546 888 1602 sine
919 1548 1088 1602 initio
1122 1554 1178 1602 et
1222 1550 1334 1602 ﬁne
1364 1552 1471 1603 est.
1504 1548 1665 1602 Sicut
1694 1548 1851 1602 enim

180 1636 370 1691 istius
394 1636 693 1691 nescimus
715 1653 905 1707 neque
926 1637 1156 1691 initium
1181 1637 1432 1704 dierum,
1459 1654 1648 1707 neque
1676 1638 1850 1692 ﬁnem

178 1725 235 1779 vi
259 1730 350 1790 ta,
385 1731 619 1795 propter
650 1725 805 1795 quod
838 1742 951 1780 non
985 1730 1074 1780 est
1102 1727 1412 1796 scriptum,
1437 1726 1519 1780 ita
1551 1726 1851 1781 nescimus

179 1812 326 1868 Filii
360 1813 453 1867 Dei
486 1812 745 1881 initium,
768 1813 855 1868 vel
889 1814 1085 1869 ﬁnem.
1118 1815 1247 1885 Ipse
1279 1820 1369 1870 est
1398 1814 1552 1869 enim
1587 1814 1748 1870 solus
1778 1815 1848 1870 de

186 1905 368 1957 Patre
397 1901 524 1957 sine
554 1907 739 1956 matre
770 1902 1005 1973 genitus
1036 1918 1138 1973 per
1167 1903 1530 1958 divinitatem
1562 1921 1575 1970 ;
1622 1903 1747 1974 ipse
1776 1903 1848 1958 de

193 1990 385 2045 Matre
414 1990 541 2045 sine
573 1996 735 2061 patre
776 2007 878 2062 per
922 1992 1394 2058 humanitatem;
1442 1992 1567 2063 ipse
1618 2009 1849 2063 quoque

190 2080 482 2135 Sacerdos
512 2085 788 2146 aternus,
810 2081 881 2134 ad
917 2097 1091 2151 quem
1117 2081 1333 2135 dicitur
1358 2098 1370 2136 :
1410 2105 1428 2129 ιι
1459 2082 1541 2136 Tu
1575 2098 1637 2136 es
1666 2098 1850 2137 sacer-

188 2167 301 2223 dos
334 2167 393 2221 in
424 2173 707 2223 aternum
740 2169 1065 2224 secundum
1097 2169 1363 2223 ordinem
1398 2169 1845 2225 Melchisedech.

184 2255 573 2312 Assimilatus
597 2261 687 2312 est
706 2263 897 2312 autem
925 2256 1066 2312 Filio
1088 2257 1210 2313 Dei.
1238 2279 1264 2306 »
1298 2258 1631 2313 Similitudo
1654 2259 1763 2314 hoc
1784 2260 1843 2313 in

186 2340 320 2399 loco
353 2360 468 2399 non
502 2361 603 2415 pro
643 2344 997 2416 aequalitate,
1032 2348 1132 2402 sed
1168 2364 1268 2417 pro
1302 2349 1489 2419 ﬁgura
1516 2348 1706 2419 posita
1734 2352 1841 2403 est.

189 2433 359 2489 Sicut
389 2434 544 2496 enim
593 2434 653 2488 in
708 2435 1088 2505 imaginibus,
1121 2436 1342 2506 aliquid
1376 2437 1586 2503 simile,
1620 2438 1842 2507 aliquid

190 2521 486 2578 dissimile
518 2524 757 2593 ponitur
781 2548 794 2589 ;
823 2524 1151 2580 similitudo
1178 2531 1266 2580 est
1298 2525 1371 2580 in'
1390 2525 1674 2595 positione
1696 2525 1847 2581 colo-

191 2628 325 2666 rum
339 2655 352 2679 ,
366 2619 421 2667 el
441 2611 525 2666 sic
542 2611 872 2667 diﬁ'erentia
889 2614 1204 2668 manifesta
1222 2619 1604 2683 monstratur,
1621 2620 1671 2669 et
1695 2631 1847 2685 quee-

192 2699 334 2753 dam
367 2699 604 2769 quidem
638 2698 872 2770 similis,
897 2702 1165 2770 quadam
1189 2706 1382 2756 autem
1415 2703 1741 2766 dissimilis,
1766 2704 1847 2758 ita

192 2788 412 2842 umbra
431 2793 489 2842 et
519 2788 755 2855 veritas,
778 2790 966 2859 ﬁgura
996 2794 1054 2844 et
1083 2791 1234 2860 quod
1262 2791 1648 2861 significatur.
1683 2812 1711 2840 ‹‹
1734 2793 1848 2846 Ma-

195 2880 304 2931 net
333 2876 617 2931 Sacerdos
649 2876 704 2929 in
740 2881 1107 2947 perpetuum.
1142 2901 1170 2927 ››
1226 2879 1341 2933 Hoc
1372 2879 1443 2933 de
1473 2879 1702 2933 Christo
1735 2880 1848 2934 Do-

196 2963 385 3029 mino,
410 2980 527 3018 non
549 2965 621 3019 de
641 2963 1061 3021 Melchisedech
1084 2965 1331 3037 intelligi
1353 2966 1479 3021 vult
1497 2967 1845 3038 Apostolus:

194 3050 339 3122 quia
363 3052 475 3107 iste
498 3057 863 3120 mortuus,et
882 3071 997 3110 non
1020 3055 1131 3109 fuit
1152 3055 1422 3111 sacerdos
1445 3058 1501 3111 in
1525 3062 1845 3124 atsrnum;

189 3140 388 3212 ﬁgura
416 3145 617 3196 tamen
647 3143 776 3211 ejus
806 3142 946 3197 vivit
975 3143 1033 3197 in
1055 3143 1282 3199 Christo
1311 3144 1370 3198 in
1405 3150 1770 3215 perpetuum.

264 3228 431 3284 Unde
451 3234 510 3284 et
539 3230 808 3301 sequitur
831 3247 843 3285 :
880 3253 908 3281 ‹‹
936 3232 1250 3288 Intuemini
1275 3238 1471 3288 autem
1496 3238 1753 3305 quantus
1774 3234 1851 3290 sit

190 3318 311 3385 hic,
339 3318 434 3372 cui
465 3323 522 3372 et
541 3319 803 3374 decimas
825 3320 986 3374 dedit
1007 3322 1078 3376 de
1104 3321 1412 3393 pracipuis
1435 3322 1729 3378 Abraham
1755 3341 1851 3395 pa-

187 3405 470 3462 triarcha.
500 3426 529 3455 »
562 3407 724 3470 Quod
751 3425 884 3463 vero
916 3408 1250 3479 patriarcha
1280 3426 1531 3482 magnus
1554 3411 1847 3467 Abraham

189 3495 452 3551 decimas
471 3496 814 3551 substantia
829 3514 947 3552 sua
963 3497 1388 3554 Melchisedech
1413 3500 1697 3555 sacerdoti
1723 3505 1853 3572 post

195 3583 664 3639 benedictionem
696 3585 876 3654 dedit,
909 3587 1101 3641 sciens
1145 3586 1393 3655 qualiter
1422 3588 1631 3643 melius
1660 3606 1849 3644 sacer-

198 3672 423 3728 dotium
444 3673 705 3728 futurum
722 3674 780 3727 in
799 3673 1013 3744 populo
1028 3675 1846 3747 gentium,quamLeviticum,

197 3761 354 3831 quod
378 3761 437 3815 in
461 3760 640 3815 Israel
661 3761 733 3815 de
754 3761 881 3831 ipso
904 3768 1029 3817 erat
1054 3763 1419 3817 nasciturum
1442 3764 1847 3836 futurumque,

196 3856 261 3903 ut
285 3849 684 3904 sacerdotium
707 3849 975 3905 Ecclesia:
998 3850 1224 3905 habens
1247 3852 1600 3922 praputium
1624 3852 1852 3909 benedi-

197 3941 352 3991 ceret
369 3937 731 3992 inAbraham
749 3937 1098 3992 circumciso
1113 3939 1850 4012 sacerdotiumSynagoga.

196 4026 265 4080 Et
294 4026 408 4081 hoc
437 4025 736 4097 apostolus
758 4026 974 4081 Paulus
996 4027 1239 4092 Judais,
1263 4029 1334 4083 ad
1368 4045 1515 4099 quos
1546 4028 1697 4085 hanc
1718 4029 1850 4102 Epi-

197 4112 414 4168 stolam
438 4113 773 4181 destinavit,
798 4113 1057 4170 inculcat
1082 4120 1139 4170 et
1168 4116 1346 4172 dicit:
1379 4117 1657 4188 Aspicite,
1678 4124 1735 4173 et
1763 4119 1851 4173 in-

195 4201 443 4275 telligite
472 4219 651 4273 quam
686 4219 939 4274 magnus
987 4204 1083 4258 hic
1126 4208 1400 4261 sacerdos
1428 4206 1850 4263 Melchisedech

198 4295 304 4357 est,
329 4291 433 4363 qui
466 4293 716 4363 ﬁguram
738 4292 951 4348 Christi
983 4293 1288 4363 gestabat;
1322 4295 1413 4350 cui
1448 4300 1568 4351 tam
1600 4312 1854 4368 magnus

200 4381 534 4450 patriarcha
558 4380 854 4437 Abraham
878 4380 1135 4436 decimas
1158 4382 1320 4436 dedit
1343 4384 1412 4437 de
1444 4384 1773 4456 pracipuis,
1794 4385 1848 4440 id

203 4472 314 4535 est,
346 4470 418 4525 de
450 4469 796 4526 melioribus
823 4470 999 4524 rebus
1028 4486 1156 4540 qua
1187 4470 1460 4527 habebat.

276 4578 302 4606 «
336 4563 406 4613 Et
437 4558 675 4630 quidem
709 4559 780 4613 de
812 4558 948 4613 ﬁliis
983 4560 1109 4614 Levi
1140 4561 1534 4616 sacerdotium
1566 4562 1854 4634 accipien-

208 4645 317 4710 tes,
333 4647 682 4702 maudatum
705 4647 926 4703 habent
950 4648 1209 4703 decimas
1230 4664 1462 4704 sumere
1485 4667 1519 4705 a
1538 4651 1751 4722 populo
1774 4668 1858 4707 se-

211 4735 471 4789 cundum
494 4735 777 4807 legem,id
803 4740 959 4802 est,a
980 4736 1261 4792 fratribus
1283 4738 1778 4811 suis,quanquam
1802 4744 1860 4795 et

208 4817 322 4890 ipsi
342 4823 590 4878 exierint
608 4824 679 4880 de
706 4823 925 4879 lumbis
945 4826 1214 4881 Abraha.
1245 4848 1264 4874 η
1302 4827 1488 4882 Tanta
1511 4827 1728 4901 quippe
1748 4834 1855 4895 est,

211 4906 421 4979 inquit,
457 4912 766 4968 sacerdotii
799 4913 1158 4981 excellentia,
1194 4918 1258 4968 ut
1287 4914 1463 4971 etiam
1500 4916 1602 4988 qui
1635 4918 1859 4975 similes

212 5006 407 5055 essent
436 5002 924 5073 progenitoribus,
949 5008 1006 5058 et
1035 5003 1311 5061 eumdem
1344 5004 1624 5061 haberent
1655 5022 1857 5079 proge-

215 5084 482 5158 nitorem,
496 5095 690 5147 tamen
709 5089 891 5145 multo
905 5094 1164 5165 amplius
1184 5090 1454 5150 meliores
1475 5094 1859 5165 essejudicati

216 5179 367 5246 sunt,
402 5194 436 5233 a
466 5179 677 5249 quibus
708 5178 1021 5248 accipiunt.
1054 5185 1127 5239 Et
1176 5184 1447 5251 quamvis
1494 5201 1528 5239 a
1580 5183 1859 5243 fratribus

214 5261 334 5317 suis
365 5268 690 5324 sacerdotes
721 5268 794 5322 de
824 5266 974 5323 tribu
1011 5270 1148 5328 Levi
1182 5269 1442 5330 decimas
1474 5279 1733 5343 sumant,
1769 5280 1855 5332 ta-

1965 484 2069 552 eis,
2093 508 2112 533 »
2141 486 2196 540 id
2222 490 2331 553 est,
2353 486 2408 540 in
2437 486 2571 542 ﬁliis
2594 485 2759 553 Levi;
2791 481 3237 547 Melchisedech,
3257 484 3322 536 ut
3341 479 3611 551 superius

1966 575 2065 641 ait,
2091 597 2120 624 «
2145 575 2270 630 sine
2292 580 2497 643 matre,
2520 581 2577 629 et
2606 575 2731 631 sine
2757 572 3093 645 genealogia
3118 594 3145 621 »
3173 589 3186 626 :
3220 569 3609 641 signiﬁcativo

1965 668 2158 718 autem
2193 664 2387 729 modo,
2411 664 2623 719 Christi
2649 663 2945 735 generatio
2970 679 3073 734 per
3101 660 3465 716 divinitatem
3493 670 3608 712 non

1964 754 2590 823 annumeratur,juxta
2610 752 2754 807 illud
2781 772 2792 807 :
2824 774 2848 805 α
2867 751 3308 808 Generationem
3329 749 3458 817 ejus
3476 747 3610 817 quis

1963 842 2300 896 enarrabit‘?
2321 864 2349 890 ››
2378 842 2643 897 Decimas
2665 841 2920 913 sumpsit
2940 840 3203 906 Abrahae,
3226 838 3481 903 ethunc,
3507 834 3609 907 qui

1962 930 2216 985 habebat
2241 931 2747 1002 repromissiones,
2771 929 3083 984 benedixit.
3106 929 3239 982 Sine
3266 926 3387 983 ulla
3413 928 3604 980 autem

1961 1020 2443 1085 contradictione,
2469 1021 2624 1091 quod
2645 1020 2842 1074 minus
2863 1023 2972 1083 est,
2997 1034 3030 1071 a
3061 1016 3297 1072 meliore
3316 1013 3607 1070 benedici-

1960 1112 2056 1163 tur
2084 1111 2237 1180 (Isai.
2272 1127 2391 1176 LIII,
2423 1110 2499 1176 8).
2532 1109 2633 1163 His
2667 1112 2862 1163 autem
2893 1106 3126 1161 duobus
3157 1103 3345 1159 modis
3368 1100 3606 1157 Melchi-

1961 1198 2170 1253 sedech
2204 1197 2594 1252 sacerdotium
2627 1201 2748 1251 toto
2776 1194 3002 1250 Veteris
3029 1191 3390 1248 Testamenti
3421 1204 3607 1245 sacer-

1960 1287 2118 1342 dotio
2140 1285 2419 1358 pracellit
2442 1302 2456 1339 :
2484 1287 2761 1357 primum,
2778 1284 2918 1355 quia
2936 1282 3195 1338 decimas
3216 1280 3288 1336 ab
3309 1277 3603 1333 Abraham

1959 1375 2225 1431 omnium
2253 1376 2623 1430 sacerdotum
2654 1378 2817 1445 patre
2839 1372 3099 1441 accipere
3124 1369 3358 1433 meruit,
3382 1371 3439 1422 et
3468 1366 3607 1437 quia

1959 1465 2138 1534 hunc,
2166 1463 2267 1535 qui
2295 1463 2781 1535 repromissiones
2803 1464 3123 1532 acceperat,
3148 1455 3462 1514 benedixit.
3486 1458 3607 1509 Hoc

1961 1554 2133 1607 modo
2168 1553 2226 1606 in
2248 1554 2441 1608 Veteri
2465 1553 2839 1607 Testamento
2862 1548 3158 1605 Christum
3182 1544 3441 1617 apertius
3465 1559 3608 1616 pra-

1960 1642 2213 1712 ﬁgurare
2271 1658 2385 1697 non
2443 1641 2654 1712 potuit,
2708 1655 2884 1711 quam
2938 1633 3384 1692 Melchisedech.
3443 1632 3603 1697 Quod

1961 1746 2094 1784 vero
2127 1728 2457 1800 patriarcha
2486 1744 2736 1799 magnus
2760 1726 3021 1784 decimas
3042 1723 3236 1780 omnis
3261 1719 3604 1778 substantia

1958 1835 2076 1873 sua
2102 1818 2523 1874 Melchisedech
2548 1816 2834 1874 sacerdoti
2867 1818 2999 1887 post
3020 1811 3479 1869 benedictionem
3502 1808 3603 1863 de-

1958 1906 2279 1973 dit,‘sciens
2309 1906 2670 1979 spiritaliter,
2698 1910 2764 1962 ut
2792 1905 3070 1968 diximus,
3095 1900 3306 1957 melius
3332 1898 3604 1954 sacerdo-

1957 1995 2107 2050 tium
2134 1995 2398 2050 futurum
2431 1996 2488 2049 in
2524 1994 2737 2066 populo
2768 1993 3056 2065 gentium,
3079 2006 3258 2062 quam
3283 1987 3600 2052 leviticum,

1959 2085 2113 2153 quod
2160 2084 2218 2138 in
2264 2083 2441 2140 Israel
2472 2084 2544 2139 de
2572 2083 2700 2155 ipso
2730 2087 2855 2138 erat
2887 2080 3273 2145 nasciturum,
3307 2077 3602 2131 futurum-

1957 2189 2090 2243 que,
2123 2177 2188 2227 ut
2239 2172 2630 2228 sacerdotium
2665 2170 2931 2227 Ecclesia
2977 2169 3199 2224 habens
3248 2163 3599 2237 praputium

1955 2260 2325 2316 benediceret
2371 2262 2431 2315 in
2478 2261 2775 2316 Abraham
2820 2256 3166 2313 circumciso
3209 2251 3599 2311 sacerdotium

1956 2364 2283 2421 synagoga.

2028 2460 2056 2488 ‹‹
2089 2446 2134 2492 Α
2166 2438 2405 2495 meliore
2433 2437 2830 2505 benedicetur,
2863 2458 2892 2487 »
2923 2436 2983 2490 id
3017 2438 3125 2501 est,
3159 2451 3193 2489 a
3222 2432 3462 2503 majore.
3500 2430 3601 2484 Be-

1955 2526 2206 2583 nedictio
2237 2527 2611 2583 abundantia
2642 2532 2750 2583 est.
2786 2526 2920 2582 Ideo
2960 2528 3155 2580 autem
3205 2537 3375 2577 nemo
3424 2520 3598 2574 bene-

1956 2616 2145 2671 dicere
2176 2620 2385 2686 potest,
2419 2616 2531 2670 nisi
2576 2616 2675 2687 qui
2723 2615 2912 2685 major
2955 2618 3066 2681 est,
3099 2616 3156 2667 ot
3203 2626 3372 2667 nemo
3420 2610 3600 2664 bene-

1955 2704 2065 2758 dici
2118 2708 2329 2775 potest,
2373 2704 2487 2760 nisi
2536 2705 2636 2775 qui
2686 2705 2879 2759 minor
2925 2706 3035 2758 est.
3084 2701 3259 2755 Vides
3307 2702 3598 2771 quantum

1957 2791 2201 2846 interest
2248 2793 2400 2847 inter
2448 2791 2743 2847 Abraham
2794 2796 2851 2847 et
2904 2787 3352 2853 Melchisedech,
3386 2786 3487 2857 qui
3535 2785 3600 2839 ti-

1957 2896 2165 2951 guram
2216 2881 2455 2949 gerebat
2503 2880 2816 2936 Salvatoris
2866 2878 3074 2935 nostri.
3106 2877 3478 2948 Approbatur
3505 2873 3602 2928 hic

1958 2968 2166 3024 melior
2196 2968 2618 3023 Melchisedech
2662 2984 2810 3034 esse,
2845 2983 3022 3038 quam
3053 2965 3370 3032 Abraham,
3401 2968 3462 3018 et
3506 2979 3599 3017 sa-

1959 3057 2280 3113 cerdotium
2307 3058 2458 3128 ejus,
2481 3073 2659 3128 quam
2688 3056 3015 3111 levitarum.
3038 3053 3409 3125 Approbatur
3435 3050 3600 3105 Chri-

1960 3151 2088 3201 stus
2133 3144 2339 3200 melior
2367 3143 2819 3211 Melchisedech,
2851 3148 2909 3199 et
2957 3141 3231 3197 omnibus
3277 3138 3604 3211 praphetis,

1958 3233 2080 3288 sive
2122 3231 2494 3304 patriarchis,
2526 3230 2612 3286 vel
2666 3229 2942 3287 omnibus
2989 3226 3231 3285 sanctis.
3266 3224 3365 3281 Isti
3413 3223 3604 3282 sancti

1959 3322 2113 3377 sicut
2143 3321 2435 3385 homines,
2466 3320 2569 3376 ille
2598 3321 2751 3376 sicut
2781 3324 2955 3385 Deus,
2988 3322 3045 3373 et
3073 3316 3250 3372 homo
3277 3333 3289 3383 ;
3324 3312 3423 3370 isti
3452 3314 3607 3369 sicut

1958 3409 2063 3464 ﬁlii
2095 3409 2373 3481 adoptivi,
2407 3408 2505 3464 ille
2535 3414 2601 3464 ut
2634 3407 2906 3480 proprius
2936 3406 3135 3462 Filius.
3163 3405 3229 3460 Et
3256 3403 3408 3459 hanc
3438 3401 3602 3458 diffe-

1958 3499 2209 3555 rentiam
2258 3514 2360 3570 per
2406 3503 2596 3553 totum
2640 3502 2862 3553 textum
2902 3493 3172 3567 Epistola
3203 3493 3383 3563 hujus
3414 3491 3605 3547 disse-

1961 3586 2169 3652 minat,
2182 3593 2238 3642 et
2249 3587 2513 3657 jaculatu
2523 3605 2569 3657 r,
2584 3585 2784 3641 volens
2801 3586 3203 3641 demonstrare
3221 3585 3506 3654 quantum
3524 3580 3607 3634 in-

1959 3675 2128 3731 tersit
2154 3678 2306 3730 inter
2328 3674 2646 3739 Christum,
2672 3680 2728 3731 et
2749 3672 3131 3745 patriarchas,
3152 3670 3239 3727 vel
3266 3670 3604 3743 prophetas.

1960 3764 2027 3818 Et
2050 3771 2282 3835 propter
2310 3764 2420 3818 hoc
2450 3764 2775 3834 assumpsit
2793 3760 3240 3825 Melchisedech,
3264 3760 3423 3831 quia,
3452 3758 3606 3814 sicut

1952 3851 2079 3921 jam
2111 3851 2389 3917 diximus,
2419 3851 2553 3922 plus
2583 3851 2864 3922 apertius,
2887 3854 2945 3904 et
2979 3849 3350 3904 manifestius
3370 3847 3608 3921 gerebat

1961 3941 2209 4010 ﬁguram
2267 3938 2583 3995 Salvatoris
2642 3938 2849 4005 nostri,
2900 3942 2957 3993 et
3006 3942 3071 3992 ut
3127 3935 3252 4007 ipse
3299 3937 3602 4007 approbat,

1964 4050 1991 4079 «
2023 4028 2151 4084 sine
2173 4028 2292 4083 ulla
2315 4028 2794 4091 contradictione,
2821 4027 2976 4097 quod
3001 4025 3200 4080 minus
3228 4029 3337 4089 est,
3364 4045 3393 4072 »
3422 4024 3604 4079 Abra-

1960 4116 2121 4186 ham,
2174 4139 2202 4167 «
2236 4134 2270 4172 a
2323 4116 2562 4172 meliore
2611 4116 3009 4183 benedicetur,
3042 4135 3072 4164 ››
3122 4113 3180 4167 id
3224 4116 3335 4178 est,
3367 4110 3605 4167 Melchi-

1960 4205 2193 4261 sedech.
2218 4207 2512 4261 Abraham
2543 4206 2761 4278 quippe
2790 4204 3049 4261 decimas
3078 4202 3263 4269 dedit,
3293 4200 3446 4273 quod
3478 4216 3607 4273 per-

1960 4293 2108 4349 tinet
2130 4295 2201 4349 ad
2225 4296 2587 4350 sacerdotem
2606 4290 3490 4350 Melchisedech.Melchisedech
3512 4290 3611 4346 ite-

1960 4399 2095 4437 rum
2128 4383 2443 4450 benedicit,
2475 4385 2629 4456 quod
2662 4389 2754 4440 est
2783 4381 3043 4439 melioris
3074 4379 3443 4437 excellentia.

1886 4490 1931 4554 D
2036 4471 2198 4525 Istud
2232 4472 2495 4527 scribens
2525 4471 2862 4542 Apostolus,
2895 4476 2953 4527 et
2992 4469 3355 4533 examinans,
3387 4468 3613 4523 fortiter

1967 4560 2398 4630 condemnavit,
2429 4565 2489 4616 et
2536 4561 2784 4616 exclusit
2828 4560 3105 4615 Judaicas
3151 4556 3428 4613 rationes.
3474 4556 3611 4610 Pro-

1965 4652 2163 4719 pterea
2191 4648 2422 4704 dicebat
2455 4666 2468 4705 :
2509 4668 2529 4696 α
2564 4649 2711 4713 Quia
2740 4647 3065 4702 imbecilles
3094 4645 3229 4700 facti
3259 4645 3398 4700 estis
3429 4644 3610 4715 (Hebr.

1966 4754 2019 4806 v,
2050 4737 2138 4803 11)
2164 4753 2176 4803 ;
2205 4759 2225 4788 ι
2265 4737 2404 4807 quia
2433 4737 2543 4793 hoc
2564 4741 2820 4792 evertere
2850 4735 3102 4798 volebat,
3124 4748 3196 4787 ne
3226 4732 3616 4803 gloriarentur

1966 4826 2023 4882 in
2078 4826 2183 4880 eis.
2237 4825 2394 4882 Talis
2445 4833 2536 4883 est
2582 4842 2745 4881 enim
2795 4822 3089 4894 sapientia
3142 4819 3305 4875 Pauli
3352 4819 3617 4890 apostoli.

1966 4916 2289 4988 Perstrepit
2317 4917 2601 4987 primum,
2635 4922 2693 4972 et
2720 4920 2862 4969 tunc
2890 4908 3217 4985 ingreditur
3254 4908 3324 4963 ad
3373 4924 3459 4974 ea,
3493 4923 3619 4979 qua

1966 5004 2095 5063 vult
2125 5006 2453 5078 ostendere,
2481 5011 2539 5063 et
2566 5004 2712 5062 dicit
2742 5022 2756 5059 :
2799 5021 2818 5047 α
2856 5002 2929 5059 Et
2957 5002 3049 5057 hic
3081 4996 3343 5067 quidem,
3368 4995 3624 5052 decimas

1969 5095 2288 5151 morientes
2309 5095 2580 5153 homines
2601 5090 2924 5165 accipiunt.
2951 5114 2972 5145 ι
3006 5083 3319 5144 Morientes
3339 5084 3626 5155 homines,

1965 5185 2022 5241 id
2057 5187 2169 5251 est,
2205 5183 2357 5240 ﬁlios
2388 5190 2580 5244 Aaron
2614 5180 2956 5243 sacerdotes
3004 5180 3074 5233 de
3120 5172 3276 5228 tribu
3306 5174 3438 5230 Levi
3467 5173 3625 5240 dicit,

1968 5274 2108 5346 quia
2141 5273 2421 5332 mortales
2450 5279 2642 5345 erant,
2675 5297 2703 5325 «
2738 5268 2821 5326 ibi
2853 5277 3049 5324 autem
3082 5267 3462 5329 contestatur,
3494 5259 3631 5332 quia
