  <div class='ocr_page' id='page_1' title='image "/cluster/home/n/w/nwhite01/storage/ocr_20150623/134/hvd.32044015471741/381.png"; bbox 0 0 3976 5348; ppageno 0'>
   <div class='ocr_carea' id='block_1_1' title="bbox 323 409 440 471">
    <p class='ocr_par' dir='ltr' id='par_1_1' title="bbox 323 409 440 471">
     <span class='ocr_line' id='line_1_1' title="bbox 323 409 440 471; baseline 0.009 -1"><span class='ocrx_word' id='word_1_1' title='bbox 323 409 440 471; x_wconf 81' lang='lat'>767</span> 
     </span>
    </p>
   </div>
   <div class='ocr_carea' id='block_1_2' title="bbox 1338 421 2707 488">
    <p class='ocr_par' dir='ltr' id='par_1_2' title="bbox 1338 421 2707 488">
     <span class='ocr_line' id='line_1_2' title="bbox 1338 421 2707 488; baseline 0.006 -8"><span class='ocrx_word' id='word_1_2' title='bbox 1338 421 1675 482; x_wconf 81' lang='lat' dir='ltr'>ATTONIS</span> <span class='ocrx_word' id='word_1_3' title='bbox 1719 422 2307 486; x_wconf 81' lang='lat' dir='ltr'>VERCELLENSIS</span> <span class='ocrx_word' id='word_1_4' title='bbox 2354 423 2707 488; x_wconf 83' lang='lat' dir='ltr'>EPISCOPI</span> 
     </span>
    </p>
   </div>
   <div class='ocr_carea' id='block_1_3' title="bbox 3606 424 3715 486">
    <p class='ocr_par' dir='ltr' id='par_1_3' title="bbox 3606 424 3715 486">
     <span class='ocr_line' id='line_1_3' title="bbox 3606 424 3715 486; baseline -0.009 0"><span class='ocrx_word' id='word_1_5' title='bbox 3606 424 3715 486; x_wconf 82' lang='lat'>768</span> 
     </span>
    </p>
   </div>
   <div class='ocr_carea' id='block_1_4' title="bbox 324 558 3719 640">
    <p class='ocr_par' dir='ltr' id='par_1_4' title="bbox 324 558 3719 640">
     <span class='ocr_line' id='line_1_4' title="bbox 324 558 3719 640; baseline 0.001 -27"><span class='ocrx_word' id='word_1_6' title='bbox 324 560 485 613; x_wconf 89' lang='lat' dir='ltr'>ctum</span> <span class='ocrx_word' id='word_1_7' title='bbox 518 558 617 632; x_wconf 88' lang='lat' dir='ltr'>sit)</span> <span class='ocrx_word' id='word_1_8' title='bbox 669 576 771 632; x_wconf 81' lang='lat' dir='ltr'>per</span> <span class='ocrx_word' id='word_1_9' title='bbox 799 563 1115 634; x_wconf 68' lang='lat' dir='ltr'>Abraham,</span> <span class='ocrx_word' id='word_1_10' title='bbox 1147 570 1202 622; x_wconf 80' lang='lat' dir='ltr'>et</span> <span class='ocrx_word' id='word_1_11' title='bbox 1236 568 1390 635; x_wconf 67' lang='lat' dir='ltr'>Levi,</span> <span class='ocrx_word' id='word_1_12' title='bbox 1424 570 1519 640; x_wconf 78' lang='lat' dir='ltr'>qui</span> <span class='ocrx_word' id='word_1_13' title='bbox 1567 571 1823 627; x_wconf 69' lang='lat' dir='ltr'>decimas</span> <span class='ocrx_word' id='word_1_14' title='bbox 1870 588 1964 627; x_wconf 70' lang='lat' dir='ltr'>ac-</span> <span class='ocrx_word' id='word_1_15' title='bbox 1995 558 2047 622; x_wconf 84' lang='lat' dir='ltr'>A</span> <span class='ocrx_word' id='word_1_16' title='bbox 2078 560 2135 614; x_wconf 90' lang='lat' dir='ltr'>id</span> <span class='ocrx_word' id='word_1_17' title='bbox 2168 565 2274 627; x_wconf 89' lang='lat' dir='ltr'>est,</span> <span class='ocrx_word' id='word_1_18' title='bbox 2308 561 2568 633; x_wconf 89' lang='lat' dir='ltr'>corporis</span> <span class='ocrx_word' id='word_1_19' title='bbox 2599 566 2656 617; x_wconf 90' lang='lat' dir='ltr'>et</span> <span class='ocrx_word' id='word_1_20' title='bbox 2700 559 3007 633; x_wconf 78' lang='lat' dir='ltr'>sanguinis</span> <span class='ocrx_word' id='word_1_21' title='bbox 3036 561 3163 631; x_wconf 84' lang='lat' dir='ltr'>eius</span> <span class='ocrx_word' id='word_1_22' title='bbox 3196 564 3631 616; x_wconf 78' lang='lat' dir='ltr'>sacramentum</span> <span class='ocrx_word' id='word_1_23' title='bbox 3663 560 3719 615; x_wconf 92' lang='lat' dir='ltr'>in</span> 
     </span>
    </p>
   </div>
   <div class='ocr_carea' id='block_1_5' title="bbox 325 648 1965 733">
    <p class='ocr_par' dir='ltr' id='par_1_5' title="bbox 325 648 1965 733">
     <span class='ocr_line' id='line_1_5' title="bbox 325 648 1965 733; baseline 0.01 -32"><span class='ocrx_word' id='word_1_24' title='bbox 325 648 494 719; x_wconf 88' lang='lat' dir='ltr'>cepit,</span> <span class='ocrx_word' id='word_1_25' title='bbox 545 651 867 709; x_wconf 93' lang='lat' dir='ltr'>decimatus</span> <span class='ocrx_word' id='word_1_26' title='bbox 916 661 1021 710; x_wconf 81' lang='lat' dir='ltr'>est.</span> <span class='ocrx_word' id='word_1_27' title='bbox 1058 680 1085 704; x_wconf 86' lang='lat'>»</span> <span class='ocrx_word' id='word_1_28' title='bbox 1145 659 1409 714; x_wconf 89' lang='lat' dir='ltr'>Decimas</span> <span class='ocrx_word' id='word_1_29' title='bbox 1463 663 1706 733; x_wconf 86' lang='lat' dir='ltr'>accepit,</span> <span class='ocrx_word' id='word_1_30' title='bbox 1747 663 1801 717; x_wconf 90' lang='lat' dir='ltr'>id</span> <span class='ocrx_word' id='word_1_31' title='bbox 1859 668 1965 731; x_wconf 87' lang='lat' dir='ltr'>est,</span> 
     </span>
    </p>
   </div>
   <div class='ocr_carea' id='block_1_6' title="bbox 322 737 1967 819">
    <p class='ocr_par' dir='ltr' id='par_1_6' title="bbox 322 737 1967 819">
     <span class='ocr_line' id='line_1_6' title="bbox 322 737 1967 819; baseline 0.011 -29"><span class='ocrx_word' id='word_1_32' title='bbox 322 737 452 791; x_wconf 87' lang='lat' dir='ltr'>Levi</span> <span class='ocrx_word' id='word_1_33' title='bbox 485 738 554 794; x_wconf 90' lang='lat' dir='ltr'>de</span> <span class='ocrx_word' id='word_1_34' title='bbox 588 740 867 798; x_wconf 80' lang='lat' dir='ltr'>fratribus</span> <span class='ocrx_word' id='word_1_35' title='bbox 898 745 1022 799; x_wconf 90' lang='lat' dir='ltr'>suis</span> <span class='ocrx_word' id='word_1_36' title='bbox 1073 769 1101 795; x_wconf 83' lang='lat'><strong><em>«</em></strong></span> <span class='ocrx_word' id='word_1_37' title='bbox 1133 747 1457 804; x_wconf 85' lang='lat' dir='ltr'>decimatus</span> <span class='ocrx_word' id='word_1_38' title='bbox 1497 755 1603 815; x_wconf 87' lang='lat' dir='ltr'>est,</span> <span class='ocrx_word' id='word_1_39' title='bbox 1641 774 1663 799; x_wconf 69' lang='lat'>&gt;2</span> <span class='ocrx_word' id='word_1_40' title='bbox 1718 752 1825 807; x_wconf 91' lang='lat' dir='ltr'>hoc</span> <span class='ocrx_word' id='word_1_41' title='bbox 1857 759 1967 819; x_wconf 83' lang='lat' dir='ltr'>est,</span> 
     </span>
    </p>
   </div>
   <div class='ocr_carea' id='block_1_7' title="bbox 329 826 1964 906">
    <p class='ocr_par' dir='ltr' id='par_1_7' title="bbox 329 826 1964 906">
     <span class='ocr_line' id='line_1_7' title="bbox 329 826 1964 906; baseline 0.011 -27"><span class='ocrx_word' id='word_1_42' title='bbox 329 845 355 878; x_wconf 71' lang='grc' dir='ltr'><em>α</em></span> <span class='ocrx_word' id='word_1_43' title='bbox 384 826 445 880; x_wconf 88' lang='lat' dir='ltr'>in</span> <span class='ocrx_word' id='word_1_44' title='bbox 469 826 688 884; x_wconf 91' lang='lat' dir='ltr'>lumbis</span> <span class='ocrx_word' id='word_1_45' title='bbox 712 832 1030 899; x_wconf 70' lang='lat' dir='ltr'>Abrahae,»</span> <span class='ocrx_word' id='word_1_46' title='bbox 1065 836 1202 906; x_wconf 84' lang='lat' dir='ltr'>quia</span> <span class='ocrx_word' id='word_1_47' title='bbox 1225 838 1514 892; x_wconf 79' lang='lat' dir='ltr'>Abraham</span> <span class='ocrx_word' id='word_1_48' title='bbox 1543 840 1964 897; x_wconf 72' lang='lat' dir='ltr'>Melchisedech</span> 
     </span>
    </p>
   </div>
   <div class='ocr_carea' id='block_1_8' title="bbox 324 916 1964 1000">
    <p class='ocr_par' dir='ltr' id='par_1_8' title="bbox 324 916 1964 1000">
     <span class='ocr_line' id='line_1_8' title="bbox 324 916 1964 1000; baseline 0.009 -30"><span class='ocrx_word' id='word_1_49' title='bbox 324 916 583 973; x_wconf 83' lang='lat' dir='ltr'>decimas</span> <span class='ocrx_word' id='word_1_50' title='bbox 606 920 783 975; x_wconf 89' lang='lat' dir='ltr'>dedit.</span> <span class='ocrx_word' id='word_1_51' title='bbox 822 945 848 970; x_wconf 85' lang='lat'><strong>«</strong></span> <span class='ocrx_word' id='word_1_52' title='bbox 870 924 1071 978; x_wconf 88' lang='lat' dir='ltr'>Adhuc</span> <span class='ocrx_word' id='word_1_53' title='bbox 1094 925 1247 980; x_wconf 90' lang='lat' dir='ltr'>enim</span> <span class='ocrx_word' id='word_1_54' title='bbox 1274 927 1331 981; x_wconf 90' lang='lat' dir='ltr'>in</span> <span class='ocrx_word' id='word_1_55' title='bbox 1368 927 1586 982; x_wconf 80' lang='lat' dir='ltr'>lumbis</span> <span class='ocrx_word' id='word_1_56' title='bbox 1612 931 1792 1000; x_wconf 88' lang='lat' dir='ltr'>patris</span> <span class='ocrx_word' id='word_1_57' title='bbox 1821 936 1964 997; x_wconf 81' lang='lat' dir='ltr'>erat,</span> 
     </span>
    </p>
   </div>
   <div class='ocr_carea' id='block_1_9' title="bbox 324 1006 1967 1080">
    <p class='ocr_par' dir='ltr' id='par_1_9' title="bbox 324 1006 1967 1080">
     <span class='ocr_line' id='line_1_9' title="bbox 324 1006 1967 1080; baseline 0.01 -23"><span class='ocrx_word' id='word_1_58' title='bbox 324 1020 457 1059; x_wconf 91' lang='lat' dir='ltr'>cum</span> <span class='ocrx_word' id='word_1_59' title='bbox 482 1006 730 1062; x_wconf 87' lang='lat' dir='ltr'>obviavit</span> <span class='ocrx_word' id='word_1_60' title='bbox 756 1010 803 1063; x_wconf 89' lang='lat' dir='ltr'>ei</span> <span class='ocrx_word' id='word_1_61' title='bbox 832 1012 1315 1069; x_wconf 82' lang='lat' dir='ltr'>Melchisedech.»</span> <span class='ocrx_word' id='word_1_62' title='bbox 1344 1020 1641 1080; x_wconf 88' lang='lat' dir='ltr'>Quomodo</span> <span class='ocrx_word' id='word_1_63' title='bbox 1667 1019 1723 1073; x_wconf 91' lang='lat' dir='ltr'>in</span> <span class='ocrx_word' id='word_1_64' title='bbox 1750 1020 1967 1073; x_wconf 88' lang='lat' dir='ltr'>lumbis</span> 
     </span>
    </p>
   </div>
   <div class='ocr_carea' id='block_1_10' title="bbox 324 1094 1969 1165">
    <p class='ocr_par' dir='ltr' id='par_1_10' title="bbox 324 1094 1969 1165">
     <span class='ocr_line' id='line_1_10' title="bbox 324 1094 1969 1165; baseline 0.01 -18"><span class='ocrx_word' id='word_1_65' title='bbox 324 1094 517 1149; x_wconf 90' lang='lat' dir='ltr'>adhuc</span> <span class='ocrx_word' id='word_1_66' title='bbox 564 1103 707 1165; x_wconf 88' lang='lat' dir='ltr'>erat,</span> <span class='ocrx_word' id='word_1_67' title='bbox 760 1117 893 1155; x_wconf 91' lang='lat' dir='ltr'>cum</span> <span class='ocrx_word' id='word_1_68' title='bbox 951 1103 1001 1156; x_wconf 89' lang='lat' dir='ltr'>ei</span> <span class='ocrx_word' id='word_1_69' title='bbox 1054 1105 1309 1159; x_wconf 91' lang='lat' dir='ltr'>obviavit</span> <span class='ocrx_word' id='word_1_70' title='bbox 1354 1107 1822 1163; x_wconf 84' lang='lat' dir='ltr'>Melchisedech?</span> <span class='ocrx_word' id='word_1_71' title='bbox 1852 1110 1969 1163; x_wconf 82' lang='lat' dir='ltr'>Hoc</span> 
     </span>
    </p>
   </div>
   <div class='ocr_carea' id='block_1_11' title="bbox 324 1185 1892 1265">
    <p class='ocr_par' dir='ltr' id='par_1_11' title="bbox 324 1185 1892 1265">
     <span class='ocr_line' id='line_1_11' title="bbox 324 1185 1892 1265; baseline 0.01 -28"><span class='ocrx_word' id='word_1_72' title='bbox 324 1188 431 1249; x_wconf 89' lang='lat' dir='ltr'>est,</span> <span class='ocrx_word' id='word_1_73' title='bbox 467 1185 525 1239; x_wconf 89' lang='lat' dir='ltr'>in</span> <span class='ocrx_word' id='word_1_74' title='bbox 558 1203 623 1241; x_wconf 91' lang='lat' dir='ltr'>co</span> <span class='ocrx_word' id='word_1_75' title='bbox 655 1193 778 1242; x_wconf 89' lang='lat' dir='ltr'>erat</span> <span class='ocrx_word' id='word_1_76' title='bbox 809 1190 960 1256; x_wconf 90' lang='lat' dir='ltr'>Levi,</span> <span class='ocrx_word' id='word_1_77' title='bbox 995 1209 1330 1265; x_wconf 85' lang='lat' dir='ltr'>quanquam</span> <span class='ocrx_word' id='word_1_78' title='bbox 1367 1202 1541 1251; x_wconf 90' lang='lat' dir='ltr'>natus</span> <span class='ocrx_word' id='word_1_79' title='bbox 1572 1214 1685 1253; x_wconf 92' lang='lat' dir='ltr'>non</span> <span class='ocrx_word' id='word_1_80' title='bbox 1718 1206 1892 1253; x_wconf 82' lang='lat' dir='ltr'>esset.</span> 
     </span>
    </p>
   </div>
   <div class='ocr_carea' id='block_1_12' title="bbox 397 1274 1967 1355">
    <p class='ocr_par' dir='ltr' id='par_1_12' title="bbox 397 1274 1967 1355">
     <span class='ocr_line' id='line_1_12' title="bbox 397 1274 1967 1355; baseline 0.01 -28"><span class='ocrx_word' id='word_1_81' title='bbox 397 1274 581 1343; x_wconf 81' lang='grc'>(1412)</span> <span class='ocrx_word' id='word_1_82' title='bbox 632 1300 657 1325; x_wconf 89' lang='grc'>‹‹</span> <span class='ocrx_word' id='word_1_83' title='bbox 694 1278 753 1331; x_wconf 92' lang='lat' dir='ltr'>Si</span> <span class='ocrx_word' id='word_1_84' title='bbox 795 1295 930 1351; x_wconf 89' lang='lat' dir='ltr'>ergo</span> <span class='ocrx_word' id='word_1_85' title='bbox 959 1285 1384 1338; x_wconf 87' lang='lat' dir='ltr'>consummatio</span> <span class='ocrx_word' id='word_1_86' title='bbox 1434 1302 1533 1355; x_wconf 91' lang='lat' dir='ltr'>per</span> <span class='ocrx_word' id='word_1_87' title='bbox 1580 1289 1967 1343; x_wconf 81' lang='lat' dir='ltr'>sacerdotium</span> 
     </span>
    </p>
   </div>
   <div class='ocr_carea' id='block_1_13' title="bbox 323 1361 1969 1445">
    <p class='ocr_par' dir='ltr' id='par_1_13' title="bbox 323 1361 1969 1445">
     <span class='ocr_line' id='line_1_13' title="bbox 323 1361 1969 1445; baseline 0.011 -29"><span class='ocrx_word' id='word_1_88' title='bbox 323 1361 619 1419; x_wconf 80' lang='lat' dir='ltr'>leviticum</span> <span class='ocrx_word' id='word_1_89' title='bbox 653 1372 775 1421; x_wconf 89' lang='lat' dir='ltr'>erat</span> <span class='ocrx_word' id='word_1_90' title='bbox 804 1370 1079 1441; x_wconf 86' lang='lat' dir='ltr'>(populus</span> <span class='ocrx_word' id='word_1_91' title='bbox 1110 1372 1264 1427; x_wconf 89' lang='lat' dir='ltr'>enim</span> <span class='ocrx_word' id='word_1_92' title='bbox 1307 1376 1416 1429; x_wconf 87' lang='lat' dir='ltr'>sub</span> <span class='ocrx_word' id='word_1_93' title='bbox 1460 1376 1585 1445; x_wconf 89' lang='lat' dir='ltr'>ipso</span> <span class='ocrx_word' id='word_1_94' title='bbox 1634 1376 1818 1445; x_wconf 89' lang='lat' dir='ltr'>legem</span> <span class='ocrx_word' id='word_1_95' title='bbox 1871 1396 1969 1434; x_wconf 85' lang='lat' dir='ltr'>ac-</span> 
     </span>
    </p>
   </div>
   <div class='ocr_carea' id='block_1_14' title="bbox 326 1452 1971 1530">
    <p class='ocr_par' dir='ltr' id='par_1_14' title="bbox 326 1452 1971 1530">
     <span class='ocr_line' id='line_1_14' title="bbox 326 1452 1971 1530; baseline 0.011 -25"><span class='ocrx_word' id='word_1_96' title='bbox 326 1452 521 1522; x_wconf 78' lang='lat' dir='ltr'>cepit).</span> <span class='ocrx_word' id='word_1_97' title='bbox 546 1475 573 1501; x_wconf 84' lang='lat'>»</span> <span class='ocrx_word' id='word_1_98' title='bbox 601 1453 833 1525; x_wconf 77' lang='lat' dir='ltr'>ilicjam</span> <span class='ocrx_word' id='word_1_99' title='bbox 861 1458 1468 1530; x_wconf 75' lang='lat' dir='ltr'>incipitditt‘erentiam</span> <span class='ocrx_word' id='word_1_100' title='bbox 1491 1467 1795 1522; x_wconf 83' lang='lat' dir='ltr'>ostendere</span> <span class='ocrx_word' id='word_1_101' title='bbox 1819 1468 1971 1523; x_wconf 89' lang='lat' dir='ltr'>inter</span> 
     </span>
    </p>
   </div>
   <div class='ocr_carea' id='block_1_15' title="bbox 325 1538 1968 1627">
    <p class='ocr_par' dir='ltr' id='par_1_15' title="bbox 325 1538 1968 1627">
     <span class='ocr_line' id='line_1_15' title="bbox 325 1538 1968 1627; baseline 0.011 -33"><span class='ocrx_word' id='word_1_102' title='bbox 325 1538 513 1611; x_wconf 85' lang='lat' dir='ltr'>legem</span> <span class='ocrx_word' id='word_1_103' title='bbox 568 1546 623 1597; x_wconf 92' lang='lat' dir='ltr'>et</span> <span class='ocrx_word' id='word_1_104' title='bbox 675 1543 881 1615; x_wconf 81' lang='lat' dir='ltr'>legem,</span> <span class='ocrx_word' id='word_1_105' title='bbox 916 1552 972 1601; x_wconf 91' lang='lat' dir='ltr'>et</span> <span class='ocrx_word' id='word_1_106' title='bbox 1022 1551 1411 1607; x_wconf 87' lang='lat' dir='ltr'>sacerdotium</span> <span class='ocrx_word' id='word_1_107' title='bbox 1455 1556 1511 1608; x_wconf 91' lang='lat' dir='ltr'>et</span> <span class='ocrx_word' id='word_1_108' title='bbox 1554 1557 1968 1627; x_wconf 86' lang='lat' dir='ltr'>sacerdotium,</span> 
     </span>
    </p>
   </div>
   <div class='ocr_carea' id='block_1_16' title="bbox 324 1628 1970 1713">
    <p class='ocr_par' dir='ltr' id='par_1_16' title="bbox 324 1628 1970 1713">
     <span class='ocr_line' id='line_1_16' title="bbox 324 1628 1970 1713; baseline 0.011 -30"><span class='ocrx_word' id='word_1_109' title='bbox 324 1628 433 1685; x_wconf 91' lang='lat' dir='ltr'>hoc</span> <span class='ocrx_word' id='word_1_110' title='bbox 491 1636 599 1697; x_wconf 86' lang='lat' dir='ltr'>est,</span> <span class='ocrx_word' id='word_1_111' title='bbox 630 1632 812 1705; x_wconf 80' lang='lat' dir='ltr'>legem</span> <span class='ocrx_word' id='word_1_112' title='bbox 868 1636 1070 1709; x_wconf 81' lang='lat' dir='ltr'>Moysi,</span> <span class='ocrx_word' id='word_1_113' title='bbox 1103 1643 1158 1694; x_wconf 87' lang='lat' dir='ltr'>et</span> <span class='ocrx_word' id='word_1_114' title='bbox 1205 1640 1391 1712; x_wconf 88' lang='lat' dir='ltr'>legem</span> <span class='ocrx_word' id='word_1_115' title='bbox 1444 1644 1752 1713; x_wconf 83' lang='lat' dir='ltr'>Evangelii,</span> <span class='ocrx_word' id='word_1_116' title='bbox 1788 1652 1843 1699; x_wconf 89' lang='lat' dir='ltr'>et</span> <span class='ocrx_word' id='word_1_117' title='bbox 1878 1664 1970 1701; x_wconf 85' lang='lat' dir='ltr'>sa-</span> 
     </span>
    </p>
   </div>
   <div class='ocr_carea' id='block_1_17' title="bbox 324 1721 1968 1798">
    <p class='ocr_par' dir='ltr' id='par_1_17' title="bbox 324 1721 1968 1798">
     <span class='ocr_line' id='line_1_17' title="bbox 324 1721 1968 1798; baseline 0.011 -26"><span class='ocrx_word' id='word_1_118' title='bbox 324 1721 648 1776; x_wconf 88' lang='lat' dir='ltr'>cerdotium</span> <span class='ocrx_word' id='word_1_119' title='bbox 690 1725 900 1789; x_wconf 88' lang='lat' dir='ltr'>Aaron,</span> <span class='ocrx_word' id='word_1_120' title='bbox 934 1730 990 1781; x_wconf 88' lang='lat' dir='ltr'>et</span> <span class='ocrx_word' id='word_1_121' title='bbox 1034 1730 1421 1785; x_wconf 82' lang='lat' dir='ltr'>sacerdotium</span> <span class='ocrx_word' id='word_1_122' title='bbox 1456 1732 1691 1787; x_wconf 86' lang='lat' dir='ltr'>Christi.</span> <span class='ocrx_word' id='word_1_123' title='bbox 1725 1736 1968 1798; x_wconf 85' lang='lat' dir='ltr'>Astruit.</span> 
     </span>
    </p>
   </div>
   <div class='ocr_carea' id='block_1_18' title="bbox 324 1804 1969 1893">
    <p class='ocr_par' dir='ltr' id='par_1_18' title="bbox 324 1804 1969 1893">
     <span class='ocr_line' id='line_1_18' title="bbox 324 1804 1969 1893; baseline 0.012 -35"><span class='ocrx_word' id='word_1_124' title='bbox 324 1804 615 1876; x_wconf 85' lang='lat' dir='ltr'>siquidem</span> <span class='ocrx_word' id='word_1_125' title='bbox 659 1812 875 1877; x_wconf 90' lang='lat' dir='ltr'>omnia,</span> <span class='ocrx_word' id='word_1_126' title='bbox 909 1829 1037 1883; x_wconf 65' lang='lat' dir='ltr'>quas</span> <span class='ocrx_word' id='word_1_127' title='bbox 1086 1815 1184 1871; x_wconf 90' lang='lat' dir='ltr'>ille</span> <span class='ocrx_word' id='word_1_128' title='bbox 1236 1818 1484 1889; x_wconf 89' lang='lat' dir='ltr'>p0pulus</span> <span class='ocrx_word' id='word_1_129' title='bbox 1535 1827 1852 1893; x_wconf 85' lang='lat' dir='ltr'>acceperat,</span> <span class='ocrx_word' id='word_1_130' title='bbox 1886 1824 1969 1877; x_wconf 90' lang='lat' dir='ltr'>si-</span> 
     </span>
    </p>
   </div>
   <div class='ocr_carea' id='block_1_19' title="bbox 324 1894 2046 1989">
    <p class='ocr_par' dir='ltr' id='par_1_19' title="bbox 324 1894 2046 1989">
     <span class='ocr_line' id='line_1_19' title="bbox 324 1894 2046 1989; baseline 0.012 -42"><span class='ocrx_word' id='word_1_131' title='bbox 324 1894 660 1989; x_wconf 75' lang='lat' dir='ltr'>gniﬁcativo</span> <span class='ocrx_word' id='word_1_132' title='bbox 692 1901 863 1955; x_wconf 91' lang='lat' dir='ltr'>modo</span> <span class='ocrx_word' id='word_1_133' title='bbox 897 1903 1031 1958; x_wconf 90' lang='lat' dir='ltr'>data</span> <span class='ocrx_word' id='word_1_134' title='bbox 1062 1909 1218 1960; x_wconf 91' lang='lat' dir='ltr'>sunt.</span> <span class='ocrx_word' id='word_1_135' title='bbox 1254 1907 1554 1978; x_wconf 85' lang='lat' dir='ltr'>Siquidem</span> <span class='ocrx_word' id='word_1_136' title='bbox 1597 1915 1651 1964; x_wconf 90' lang='lat' dir='ltr'>et</span> <span class='ocrx_word' id='word_1_137' title='bbox 1700 1913 1966 1967; x_wconf 82' lang='lat' dir='ltr'>tabcrna-</span> <span class='ocrx_word' id='word_1_138' title='bbox 1998 1924 2046 1989; x_wconf 86' lang='lat' dir='ltr'><strong>B</strong></span> 
     </span>
    </p>
   </div>
   <div class='ocr_carea' id='block_1_20' title="bbox 324 1983 1967 2072">
    <p class='ocr_par' dir='ltr' id='par_1_20' title="bbox 324 1983 1967 2072">
     <span class='ocr_line' id='line_1_20' title="bbox 324 1983 1967 2072; baseline 0.01 -33"><span class='ocrx_word' id='word_1_139' title='bbox 324 1983 544 2049; x_wconf 89' lang='lat' dir='ltr'>culum,</span> <span class='ocrx_word' id='word_1_140' title='bbox 595 1991 651 2042; x_wconf 89' lang='lat' dir='ltr'>et</span> <span class='ocrx_word' id='word_1_141' title='bbox 698 1990 1002 2060; x_wconf 80' lang='lat' dir='ltr'>sacrificia,</span> <span class='ocrx_word' id='word_1_142' title='bbox 1046 1998 1103 2048; x_wconf 92' lang='lat' dir='ltr'>et</span> <span class='ocrx_word' id='word_1_143' title='bbox 1151 1999 1357 2051; x_wconf 53' lang='lat' dir='ltr'>caetera</span> <span class='ocrx_word' id='word_1_144' title='bbox 1411 1997 1525 2052; x_wconf 90' lang='lat' dir='ltr'>alia</span> <span class='ocrx_word' id='word_1_145' title='bbox 1573 2001 1770 2055; x_wconf 87' lang='lat' dir='ltr'>omnia</span> <span class='ocrx_word' id='word_1_146' title='bbox 1816 2003 1967 2072; x_wconf 90' lang='lat' dir='ltr'>Apo-</span> 
     </span>
    </p>
   </div>
   <div class='ocr_carea' id='block_1_21' title="bbox 322 2074 1966 2159">
    <p class='ocr_par' dir='ltr' id='par_1_21' title="bbox 322 2074 1966 2159">
     <span class='ocr_line' id='line_1_21' title="bbox 322 2074 1966 2159; baseline 0.01 -31"><span class='ocrx_word' id='word_1_147' title='bbox 322 2074 511 2131; x_wconf 90' lang='lat' dir='ltr'>stolus</span> <span class='ocrx_word' id='word_1_148' title='bbox 540 2077 865 2148; x_wconf 75' lang='lat' dir='ltr'>figuraliter</span> <span class='ocrx_word' id='word_1_149' title='bbox 912 2082 968 2135; x_wconf 91' lang='lat' dir='ltr'>in</span> <span class='ocrx_word' id='word_1_150' title='bbox 1021 2082 1199 2153; x_wconf 87' lang='lat' dir='ltr'>hujus</span> <span class='ocrx_word' id='word_1_151' title='bbox 1248 2089 1403 2141; x_wconf 84' lang='lat' dir='ltr'>textu</span> <span class='ocrx_word' id='word_1_152' title='bbox 1454 2088 1723 2159; x_wconf 72' lang='lat' dir='ltr'>Epistolze</span> <span class='ocrx_word' id='word_1_153' title='bbox 1754 2090 1966 2145; x_wconf 87' lang='lat' dir='ltr'>intelli-</span> 
     </span>
    </p>
   </div>
   <div class='ocr_carea' id='block_1_22' title="bbox 323 2164 1966 2251">
    <p class='ocr_par' dir='ltr' id='par_1_22' title="bbox 323 2164 1966 2251">
     <span class='ocr_line' id='line_1_22' title="bbox 323 2164 1966 2251; baseline 0.011 -34"><span class='ocrx_word' id='word_1_154' title='bbox 323 2164 425 2235; x_wconf 85' lang='lat' dir='ltr'>git.</span> <span class='ocrx_word' id='word_1_155' title='bbox 460 2167 621 2230; x_wconf 90' lang='lat' dir='ltr'>Quod</span> <span class='ocrx_word' id='word_1_156' title='bbox 671 2184 803 2224; x_wconf 88' lang='lat' dir='ltr'>vero</span> <span class='ocrx_word' id='word_1_157' title='bbox 859 2170 1046 2226; x_wconf 87' lang='lat' dir='ltr'>dicit:</span> <span class='ocrx_word' id='word_1_158' title='bbox 1107 2196 1128 2224; x_wconf 73' lang='lat' dir='ltr'>cr</span> <span class='ocrx_word' id='word_1_159' title='bbox 1165 2176 1418 2246; x_wconf 90' lang='lat' dir='ltr'>Populus</span> <span class='ocrx_word' id='word_1_160' title='bbox 1470 2179 1579 2231; x_wconf 87' lang='lat' dir='ltr'>sub</span> <span class='ocrx_word' id='word_1_161' title='bbox 1622 2178 1746 2249; x_wconf 90' lang='lat' dir='ltr'>ipso</span> <span class='ocrx_word' id='word_1_162' title='bbox 1779 2180 1966 2251; x_wconf 87' lang='lat' dir='ltr'>legem</span> 
     </span>
    </p>
   </div>
   <div class='ocr_carea' id='block_1_23' title="bbox 322 2254 1970 2340">
    <p class='ocr_par' dir='ltr' id='par_1_23' title="bbox 322 2254 1970 2340">
     <span class='ocr_line' id='line_1_23' title="bbox 322 2254 1970 2340; baseline 0.01 -33"><span class='ocrx_word' id='word_1_163' title='bbox 322 2254 562 2324; x_wconf 85' lang='lat' dir='ltr'>accepit,</span> <span class='ocrx_word' id='word_1_164' title='bbox 598 2280 620 2308; x_wconf 74' lang='grc' dir='ltr'><strong>ι</strong></span> <span class='ocrx_word' id='word_1_165' title='bbox 676 2257 735 2311; x_wconf 91' lang='lat' dir='ltr'>id</span> <span class='ocrx_word' id='word_1_166' title='bbox 792 2264 899 2329; x_wconf 89' lang='lat' dir='ltr'>est,</span> <span class='ocrx_word' id='word_1_167' title='bbox 952 2262 1062 2316; x_wconf 87' lang='lat' dir='ltr'>sub</span> <span class='ocrx_word' id='word_1_168' title='bbox 1117 2264 1239 2319; x_wconf 90' lang='lat' dir='ltr'>suis</span> <span class='ocrx_word' id='word_1_169' title='bbox 1292 2265 1599 2337; x_wconf 87' lang='lat' dir='ltr'>nepotibus</span> <span class='ocrx_word' id='word_1_170' title='bbox 1650 2272 1860 2340; x_wconf 80' lang='lat' dir='ltr'>Moyse,</span> <span class='ocrx_word' id='word_1_171' title='bbox 1914 2274 1970 2325; x_wconf 91' lang='lat' dir='ltr'>et</span> 
     </span>
    </p>
   </div>
   <div class='ocr_carea' id='block_1_24' title="bbox 322 2344 1964 2422">
    <p class='ocr_par' dir='ltr' id='par_1_24' title="bbox 322 2344 1964 2422">
     <span class='ocr_line' id='line_1_24' title="bbox 322 2344 1964 2422; baseline 0.01 -25"><span class='ocrx_word' id='word_1_172' title='bbox 322 2344 537 2410; x_wconf 86' lang='lat' dir='ltr'>Aaron,</span> <span class='ocrx_word' id='word_1_173' title='bbox 588 2346 686 2415; x_wconf 89' lang='lat' dir='ltr'>qui</span> <span class='ocrx_word' id='word_1_174' title='bbox 736 2348 793 2401; x_wconf 90' lang='lat' dir='ltr'>in</span> <span class='ocrx_word' id='word_1_175' title='bbox 854 2355 1063 2419; x_wconf 88' lang='lat' dir='ltr'>quarta</span> <span class='ocrx_word' id='word_1_176' title='bbox 1114 2359 1483 2422; x_wconf 81' lang='lat' dir='ltr'>generatione</span> <span class='ocrx_word' id='word_1_177' title='bbox 1541 2357 1721 2411; x_wconf 91' lang='lat' dir='ltr'>futuri</span> <span class='ocrx_word' id='word_1_178' title='bbox 1780 2362 1964 2414; x_wconf 89' lang='lat' dir='ltr'>erant.</span> 
     </span>
    </p>
   </div>
   <div class='ocr_carea' id='block_1_25' title="bbox 325 2433 1967 2507">
    <p class='ocr_par' dir='ltr' id='par_1_25' title="bbox 325 2433 1967 2507">
     <span class='ocr_line' id='line_1_25' title="bbox 325 2433 1967 2507; baseline 0.01 -22"><span class='ocrx_word' id='word_1_179' title='bbox 325 2455 353 2482; x_wconf 86' lang='lat'><strong><em>«</em></strong></span> <span class='ocrx_word' id='word_1_180' title='bbox 389 2433 534 2498; x_wconf 93' lang='lat' dir='ltr'>Quid</span> <span class='ocrx_word' id='word_1_181' title='bbox 562 2435 751 2491; x_wconf 88' lang='lat' dir='ltr'>adhuc</span> <span class='ocrx_word' id='word_1_182' title='bbox 775 2441 1168 2496; x_wconf 88' lang='lat' dir='ltr'>necessarium</span> <span class='ocrx_word' id='word_1_183' title='bbox 1194 2443 1321 2507; x_wconf 88' lang='lat' dir='ltr'>fuit,</span> <span class='ocrx_word' id='word_1_184' title='bbox 1350 2446 1671 2500; x_wconf 89' lang='lat' dir='ltr'>secundum</span> <span class='ocrx_word' id='word_1_185' title='bbox 1702 2447 1967 2502; x_wconf 83' lang='lat' dir='ltr'>ordinem</span> 
     </span>
    </p>
   </div>
   <div class='ocr_carea' id='block_1_26' title="bbox 325 2520 1966 2601">
    <p class='ocr_par' dir='ltr' id='par_1_26' title="bbox 325 2520 1966 2601">
     <span class='ocr_line' id='line_1_26' title="bbox 325 2520 1966 2601; baseline 0.009 -24"><span class='ocrx_word' id='word_1_186' title='bbox 325 2520 747 2578; x_wconf 87' lang='lat' dir='ltr'>Melchisedech</span> <span class='ocrx_word' id='word_1_187' title='bbox 772 2525 952 2581; x_wconf 89' lang='lat' dir='ltr'>alium</span> <span class='ocrx_word' id='word_1_188' title='bbox 987 2544 1223 2601; x_wconf 89' lang='lat' dir='ltr'>surgere</span> <span class='ocrx_word' id='word_1_189' title='bbox 1245 2534 1626 2599; x_wconf 85' lang='lat' dir='ltr'>sacerdotem,</span> <span class='ocrx_word' id='word_1_190' title='bbox 1652 2538 1709 2589; x_wconf 90' lang='lat' dir='ltr'>et</span> <span class='ocrx_word' id='word_1_191' title='bbox 1739 2553 1844 2590; x_wconf 91' lang='lat' dir='ltr'>non</span> <span class='ocrx_word' id='word_1_192' title='bbox 1879 2552 1966 2591; x_wconf 91' lang='lat' dir='ltr'>se-</span> 
     </span>
    </p>
   </div>
   <div class='ocr_carea' id='block_1_27' title="bbox 325 2610 1365 2674">
    <p class='ocr_par' dir='ltr' id='par_1_27' title="bbox 325 2610 1365 2674">
     <span class='ocr_line' id='line_1_27' title="bbox 325 2610 1365 2674; baseline 0.005 -10"><span class='ocrx_word' id='word_1_193' title='bbox 325 2610 583 2665; x_wconf 85' lang='lat' dir='ltr'>cundum</span> <span class='ocrx_word' id='word_1_194' title='bbox 618 2612 881 2668; x_wconf 89' lang='lat' dir='ltr'>ordinem</span> <span class='ocrx_word' id='word_1_195' title='bbox 912 2616 1101 2671; x_wconf 88' lang='lat' dir='ltr'>Aaron</span> <span class='ocrx_word' id='word_1_196' title='bbox 1145 2619 1255 2673; x_wconf 90' lang='lat' dir='ltr'>dici</span> <span class='ocrx_word' id='word_1_197' title='bbox 1279 2620 1307 2674; x_wconf 83' lang='lat'><strong>?</strong></span> <span class='ocrx_word' id='word_1_198' title='bbox 1338 2643 1365 2669; x_wconf 82' lang='lat'>»</span> 
     </span>
    </p>
   </div>
   <div class='ocr_carea' id='block_1_28' title="bbox 399 2700 1971 2781">
    <p class='ocr_par' dir='ltr' id='par_1_28' title="bbox 399 2700 1971 2781">
     <span class='ocr_line' id='line_1_28' title="bbox 399 2700 1971 2781; baseline 0.011 -32"><span class='ocrx_word' id='word_1_199' title='bbox 399 2720 427 2749; x_wconf 84' lang='lat'>«</span> <span class='ocrx_word' id='word_1_200' title='bbox 462 2700 769 2757; x_wconf 89' lang='lat' dir='ltr'>Translato</span> <span class='ocrx_word' id='word_1_201' title='bbox 800 2704 953 2759; x_wconf 91' lang='lat' dir='ltr'>enim</span> <span class='ocrx_word' id='word_1_202' title='bbox 987 2708 1331 2773; x_wconf 90' lang='lat' dir='ltr'>sacerdotio,</span> <span class='ocrx_word' id='word_1_203' title='bbox 1366 2727 1602 2766; x_wconf 89' lang='lat' dir='ltr'>necesse</span> <span class='ocrx_word' id='word_1_204' title='bbox 1652 2717 1757 2781; x_wconf 91' lang='lat' dir='ltr'>est,</span> <span class='ocrx_word' id='word_1_205' title='bbox 1802 2717 1865 2767; x_wconf 90' lang='lat' dir='ltr'>ut</span> <span class='ocrx_word' id='word_1_206' title='bbox 1914 2717 1971 2767; x_wconf 88' lang='lat' dir='ltr'>et</span> 
     </span>
    </p>
   </div>
   <div class='ocr_carea' id='block_1_29' title="bbox 324 2786 1971 2859">
    <p class='ocr_par' dir='ltr' id='par_1_29' title="bbox 324 2786 1971 2859">
     <span class='ocr_line' id='line_1_29' title="bbox 324 2786 1971 2859; baseline 0.008 -16"><span class='ocrx_word' id='word_1_207' title='bbox 324 2786 472 2859; x_wconf 84' lang='lat' dir='ltr'>legis</span> <span class='ocrx_word' id='word_1_208' title='bbox 501 2790 811 2847; x_wconf 85' lang='lat' dir='ltr'>translatio</span> <span class='ocrx_word' id='word_1_209' title='bbox 843 2793 963 2848; x_wconf 83' lang='lat' dir='ltr'>flat.</span> <span class='ocrx_word' id='word_1_210' title='bbox 1002 2817 1027 2843; x_wconf 86' lang='lat'><strong>»</strong></span> <span class='ocrx_word' id='word_1_211' title='bbox 1061 2797 1434 2854; x_wconf 87' lang='lat' dir='ltr'>Translatum</span> <span class='ocrx_word' id='word_1_212' title='bbox 1468 2801 1854 2856; x_wconf 86' lang='lat' dir='ltr'>sacerdotium</span> <span class='ocrx_word' id='word_1_213' title='bbox 1891 2803 1971 2856; x_wconf 91' lang='lat' dir='ltr'>di-</span> 
     </span>
    </p>
   </div>
   <div class='ocr_carea' id='block_1_30' title="bbox 326 2876 1969 2957">
    <p class='ocr_par' dir='ltr' id='par_1_30' title="bbox 326 2876 1969 2957">
     <span class='ocr_line' id='line_1_30' title="bbox 326 2876 1969 2957; baseline 0.009 -24"><span class='ocrx_word' id='word_1_214' title='bbox 326 2876 422 2945; x_wconf 89' lang='lat' dir='ltr'>cit,</span> <span class='ocrx_word' id='word_1_215' title='bbox 456 2877 515 2932; x_wconf 89' lang='lat' dir='ltr'>id</span> <span class='ocrx_word' id='word_1_216' title='bbox 546 2882 655 2943; x_wconf 89' lang='lat' dir='ltr'>est,</span> <span class='ocrx_word' id='word_1_217' title='bbox 691 2880 821 2935; x_wconf 88' lang='lat' dir='ltr'>Levi</span> <span class='ocrx_word' id='word_1_218' title='bbox 854 2886 911 2937; x_wconf 88' lang='lat' dir='ltr'>et</span> <span class='ocrx_word' id='word_1_219' title='bbox 948 2886 1137 2940; x_wconf 88' lang='lat' dir='ltr'>Aaron</span> <span class='ocrx_word' id='word_1_220' title='bbox 1183 2888 1254 2942; x_wconf 91' lang='lat' dir='ltr'>ad</span> <span class='ocrx_word' id='word_1_221' title='bbox 1306 2888 1603 2944; x_wconf 88' lang='lat' dir='ltr'>Christum</span> <span class='ocrx_word' id='word_1_222' title='bbox 1635 2908 1647 2954; x_wconf 85' lang='lat'><strong>;</strong></span> <span class='ocrx_word' id='word_1_223' title='bbox 1702 2891 1809 2946; x_wconf 93' lang='lat' dir='ltr'>hoc</span> <span class='ocrx_word' id='word_1_224' title='bbox 1858 2896 1969 2957; x_wconf 87' lang='lat' dir='ltr'>est,</span> 
     </span>
    </p>
   </div>
   <div class='ocr_carea' id='block_1_31' title="bbox 327 2964 1973 3051">
    <p class='ocr_par' dir='ltr' id='par_1_31' title="bbox 327 2964 1973 3051">
     <span class='ocr_line' id='line_1_31' title="bbox 327 2964 1973 3051; baseline 0.01 -31"><span class='ocrx_word' id='word_1_225' title='bbox 327 2964 571 3022; x_wconf 83' lang='lat' dir='ltr'>exclusit</span> <span class='ocrx_word' id='word_1_226' title='bbox 601 2972 991 3027; x_wconf 86' lang='lat' dir='ltr'>sacerdotium</span> <span class='ocrx_word' id='word_1_227' title='bbox 1026 2976 1211 3029; x_wconf 84' lang='lat' dir='ltr'>Aaron</span> <span class='ocrx_word' id='word_1_228' title='bbox 1244 2992 1256 3029; x_wconf 88' lang='lat'>:</span> <span class='ocrx_word' id='word_1_229' title='bbox 1293 2993 1664 3051; x_wconf 88' lang='lat' dir='ltr'>nequaquam</span> <span class='ocrx_word' id='word_1_230' title='bbox 1699 2981 1853 3035; x_wconf 90' lang='lat' dir='ltr'>enim</span> <span class='ocrx_word' id='word_1_231' title='bbox 1888 2997 1973 3035; x_wconf 89' lang='lat' dir='ltr'>se-</span> 
     </span>
    </p>
   </div>
   <div class='ocr_carea' id='block_1_32' title="bbox 327 3056 1971 3140">
    <p class='ocr_par' dir='ltr' id='par_1_32' title="bbox 327 3056 1971 3140">
     <span class='ocr_line' id='line_1_32' title="bbox 327 3056 1971 3140; baseline 0.008 -30"><span class='ocrx_word' id='word_1_232' title='bbox 327 3056 585 3112; x_wconf 89' lang='lat' dir='ltr'>cundum</span> <span class='ocrx_word' id='word_1_233' title='bbox 602 3058 861 3114; x_wconf 90' lang='lat' dir='ltr'>ordinem</span> <span class='ocrx_word' id='word_1_234' title='bbox 880 3061 1299 3120; x_wconf 88' lang='lat' dir='ltr'>Melchisedech</span> <span class='ocrx_word' id='word_1_235' title='bbox 1317 3066 1532 3123; x_wconf 86' lang='lat' dir='ltr'>diceret</span> <span class='ocrx_word' id='word_1_236' title='bbox 1549 3086 1783 3140; x_wconf 84' lang='lat' dir='ltr'>surgere</span> <span class='ocrx_word' id='word_1_237' title='bbox 1802 3069 1971 3124; x_wconf 90' lang='lat' dir='ltr'>nobis</span> 
     </span>
    </p>
   </div>
   <div class='ocr_carea' id='block_1_33' title="bbox 328 3146 1973 3215">
    <p class='ocr_par' dir='ltr' id='par_1_33' title="bbox 328 3146 1973 3215">
     <span class='ocr_line' id='line_1_33' title="bbox 328 3146 1973 3215; baseline 0.009 -16"><span class='ocrx_word' id='word_1_238' title='bbox 328 3146 710 3215; x_wconf 88' lang='lat' dir='ltr'>sacerdotem,</span> <span class='ocrx_word' id='word_1_239' title='bbox 744 3149 792 3203; x_wconf 88' lang='lat' dir='ltr'>si</span> <span class='ocrx_word' id='word_1_240' title='bbox 842 3148 985 3205; x_wconf 92' lang='lat' dir='ltr'>illud</span> <span class='ocrx_word' id='word_1_241' title='bbox 1032 3155 1423 3211; x_wconf 83' lang='lat' dir='ltr'>sacerdotium</span> <span class='ocrx_word' id='word_1_242' title='bbox 1464 3157 1674 3213; x_wconf 86' lang='lat' dir='ltr'>melius</span> <span class='ocrx_word' id='word_1_243' title='bbox 1707 3164 1877 3214; x_wconf 88' lang='lat' dir='ltr'>esset.</span> <span class='ocrx_word' id='word_1_244' title='bbox 1912 3159 1973 3214; x_wconf 91' lang='lat' dir='ltr'>Si</span> 
     </span>
    </p>
   </div>
   <div class='ocr_carea' id='block_1_34' title="bbox 327 3233 1973 3318">
    <p class='ocr_par' dir='ltr' id='par_1_34' title="bbox 327 3233 1973 3318">
     <span class='ocr_line' id='line_1_34' title="bbox 327 3233 1973 3318; baseline 0.011 -30"><span class='ocrx_word' id='word_1_245' title='bbox 327 3233 507 3307; x_wconf 88' lang='lat' dir='ltr'>igitur</span> <span class='ocrx_word' id='word_1_246' title='bbox 535 3238 924 3294; x_wconf 89' lang='lat' dir='ltr'>sacerdotium</span> <span class='ocrx_word' id='word_1_247' title='bbox 957 3240 1245 3298; x_wconf 90' lang='lat' dir='ltr'>introduci</span> <span class='ocrx_word' id='word_1_248' title='bbox 1280 3244 1421 3299; x_wconf 93' lang='lat' dir='ltr'>illud</span> <span class='ocrx_word' id='word_1_249' title='bbox 1457 3251 1700 3318; x_wconf 86' lang='lat' dir='ltr'>oportet,</span> <span class='ocrx_word' id='word_1_250' title='bbox 1736 3266 1973 3307; x_wconf 88' lang='lat' dir='ltr'>necesse</span> 
     </span>
    </p>
   </div>
   <div class='ocr_carea' id='block_1_35' title="bbox 2078 651 2804 706">
    <p class='ocr_par' dir='ltr' id='par_1_35' title="bbox 2078 651 2804 706">
     <span class='ocr_line' id='line_1_35' title="bbox 2078 651 2804 706; baseline 0.001 -1"><span class='ocrx_word' id='word_1_251' title='bbox 2078 651 2432 705; x_wconf 80' lang='lat' dir='ltr'>sacriﬁcium</span> <span class='ocrx_word' id='word_1_252' title='bbox 2469 652 2804 706; x_wconf 79' lang='lat' dir='ltr'>offeramus.</span> 
     </span>
    </p>
   </div>
   <div class='ocr_carea' id='block_1_36' title="bbox 2154 738 3721 810">
    <p class='ocr_par' dir='ltr' id='par_1_36' title="bbox 2154 738 3721 810">
     <span class='ocr_line' id='line_1_36' title="bbox 2154 738 3721 810; baseline 0.002 -20"><span class='ocrx_word' id='word_1_253' title='bbox 2154 763 2173 789; x_wconf 79' lang='grc' dir='ltr'>α</span> <span class='ocrx_word' id='word_1_254' title='bbox 2208 741 2275 793; x_wconf 82' lang='lat' dir='ltr'>Et</span> <span class='ocrx_word' id='word_1_255' title='bbox 2299 740 2551 810; x_wconf 89' lang='lat' dir='ltr'>amplius</span> <span class='ocrx_word' id='word_1_256' title='bbox 2575 741 2765 795; x_wconf 91' lang='lat' dir='ltr'>adhuc</span> <span class='ocrx_word' id='word_1_257' title='bbox 2795 741 3167 794; x_wconf 87' lang='lat' dir='ltr'>manifestum</span> <span class='ocrx_word' id='word_1_258' title='bbox 3192 744 3299 805; x_wconf 90' lang='lat' dir='ltr'>est,</span> <span class='ocrx_word' id='word_1_259' title='bbox 3324 739 3372 794; x_wconf 91' lang='lat' dir='ltr'>si</span> <span class='ocrx_word' id='word_1_260' title='bbox 3394 738 3721 794; x_wconf 89' lang='lat' dir='ltr'>secundum</span> 
     </span>
    </p>
   </div>
   <div class='ocr_carea' id='block_1_37' title="bbox 2078 828 3722 899">
    <p class='ocr_par' dir='ltr' id='par_1_37' title="bbox 2078 828 3722 899">
     <span class='ocr_line' id='line_1_37' title="bbox 2078 828 3722 899; baseline -0.002 -14"><span class='ocrx_word' id='word_1_261' title='bbox 2078 829 2520 885; x_wconf 90' lang='lat' dir='ltr'>similitudinem</span> <span class='ocrx_word' id='word_1_262' title='bbox 2556 829 2975 884; x_wconf 86' lang='lat' dir='ltr'>Melchisedech</span> <span class='ocrx_word' id='word_1_263' title='bbox 3024 834 3296 899; x_wconf 86' lang='lat' dir='ltr'>exsurget</span> <span class='ocrx_word' id='word_1_264' title='bbox 3341 828 3493 884; x_wconf 89' lang='lat' dir='ltr'>alius</span> <span class='ocrx_word' id='word_1_265' title='bbox 3525 844 3722 883; x_wconf 86' lang='lat' dir='ltr'>sacer-</span> 
     </span>
    </p>
   </div>
   <div class='ocr_carea' id='block_1_38' title="bbox 2079 917 3725 990">
    <p class='ocr_par' dir='ltr' id='par_1_38' title="bbox 2079 917 3725 990">
     <span class='ocr_line' id='line_1_38' title="bbox 2079 917 3725 990; baseline -0.001 -17"><span class='ocrx_word' id='word_1_266' title='bbox 2079 921 2204 974; x_wconf 89' lang='lat' dir='ltr'>dos.</span> <span class='ocrx_word' id='word_1_267' title='bbox 2232 942 2258 967; x_wconf 75' lang='lat'><strong>»</strong></span> <span class='ocrx_word' id='word_1_268' title='bbox 2294 921 2361 973; x_wconf 86' lang='lat' dir='ltr'>Et</span> <span class='ocrx_word' id='word_1_269' title='bbox 2384 919 2637 990; x_wconf 86' lang='lat' dir='ltr'>amplius</span> <span class='ocrx_word' id='word_1_270' title='bbox 2661 920 2866 981; x_wconf 89' lang='lat' dir='ltr'>adhuc,</span> <span class='ocrx_word' id='word_1_271' title='bbox 2893 919 3000 973; x_wconf 92' lang='lat' dir='ltr'>hoc</span> <span class='ocrx_word' id='word_1_272' title='bbox 3024 924 3132 984; x_wconf 84' lang='lat' dir='ltr'>est,</span> <span class='ocrx_word' id='word_1_273' title='bbox 3161 936 3275 973; x_wconf 91' lang='lat' dir='ltr'>non</span> <span class='ocrx_word' id='word_1_274' title='bbox 3300 917 3495 973; x_wconf 90' lang='lat' dir='ltr'>solum</span> <span class='ocrx_word' id='word_1_275' title='bbox 3516 919 3591 972; x_wconf 86' lang='lat' dir='ltr'>de</span> <span class='ocrx_word' id='word_1_276' title='bbox 3613 917 3725 972; x_wconf 84' lang='lat' dir='ltr'>alia</span> 
     </span>
    </p>
   </div>
   <div class='ocr_carea' id='block_1_39' title="bbox 2078 1007 3723 1078">
    <p class='ocr_par' dir='ltr' id='par_1_39' title="bbox 2078 1007 3723 1078">
     <span class='ocr_line' id='line_1_39' title="bbox 2078 1007 3723 1078; baseline 0.001 -17"><span class='ocrx_word' id='word_1_277' title='bbox 2078 1008 2254 1077; x_wconf 86' lang='lat' dir='ltr'>tribu,</span> <span class='ocrx_word' id='word_1_278' title='bbox 2290 1009 2388 1061; x_wconf 91' lang='lat' dir='ltr'>sed</span> <span class='ocrx_word' id='word_1_279' title='bbox 2422 1008 2844 1062; x_wconf 86' lang='lat' dir='ltr'>excellentioris</span> <span class='ocrx_word' id='word_1_280' title='bbox 2876 1007 3133 1078; x_wconf 82' lang='lat' dir='ltr'>honoris,</span> <span class='ocrx_word' id='word_1_281' title='bbox 3167 1014 3223 1063; x_wconf 90' lang='lat' dir='ltr'>et</span> <span class='ocrx_word' id='word_1_282' title='bbox 3272 1010 3600 1064; x_wconf 89' lang='lat' dir='ltr'>secundum</span> <span class='ocrx_word' id='word_1_283' title='bbox 3633 1026 3723 1063; x_wconf 89' lang='lat' dir='ltr'>or-</span> 
     </span>
    </p>
   </div>
   <div class='ocr_carea' id='block_1_40' title="bbox 2080 1096 3722 1169">
    <p class='ocr_par' dir='ltr' id='par_1_40' title="bbox 2080 1096 3722 1169">
     <span class='ocr_line' id='line_1_40' title="bbox 2080 1096 3722 1169; baseline 0.001 -19"><span class='ocrx_word' id='word_1_284' title='bbox 2080 1098 2275 1151; x_wconf 89' lang='lat' dir='ltr'>dinem</span> <span class='ocrx_word' id='word_1_285' title='bbox 2309 1096 2725 1151; x_wconf 85' lang='lat' dir='ltr'>Melchisedech</span> <span class='ocrx_word' id='word_1_286' title='bbox 2762 1098 3066 1152; x_wconf 82' lang='lat' dir='ltr'>manifeste</span> <span class='ocrx_word' id='word_1_287' title='bbox 3097 1102 3390 1169; x_wconf 86' lang='lat' dir='ltr'>exsurget,</span> <span class='ocrx_word' id='word_1_288' title='bbox 3425 1098 3579 1153; x_wconf 79' lang='lat' dir='ltr'>facta</span> <span class='ocrx_word' id='word_1_289' title='bbox 3629 1115 3722 1152; x_wconf 88' lang='lat' dir='ltr'>sa-</span> 
     </span>
    </p>
   </div>
   <div class='ocr_carea' id='block_1_41' title="bbox 2078 1186 3724 1257">
    <p class='ocr_par' dir='ltr' id='par_1_41' title="bbox 2078 1186 3724 1257">
     <span class='ocr_line' id='line_1_41' title="bbox 2078 1186 3724 1257; baseline -0.001 -16"><span class='ocrx_word' id='word_1_290' title='bbox 2078 1186 2315 1241; x_wconf 85' lang='lat' dir='ltr'>cerdotii</span> <span class='ocrx_word' id='word_1_291' title='bbox 2369 1187 2821 1257; x_wconf 82' lang='lat' dir='ltr'>comparatione,</span> <span class='ocrx_word' id='word_1_292' title='bbox 2864 1187 3285 1242; x_wconf 89' lang='lat' dir='ltr'>Melchisedech</span> <span class='ocrx_word' id='word_1_293' title='bbox 3341 1204 3473 1242; x_wconf 89' lang='lat' dir='ltr'>esse</span> <span class='ocrx_word' id='word_1_294' title='bbox 3523 1188 3724 1241; x_wconf 86' lang='lat' dir='ltr'>melio-</span> 
     </span>
    </p>
   </div>
   <div class='ocr_carea' id='block_1_42' title="bbox 2080 1276 3719 1348">
    <p class='ocr_par' dir='ltr' id='par_1_42' title="bbox 2080 1276 3719 1348">
     <span class='ocr_line' id='line_1_42' title="bbox 2080 1276 3719 1348; baseline 0.001 -19"><span class='ocrx_word' id='word_1_295' title='bbox 2080 1293 2222 1345; x_wconf 89' lang='lat' dir='ltr'>rem,</span> <span class='ocrx_word' id='word_1_296' title='bbox 2277 1293 2452 1347; x_wconf 88' lang='lat' dir='ltr'>quam</span> <span class='ocrx_word' id='word_1_297' title='bbox 2503 1276 2654 1342; x_wconf 88' lang='lat' dir='ltr'>Levi,</span> <span class='ocrx_word' id='word_1_298' title='bbox 2706 1277 2805 1346; x_wconf 88' lang='lat' dir='ltr'>qui</span> <span class='ocrx_word' id='word_1_299' title='bbox 2855 1276 2911 1331; x_wconf 90' lang='lat' dir='ltr'>in</span> <span class='ocrx_word' id='word_1_300' title='bbox 2965 1276 3277 1347; x_wconf 89' lang='lat' dir='ltr'>imaginem</span> <span class='ocrx_word' id='word_1_301' title='bbox 3321 1277 3719 1348; x_wconf 82' lang='lat' dir='ltr'>pontiﬁcatus,</span> 
     </span>
    </p>
   </div>
   <div class='ocr_carea' id='block_1_43' title="bbox 2081 1366 3725 1437">
    <p class='ocr_par' dir='ltr' id='par_1_43' title="bbox 2081 1366 3725 1437">
     <span class='ocr_line' id='line_1_43' title="bbox 2081 1366 3725 1437; baseline 0.001 -19"><span class='ocrx_word' id='word_1_302' title='bbox 2081 1382 2252 1437; x_wconf 88' lang='lat' dir='ltr'>quem</span> <span class='ocrx_word' id='word_1_303' title='bbox 2290 1366 2346 1418; x_wconf 91' lang='lat' dir='ltr'>in</span> <span class='ocrx_word' id='word_1_304' title='bbox 2382 1369 2660 1420; x_wconf 80' lang='lat' dir='ltr'>aeternum</span> <span class='ocrx_word' id='word_1_305' title='bbox 2695 1371 3080 1437; x_wconf 86' lang='lat' dir='ltr'>suscepturus</span> <span class='ocrx_word' id='word_1_306' title='bbox 3120 1371 3242 1421; x_wconf 89' lang='lat' dir='ltr'>erat</span> <span class='ocrx_word' id='word_1_307' title='bbox 3272 1366 3561 1434; x_wconf 87' lang='lat' dir='ltr'>Christus,</span> <span class='ocrx_word' id='word_1_308' title='bbox 3594 1371 3725 1419; x_wconf 85' lang='lat' dir='ltr'>ante</span> 
     </span>
    </p>
   </div>
   <div class='ocr_carea' id='block_1_44' title="bbox 2080 1454 3725 1527">
    <p class='ocr_par' dir='ltr' id='par_1_44' title="bbox 2080 1454 3725 1527">
     <span class='ocr_line' id='line_1_44' title="bbox 2080 1454 3725 1527; baseline -0.001 -18"><span class='ocrx_word' id='word_1_309' title='bbox 2080 1454 2394 1527; x_wconf 63' lang='lat' dir='ltr'>praecessit.</span> <span class='ocrx_word' id='word_1_310' title='bbox 2434 1477 2460 1504; x_wconf 91' lang='grc'><em>‹‹</em></span> <span class='ocrx_word' id='word_1_311' title='bbox 2492 1455 2599 1517; x_wconf 89' lang='lat' dir='ltr'>Qui</span> <span class='ocrx_word' id='word_1_312' title='bbox 2625 1472 2740 1509; x_wconf 90' lang='lat' dir='ltr'>non</span> <span class='ocrx_word' id='word_1_313' title='bbox 2763 1456 3089 1509; x_wconf 90' lang='lat' dir='ltr'>secundum</span> <span class='ocrx_word' id='word_1_314' title='bbox 3109 1454 3295 1527; x_wconf 88' lang='lat' dir='ltr'>legem</span> <span class='ocrx_word' id='word_1_315' title='bbox 3320 1455 3585 1509; x_wconf 84' lang='lat' dir='ltr'>mandati</span> <span class='ocrx_word' id='word_1_316' title='bbox 3610 1472 3725 1509; x_wconf 84' lang='lat' dir='ltr'>car-</span> 
     </span>
    </p>
   </div>
   <div class='ocr_carea' id='block_1_45' title="bbox 2080 1543 3717 1613">
    <p class='ocr_par' dir='ltr' id='par_1_45' title="bbox 2080 1543 3717 1613">
     <span class='ocr_line' id='line_1_45' title="bbox 2080 1543 3717 1613; baseline 0 -16"><span class='ocrx_word' id='word_1_317' title='bbox 2080 1544 2229 1599; x_wconf 89' lang='lat' dir='ltr'>nalis</span> <span class='ocrx_word' id='word_1_318' title='bbox 2261 1545 2444 1598; x_wconf 89' lang='lat' dir='ltr'>factus</span> <span class='ocrx_word' id='word_1_319' title='bbox 2477 1549 2584 1613; x_wconf 89' lang='lat' dir='ltr'>est,</span> <span class='ocrx_word' id='word_1_320' title='bbox 2620 1545 2717 1599; x_wconf 90' lang='lat' dir='ltr'>sed</span> <span class='ocrx_word' id='word_1_321' title='bbox 2752 1545 3077 1599; x_wconf 90' lang='lat' dir='ltr'>secundum</span> <span class='ocrx_word' id='word_1_322' title='bbox 3123 1544 3396 1598; x_wconf 83' lang='lat' dir='ltr'>virtutem</span> <span class='ocrx_word' id='word_1_323' title='bbox 3451 1543 3583 1597; x_wconf 86' lang='lat' dir='ltr'>vitae</span> <span class='ocrx_word' id='word_1_324' title='bbox 3637 1544 3717 1597; x_wconf 82' lang='lat' dir='ltr'>in-</span> 
     </span>
    </p>
   </div>
   <div class='ocr_carea' id='block_1_46' title="bbox 2080 1632 3721 1704">
    <p class='ocr_par' dir='ltr' id='par_1_46' title="bbox 2080 1632 3721 1704">
     <span class='ocr_line' id='line_1_46' title="bbox 2080 1632 3721 1704; baseline -0.001 -16"><span class='ocrx_word' id='word_1_325' title='bbox 2080 1632 2369 1688; x_wconf 90' lang='lat' dir='ltr'>solubilis.</span> <span class='ocrx_word' id='word_1_326' title='bbox 2410 1656 2435 1681; x_wconf 72' lang='grc' dir='ltr'>η</span> <span class='ocrx_word' id='word_1_327' title='bbox 2490 1634 2698 1688; x_wconf 87' lang='lat' dir='ltr'>Factus</span> <span class='ocrx_word' id='word_1_328' title='bbox 2746 1638 2853 1699; x_wconf 90' lang='lat' dir='ltr'>est,</span> <span class='ocrx_word' id='word_1_329' title='bbox 2888 1632 3099 1704; x_wconf 83' lang='lat' dir='ltr'>inquit,</span> <span class='ocrx_word' id='word_1_330' title='bbox 3132 1634 3402 1687; x_wconf 86' lang='lat' dir='ltr'>sacerdos</span> <span class='ocrx_word' id='word_1_331' title='bbox 3434 1632 3721 1697; x_wconf 86' lang='lat' dir='ltr'>Christus,</span> 
     </span>
    </p>
   </div>
   <div class='ocr_carea' id='block_1_47' title="bbox 2081 1721 3724 1794">
    <p class='ocr_par' dir='ltr' id='par_1_47' title="bbox 2081 1721 3724 1794">
     <span class='ocr_line' id='line_1_47' title="bbox 2081 1721 3724 1794; baseline -0.001 -18"><span class='ocrx_word' id='word_1_332' title='bbox 2081 1738 2195 1776; x_wconf 80' lang='lat' dir='ltr'>non</span> <span class='ocrx_word' id='word_1_333' title='bbox 2220 1722 2542 1776; x_wconf 89' lang='lat' dir='ltr'>secundum</span> <span class='ocrx_word' id='word_1_334' title='bbox 2566 1722 2750 1793; x_wconf 86' lang='lat' dir='ltr'>legem</span> <span class='ocrx_word' id='word_1_335' title='bbox 2777 1722 3045 1794; x_wconf 64' lang='lat' dir='ltr'>praecepti</span> <span class='ocrx_word' id='word_1_336' title='bbox 3069 1721 3340 1776; x_wconf 88' lang='lat' dir='ltr'>carnalis.</span> <span class='ocrx_word' id='word_1_337' title='bbox 3367 1722 3483 1777; x_wconf 87' lang='lat' dir='ltr'>Lex</span> <span class='ocrx_word' id='word_1_338' title='bbox 3506 1721 3724 1792; x_wconf 85' lang='lat' dir='ltr'>quippe</span> 
     </span>
    </p>
   </div>
   <div class='ocr_carea' id='block_1_48' title="bbox 2080 1810 3724 1882">
    <p class='ocr_par' dir='ltr' id='par_1_48' title="bbox 2080 1810 3724 1882">
     <span class='ocr_line' id='line_1_48' title="bbox 2080 1810 3724 1882; baseline -0.001 -17"><span class='ocrx_word' id='word_1_339' title='bbox 2080 1828 2147 1865; x_wconf 86' lang='lat' dir='ltr'>ex</span> <span class='ocrx_word' id='word_1_340' title='bbox 2178 1810 2365 1864; x_wconf 89' lang='lat' dir='ltr'>multa</span> <span class='ocrx_word' id='word_1_341' title='bbox 2394 1815 2557 1880; x_wconf 89' lang='lat' dir='ltr'>parte</span> <span class='ocrx_word' id='word_1_342' title='bbox 2586 1810 2839 1865; x_wconf 86' lang='lat' dir='ltr'>carnalis</span> <span class='ocrx_word' id='word_1_343' title='bbox 2869 1816 3012 1865; x_wconf 89' lang='lat' dir='ltr'>erat.</span> <span class='ocrx_word' id='word_1_344' title='bbox 3045 1811 3191 1875; x_wconf 89' lang='lat' dir='ltr'>Quid</span> <span class='ocrx_word' id='word_1_345' title='bbox 3226 1815 3333 1879; x_wconf 90' lang='lat' dir='ltr'>est,</span> <span class='ocrx_word' id='word_1_346' title='bbox 3386 1834 3415 1859; x_wconf 91' lang='grc'>‹‹</span> <span class='ocrx_word' id='word_1_347' title='bbox 3451 1810 3724 1882; x_wconf 68' lang='lat' dir='ltr'>praecepti</span> 
     </span>
    </p>
   </div>
   <div class='ocr_carea' id='block_1_49' title="bbox 2080 1900 3728 1971">
    <p class='ocr_par' dir='ltr' id='par_1_49' title="bbox 2080 1900 3728 1971">
     <span class='ocr_line' id='line_1_49' title="bbox 2080 1900 3728 1971; baseline -0.002 -16"><span class='ocrx_word' id='word_1_348' title='bbox 2080 1900 2428 1955; x_wconf 76' lang='lat' dir='ltr'>carnalis?»</span> <span class='ocrx_word' id='word_1_349' title='bbox 2463 1900 2895 1969; x_wconf 87' lang='lat' dir='ltr'>Circumcidite,</span> <span class='ocrx_word' id='word_1_350' title='bbox 2918 1901 3127 1971; x_wconf 87' lang='lat' dir='ltr'>inquit,</span> <span class='ocrx_word' id='word_1_351' title='bbox 3155 1916 3385 1955; x_wconf 88' lang='lat' dir='ltr'>carnem</span> <span class='ocrx_word' id='word_1_352' title='bbox 3411 1918 3423 1967; x_wconf 92' lang='lat'><strong>;</strong></span> <span class='ocrx_word' id='word_1_353' title='bbox 3455 1900 3589 1954; x_wconf 87' lang='lat' dir='ltr'>lava</span> <span class='ocrx_word' id='word_1_354' title='bbox 3612 1916 3728 1953; x_wconf 86' lang='lat' dir='ltr'>car-</span> 
     </span>
    </p>
   </div>
   <div class='ocr_carea' id='block_1_50' title="bbox 2080 1989 3725 2057">
    <p class='ocr_par' dir='ltr' id='par_1_50' title="bbox 2080 1989 3725 2057">
     <span class='ocr_line' id='line_1_50' title="bbox 2080 1989 3725 2057; baseline -0.001 -14"><span class='ocrx_word' id='word_1_355' title='bbox 2080 2005 2209 2043; x_wconf 87' lang='lat' dir='ltr'>nem</span> <span class='ocrx_word' id='word_1_356' title='bbox 2240 2014 2251 2055; x_wconf 84' lang='lat'><strong>;</strong></span> <span class='ocrx_word' id='word_1_357' title='bbox 2287 1989 2508 2043; x_wconf 89' lang='lat' dir='ltr'>munda</span> <span class='ocrx_word' id='word_1_358' title='bbox 2532 2004 2785 2042; x_wconf 89' lang='lat' dir='ltr'>carnem.</span> <span class='ocrx_word' id='word_1_359' title='bbox 2814 1989 3238 2044; x_wconf 85' lang='lat' dir='ltr'>Promissiones</span> <span class='ocrx_word' id='word_1_360' title='bbox 3258 1994 3444 2057; x_wconf 88' lang='lat' dir='ltr'>erant,</span> <span class='ocrx_word' id='word_1_361' title='bbox 3470 1989 3725 2043; x_wconf 89' lang='lat' dir='ltr'>multum</span> 
     </span>
    </p>
   </div>
   <div class='ocr_carea' id='block_1_51' title="bbox 2077 2077 3728 2149">
    <p class='ocr_par' dir='ltr' id='par_1_51' title="bbox 2077 2077 3728 2149">
     <span class='ocr_line' id='line_1_51' title="bbox 2077 2077 3728 2149; baseline 0.001 -19"><span class='ocrx_word' id='word_1_362' title='bbox 2077 2079 2283 2143; x_wconf 83' lang='lat' dir='ltr'>vivere,</span> <span class='ocrx_word' id='word_1_363' title='bbox 2340 2078 2426 2132; x_wconf 85' lang='lat' dir='ltr'>lac</span> <span class='ocrx_word' id='word_1_364' title='bbox 2483 2082 2539 2132; x_wconf 92' lang='lat' dir='ltr'>et</span> <span class='ocrx_word' id='word_1_365' title='bbox 2597 2077 2730 2141; x_wconf 79' lang='lat' dir='ltr'>mel,</span> <span class='ocrx_word' id='word_1_366' title='bbox 2782 2095 2909 2149; x_wconf 83' lang='lat' dir='ltr'>pax.</span> <span class='ocrx_word' id='word_1_367' title='bbox 2966 2079 3045 2133; x_wconf 84' lang='lat' dir='ltr'>Ex</span> <span class='ocrx_word' id='word_1_368' title='bbox 3103 2078 3211 2132; x_wconf 91' lang='lat' dir='ltr'>hac</span> <span class='ocrx_word' id='word_1_369' title='bbox 3268 2077 3394 2149; x_wconf 87' lang='lat' dir='ltr'>lege</span> <span class='ocrx_word' id='word_1_370' title='bbox 3454 2079 3728 2133; x_wconf 83' lang='lat' dir='ltr'>sacerdo-</span> 
     </span>
    </p>
   </div>
   <div class='ocr_carea' id='block_1_52' title="bbox 2078 2167 3727 2238">
    <p class='ocr_par' dir='ltr' id='par_1_52' title="bbox 2078 2167 3727 2238">
     <span class='ocr_line' id='line_1_52' title="bbox 2078 2167 3727 2238; baseline -0.001 -16"><span class='ocrx_word' id='word_1_371' title='bbox 2078 2169 2224 2222; x_wconf 90' lang='lat' dir='ltr'>tium</span> <span class='ocrx_word' id='word_1_372' title='bbox 2274 2167 2534 2238; x_wconf 87' lang='lat' dir='ltr'>suscepit</span> <span class='ocrx_word' id='word_1_373' title='bbox 2580 2170 2787 2221; x_wconf 89' lang='lat' dir='ltr'>Aaron.</span> <span class='ocrx_word' id='word_1_374' title='bbox 2824 2167 3110 2233; x_wconf 88' lang='lat' dir='ltr'>Christus,</span> <span class='ocrx_word' id='word_1_375' title='bbox 3146 2167 3360 2237; x_wconf 86' lang='lat' dir='ltr'>inquit,</span> <span class='ocrx_word' id='word_1_376' title='bbox 3393 2167 3727 2221; x_wconf 89' lang='lat' dir='ltr'>secundum</span> 
     </span>
    </p>
   </div>
   <div class='ocr_carea' id='block_1_53' title="bbox 2077 2255 3728 2320">
    <p class='ocr_par' dir='ltr' id='par_1_53' title="bbox 2077 2255 3728 2320">
     <span class='ocr_line' id='line_1_53' title="bbox 2077 2255 3728 2320; baseline -0.002 -9"><span class='ocrx_word' id='word_1_377' title='bbox 2077 2257 2353 2311; x_wconf 88' lang='lat' dir='ltr'>virtutem</span> <span class='ocrx_word' id='word_1_378' title='bbox 2376 2256 2503 2309; x_wconf 62' lang='lat' dir='ltr'>vita;</span> <span class='ocrx_word' id='word_1_379' title='bbox 2527 2255 2879 2310; x_wconf 90' lang='lat' dir='ltr'>insolubilis.</span> <span class='ocrx_word' id='word_1_380' title='bbox 2902 2256 3235 2310; x_wconf 91' lang='lat' dir='ltr'>Secundum</span> <span class='ocrx_word' id='word_1_381' title='bbox 3258 2256 3539 2309; x_wconf 87' lang='lat' dir='ltr'>virtutem</span> <span class='ocrx_word' id='word_1_382' title='bbox 3563 2256 3728 2320; x_wconf 84' lang='lat' dir='ltr'>dicit,</span> 
     </span>
    </p>
   </div>
   <div class='ocr_carea' id='block_1_54' title="bbox 2080 2344 3728 2416">
    <p class='ocr_par' dir='ltr' id='par_1_54' title="bbox 2080 2344 3728 2416">
     <span class='ocr_line' id='line_1_54' title="bbox 2080 2344 3728 2416; baseline -0.001 -17"><span class='ocrx_word' id='word_1_383' title='bbox 2080 2363 2192 2399; x_wconf 91' lang='lat' dir='ltr'>non</span> <span class='ocrx_word' id='word_1_384' title='bbox 2225 2346 2550 2399; x_wconf 89' lang='lat' dir='ltr'>secundum</span> <span class='ocrx_word' id='word_1_385' title='bbox 2582 2344 2789 2416; x_wconf 89' lang='lat' dir='ltr'>legem.</span> <span class='ocrx_word' id='word_1_386' title='bbox 2826 2346 2888 2398; x_wconf 90' lang='lat' dir='ltr'>In</span> <span class='ocrx_word' id='word_1_387' title='bbox 2922 2344 3047 2415; x_wconf 87' lang='lat' dir='ltr'>lege</span> <span class='ocrx_word' id='word_1_388' title='bbox 3077 2346 3232 2399; x_wconf 92' lang='lat' dir='ltr'>enim</span> <span class='ocrx_word' id='word_1_389' title='bbox 3268 2344 3587 2399; x_wconf 83' lang='lat' dir='ltr'>infirmitas</span> <span class='ocrx_word' id='word_1_390' title='bbox 3621 2345 3728 2397; x_wconf 86' lang='lat' dir='ltr'>fuit</span> 
     </span>
    </p>
   </div>
   <div class='ocr_carea' id='block_1_55' title="bbox 2078 2434 3728 2505">
    <p class='ocr_par' dir='ltr' id='par_1_55' title="bbox 2078 2434 3728 2505">
     <span class='ocr_line' id='line_1_55' title="bbox 2078 2434 3728 2505; baseline -0.001 -17"><span class='ocrx_word' id='word_1_391' title='bbox 2078 2434 2303 2488; x_wconf 84' lang='lat' dir='ltr'>Veteris</span> <span class='ocrx_word' id='word_1_392' title='bbox 2351 2434 2730 2501; x_wconf 88' lang='lat' dir='ltr'>Testamenti,</span> <span class='ocrx_word' id='word_1_393' title='bbox 2765 2434 2904 2505; x_wconf 90' lang='lat' dir='ltr'>quia</span> <span class='ocrx_word' id='word_1_394' title='bbox 2948 2436 3156 2488; x_wconf 89' lang='lat' dir='ltr'>umbra</span> <span class='ocrx_word' id='word_1_395' title='bbox 3202 2438 3345 2498; x_wconf 90' lang='lat' dir='ltr'>erat,</span> <span class='ocrx_word' id='word_1_396' title='bbox 3378 2438 3436 2487; x_wconf 90' lang='lat' dir='ltr'>et</span> <span class='ocrx_word' id='word_1_397' title='bbox 3486 2434 3622 2489; x_wconf 85' lang='lat' dir='ltr'>ideo</span> <span class='ocrx_word' id='word_1_398' title='bbox 3674 2434 3728 2487; x_wconf 88' lang='lat' dir='ltr'>in</span> 
     </span>
    </p>
   </div>
   <div class='ocr_carea' id='block_1_56' title="bbox 2078 2522 3726 2595">
    <p class='ocr_par' dir='ltr' id='par_1_56' title="bbox 2078 2522 3726 2595">
     <span class='ocr_line' id='line_1_56' title="bbox 2078 2522 3726 2595; baseline -0.001 -16"><span class='ocrx_word' id='word_1_399' title='bbox 2078 2541 2144 2579; x_wconf 89' lang='lat' dir='ltr'>ea</span> <span class='ocrx_word' id='word_1_400' title='bbox 2173 2523 2358 2578; x_wconf 89' lang='lat' dir='ltr'>virtus</span> <span class='ocrx_word' id='word_1_401' title='bbox 2388 2529 2541 2577; x_wconf 88' lang='lat' dir='ltr'>stare</span> <span class='ocrx_word' id='word_1_402' title='bbox 2574 2540 2686 2578; x_wconf 90' lang='lat' dir='ltr'>non</span> <span class='ocrx_word' id='word_1_403' title='bbox 2730 2523 2936 2595; x_wconf 88' lang='lat' dir='ltr'>potuit.</span> <span class='ocrx_word' id='word_1_404' title='bbox 2972 2527 3103 2577; x_wconf 71' lang='lat' dir='ltr'>Haec</span> <span class='ocrx_word' id='word_1_405' title='bbox 3155 2528 3349 2578; x_wconf 88' lang='lat' dir='ltr'>autem</span> <span class='ocrx_word' id='word_1_406' title='bbox 3397 2524 3515 2577; x_wconf 92' lang='lat' dir='ltr'>vita</span> <span class='ocrx_word' id='word_1_407' title='bbox 3568 2522 3726 2577; x_wconf 82' lang='lat' dir='ltr'>inso-</span> 
     </span>
    </p>
   </div>
   <div class='ocr_carea' id='block_1_57' title="bbox 2078 2613 3729 2684">
    <p class='ocr_par' dir='ltr' id='par_1_57' title="bbox 2078 2613 3729 2684">
     <span class='ocr_line' id='line_1_57' title="bbox 2078 2613 3729 2684; baseline -0.001 -18"><span class='ocrx_word' id='word_1_408' title='bbox 2078 2613 2277 2667; x_wconf 91' lang='lat' dir='ltr'>lubilis</span> <span class='ocrx_word' id='word_1_409' title='bbox 2314 2618 2419 2677; x_wconf 91' lang='lat' dir='ltr'>est,</span> <span class='ocrx_word' id='word_1_410' title='bbox 2454 2613 2593 2681; x_wconf 88' lang='lat' dir='ltr'>quia</span> <span class='ocrx_word' id='word_1_411' title='bbox 2642 2630 2753 2667; x_wconf 91' lang='lat' dir='ltr'>non</span> <span class='ocrx_word' id='word_1_412' title='bbox 2816 2614 3022 2684; x_wconf 81' lang='lat' dir='ltr'>ﬁgura,</span> <span class='ocrx_word' id='word_1_413' title='bbox 3078 2613 3176 2667; x_wconf 91' lang='lat' dir='ltr'>sed</span> <span class='ocrx_word' id='word_1_414' title='bbox 3229 2613 3445 2667; x_wconf 89' lang='lat' dir='ltr'>veritas</span> <span class='ocrx_word' id='word_1_415' title='bbox 3493 2617 3605 2666; x_wconf 87' lang='lat' dir='ltr'>est.</span> <span class='ocrx_word' id='word_1_416' title='bbox 3663 2613 3729 2665; x_wconf 84' lang='lat' dir='ltr'>Et</span> 
     </span>
    </p>
   </div>
   <div class='ocr_carea' id='block_1_58' title="bbox 2078 2701 3726 2771">
    <p class='ocr_par' dir='ltr' id='par_1_58' title="bbox 2078 2701 3726 2771">
     <span class='ocr_line' id='line_1_58' title="bbox 2078 2701 3726 2771; baseline -0.002 -15"><span class='ocrx_word' id='word_1_417' title='bbox 2078 2702 2207 2756; x_wconf 91' lang='lat' dir='ltr'>ideo</span> <span class='ocrx_word' id='word_1_418' title='bbox 2256 2702 2314 2755; x_wconf 90' lang='lat' dir='ltr'>in</span> <span class='ocrx_word' id='word_1_419' title='bbox 2370 2701 2675 2771; x_wconf 87' lang='lat' dir='ltr'>Evangelio</span> <span class='ocrx_word' id='word_1_420' title='bbox 2720 2718 2833 2755; x_wconf 91' lang='lat' dir='ltr'>non</span> <span class='ocrx_word' id='word_1_421' title='bbox 2880 2702 3215 2771; x_wconf 84' lang='lat' dir='ltr'>infirmitas,</span> <span class='ocrx_word' id='word_1_422' title='bbox 3245 2702 3345 2755; x_wconf 91' lang='lat' dir='ltr'>sed</span> <span class='ocrx_word' id='word_1_423' title='bbox 3377 2701 3567 2754; x_wconf 86' lang='lat' dir='ltr'>virtus</span> <span class='ocrx_word' id='word_1_424' title='bbox 3600 2715 3726 2755; x_wconf 87' lang='lat' dir='ltr'>esse</span> 
     </span>
    </p>
   </div>
   <div class='ocr_carea' id='block_1_59' title="bbox 2081 2789 3543 2856">
    <p class='ocr_par' dir='ltr' id='par_1_59' title="bbox 2081 2789 3543 2856">
     <span class='ocr_line' id='line_1_59' title="bbox 2081 2789 3543 2856; baseline -0.002 -11"><span class='ocrx_word' id='word_1_425' title='bbox 2081 2795 2325 2856; x_wconf 88' lang='lat' dir='ltr'>constat,</span> <span class='ocrx_word' id='word_1_426' title='bbox 2359 2795 2415 2844; x_wconf 89' lang='lat' dir='ltr'>ct</span> <span class='ocrx_word' id='word_1_427' title='bbox 2459 2790 2852 2845; x_wconf 89' lang='lat' dir='ltr'>insolubilitas</span> <span class='ocrx_word' id='word_1_428' title='bbox 2884 2791 3209 2845; x_wconf 89' lang='lat' dir='ltr'>secundum</span> <span class='ocrx_word' id='word_1_429' title='bbox 3242 2789 3543 2843; x_wconf 88' lang='lat' dir='ltr'>virtutem.</span> 
     </span>
    </p>
   </div>
   <div class='ocr_carea' id='block_1_60' title="bbox 2155 2876 3725 2942">
    <p class='ocr_par' dir='ltr' id='par_1_60' title="bbox 2155 2876 3725 2942">
     <span class='ocr_line' id='line_1_60' title="bbox 2155 2876 3725 2942; baseline -0.001 -10"><span class='ocrx_word' id='word_1_430' title='bbox 2155 2901 2181 2926; x_wconf 87' lang='lat'><strong>«</strong></span> <span class='ocrx_word' id='word_1_431' title='bbox 2212 2882 2580 2933; x_wconf 88' lang='lat' dir='ltr'>Contestatur</span> <span class='ocrx_word' id='word_1_432' title='bbox 2611 2879 2766 2933; x_wconf 91' lang='lat' dir='ltr'>enim</span> <span class='ocrx_word' id='word_1_433' title='bbox 2802 2893 2815 2932; x_wconf 94' lang='lat'>:</span> <span class='ocrx_word' id='word_1_434' title='bbox 2860 2878 3143 2942; x_wconf 88' lang='lat' dir='ltr'>Quoniam</span> <span class='ocrx_word' id='word_1_435' title='bbox 3177 2884 3237 2932; x_wconf 91' lang='lat' dir='ltr'>tu</span> <span class='ocrx_word' id='word_1_436' title='bbox 3269 2894 3331 2932; x_wconf 91' lang='lat' dir='ltr'>es</span> <span class='ocrx_word' id='word_1_437' title='bbox 3363 2877 3639 2932; x_wconf 88' lang='lat' dir='ltr'>sacerdos</span> <span class='ocrx_word' id='word_1_438' title='bbox 3668 2876 3725 2930; x_wconf 92' lang='lat' dir='ltr'>in</span> 
     </span>
    </p>
   </div>
   <div class='ocr_carea' id='block_1_61' title="bbox 2081 2965 3747 3033">
    <p class='ocr_par' dir='ltr' id='par_1_61' title="bbox 2081 2965 3747 3033">
     <span class='ocr_line' id='line_1_61' title="bbox 2081 2965 3747 3033; baseline -0.002 -12"><span class='ocrx_word' id='word_1_439' title='bbox 2081 2972 2383 3033; x_wconf 66' lang='lat' dir='ltr'>aeternum,</span> <span class='ocrx_word' id='word_1_440' title='bbox 2401 2968 2723 3023; x_wconf 89' lang='lat' dir='ltr'>secundum</span> <span class='ocrx_word' id='word_1_441' title='bbox 2744 2968 3007 3022; x_wconf 90' lang='lat' dir='ltr'>ordinem</span> <span class='ocrx_word' id='word_1_442' title='bbox 3024 2966 3469 3022; x_wconf 87' lang='lat' dir='ltr'>Melchisedech.</span> <span class='ocrx_word' id='word_1_443' title='bbox 3488 2989 3515 3013; x_wconf 82' lang='grc'><strong>››</strong></span> <span class='ocrx_word' id='word_1_444' title='bbox 3535 2970 3599 3018; x_wconf 94' lang='lat' dir='ltr'>In</span> <span class='ocrx_word' id='word_1_445' title='bbox 3621 2965 3747 3019; x_wconf 89' lang='lat' dir='ltr'>hoc</span> 
     </span>
    </p>
   </div>
   <div class='ocr_carea' id='block_1_62' title="bbox 2083 3055 3726 3112">
    <p class='ocr_par' dir='ltr' id='par_1_62' title="bbox 2083 3055 3726 3112">
     <span class='ocr_line' id='line_1_62' title="bbox 2083 3055 3726 3112; baseline -0.002 -2"><span class='ocrx_word' id='word_1_446' title='bbox 2083 3057 2285 3112; x_wconf 89' lang='lat' dir='ltr'>ordine</span> <span class='ocrx_word' id='word_1_447' title='bbox 2308 3056 2729 3111; x_wconf 86' lang='lat' dir='ltr'>Melchisedech</span> <span class='ocrx_word' id='word_1_448' title='bbox 2754 3056 3022 3111; x_wconf 89' lang='lat' dir='ltr'>Christus</span> <span class='ocrx_word' id='word_1_449' title='bbox 3054 3056 3322 3110; x_wconf 89' lang='lat' dir='ltr'>sacerdos</span> <span class='ocrx_word' id='word_1_450' title='bbox 3354 3055 3414 3109; x_wconf 89' lang='lat' dir='ltr'>in</span> <span class='ocrx_word' id='word_1_451' title='bbox 3444 3058 3726 3109; x_wconf 69' lang='lat' dir='ltr'>aeternum</span> 
     </span>
    </p>
   </div>
   <div class='ocr_carea' id='block_1_63' title="bbox 2084 3143 3728 3217">
    <p class='ocr_par' dir='ltr' id='par_1_63' title="bbox 2084 3143 3728 3217">
     <span class='ocr_line' id='line_1_63' title="bbox 2084 3143 3728 3217; baseline -0.002 -18"><span class='ocrx_word' id='word_1_452' title='bbox 2084 3150 2477 3216; x_wconf 88' lang='lat' dir='ltr'>nuncupatur,</span> <span class='ocrx_word' id='word_1_453' title='bbox 2511 3146 2649 3217; x_wconf 85' lang='lat' dir='ltr'>quia</span> <span class='ocrx_word' id='word_1_454' title='bbox 2697 3145 2790 3200; x_wconf 91' lang='lat' dir='ltr'>ille</span> <span class='ocrx_word' id='word_1_455' title='bbox 2839 3144 3101 3200; x_wconf 88' lang='lat' dir='ltr'>carnales</span> <span class='ocrx_word' id='word_1_456' title='bbox 3139 3143 3407 3199; x_wconf 90' lang='lat' dir='ltr'>victimas</span> <span class='ocrx_word' id='word_1_457' title='bbox 3437 3160 3555 3197; x_wconf 89' lang='lat' dir='ltr'>non</span> <span class='ocrx_word' id='word_1_458' title='bbox 3589 3143 3728 3196; x_wconf 72' lang='lat' dir='ltr'>olfe-</span> 
     </span>
    </p>
   </div>
   <div class='ocr_carea' id='block_1_64' title="bbox 2086 3231 3731 3307">
    <p class='ocr_par' dir='ltr' id='par_1_64' title="bbox 2086 3231 3731 3307">
     <span class='ocr_line' id='line_1_64' title="bbox 2086 3231 3731 3307; baseline -0.004 -17"><span class='ocrx_word' id='word_1_459' title='bbox 2086 3236 2267 3299; x_wconf 90' lang='lat' dir='ltr'>rebat,</span> <span class='ocrx_word' id='word_1_460' title='bbox 2302 3236 2413 3290; x_wconf 88' lang='lat' dir='ltr'>nisi</span> <span class='ocrx_word' id='word_1_461' title='bbox 2450 3254 2654 3307; x_wconf 89' lang='lat' dir='ltr'>panem</span> <span class='ocrx_word' id='word_1_462' title='bbox 2689 3240 2745 3290; x_wconf 92' lang='lat' dir='ltr'>et</span> <span class='ocrx_word' id='word_1_463' title='bbox 2773 3236 2974 3290; x_wconf 90' lang='lat' dir='ltr'>vinum</span> <span class='ocrx_word' id='word_1_464' title='bbox 3009 3251 3022 3289; x_wconf 91' lang='lat'>:</span> <span class='ocrx_word' id='word_1_465' title='bbox 3069 3234 3151 3288; x_wconf 81' lang='lat' dir='ltr'>sic</span> <span class='ocrx_word' id='word_1_466' title='bbox 3181 3238 3237 3289; x_wconf 87' lang='lat' dir='ltr'>et</span> <span class='ocrx_word' id='word_1_467' title='bbox 3268 3234 3537 3289; x_wconf 87' lang='lat' dir='ltr'>Christus</span> <span class='ocrx_word' id='word_1_468' title='bbox 3567 3231 3731 3285; x_wconf 87' lang='lat' dir='ltr'>obla-</span> 
     </span>
    </p>
   </div>
   <div class='ocr_carea' id='block_1_65' title="bbox 328 3296 3728 3409">
    <p class='ocr_par' dir='ltr' id='par_1_65' title="bbox 328 3296 3728 3409">
     <span class='ocr_line' id='line_1_65' title="bbox 328 3296 3728 3409; baseline -0.002 -31"><span class='ocrx_word' id='word_1_469' title='bbox 328 3296 435 3392; x_wconf 63' lang='grc' dir='ltr'>θεῖ,</span> <span class='ocrx_word' id='word_1_470' title='bbox 469 3327 533 3378; x_wconf 90' lang='lat' dir='ltr'>ut</span> <span class='ocrx_word' id='word_1_471' title='bbox 579 3328 635 3379; x_wconf 91' lang='lat' dir='ltr'>et</span> <span class='ocrx_word' id='word_1_472' title='bbox 684 3325 831 3397; x_wconf 88' lang='lat' dir='ltr'>legis</span> <span class='ocrx_word' id='word_1_473' title='bbox 879 3296 1973 3409; x_wconf 80' lang='lat' dir='ltr'>translatio</span> <span class='ocrx_word' id='word_1_474' title='bbox 2003 3296 2044 3361; x_wconf 77' lang='lat' dir='ltr'><strong>C</strong></span> <span class='ocrx_word' id='word_1_475' title='bbox 2084 3296 2301 3379; x_wconf 86' lang='lat' dir='ltr'>tionem</span> <span class='ocrx_word' id='word_1_476' title='bbox 2355 3296 2522 3388; x_wconf 78' lang='lat' dir='ltr'>panis</span> <span class='ocrx_word' id='word_1_477' title='bbox 2570 3329 2625 3379; x_wconf 88' lang='lat' dir='ltr'>et</span> <span class='ocrx_word' id='word_1_478' title='bbox 2674 3324 2792 3378; x_wconf 91' lang='lat' dir='ltr'>vini</span> <span class='ocrx_word' id='word_1_479' title='bbox 2842 3324 3090 3379; x_wconf 71' lang='lat' dir='ltr'>offerens</span> <span class='ocrx_word' id='word_1_480' title='bbox 3139 3328 3251 3377; x_wconf 90' lang='lat' dir='ltr'>Deo</span> <span class='ocrx_word' id='word_1_481' title='bbox 3302 3321 3479 3383; x_wconf 87' lang='lat' dir='ltr'>Patri,</span> <span class='ocrx_word' id='word_1_482' title='bbox 3513 3320 3572 3373; x_wconf 92' lang='lat' dir='ltr'>id</span> <span class='ocrx_word' id='word_1_483' title='bbox 3618 3323 3728 3386; x_wconf 88' lang='lat' dir='ltr'>est,</span> 
     </span>
    </p>
   </div>
   <div class='ocr_carea' id='block_1_66' title="bbox 330 3412 1973 3497">
    <p class='ocr_par' dir='ltr' id='par_1_66' title="bbox 330 3412 1973 3497">
     <span class='ocr_line' id='line_1_66' title="bbox 330 3412 1973 3497; baseline 0.01 -29"><span class='ocrx_word' id='word_1_484' title='bbox 330 3412 601 3469; x_wconf 85' lang='lat' dir='ltr'>sacerdos</span> <span class='ocrx_word' id='word_1_485' title='bbox 634 3414 759 3470; x_wconf 88' lang='lat' dir='ltr'>sine</span> <span class='ocrx_word' id='word_1_486' title='bbox 791 3420 1141 3475; x_wconf 89' lang='lat' dir='ltr'>testamento</span> <span class='ocrx_word' id='word_1_487' title='bbox 1172 3436 1319 3488; x_wconf 89' lang='lat' dir='ltr'>esse,</span> <span class='ocrx_word' id='word_1_488' title='bbox 1349 3427 1405 3476; x_wconf 89' lang='lat' dir='ltr'>et</span> <span class='ocrx_word' id='word_1_489' title='bbox 1437 3424 1560 3479; x_wconf 90' lang='lat' dir='ltr'>sine</span> <span class='ocrx_word' id='word_1_490' title='bbox 1592 3424 1736 3497; x_wconf 87' lang='lat' dir='ltr'>lege,</span> <span class='ocrx_word' id='word_1_491' title='bbox 1761 3433 1817 3483; x_wconf 90' lang='lat' dir='ltr'>et</span> <span class='ocrx_word' id='word_1_492' title='bbox 1849 3429 1973 3486; x_wconf 88' lang='lat' dir='ltr'>sine</span> 
     </span>
    </p>
   </div>
   <div class='ocr_carea' id='block_1_67' title="bbox 331 3503 1975 3589">
    <p class='ocr_par' dir='ltr' id='par_1_67' title="bbox 331 3503 1975 3589">
     <span class='ocr_line' id='line_1_67' title="bbox 331 3503 1975 3589; baseline 0.012 -35"><span class='ocrx_word' id='word_1_493' title='bbox 331 3503 653 3589; x_wconf 65' lang='lat' dir='ltr'>praeceptis.</span> <span class='ocrx_word' id='word_1_494' title='bbox 688 3505 1061 3562; x_wconf 90' lang='lat' dir='ltr'>Translatum</span> <span class='ocrx_word' id='word_1_495' title='bbox 1111 3513 1199 3564; x_wconf 91' lang='lat' dir='ltr'>est</span> <span class='ocrx_word' id='word_1_496' title='bbox 1246 3512 1679 3581; x_wconf 84' lang='lat' dir='ltr'>sacerdotium;</span> <span class='ocrx_word' id='word_1_497' title='bbox 1734 3533 1869 3589; x_wconf 88' lang='lat' dir='ltr'>ergo</span> <span class='ocrx_word' id='word_1_498' title='bbox 1919 3521 1975 3573; x_wconf 91' lang='lat' dir='ltr'>et</span> 
     </span>
    </p>
   </div>
   <div class='ocr_carea' id='block_1_68' title="bbox 332 3588 877 3649">
    <p class='ocr_par' dir='ltr' id='par_1_68' title="bbox 332 3588 877 3649">
     <span class='ocr_line' id='line_1_68' title="bbox 332 3588 877 3649; baseline 0.009 -5"><span class='ocrx_word' id='word_1_499' title='bbox 332 3588 424 3645; x_wconf 85' lang='lat' dir='ltr'>lex</span> <span class='ocrx_word' id='word_1_500' title='bbox 452 3591 742 3647; x_wconf 88' lang='lat' dir='ltr'>translata</span> <span class='ocrx_word' id='word_1_501' title='bbox 771 3599 877 3649; x_wconf 87' lang='lat' dir='ltr'>est.</span> 
     </span>
    </p>
   </div>
   <div class='ocr_carea' id='block_1_69' title="bbox 411 3680 1971 3764">
    <p class='ocr_par' dir='ltr' id='par_1_69' title="bbox 411 3680 1971 3764">
     <span class='ocr_line' id='line_1_69' title="bbox 411 3680 1971 3764; baseline 0.01 -31"><span class='ocrx_word' id='word_1_502' title='bbox 411 3698 433 3726; x_wconf 75' lang='grc' dir='ltr'>ι</span> <span class='ocrx_word' id='word_1_503' title='bbox 466 3680 528 3734; x_wconf 89' lang='lat' dir='ltr'>In</span> <span class='ocrx_word' id='word_1_504' title='bbox 561 3698 675 3752; x_wconf 91' lang='lat' dir='ltr'>quo</span> <span class='ocrx_word' id='word_1_505' title='bbox 704 3682 859 3737; x_wconf 89' lang='lat' dir='ltr'>enim</span> <span class='ocrx_word' id='word_1_506' title='bbox 892 3682 1015 3739; x_wconf 70' lang='lat' dir='ltr'>haac</span> <span class='ocrx_word' id='word_1_507' title='bbox 1053 3685 1348 3753; x_wconf 89' lang='lat' dir='ltr'>dicuntur,</span> <span class='ocrx_word' id='word_1_508' title='bbox 1376 3690 1446 3744; x_wconf 91' lang='lat' dir='ltr'>de</span> <span class='ocrx_word' id='word_1_509' title='bbox 1497 3689 1611 3744; x_wconf 89' lang='lat' dir='ltr'>alia</span> <span class='ocrx_word' id='word_1_510' title='bbox 1658 3693 1813 3747; x_wconf 88' lang='lat' dir='ltr'>tribu</span> <span class='ocrx_word' id='word_1_511' title='bbox 1864 3698 1971 3764; x_wconf 90' lang='lat' dir='ltr'>est,</span> 
     </span>
    </p>
   </div>
   <div class='ocr_carea' id='block_1_70' title="bbox 335 3767 1975 3844">
    <p class='ocr_par' dir='ltr' id='par_1_70' title="bbox 335 3767 1975 3844">
     <span class='ocr_line' id='line_1_70' title="bbox 335 3767 1975 3844; baseline 0.01 -22"><span class='ocrx_word' id='word_1_512' title='bbox 335 3767 405 3822; x_wconf 92' lang='lat' dir='ltr'>de</span> <span class='ocrx_word' id='word_1_513' title='bbox 437 3784 552 3837; x_wconf 90' lang='lat' dir='ltr'>qua</span> <span class='ocrx_word' id='word_1_514' title='bbox 580 3768 778 3823; x_wconf 90' lang='lat' dir='ltr'>nullus</span> <span class='ocrx_word' id='word_1_515' title='bbox 811 3770 1015 3826; x_wconf 87' lang='lat' dir='ltr'>altario</span> <span class='ocrx_word' id='word_1_516' title='bbox 1049 3779 1258 3844; x_wconf 66' lang='lat' dir='ltr'>praesto</span> <span class='ocrx_word' id='word_1_517' title='bbox 1291 3777 1419 3833; x_wconf 91' lang='lat' dir='ltr'>fuit.</span> <span class='ocrx_word' id='word_1_518' title='bbox 1460 3779 1837 3836; x_wconf 88' lang='lat' dir='ltr'>Manifestum</span> <span class='ocrx_word' id='word_1_519' title='bbox 1886 3787 1975 3838; x_wconf 89' lang='lat' dir='ltr'>est</span> 
     </span>
    </p>
   </div>
   <div class='ocr_carea' id='block_1_71' title="bbox 336 3854 1973 3927">
    <p class='ocr_par' dir='ltr' id='par_1_71' title="bbox 336 3854 1973 3927">
     <span class='ocr_line' id='line_1_71' title="bbox 336 3854 1973 3927; baseline 0.01 -17"><span class='ocrx_word' id='word_1_520' title='bbox 336 3854 514 3921; x_wconf 90' lang='lat' dir='ltr'>enim,</span> <span class='ocrx_word' id='word_1_521' title='bbox 548 3855 703 3926; x_wconf 89' lang='lat' dir='ltr'>quod</span> <span class='ocrx_word' id='word_1_522' title='bbox 745 3874 812 3911; x_wconf 89' lang='lat' dir='ltr'>ex</span> <span class='ocrx_word' id='word_1_523' title='bbox 855 3859 1008 3915; x_wconf 89' lang='lat' dir='ltr'>Juda</span> <span class='ocrx_word' id='word_1_524' title='bbox 1057 3866 1218 3917; x_wconf 90' lang='lat' dir='ltr'>ortus</span> <span class='ocrx_word' id='word_1_525' title='bbox 1268 3866 1344 3919; x_wconf 91' lang='lat' dir='ltr'>sit</span> <span class='ocrx_word' id='word_1_526' title='bbox 1397 3866 1680 3924; x_wconf 91' lang='lat' dir='ltr'>Dominus</span> <span class='ocrx_word' id='word_1_527' title='bbox 1731 3877 1973 3927; x_wconf 87' lang='lat' dir='ltr'>noster:</span> 
     </span>
    </p>
   </div>
   <div class='ocr_carea' id='block_1_72' title="bbox 336 3942 1976 4027">
    <p class='ocr_par' dir='ltr' id='par_1_72' title="bbox 336 3942 1976 4027">
     <span class='ocr_line' id='line_1_72' title="bbox 336 3942 1976 4027; baseline 0.011 -29"><span class='ocrx_word' id='word_1_528' title='bbox 336 3942 394 3998; x_wconf 90' lang='lat' dir='ltr'>in</span> <span class='ocrx_word' id='word_1_529' title='bbox 432 3960 547 4015; x_wconf 89' lang='lat' dir='ltr'>qua</span> <span class='ocrx_word' id='word_1_530' title='bbox 574 3944 729 4000; x_wconf 90' lang='lat' dir='ltr'>tribu</span> <span class='ocrx_word' id='word_1_531' title='bbox 763 3945 906 4001; x_wconf 90' lang='lat' dir='ltr'>nihil</span> <span class='ocrx_word' id='word_1_532' title='bbox 950 3949 1019 4004; x_wconf 91' lang='lat' dir='ltr'>de</span> <span class='ocrx_word' id='word_1_533' title='bbox 1063 3954 1461 4010; x_wconf 90' lang='lat' dir='ltr'>sacerdotibus</span> <span class='ocrx_word' id='word_1_534' title='bbox 1494 3956 1719 4027; x_wconf 78' lang='lat' dir='ltr'>Moyses</span> <span class='ocrx_word' id='word_1_535' title='bbox 1748 3958 1976 4015; x_wconf 90' lang='lat' dir='ltr'>locutus</span> 
     </span>
    </p>
   </div>
   <div class='ocr_carea' id='block_1_73' title="bbox 336 4032 1977 4115">
    <p class='ocr_par' dir='ltr' id='par_1_73' title="bbox 336 4032 1977 4115">
     <span class='ocr_line' id='line_1_73' title="bbox 336 4032 1977 4115; baseline 0.01 -29"><span class='ocrx_word' id='word_1_536' title='bbox 336 4034 445 4086; x_wconf 89' lang='lat' dir='ltr'>est.</span> <span class='ocrx_word' id='word_1_537' title='bbox 480 4052 508 4081; x_wconf 68' lang='grc' dir='ltr'>ιδ</span> <span class='ocrx_word' id='word_1_538' title='bbox 544 4032 606 4087; x_wconf 86' lang='lat' dir='ltr'>In</span> <span class='ocrx_word' id='word_1_539' title='bbox 638 4048 752 4103; x_wconf 92' lang='lat' dir='ltr'>quo</span> <span class='ocrx_word' id='word_1_540' title='bbox 781 4035 937 4089; x_wconf 86' lang='lat' dir='ltr'>enim</span> <span class='ocrx_word' id='word_1_541' title='bbox 972 4035 1091 4093; x_wconf 61' lang='lat' dir='ltr'>haec</span> <span class='ocrx_word' id='word_1_542' title='bbox 1121 4039 1415 4112; x_wconf 88' lang='lat' dir='ltr'>dicuntur,</span> <span class='ocrx_word' id='word_1_543' title='bbox 1442 4042 1497 4097; x_wconf 92' lang='lat' dir='ltr'>id</span> <span class='ocrx_word' id='word_1_544' title='bbox 1532 4049 1637 4115; x_wconf 91' lang='lat' dir='ltr'>est,</span> <span class='ocrx_word' id='word_1_545' title='bbox 1662 4046 1721 4100; x_wconf 90' lang='lat' dir='ltr'>in</span> <span class='ocrx_word' id='word_1_546' title='bbox 1753 4046 1977 4102; x_wconf 89' lang='lat' dir='ltr'>Christo</span> 
     </span>
    </p>
   </div>
   <div class='ocr_carea' id='block_1_74' title="bbox 336 4120 1980 4199">
    <p class='ocr_par' dir='ltr' id='par_1_74' title="bbox 336 4120 1980 4199">
     <span class='ocr_line' id='line_1_74' title="bbox 336 4120 1980 4199; baseline 0.011 -25"><span class='ocrx_word' id='word_1_547' title='bbox 336 4120 621 4177; x_wconf 86' lang='lat' dir='ltr'>translata</span> <span class='ocrx_word' id='word_1_548' title='bbox 665 4126 722 4177; x_wconf 91' lang='lat' dir='ltr'>et</span> <span class='ocrx_word' id='word_1_549' title='bbox 769 4122 879 4189; x_wconf 87' lang='lat' dir='ltr'>lex,</span> <span class='ocrx_word' id='word_1_550' title='bbox 909 4124 1061 4181; x_wconf 87' lang='lat' dir='ltr'>sicut</span> <span class='ocrx_word' id='word_1_551' title='bbox 1103 4129 1227 4197; x_wconf 86' lang='lat' dir='ltr'>jam</span> <span class='ocrx_word' id='word_1_552' title='bbox 1263 4130 1426 4199; x_wconf 90' lang='lat' dir='ltr'>dixit,</span> <span class='ocrx_word' id='word_1_553' title='bbox 1460 4134 1803 4190; x_wconf 87' lang='lat' dir='ltr'>translatam</span> <span class='ocrx_word' id='word_1_554' title='bbox 1840 4137 1980 4191; x_wconf 89' lang='lat' dir='ltr'>dicit</span> 
     </span>
    </p>
   </div>
   <div class='ocr_carea' id='block_1_75' title="bbox 339 4210 1981 4292">
    <p class='ocr_par' dir='ltr' id='par_1_75' title="bbox 339 4210 1981 4292">
     <span class='ocr_line' id='line_1_75' title="bbox 339 4210 1981 4292; baseline 0.01 -29"><span class='ocrx_word' id='word_1_555' title='bbox 339 4222 467 4264; x_wconf 88' lang='lat' dir='ltr'>esse</span> <span class='ocrx_word' id='word_1_556' title='bbox 497 4214 552 4265; x_wconf 88' lang='lat' dir='ltr'>et</span> <span class='ocrx_word' id='word_1_557' title='bbox 584 4210 820 4266; x_wconf 90' lang='lat' dir='ltr'>tribum.</span> <span class='ocrx_word' id='word_1_558' title='bbox 854 4212 1167 4284; x_wconf 84' lang='lat' dir='ltr'>Oportebat</span> <span class='ocrx_word' id='word_1_559' title='bbox 1198 4220 1413 4292; x_wconf 89' lang='lat' dir='ltr'>quippe</span> <span class='ocrx_word' id='word_1_560' title='bbox 1464 4227 1527 4276; x_wconf 90' lang='lat' dir='ltr'>ut</span> <span class='ocrx_word' id='word_1_561' title='bbox 1575 4222 1745 4278; x_wconf 89' lang='lat' dir='ltr'>etiam</span> <span class='ocrx_word' id='word_1_562' title='bbox 1788 4226 1981 4279; x_wconf 86' lang='lat' dir='ltr'>tribus</span> 
     </span>
    </p>
   </div>
   <div class='ocr_carea' id='block_1_76' title="bbox 341 4300 1981 4372">
    <p class='ocr_par' dir='ltr' id='par_1_76' title="bbox 341 4300 1981 4372">
     <span class='ocr_line' id='line_1_76' title="bbox 341 4300 1981 4372; baseline 0.01 -19"><span class='ocrx_word' id='word_1_563' title='bbox 341 4303 685 4354; x_wconf 86' lang='lat' dir='ltr'>mutaretur.</span> <span class='ocrx_word' id='word_1_564' title='bbox 729 4300 794 4354; x_wconf 88' lang='lat' dir='ltr'>Et</span> <span class='ocrx_word' id='word_1_565' title='bbox 841 4306 1132 4372; x_wconf 91' lang='lat' dir='ltr'>quomodo</span> <span class='ocrx_word' id='word_1_566' title='bbox 1183 4308 1531 4364; x_wconf 79' lang='lat' dir='ltr'>translatum</span> <span class='ocrx_word' id='word_1_567' title='bbox 1582 4317 1668 4365; x_wconf 90' lang='lat' dir='ltr'>est</span> <span class='ocrx_word' id='word_1_568' title='bbox 1715 4315 1981 4368; x_wconf 85' lang='lat' dir='ltr'>sacerdo-</span> 
     </span>
    </p>
   </div>
   <div class='ocr_carea' id='block_1_77' title="bbox 341 4387 1982 4465">
    <p class='ocr_par' dir='ltr' id='par_1_77' title="bbox 341 4387 1982 4465">
     <span class='ocr_line' id='line_1_77' title="bbox 341 4387 1982 4465; baseline 0.011 -25"><span class='ocrx_word' id='word_1_569' title='bbox 341 4388 492 4442; x_wconf 88' lang='lat' dir='ltr'>tium</span> <span class='ocrx_word' id='word_1_570' title='bbox 514 4388 542 4441; x_wconf 84' lang='lat'><strong>?</strong></span> <span class='ocrx_word' id='word_1_571' title='bbox 593 4387 669 4441; x_wconf 84' lang='lat' dir='ltr'>Ex</span> <span class='ocrx_word' id='word_1_572' title='bbox 716 4389 872 4444; x_wconf 85' lang='lat' dir='ltr'>tribu</span> <span class='ocrx_word' id='word_1_573' title='bbox 916 4392 987 4446; x_wconf 91' lang='lat' dir='ltr'>ad</span> <span class='ocrx_word' id='word_1_574' title='bbox 1033 4392 1275 4465; x_wconf 89' lang='lat' dir='ltr'>tribum,</span> <span class='ocrx_word' id='word_1_575' title='bbox 1309 4398 1380 4452; x_wconf 91' lang='lat' dir='ltr'>de</span> <span class='ocrx_word' id='word_1_576' title='bbox 1410 4400 1753 4455; x_wconf 88' lang='lat' dir='ltr'>sacerdotali</span> <span class='ocrx_word' id='word_1_577' title='bbox 1786 4403 1855 4456; x_wconf 89' lang='lat' dir='ltr'>ad</span> <span class='ocrx_word' id='word_1_578' title='bbox 1890 4420 1982 4459; x_wconf 90' lang='lat' dir='ltr'>re-</span> 
     </span>
    </p>
   </div>
   <div class='ocr_carea' id='block_1_78' title="bbox 344 4475 1985 4557">
    <p class='ocr_par' dir='ltr' id='par_1_78' title="bbox 344 4475 1985 4557">
     <span class='ocr_line' id='line_1_78' title="bbox 344 4475 1985 4557; baseline 0.011 -28"><span class='ocrx_word' id='word_1_579' title='bbox 344 4475 558 4546; x_wconf 86' lang='lat' dir='ltr'>galem,</span> <span class='ocrx_word' id='word_1_580' title='bbox 590 4480 655 4530; x_wconf 91' lang='lat' dir='ltr'>ut</span> <span class='ocrx_word' id='word_1_581' title='bbox 702 4479 901 4533; x_wconf 91' lang='lat' dir='ltr'>eadem</span> <span class='ocrx_word' id='word_1_582' title='bbox 954 4480 1083 4551; x_wconf 89' lang='lat' dir='ltr'>ipsa</span> <span class='ocrx_word' id='word_1_583' title='bbox 1130 4483 1209 4537; x_wconf 91' lang='lat' dir='ltr'>sit</span> <span class='ocrx_word' id='word_1_584' title='bbox 1254 4490 1310 4540; x_wconf 91' lang='lat' dir='ltr'>et</span> <span class='ocrx_word' id='word_1_585' title='bbox 1358 4486 1590 4557; x_wconf 86' lang='lat' dir='ltr'>regalis,</span> <span class='ocrx_word' id='word_1_586' title='bbox 1624 4493 1681 4543; x_wconf 89' lang='lat' dir='ltr'>et</span> <span class='ocrx_word' id='word_1_587' title='bbox 1720 4492 1985 4547; x_wconf 90' lang='lat' dir='ltr'>sacerdo-</span> 
     </span>
    </p>
   </div>
   <div class='ocr_carea' id='block_1_79' title="bbox 345 4565 1981 4651">
    <p class='ocr_par' dir='ltr' id='par_1_79' title="bbox 345 4565 1981 4651">
     <span class='ocr_line' id='line_1_79' title="bbox 345 4565 1981 4651; baseline 0.01 -31"><span class='ocrx_word' id='word_1_588' title='bbox 345 4565 507 4621; x_wconf 90' lang='lat' dir='ltr'>talis.</span> <span class='ocrx_word' id='word_1_589' title='bbox 540 4566 607 4619; x_wconf 86' lang='lat' dir='ltr'>Et</span> <span class='ocrx_word' id='word_1_590' title='bbox 655 4566 880 4623; x_wconf 88' lang='lat' dir='ltr'>intuere</span> <span class='ocrx_word' id='word_1_591' title='bbox 926 4572 1291 4641; x_wconf 83' lang='lat' dir='ltr'>mysterium.</span> <span class='ocrx_word' id='word_1_592' title='bbox 1328 4575 1522 4631; x_wconf 88' lang='lat' dir='ltr'>Primo</span> <span class='ocrx_word' id='word_1_593' title='bbox 1578 4577 1689 4634; x_wconf 84' lang='lat' dir='ltr'>fuit</span> <span class='ocrx_word' id='word_1_594' title='bbox 1738 4581 1981 4651; x_wconf 83' lang='lat' dir='ltr'>regalis;</span> 
     </span>
    </p>
   </div>
   <div class='ocr_carea' id='block_1_80' title="bbox 2083 3409 3731 3484">
    <p class='ocr_par' dir='ltr' id='par_1_80' title="bbox 2083 3409 3731 3484">
     <span class='ocr_line' id='line_1_80' title="bbox 2083 3409 3731 3484; baseline -0.005 -15"><span class='ocrx_word' id='word_1_595' title='bbox 2083 3430 2293 3484; x_wconf 90' lang='lat' dir='ltr'>corpus</span> <span class='ocrx_word' id='word_1_596' title='bbox 2315 3418 2371 3469; x_wconf 89' lang='lat' dir='ltr'>et</span> <span class='ocrx_word' id='word_1_597' title='bbox 2394 3413 2738 3483; x_wconf 89' lang='lat' dir='ltr'>sanguinem</span> <span class='ocrx_word' id='word_1_598' title='bbox 2764 3428 2939 3467; x_wconf 89' lang='lat' dir='ltr'>suum</span> <span class='ocrx_word' id='word_1_599' title='bbox 2965 3429 2977 3467; x_wconf 94' lang='lat'>:</span> <span class='ocrx_word' id='word_1_600' title='bbox 3009 3428 3184 3482; x_wconf 92' lang='lat' dir='ltr'>quam</span> <span class='ocrx_word' id='word_1_601' title='bbox 3208 3409 3565 3466; x_wconf 87' lang='lat' dir='ltr'>oblationem</span> <span class='ocrx_word' id='word_1_602' title='bbox 3592 3424 3731 3480; x_wconf 90' lang='lat' dir='ltr'>quo-</span> 
     </span>
    </p>
   </div>
   <div class='ocr_carea' id='block_1_81' title="bbox 2082 3500 3437 3573">
    <p class='ocr_par' dir='ltr' id='par_1_81' title="bbox 2082 3500 3437 3573">
     <span class='ocr_line' id='line_1_81' title="bbox 2082 3500 3437 3573; baseline -0.003 -16"><span class='ocrx_word' id='word_1_603' title='bbox 2082 3503 2222 3559; x_wconf 89' lang='lat' dir='ltr'>tidie</span> <span class='ocrx_word' id='word_1_604' title='bbox 2253 3503 2553 3558; x_wconf 83' lang='lat' dir='ltr'>oil‘erimus</span> <span class='ocrx_word' id='word_1_605' title='bbox 2585 3518 2761 3573; x_wconf 90' lang='lat' dir='ltr'>super</span> <span class='ocrx_word' id='word_1_606' title='bbox 2791 3502 2991 3570; x_wconf 89' lang='lat' dir='ltr'>altare,</span> <span class='ocrx_word' id='word_1_607' title='bbox 3025 3506 3080 3555; x_wconf 92' lang='lat' dir='ltr'>et</span> <span class='ocrx_word' id='word_1_608' title='bbox 3120 3500 3437 3555; x_wconf 88' lang='lat' dir='ltr'>sumimus.</span> 
     </span>
    </p>
   </div>
   <div class='ocr_carea' id='block_1_82' title="bbox 2157 3585 3731 3663">
    <p class='ocr_par' dir='ltr' id='par_1_82' title="bbox 2157 3585 3731 3663">
     <span class='ocr_line' id='line_1_82' title="bbox 2157 3585 3731 3663; baseline -0.006 -16"><span class='ocrx_word' id='word_1_609' title='bbox 2157 3616 2185 3641; x_wconf 85' lang='grc'>‹‹</span> <span class='ocrx_word' id='word_1_610' title='bbox 2217 3592 2564 3663; x_wconf 81' lang='lat' dir='ltr'>Reprobatio</span> <span class='ocrx_word' id='word_1_611' title='bbox 2612 3591 2850 3661; x_wconf 85' lang='lat' dir='ltr'>quidem</span> <span class='ocrx_word' id='word_1_612' title='bbox 2910 3592 2973 3644; x_wconf 86' lang='lat' dir='ltr'>ﬁt</span> <span class='ocrx_word' id='word_1_613' title='bbox 3019 3589 3396 3661; x_wconf 65' lang='lat' dir='ltr'>praecedentis</span> <span class='ocrx_word' id='word_1_614' title='bbox 3437 3585 3731 3651; x_wconf 87' lang='lat' dir='ltr'>mandati,</span> 
     </span>
    </p>
   </div>
   <div class='ocr_carea' id='block_1_83' title="bbox 2085 3675 3738 3755">
    <p class='ocr_par' dir='ltr' id='par_1_83' title="bbox 2085 3675 3738 3755">
     <span class='ocr_line' id='line_1_83' title="bbox 2085 3675 3738 3755; baseline -0.007 -18"><span class='ocrx_word' id='word_1_615' title='bbox 2085 3687 2319 3755; x_wconf 86' lang='lat' dir='ltr'>propter</span> <span class='ocrx_word' id='word_1_616' title='bbox 2339 3680 2738 3736; x_wconf 80' lang='lat' dir='ltr'>infirmitatem</span> <span class='ocrx_word' id='word_1_617' title='bbox 2759 3681 2887 3751; x_wconf 87' lang='lat' dir='ltr'>ejus</span> <span class='ocrx_word' id='word_1_618' title='bbox 2909 3684 2965 3735; x_wconf 91' lang='lat' dir='ltr'>et</span> <span class='ocrx_word' id='word_1_619' title='bbox 2986 3678 3385 3735; x_wconf 89' lang='lat' dir='ltr'>inutilitatem.</span> <span class='ocrx_word' id='word_1_620' title='bbox 3400 3675 3559 3731; x_wconf 90' lang='lat' dir='ltr'>Nihil</span> <span class='ocrx_word' id='word_1_621' title='bbox 3580 3675 3738 3729; x_wconf 90' lang='lat' dir='ltr'>enim</span> 
     </span>
    </p>
   </div>
   <div class='ocr_carea' id='block_1_84' title="bbox 2086 3761 3739 3841">
    <p class='ocr_par' dir='ltr' id='par_1_84' title="bbox 2086 3761 3739 3841">
     <span class='ocr_line' id='line_1_84' title="bbox 2086 3761 3739 3841; baseline -0.007 -16"><span class='ocrx_word' id='word_1_622' title='bbox 2086 3772 2155 3825; x_wconf 92' lang='lat' dir='ltr'>ad</span> <span class='ocrx_word' id='word_1_623' title='bbox 2190 3770 2511 3841; x_wconf 88' lang='lat' dir='ltr'>perfectum</span> <span class='ocrx_word' id='word_1_624' title='bbox 2546 3769 2788 3823; x_wconf 87' lang='lat' dir='ltr'>adduxit</span> <span class='ocrx_word' id='word_1_625' title='bbox 2838 3768 2948 3823; x_wconf 90' lang='lat' dir='ltr'>lex.</span> <span class='ocrx_word' id='word_1_626' title='bbox 2987 3790 3013 3816; x_wconf 83' lang='grc'><strong>››</strong></span> <span class='ocrx_word' id='word_1_627' title='bbox 3068 3766 3421 3837; x_wconf 82' lang='lat' dir='ltr'>Reprobatio</span> <span class='ocrx_word' id='word_1_628' title='bbox 3476 3761 3581 3817; x_wconf 87' lang='lat' dir='ltr'>illa</span> <span class='ocrx_word' id='word_1_629' title='bbox 3630 3767 3739 3827; x_wconf 88' lang='lat' dir='ltr'>est,</span> 
     </span>
    </p>
   </div>
   <div class='ocr_carea' id='block_1_85' title="bbox 2086 3851 3740 3930">
    <p class='ocr_par' dir='ltr' id='par_1_85' title="bbox 2086 3851 3740 3930">
     <span class='ocr_line' id='line_1_85' title="bbox 2086 3851 3740 3930; baseline -0.007 -16"><span class='ocrx_word' id='word_1_630' title='bbox 2086 3861 2156 3914; x_wconf 91' lang='lat' dir='ltr'>de</span> <span class='ocrx_word' id='word_1_631' title='bbox 2188 3876 2303 3930; x_wconf 90' lang='lat' dir='ltr'>qua</span> <span class='ocrx_word' id='word_1_632' title='bbox 2333 3859 2513 3914; x_wconf 89' lang='lat' dir='ltr'>Isaias</span> <span class='ocrx_word' id='word_1_633' title='bbox 2535 3858 2712 3912; x_wconf 87' lang='lat' dir='ltr'>dicit:</span> <span class='ocrx_word' id='word_1_634' title='bbox 2749 3879 2777 3907; x_wconf 85' lang='lat'><strong>«</strong></span> <span class='ocrx_word' id='word_1_635' title='bbox 2810 3858 2891 3912; x_wconf 89' lang='lat' dir='ltr'>Ne</span> <span class='ocrx_word' id='word_1_636' title='bbox 2919 3856 3175 3911; x_wconf 73' lang='lat' dir='ltr'>offeratis</span> <span class='ocrx_word' id='word_1_637' title='bbox 3197 3854 3353 3909; x_wconf 90' lang='lat' dir='ltr'>ultra</span> <span class='ocrx_word' id='word_1_638' title='bbox 3377 3851 3740 3909; x_wconf 83' lang='lat' dir='ltr'>sacrificium</span> 
     </span>
    </p>
   </div>
   <div class='ocr_carea' id='block_1_86' title="bbox 2086 3941 3742 4003">
    <p class='ocr_par' dir='ltr' id='par_1_86' title="bbox 2086 3941 3742 4003">
     <span class='ocr_line' id='line_1_86' title="bbox 2086 3941 3742 4003; baseline -0.007 0"><span class='ocrx_word' id='word_1_639' title='bbox 2086 3949 2349 4003; x_wconf 84' lang='lat' dir='ltr'>frustra:</span> <span class='ocrx_word' id='word_1_640' title='bbox 2404 3948 2707 4003; x_wconf 88' lang='lat' dir='ltr'>incensum</span> <span class='ocrx_word' id='word_1_641' title='bbox 2759 3945 3149 4002; x_wconf 87' lang='lat' dir='ltr'>abominabile</span> <span class='ocrx_word' id='word_1_642' title='bbox 3191 3948 3280 3999; x_wconf 91' lang='lat' dir='ltr'>est</span> <span class='ocrx_word' id='word_1_643' title='bbox 3308 3941 3742 3997; x_wconf 88' lang='lat' dir='ltr'>mihi.Neome-</span> 
     </span>
    </p>
   </div>
   <div class='ocr_carea' id='block_1_87' title="bbox 2089 4031 3740 4109">
    <p class='ocr_par' dir='ltr' id='par_1_87' title="bbox 2089 4031 3740 4109">
     <span class='ocr_line' id='line_1_87' title="bbox 2089 4031 3740 4109; baseline -0.006 -16"><span class='ocrx_word' id='word_1_644' title='bbox 2089 4039 2269 4109; x_wconf 90' lang='lat' dir='ltr'>niam,</span> <span class='ocrx_word' id='word_1_645' title='bbox 2298 4042 2354 4094; x_wconf 91' lang='lat' dir='ltr'>et</span> <span class='ocrx_word' id='word_1_646' title='bbox 2384 4038 2725 4107; x_wconf 86' lang='lat' dir='ltr'>Sabbatum,</span> <span class='ocrx_word' id='word_1_647' title='bbox 2751 4040 2806 4091; x_wconf 88' lang='lat' dir='ltr'>et</span> <span class='ocrx_word' id='word_1_648' title='bbox 2838 4036 3183 4091; x_wconf 87' lang='lat' dir='ltr'>festivitates</span> <span class='ocrx_word' id='word_1_649' title='bbox 3209 4034 3353 4089; x_wconf 89' lang='lat' dir='ltr'>alias</span> <span class='ocrx_word' id='word_1_650' title='bbox 3378 4049 3494 4087; x_wconf 89' lang='lat' dir='ltr'>non</span> <span class='ocrx_word' id='word_1_651' title='bbox 3520 4031 3740 4094; x_wconf 86' lang='lat' dir='ltr'>feram;</span> 
     </span>
    </p>
   </div>
   <div class='ocr_carea' id='block_1_88' title="bbox 2088 4124 3745 4199">
    <p class='ocr_par' dir='ltr' id='par_1_88' title="bbox 2088 4124 3745 4199">
     <span class='ocr_line' id='line_1_88' title="bbox 2088 4124 3745 4199; baseline -0.007 -16"><span class='ocrx_word' id='word_1_652' title='bbox 2088 4128 2275 4199; x_wconf 88' lang='lat' dir='ltr'>iniqui</span> <span class='ocrx_word' id='word_1_653' title='bbox 2307 4132 2445 4182; x_wconf 88' lang='lat' dir='ltr'>sunt</span> <span class='ocrx_word' id='word_1_654' title='bbox 2476 4131 2655 4181; x_wconf 68' lang='lat' dir='ltr'>cretus</span> <span class='ocrx_word' id='word_1_655' title='bbox 2688 4126 2861 4181; x_wconf 87' lang='lat' dir='ltr'>vestri</span> <span class='ocrx_word' id='word_1_656' title='bbox 2896 4141 2908 4179; x_wconf 93' lang='lat'>:</span> <span class='ocrx_word' id='word_1_657' title='bbox 2964 4124 3244 4180; x_wconf 90' lang='lat' dir='ltr'>Calendas</span> <span class='ocrx_word' id='word_1_658' title='bbox 3274 4126 3499 4177; x_wconf 89' lang='lat' dir='ltr'>vestras</span> <span class='ocrx_word' id='word_1_659' title='bbox 3544 4124 3605 4175; x_wconf 88' lang='lat' dir='ltr'>et</span> <span class='ocrx_word' id='word_1_660' title='bbox 3644 4134 3745 4173; x_wconf 85' lang='lat' dir='ltr'>so-</span> 
     </span>
    </p>
   </div>
   <div class='ocr_carea' id='block_1_89' title="bbox 2090 4208 3741 4282">
    <p class='ocr_par' dir='ltr' id='par_1_89' title="bbox 2090 4208 3741 4282">
     <span class='ocr_line' id='line_1_89' title="bbox 2090 4208 3741 4282; baseline -0.007 -11"><span class='ocrx_word' id='word_1_661' title='bbox 2090 4217 2420 4272; x_wconf 89' lang='lat' dir='ltr'>lemnitates</span> <span class='ocrx_word' id='word_1_662' title='bbox 2452 4220 2672 4270; x_wconf 89' lang='lat' dir='ltr'>vestras</span> <span class='ocrx_word' id='word_1_663' title='bbox 2706 4215 2886 4269; x_wconf 92' lang='lat' dir='ltr'>odivit</span> <span class='ocrx_word' id='word_1_664' title='bbox 2917 4214 3114 4269; x_wconf 91' lang='lat' dir='ltr'>anima</span> <span class='ocrx_word' id='word_1_665' title='bbox 3144 4229 3274 4267; x_wconf 87' lang='lat' dir='ltr'>mea</span> <span class='ocrx_word' id='word_1_666' title='bbox 3304 4212 3454 4282; x_wconf 80' lang='lat' dir='ltr'>(Isai.</span> <span class='ocrx_word' id='word_1_667' title='bbox 3487 4226 3528 4275; x_wconf 84' lang='grc' dir='ltr'>ι,</span> <span class='ocrx_word' id='word_1_668' title='bbox 3566 4208 3677 4279; x_wconf 89' lang='grc'>13).</span> <span class='ocrx_word' id='word_1_669' title='bbox 3714 4229 3741 4255; x_wconf 70' lang='grc' dir='ltr'><strong><em>ιο</em></strong></span> 
     </span>
    </p>
   </div>
   <div class='ocr_carea' id='block_1_90' title="bbox 2090 4296 3747 4375">
    <p class='ocr_par' dir='ltr' id='par_1_90' title="bbox 2090 4296 3747 4375">
     <span class='ocr_line' id='line_1_90' title="bbox 2090 4296 3747 4375; baseline -0.007 -14"><span class='ocrx_word' id='word_1_670' title='bbox 2090 4306 2192 4361; x_wconf 86' lang='lat' dir='ltr'>Hic</span> <span class='ocrx_word' id='word_1_671' title='bbox 2225 4306 2586 4360; x_wconf 89' lang='lat' dir='ltr'>contendunt</span> <span class='ocrx_word' id='word_1_672' title='bbox 2616 4304 2817 4375; x_wconf 90' lang='lat' dir='ltr'>aliqui,</span> <span class='ocrx_word' id='word_1_673' title='bbox 2842 4305 2995 4375; x_wconf 91' lang='lat' dir='ltr'>quod</span> <span class='ocrx_word' id='word_1_674' title='bbox 3028 4303 3210 4358; x_wconf 83' lang='lat' dir='ltr'>dixit:</span> <span class='ocrx_word' id='word_1_675' title='bbox 3243 4324 3271 4351; x_wconf 90' lang='grc'><em>‹‹</em></span> <span class='ocrx_word' id='word_1_676' title='bbox 3306 4302 3551 4371; x_wconf 85' lang='lat' dir='ltr'>Propter</span> <span class='ocrx_word' id='word_1_677' title='bbox 3584 4296 3747 4351; x_wconf 84' lang='lat' dir='ltr'>inﬁr-</span> 
     </span>
    </p>
   </div>
   <div class='ocr_carea' id='block_1_91' title="bbox 2094 4386 3744 4466">
    <p class='ocr_par' dir='ltr' id='par_1_91' title="bbox 2094 4386 3744 4466">
     <span class='ocr_line' id='line_1_91' title="bbox 2094 4386 3744 4466; baseline -0.007 -17"><span class='ocrx_word' id='word_1_678' title='bbox 2094 4396 2357 4451; x_wconf 90' lang='lat' dir='ltr'>mitatem</span> <span class='ocrx_word' id='word_1_679' title='bbox 2385 4396 2550 4466; x_wconf 87' lang='lat' dir='ltr'>ejus:</span> <span class='ocrx_word' id='word_1_680' title='bbox 2588 4416 2614 4441; x_wconf 80' lang='grc'><strong>››</strong></span> <span class='ocrx_word' id='word_1_681' title='bbox 2649 4411 2783 4449; x_wconf 91' lang='lat' dir='ltr'>nam</span> <span class='ocrx_word' id='word_1_682' title='bbox 2816 4397 2871 4448; x_wconf 89' lang='lat' dir='ltr'>et</span> <span class='ocrx_word' id='word_1_683' title='bbox 2897 4393 3033 4447; x_wconf 89' lang='lat' dir='ltr'>alibi</span> <span class='ocrx_word' id='word_1_684' title='bbox 3060 4386 3744 4447; x_wconf 84' lang='lat' dir='ltr'>ostenditinﬁrmitatem</span> 
     </span>
    </p>
   </div>
   <div class='ocr_carea' id='block_1_92' title="bbox 2097 4480 3747 4555">
    <p class='ocr_par' dir='ltr' id='par_1_92' title="bbox 2097 4480 3747 4555">
     <span class='ocr_line' id='line_1_92' title="bbox 2097 4480 3747 4555; baseline -0.012 -9"><span class='ocrx_word' id='word_1_685' title='bbox 2097 4485 2247 4555; x_wconf 78' lang='lat' dir='ltr'>erS,</span> <span class='ocrx_word' id='word_1_686' title='bbox 2281 4502 2413 4538; x_wconf 85' lang='lat' dir='ltr'>cum</span> <span class='ocrx_word' id='word_1_687' title='bbox 2470 4483 2611 4538; x_wconf 82' lang='lat' dir='ltr'>dicit</span> <span class='ocrx_word' id='word_1_688' title='bbox 2643 4500 2654 4537; x_wconf 87' lang='lat'>:</span> <span class='ocrx_word' id='word_1_689' title='bbox 2714 4506 2740 4533; x_wconf 88' lang='grc'>‹‹</span> <span class='ocrx_word' id='word_1_690' title='bbox 2776 4488 2837 4541; x_wconf 84' lang='lat' dir='ltr'>In</span> <span class='ocrx_word' id='word_1_691' title='bbox 2892 4499 3007 4553; x_wconf 90' lang='lat' dir='ltr'>quo</span> <span class='ocrx_word' id='word_1_692' title='bbox 3044 4480 3456 4536; x_wconf 79' lang='lat' dir='ltr'>inﬁrmabatur</span> <span class='ocrx_word' id='word_1_693' title='bbox 3485 4492 3592 4548; x_wconf 89' lang='lat' dir='ltr'>per</span> <span class='ocrx_word' id='word_1_694' title='bbox 3621 4492 3747 4529; x_wconf 58' lang='lat' dir='ltr'>car-</span> 
     </span>
    </p>
   </div>
   <div class='ocr_carea' id='block_1_93' title="bbox 2099 4568 3743 4646">
    <p class='ocr_par' dir='ltr' id='par_1_93' title="bbox 2099 4568 3743 4646">
     <span class='ocr_line' id='line_1_93' title="bbox 2099 4568 3743 4646; baseline -0.007 -17"><span class='ocrx_word' id='word_1_695' title='bbox 2099 4592 2233 4629; x_wconf 90' lang='lat' dir='ltr'>nem</span> <span class='ocrx_word' id='word_1_696' title='bbox 2269 4576 2445 4646; x_wconf 84' lang='lat' dir='ltr'>(Rom.</span> <span class='ocrx_word' id='word_1_697' title='bbox 2482 4592 2605 4641; x_wconf 84' lang='lat' dir='ltr'>vm,</span> <span class='ocrx_word' id='word_1_698' title='bbox 2640 4574 2691 4644; x_wconf 87' lang='lat'>3)</span> <span class='ocrx_word' id='word_1_699' title='bbox 2726 4589 2739 4629; x_wconf 86' lang='lat'>:</span> <span class='ocrx_word' id='word_1_700' title='bbox 2773 4596 2799 4623; x_wconf 82' lang='lat'>»</span> <span class='ocrx_word' id='word_1_701' title='bbox 2824 4590 2939 4628; x_wconf 89' lang='lat' dir='ltr'>non</span> <span class='ocrx_word' id='word_1_702' title='bbox 2973 4589 3106 4644; x_wconf 90' lang='lat' dir='ltr'>ergo</span> <span class='ocrx_word' id='word_1_703' title='bbox 3137 4572 3266 4642; x_wconf 89' lang='lat' dir='ltr'>ipsa</span> <span class='ocrx_word' id='word_1_704' title='bbox 3296 4568 3599 4623; x_wconf 84' lang='lat' dir='ltr'>inﬁrmata</span> <span class='ocrx_word' id='word_1_705' title='bbox 3632 4570 3743 4628; x_wconf 77' lang='lat' dir='ltr'>est,</span> 
     </span>
    </p>
   </div>
   <div class='ocr_carea' id='block_1_94' title="bbox 348 4655 3745 4733">
    <p class='ocr_par' dir='ltr' id='par_1_94' title="bbox 348 4655 3745 4733">
     <span class='ocr_line' id='line_1_94' title="bbox 348 4655 3745 4733; baseline 0 -24"><span class='ocrx_word' id='word_1_706' title='bbox 348 4658 549 4727; x_wconf 89' lang='lat' dir='ltr'>postea</span> <span class='ocrx_word' id='word_1_707' title='bbox 580 4655 729 4709; x_wconf 91' lang='lat' dir='ltr'>facta</span> <span class='ocrx_word' id='word_1_708' title='bbox 761 4662 848 4711; x_wconf 90' lang='lat' dir='ltr'>est</span> <span class='ocrx_word' id='word_1_709' title='bbox 880 4659 1276 4717; x_wconf 89' lang='lat' dir='ltr'>sacerdotalis.</span> <span class='ocrx_word' id='word_1_710' title='bbox 1308 4662 1397 4718; x_wconf 88' lang='lat' dir='ltr'>Sic</span> <span class='ocrx_word' id='word_1_711' title='bbox 1428 4665 1601 4721; x_wconf 89' lang='lat' dir='ltr'>etiam</span> <span class='ocrx_word' id='word_1_712' title='bbox 1636 4667 1905 4727; x_wconf 89' lang='lat' dir='ltr'>Christus</span> <span class='ocrx_word' id='word_1_713' title='bbox 1935 4676 1991 4727; x_wconf 91' lang='lat' dir='ltr'>et</span> <span class='ocrx_word' id='word_1_714' title='bbox 2021 4670 2067 4732; x_wconf 93' lang='lat' dir='ltr'><strong>D</strong></span> <span class='ocrx_word' id='word_1_715' title='bbox 2099 4664 2198 4718; x_wconf 80' lang='lat' dir='ltr'>Sed</span> <span class='ocrx_word' id='word_1_716' title='bbox 2252 4662 2393 4716; x_wconf 81' lang='lat' dir='ltr'>nihil</span> <span class='ocrx_word' id='word_1_717' title='bbox 2450 4662 2688 4733; x_wconf 77' lang='lat' dir='ltr'>perfecit</span> <span class='ocrx_word' id='word_1_718' title='bbox 2737 4662 2825 4717; x_wconf 90' lang='lat' dir='ltr'>lex</span> <span class='ocrx_word' id='word_1_719' title='bbox 2852 4680 2863 4729; x_wconf 94' lang='lat'>;</span> <span class='ocrx_word' id='word_1_720' title='bbox 2906 4660 3044 4732; x_wconf 90' lang='lat' dir='ltr'>quia</span> <span class='ocrx_word' id='word_1_721' title='bbox 3074 4676 3177 4715; x_wconf 90' lang='lat' dir='ltr'>nec</span> <span class='ocrx_word' id='word_1_722' title='bbox 3211 4656 3579 4713; x_wconf 88' lang='lat' dir='ltr'>obedientem</span> <span class='ocrx_word' id='word_1_723' title='bbox 3616 4670 3745 4725; x_wconf 83' lang='lat' dir='ltr'>per-</span> 
     </span>
    </p>
   </div>
   <div class='ocr_carea' id='block_1_95' title="bbox 348 4748 1987 4830">
    <p class='ocr_par' dir='ltr' id='par_1_95' title="bbox 348 4748 1987 4830">
     <span class='ocr_line' id='line_1_95' title="bbox 348 4748 1987 4830; baseline 0.012 -34"><span class='ocrx_word' id='word_1_724' title='bbox 348 4761 445 4798; x_wconf 87' lang='lat' dir='ltr'>rcx</span> <span class='ocrx_word' id='word_1_725' title='bbox 465 4748 587 4799; x_wconf 88' lang='lat' dir='ltr'>crat</span> <span class='ocrx_word' id='word_1_726' title='bbox 609 4761 871 4817; x_wconf 88' lang='lat' dir='ltr'>semper;</span> <span class='ocrx_word' id='word_1_727' title='bbox 897 4748 1167 4803; x_wconf 84' lang='lat' dir='ltr'>sacerdos</span> <span class='ocrx_word' id='word_1_728' title='bbox 1191 4757 1386 4807; x_wconf 89' lang='lat' dir='ltr'>autem</span> <span class='ocrx_word' id='word_1_729' title='bbox 1412 4755 1600 4811; x_wconf 87' lang='lat' dir='ltr'>factus</span> <span class='ocrx_word' id='word_1_730' title='bbox 1622 4762 1727 4827; x_wconf 85' lang='lat' dir='ltr'>est,</span> <span class='ocrx_word' id='word_1_731' title='bbox 1754 4762 1987 4830; x_wconf 87' lang='lat' dir='ltr'>quando</span> 
     </span>
    </p>
   </div>
   <div class='ocr_carea' id='block_1_96' title="bbox 346 4835 1984 4921">
    <p class='ocr_par' dir='ltr' id='par_1_96' title="bbox 346 4835 1984 4921">
     <span class='ocr_line' id='line_1_96' title="bbox 346 4835 1984 4921; baseline 0.011 -34"><span class='ocrx_word' id='word_1_732' title='bbox 346 4849 579 4921; x_wconf 86' lang='lat' dir='ltr'>carnem</span> <span class='ocrx_word' id='word_1_733' title='bbox 613 4835 891 4906; x_wconf 82' lang='lat' dir='ltr'>suscepit,</span> <span class='ocrx_word' id='word_1_734' title='bbox 918 4838 1044 4892; x_wconf 89' lang='lat' dir='ltr'>sine</span> <span class='ocrx_word' id='word_1_735' title='bbox 1075 4838 1272 4911; x_wconf 86' lang='lat' dir='ltr'>aliqua</span> <span class='ocrx_word' id='word_1_736' title='bbox 1303 4843 1478 4897; x_wconf 88' lang='lat' dir='ltr'>etiam</span> <span class='ocrx_word' id='word_1_737' title='bbox 1513 4848 1858 4903; x_wconf 87' lang='lat' dir='ltr'>sacerdotali</span> <span class='ocrx_word' id='word_1_738' title='bbox 1890 4866 1984 4921; x_wconf 83' lang='lat' dir='ltr'>ge-</span> 
     </span>
    </p>
   </div>
   <div class='ocr_carea' id='block_1_97' title="bbox 349 4920 1987 5007">
    <p class='ocr_par' dir='ltr' id='par_1_97' title="bbox 349 4920 1987 5007">
     <span class='ocr_line' id='line_1_97' title="bbox 349 4920 1987 5007; baseline 0.011 -32"><span class='ocrx_word' id='word_1_739' title='bbox 349 4920 636 4993; x_wconf 87' lang='lat' dir='ltr'>nealogia,</span> <span class='ocrx_word' id='word_1_740' title='bbox 667 4922 843 4978; x_wconf 89' lang='lat' dir='ltr'>homo</span> <span class='ocrx_word' id='word_1_741' title='bbox 874 4926 1090 4981; x_wconf 87' lang='lat' dir='ltr'>exstitit</span> <span class='ocrx_word' id='word_1_742' title='bbox 1121 4946 1188 4983; x_wconf 86' lang='lat' dir='ltr'>ex</span> <span class='ocrx_word' id='word_1_743' title='bbox 1216 4930 1557 4989; x_wconf 90' lang='lat' dir='ltr'>hominibus</span> <span class='ocrx_word' id='word_1_744' title='bbox 1584 4953 1595 5001; x_wconf 89' lang='lat'>;</span> <span class='ocrx_word' id='word_1_745' title='bbox 1631 4940 1829 5007; x_wconf 90' lang='lat' dir='ltr'>utpote</span> <span class='ocrx_word' id='word_1_746' title='bbox 1873 4920 1987 4993; x_wconf 84' lang='lat' dir='ltr'>non</span> 
     </span>
    </p>
   </div>
   <div class='ocr_carea' id='block_1_98' title="bbox 2101 4743 3742 4822">
    <p class='ocr_par' dir='ltr' id='par_1_98' title="bbox 2101 4743 3742 4822">
     <span class='ocr_line' id='line_1_98' title="bbox 2101 4743 3742 4822; baseline -0.006 -16"><span class='ocrx_word' id='word_1_747' title='bbox 2101 4754 2313 4807; x_wconf 88' lang='lat' dir='ltr'>fectum</span> <span class='ocrx_word' id='word_1_748' title='bbox 2349 4754 2532 4806; x_wconf 85' lang='lat' dir='ltr'>facere</span> <span class='ocrx_word' id='word_1_749' title='bbox 2564 4756 2788 4822; x_wconf 88' lang='lat' dir='ltr'>poterat</span> <span class='ocrx_word' id='word_1_750' title='bbox 2823 4769 2835 4807; x_wconf 92' lang='lat'>:</span> <span class='ocrx_word' id='word_1_751' title='bbox 2897 4750 2996 4805; x_wconf 91' lang='lat' dir='ltr'>sed</span> <span class='ocrx_word' id='word_1_752' title='bbox 3048 4766 3151 4805; x_wconf 88' lang='lat' dir='ltr'>nec</span> <span class='ocrx_word' id='word_1_753' title='bbox 3181 4752 3483 4821; x_wconf 90' lang='lat' dir='ltr'>peccatum</span> <span class='ocrx_word' id='word_1_754' title='bbox 3516 4743 3742 4807; x_wconf 86' lang='lat' dir='ltr'>tollere,</span> 
     </span>
    </p>
   </div>
   <div class='ocr_carea' id='block_1_99' title="bbox 2096 4830 3742 4911">
    <p class='ocr_par' dir='ltr' id='par_1_99' title="bbox 2096 4830 3742 4911">
     <span class='ocr_line' id='line_1_99' title="bbox 2096 4830 3742 4911; baseline -0.007 -16"><span class='ocrx_word' id='word_1_755' title='bbox 2096 4857 2201 4895; x_wconf 87' lang='lat' dir='ltr'>nec</span> <span class='ocrx_word' id='word_1_756' title='bbox 2250 4846 2495 4895; x_wconf 84' lang='lat' dir='ltr'>mortem</span> <span class='ocrx_word' id='word_1_757' title='bbox 2545 4841 2776 4895; x_wconf 84' lang='lat' dir='ltr'>vincere</span> <span class='ocrx_word' id='word_1_758' title='bbox 2830 4839 3195 4911; x_wconf 73' lang='lat' dir='ltr'>praevalebat.</span> <span class='ocrx_word' id='word_1_759' title='bbox 3229 4837 3339 4892; x_wconf 90' lang='lat' dir='ltr'>Sed</span> <span class='ocrx_word' id='word_1_760' title='bbox 3396 4849 3577 4906; x_wconf 89' lang='lat' dir='ltr'>quare</span> <span class='ocrx_word' id='word_1_761' title='bbox 3628 4830 3742 4885; x_wconf 84' lang='lat' dir='ltr'>im—</span> 
     </span>
    </p>
   </div>
   <div class='ocr_carea' id='block_1_100' title="bbox 2101 4928 3737 5002">
    <p class='ocr_par' dir='ltr' id='par_1_100' title="bbox 2101 4928 3737 5002">
     <span class='ocr_line' id='line_1_100' title="bbox 2101 4928 3737 5002; baseline -0.007 -18"><span class='ocrx_word' id='word_1_762' title='bbox 2101 4929 2257 5001; x_wconf 90' lang='lat' dir='ltr'>plere</span> <span class='ocrx_word' id='word_1_763' title='bbox 2288 4947 2403 4985; x_wconf 88' lang='lat' dir='ltr'>non</span> <span class='ocrx_word' id='word_1_764' title='bbox 2437 4930 2641 5002; x_wconf 91' lang='lat' dir='ltr'>possit,</span> <span class='ocrx_word' id='word_1_765' title='bbox 2671 4931 2727 4984; x_wconf 93' lang='lat' dir='ltr'>in</span> <span class='ocrx_word' id='word_1_766' title='bbox 2756 4946 2868 5000; x_wconf 92' lang='lat' dir='ltr'>quo</span> <span class='ocrx_word' id='word_1_767' title='bbox 2894 4928 3306 4982; x_wconf 84' lang='lat' dir='ltr'>inﬁrmabatur</span> <span class='ocrx_word' id='word_1_768' title='bbox 3335 4941 3438 4997; x_wconf 89' lang='lat' dir='ltr'>per</span> <span class='ocrx_word' id='word_1_769' title='bbox 3458 4936 3694 4977; x_wconf 90' lang='lat' dir='ltr'>carnem</span> <span class='ocrx_word' id='word_1_770' title='bbox 3723 4935 3737 4971; x_wconf 93' lang='lat'>:</span> 
     </span>
    </p>
   </div>
   <div class='ocr_carea' id='block_1_101' title="bbox 347 5009 3742 5112">
    <p class='ocr_par' dir='ltr' id='par_1_101' title="bbox 347 5009 3742 5112">
     <span class='ocr_line' id='line_1_101' title="bbox 347 5009 3742 5112; baseline -0.003 -40"><span class='ocrx_word' id='word_1_771' title='bbox 347 5011 617 5112; x_wconf 43' lang='lat' dir='ltr'>exutribtl</span> <span class='ocrx_word' id='word_1_772' title='bbox 668 5013 822 5079; x_wconf 88' lang='lat' dir='ltr'>Levi,</span> <span class='ocrx_word' id='word_1_773' title='bbox 857 5015 956 5069; x_wconf 90' lang='lat' dir='ltr'>sed</span> <span class='ocrx_word' id='word_1_774' title='bbox 1007 5030 1075 5070; x_wconf 84' lang='lat' dir='ltr'>ex</span> <span class='ocrx_word' id='word_1_775' title='bbox 1126 5017 1279 5072; x_wconf 89' lang='lat' dir='ltr'>tribu</span> <span class='ocrx_word' id='word_1_776' title='bbox 1329 5023 1482 5075; x_wconf 90' lang='lat' dir='ltr'>Juda</span> <span class='ocrx_word' id='word_1_777' title='bbox 1537 5028 1723 5092; x_wconf 89' lang='lat' dir='ltr'>ortus,</span> <span class='ocrx_word' id='word_1_778' title='bbox 1756 5041 1823 5079; x_wconf 87' lang='lat' dir='ltr'>ex</span> <span class='ocrx_word' id='word_1_779' title='bbox 1876 5043 1991 5097; x_wconf 88' lang='lat' dir='ltr'>qua</span> <span class='ocrx_word' id='word_1_780' title='bbox 2092 5018 2353 5089; x_wconf 88' lang='lat' dir='ltr'>jubendo</span> <span class='ocrx_word' id='word_1_781' title='bbox 2382 5019 2538 5073; x_wconf 90' lang='lat' dir='ltr'>enim</span> <span class='ocrx_word' id='word_1_782' title='bbox 2572 5020 2893 5084; x_wconf 82' lang='lat' dir='ltr'>infirmum,</span> <span class='ocrx_word' id='word_1_783' title='bbox 2927 5022 2983 5072; x_wconf 91' lang='lat' dir='ltr'>et</span> <span class='ocrx_word' id='word_1_784' title='bbox 3031 5033 3145 5072; x_wconf 89' lang='lat' dir='ltr'>non</span> <span class='ocrx_word' id='word_1_785' title='bbox 3193 5012 3548 5085; x_wconf 84' lang='lat' dir='ltr'>adjuvando,</span> <span class='ocrx_word' id='word_1_786' title='bbox 3578 5009 3742 5099; x_wconf 81' lang='lat' dir='ltr'>infir-</span> 
     </span>
    </p>
   </div>
  </div>
