3976 5348
368 371 480 429 ’7⁵11

1385 365 1725 426 ATTONIS
1772 364 2355 427 VERCELLENSIS
2403 364 2751 426 EPISCOPI

3653 365 3759 422 ’ΠΞ

369 526 398 554 ‹‹
433 503 641 557 Filium
674 504 868 556 autem
886 499 946 555 in
965 502 1243 555 aeternum
1265 498 1584 570 perfectum
1611 522 1625 563 ;
1662 519 1688 547 »
1713 514 1829 553 non
1853 515 2008 552 nunc
2037 498 2093 564 Α
2124 514 2242 568 qua
2274 496 2587 553 Psalmista
2617 497 2736 552 ait:
2774 519 2801 546 «
2834 496 3122 563 Quoniam
3152 494 3458 552 abscondit
3478 510 3575 550 me
3607 495 3664 549 in
3693 500 3766 551 ta-

368 590 557 646 solum
591 589 717 645 sine
746 588 1112 660 peccato,sed
1136 603 1365 659 semper
1390 603 1720 658 :nunquam
1754 586 2012 657 peccavit

358 679 458 735 ille
485 679 544 734 in
575 678 968 734 sacerdotium
1001 676 1224 732 electus
1253 694 1266 733 :
1297 677 1423 731 sine
1472 680 1703 747 peccato
1726 676 1839 731 iuit
1869 677 2009 746 quia

359 773 662 841 peccatum
696 783 809 822 non
841 764 1468 830 habuit,necinventus
1496 770 1587 820 est
1631 764 1801 820 dolus
1832 765 1890 820 in
1911 782 2009 821 ore

363 859 492 929 ejus
518 856 689 930 (Psal.
722 872 876 922 xm,
909 854 992 925 2).

433 949 590 1018 (CAP.
623 944 794 1015 Vill.)
828 965 856 994 ‹‹
886 942 1221 1014 Capitulum
1252 945 1446 996 autem
1479 957 1657 1013 super
1676 956 1743 996 ea
1763 958 1892 1012 qua:
1924 941 2007 996 di-

357 1034 797 1092 cuntur.Talem
828 1032 1115 1087 habemus
1137 1031 1528 1086 Pontiﬁcem.»
1557 1029 1890 1100 Capitulum
1913 1030 2000 1084 di-

357 1121 707 1179 minutivum
738 1126 866 1177 est:
899 1119 1142 1191 accipite
1173 1120 1392 1174 dictum
1422 1137 1434 1185 ;
1468 1119 1525 1173 id
1572 1123 1682 1184 est,
1715 1118 1786 1172 de
1817 1118 2003 1189 capite

353 1211 855 1283 recapitulandum
905 1216 1012 1275 est,
1074 1224 1201 1279 qua:
1233 1223 1414 1277 supra
1472 1206 1747 1260 diximus.
1776 1206 1998 1276 Talem,

352 1302 562 1374 inquit,
590 1301 878 1356 habemus
909 1297 1266 1369 pontiﬁcem,
1301 1294 1533 1366 qualem
1562 1293 1788 1349 scilicet
1831 1292 1999 1348 illum

350 1407 530 1462 supra
560 1386 817 1445 ostendit
846 1386 954 1442 hoc
983 1390 1072 1442 est
1096 1384 1437 1441 secumdum
1467 1382 1730 1437 ordinem
1762 1381 2000 1437 Melchi-

352 1477 563 1533 sedech
591 1494 602 1532 :
637 1498 666 1527 «
700 1476 800 1549 qui
832 1474 1095 1531 consedit
1124 1474 1182 1527 in
1235 1474 1473 1527 dextera
1501 1472 1659 1526 sedis
1702 1470 1997 1542 magnitu-

350 1567 507 1622 dinis
536 1566 595 1621 in
639 1565 823 1634 oculis,
885 1568 1224 1619 sanctorum
1283 1560 1576 1626 minister,
1625 1564 1682 1614 et
1722 1559 2000 1614 taberculi

348 1657 487 1720 veri,
521 1656 676 1727 quod
709 1654 833 1708 ﬁxit
864 1659 1035 1717 Deus,
1066 1657 1122 1706 et
1151 1667 1265 1706 non
1324 1650 1570 1705 homo.»
1634 1650 1693 1701 In
1753 1648 1989 1703 dextere

344 1744 526 1817 Igitur
556 1743 775 1813 sedere,
808 1742 963 1813 quod
995 1740 1157 1809 dicit,
1191 1738 1548 1811 prosperitas
1603 1741 1828 1791 aeternae
1860 1736 1985 1791 vitae

344 1832 724 1905 intelligitur:
760 1853 788 1881 ‹‹
848 1834 1188 1886 sanctorum
1248 1826 1534 1893 minister,
1589 1848 1615 1874 »
1679 1825 1832 1880 unde
1867 1824 1991 1894 ipse

349 1921 633 1977 Dominus
692 1918 870 1975 dicit:
901 1940 930 1969 «
990 1917 1167 1973 Filius
1194 1915 1452 1970 hominis
1482 1931 1597 1969 non
1627 1915 1784 1968 venit
1814 1913 1991 1968 mini-

346 2009 540 2079 strari,
599 2009 698 2064 sed
749 2007 1087 2062 ministrare
1130 2005 1337 2075 (Matth.
1374 2021 1466 2067 xx,
1488 2004 1600 2071 23).
1634 2025 1662 2054 »
1697 2003 1993 2057 Taberna-

342 2098 541 2155 culum
572 2097 681 2152 hoc
707 2097 765 2151 in
788 2096 933 2163 loco,
964 2095 1174 2149 coelum
1207 2093 1367 2157 dicit,
1393 2093 1547 2165 quod
1580 2091 1703 2145 ﬁxit
1724 2091 1897 2157 Deus,
1930 2096 1995 2147 ut

341 2187 628 2259 scriptum
659 2190 784 2242 est:
820 2207 847 2235 «
883 2186 945 2239 In
980 2181 1267 2256 principio
1296 2181 1513 2236 creavit
1534 2181 1687 2236 Deus
1709 2180 1918 2235 omium
1937 2185 1994 2234 et

338 2282 553 2331 terram
586 2276 738 2347 (Gen.
774 2291 834 2339 1,,
873 2277 940 2340 ι).
977 2293 1004 2323 ››
1042 2273 1111 2326 Et
1141 2272 1268 2326 ideo
1292 2287 1492 2326 verum
1526 2268 1988 2333 tabernaculum,

341 2364 482 2437 quia
510 2363 794 2420 Dominus
826 2361 972 2416 illud
1004 2360 1148 2427 ﬁxit,
1181 2364 1239 2413 et
1268 2376 1383 2413 non
1436 2357 1776 2429 ﬁguraliter,
1838 2358 1991 2412 sicut

336 2454 507 2509 illud.
539 2452 695 2523 quod
729 2451 912 2523 Moysi
944 2448 1216 2504 manibus
1247 2452 1550 2519 operatum
1610 2453 1699 2502 est
1727 2463 1740 2513 ;
1774 2450 1829 2501 et
1858 2446 1987 2501 ideo

337 2542 556 2597 dicitur
583 2542 703 2596 veri
731 2539 872 2611 quia
903 2538 1090 2609 ﬁgura
1121 2554 1235 2592 non
1268 2537 1396 2611 fuit.

412 2652 433 2679 α
468 2628 673 2685 Omnis
703 2609 863 2684 enim
898 2625 1156 2699 pontifex
1180 2626 1251 2680 ad
1301 2609 1599 2680 oﬂ’eranda
1656 2641 1901 2679 munera
1931 2627 1989 2677 et

336 2718 559 2774 hostias
588 2716 985 2772 constituitur.
1021 2738 1047 2765 υ
1084 2720 1157 2769 De
1186 2714 1508 2770 sacerdotio
1564 2713 1790 2769 levitico
1822 2711 1981 2778 dicit,

337 2807 476 2878 quia
504 2805 727 2861 hostias
755 2803 1019 2859 carnales
1037 2820 1140 2875 pro
1172 2802 1296 2858 suis
1325 2808 1381 2857 et
1402 2801 1603 2874 populi
1644 2800 1871 2856 delictis
1903 2799 1985 2854 of-

336 2895 619 2952 ferebant.

406 3007 434 3035 ‹‹
468 2983 632 3040 Unde
661 2998 897 3038 necesse
927 2985 1015 3037 est
1043 2985 1101 3036 et
1143 2978 1300 3035 hunc
1332 2980 1541 3035 habere
1574 2982 1979 3057 aliquid,quod
2018 3058 2026 3066 Α

334 3074 554 3130 offerat.
590 3094 619 3123 »
680 3071 844 3127 Unde
899 3085 1138 3125 necesse
1192 3074 1281 3124 est
1311 3069 1610 3125 Christum
1634 3071 1847 3129 habere
1876 3073 1979 3129 ali-

331 3163 495 3233 quid,
526 3162 682 3234 quod
715 3161 938 3228 offerat,
972 3159 1080 3214 hoc
1108 3163 1220 3227 est,
1254 3175 1464 3229 corpus
1498 3176 1692 3229 suum,
1726 3168 1785 3215 et
1843 3179 1975 3217 san-

330 3232 567 3323 guinem
599 3267 702 3321 per
732 3250 995 3305 membra
1023 3265 1129 3303 sua
1155 3248 1446 3302 offerendo
1465 3248 1812 3318 quotidie,in
1844 3251 1972 3320 qui-
2006 3232 2047 3298 C

329 3340 544 3410 bus,ut
574 3341 653 3395 sit
676 3338 946 3395 sacerdos
975 3336 1143 3391 nobis
1175 3352 1409 3390 necesse
1435 3341 1544 3390 est.

405 3452 425 3479 ιι
460 3430 519 3485 Si
551 3444 689 3500 ergo
718 3430 874 3482 esset
902 3442 1079 3497 super
1098 3430 1449 3494 terram,nec
1479 3431 1633 3480 esset
1658 3428 1929 3483 sacerdos
1956 3449 1969 3496 ς

326 3534 463 3574 cum
488 3520 689 3572 essent
705 3515 805 3586 qui
825 3512 1637 3583 otferrentsecundumlegem
1662 3531 1968 3570 munera.»

324 3606 391 3662 Si
452 3605 737 3660 Dominus
794 3600 1103 3657 carnaliter
1160 3604 1217 3655 et
1263 3600 1572 3656 visibiliter
1601 3601 1693 3656 hic
1724 3602 1783 3656 in
1816 3608 1971 3659 terra

331 3694 504 3748 modo
526 3692 834 3757 habitaret,
859 3704 1096 3744 necesse
1125 3695 1279 3743 esset
1308 3688 1618 3744 carnaliter
1645 3692 1967 3748 secundum

326 3781 519 3853 legem
549 3780 878 3836 sacerdotes
906 3793 1053 3833 esse.
1078 3777 1201 3831 Non
1234 3782 1721 3849 autempoterant
1750 3782 1965 3836 auferri

326 3868 722 3942 significantia
746 3865 1405 3938 sacriﬁcia,priusquam
1435 3865 1579 3921 illud
1614 3868 1963 3925 sacriﬁcium

324 3959 605 4015 Sanctum
628 3962 987 4022 sanctorum,
1021 3955 1175 4026 quod
1209 3972 1419 4026 corpus
1458 3956 1587 4026 ejus
1617 3962 1725 4026 est,
1762 3957 1967 4014 fuisset

323 4046 610 4103 oblatum.
635 4047 905 4102 Nondum
936 4044 1091 4100 enim
1127 4043 1419 4099 obtulerat
1439 4044 1496 4098 in
1517 4045 1787 4115 passione
1809 4046 1964 4102 holo-

320 4144 590 4193 caustum
623 4153 819 4192 suum.
848 4134 973 4190 Non
1006 4139 1199 4188 autem
1232 4134 1533 4203 oportebat
1563 4136 1833 4217 umbram
1864 4153 1964 4190 au-

318 4225 475 4292 ferri,
507 4226 850 4297 priusquam
881 4222 1050 4287 illud,
1084 4222 1238 4292 quod
1271 4222 1734 4293 signiﬁcabatur,
1756 4226 1962 4279 conﬁr-

318 4318 539 4369 matum
564 4318 717 4369 esset
747 4311 1171 4368 contestatione
1199 4309 1598 4381 apostolorum
1650 4313 1962 4381 praedican-

318 4402 467 4456 tium
501 4407 559 4456 et
589 4402 701 4456 ﬁde
729 4397 1090 4455 credentium
1120 4397 1494 4468 populorum.

392 4488 530 4554 «Qui
561 4487 877 4559 exemplari
904 4492 960 4542 et
986 4486 1206 4540 umbrae
1228 4486 1562 4540 deserviunt
1610 4488 1954 4545 ccelestium.

314 4578 479 4633 Sicut
507 4593 855 4650 responsum
887 4581 977 4632 est
1005 4575 1207 4647 Moysi,
1239 4590 1373 4629 cum
1406 4585 1843 4634 consummaret
1875 4586 1959 4635 ta-
1988 4606 2036 4670 D

313 4665 691 4722 bernaculum
734 4683 746 4720 :
804 4665 971 4731 Vide,
1012 4663 1222 4736 inquit,
1272 4664 1470 4719 omnia
1524 4666 1697 4721 facito
1746 4684 1954 4724 secun-

312 4756 455 4811 dum
485 4755 639 4827 quod
671 4753 777 4811 tibi
812 4758 1113 4810 ostensum
1144 4755 1235 4808 est
1265 4752 1325 4807 in
1366 4758 1565 4809 monte
1594 4756 1790 4825 (Exod.
1822 4776 1952 4827 xxv,

311 4844 422 4915 40).
457 4865 486 4894 ››
518 4843 727 4898 Omnia
758 4841 1073 4913 siquidem,
1100 4840 1219 4896 sive
1248 4841 1662 4913 sacerdotium,
1697 4845 1815 4900 sive
1868 4853 1954 4902 ta-

309 4931 716 4997 bernaculum,
777 4930 897 4985 sive
955 4929 1261 4997 sacriﬁcia,
1321 4931 1539 4984 umbrae
1596 4933 1850 4999 fuerunt,
1896 4941 1955 4991 et

308 5019 699 5090 exemplaria:
732 5017 1055 5073 caelestium
1082 5020 1331 5088 ﬁguram
1362 5018 1765 5085 ostendebant,
1791 5023 1955 5079 caele-

307 5106 459 5160 tium
490 5107 706 5178 quippe
735 5105 1071 5162 deserviunt
1099 5106 1282 5177 (1414)
1308 5124 1322 5172 ;
1355 5106 1413 5159 id
1446 5112 1555 5175 est,
1580 5108 1719 5162 Novi
1748 5109 1949 5166 Testa-

312 5192 492 5248 menti
520 5210 715 5265 opera,
750 5211 875 5265 qua:
908 5193 1175 5249 Ecclesiae
1226 5194 1486 5249 cmlestia
1536 5204 1951 5269 nuncupantur

310 5296 503 5348 opera,
536 5282 674 5348 quia
701 5297 769 5335 ex
797 5299 866 5337 ea
896 5281 1153 5337 caelestia
1183 5288 1609 5348 promerentur.
1639 5286 1724 5339 Ad
1754 5303 1947 5343 exem-

2122 588 2437 642 bernaculo
2469 587 2664 642 suO'in
2699 587 2793 641 die
2815 584 3100 640 malorum
3134 586 3303 653 (Psal.
3337 586 3625 654 xxvr,3).»
3661 585 3763 640 Va-

2118 675 2219 730 riis
2237 675 2735 747 igiturspeciebus
2750 673 3763 745 instruiturtabernaculum,partim

2117 764 2409 835 pretiosis,
2440 764 2651 835 partim
2669 764 3006 819 vilioribus:
3036 779 3137 834 per
3158 764 3312 833 quod
3331 764 3766 818 demonstratur

2116 852 2263 907 alios
2296 858 2551 918 sanctos,
2588 853 2738 907 alios
2766 868 2895 907 esse
2929 856 3260 923 peccatores
3290 852 3349 906 in
3381 852 3667 917 Ecclesia,
3698 851 3764 906 ti-

2114 940 2274 996 deles
2308 944 2504 996 autem
2535 956 2760 1004 omnes,
2793 946 2849 995 et
2903 940 3058 995 intra
3086 956 3299 1011 corpus
3332 940 3605 996 Ecclesiae
3636 956 3764 995 con-

2112 1028 2369 1083 stitutus.

2186 1140 2213 1166 «
2244 1118 2409 1173 Nunc
2441 1122 2637 1173 autem
2669 1117 2882 1173 melius
2908 1117 3150 1172 sortitus
3179 1122 3268 1173 est
3298 1117 3697 1173 ministerium
3729 1142 3755 1169 »

2111 1212 2329 1276 quanto
2362 1212 2425 1262 et
2451 1206 2707 1262 melioris
2730 1207 3067 1261 testamenti
3091 1207 3379 1262 mediator
3399 1208 3677 1276 est,quod
3701 1208 3753 1263 in

2109 1296 2450 1351 melioribus
2480 1296 3030 1367 repromissionibus
3072 1300 3327 1351 sanitum
3362 1303 3473 1352 est.
3500 1318 3527 1344 »
3550 1296 3755 1353 Melius

2110 1384 2506 1439 ministerium
2562 1384 2806 1439 sortitus
2862 1390 2952 1440 est
3003 1385 3303 1451 Christus,
3332 1386 3489 1456 quod
3534 1385 3752 1455 Moyses

2109 1473 2501 1528 ministrabat.
2561 1473 2756 1541 Vides,
2818 1473 3031 1544 inquit,
3091 1479 3309 1545 quanto
3367 1474 3584 1529 melior
3640 1476 3748 1530 haec

2106 1560 2208 1616 illa
2230 1561 2654 1629 celebratione;
2688 1561 2981 1632 siquidem
3011 1561 3154 1617 illud
3188 1563 3510 1635 exemplar,
3544 1568 3605 1619 et
3645 1566 3750 1619 for-

2108 1666 2225 1715 ma,
2257 1650 2371 1705 ista
2398 1667 2532 1706 vero
2562 1651 2795 1706 veritas.
2822 1650 3027 1715 Tanto,
3060 1651 3548 1722 inquit,melioris
3578 1659 3752 1708 testa-

2114 1739 2295 1793 menti
2326 1739 2611 1793 mediator
2629 1742 2847 1809 quanto
2880 1738 3343 1795 meliussortitus
3372 1746 3463 1795 est
3494 1740 3756 1797 ministe-

2108 1830 2281 1896 rium,
2316 1827 2655 1883 testamenti
2678 1828 2939 1895 novi,ubi
2963 1832 3424 1897 peccata,nostra
3446 1830 3754 1885 remittun-

2104 1922 2223 1984 tur,
2257 1918 2452 1972 etvita
2482 1921 2696 1971 aeterna
2718 1916 3095 1989 promittitur.
3128 1917 3356 1987 Melius,
3376 1918 3518 1990 quia
3537 1918 3599 1973 in
3630 1920 3753 1992 lege

2102 2006 2279 2061 veteri
2311 2006 2881 2078 requiescebant,sed
2906 2006 2979 2061 ad
3005 2011 3258 2078 tempus,
3293 2014 3350 2061 et
3375 2013 3617 2079 peccata
3640 2025 3750 2064 non

2101 2096 2545 2153 remittebantur
2573 2112 2586 2161 ;
2610 2095 2711 2149 sed
2742 2098 2807 2149 ut
2835 2093 3130 2149 auditores
3151 2095 3282 2166 plus
3306 2097 3627 2154 laetiﬁcaret
3648 2101 3750 2165 ,di-

2102 2185 2214 2240 cit:
2248 2207 2276 2234 ‹‹
2335 2185 2495 2248 Quod
2531 2184 2589 2238 in
2622 2182 2963 2239 melioribus
2995 2185 3555 2255 repromissionibus
3587 2189 3752 2243 sani-

2104 2280 2226 2328 tum
2283 2275 2465 2345 (1115)
2510 2276 2616 2328 est.
2648 2292 2675 2323 ι)
2726 2272 2888 2327 Unde
2935 2272 3043 2328 hoc
3072 2278 3293 2330 certum
3345 2281 3535 2332 estex
3591 2277 3748 2345 illis;

2100 2364 2378 2434 quoniam
2408 2362 2552 2416 illud
2584 2361 2819 2432 quidem
2852 2362 3155 2418 exclusum
3190 2368 3296 2431 est,
3339 2365 3496 2420 istud
3551 2371 3749 2423 autem

2098 2469 2202 2524 pro
2235 2452 2334 2506 illo
2368 2451 2765 2506 introductum
2797 2455 2905 2506 est.
2953 2452 3259 2522 Propterea
3289 2454 3445 2509 enim
3504 2456 3746 2522 eminet,

2097 2542 2237 2612 quia
2267 2539 2477 2595 melius
2508 2543 2614 2604 est,
2649 2562 2675 2589 «
2704 2540 2982 2594 Sanctum
3014 2545 3122 2607 est,
3159 2564 3180 2592 ι
3219 2540 3446 2612 inquit;
3493 2543 3608 2599 hoc
3639 2552 3743 2613 est,

2094 2630 2354 2685 sanctius
2377 2629 2475 2684 illo
2505 2633 2871 2695 testamento,
2907 2633 2965 2683 et
2998 2628 3201 2685 molior
3231 2630 3332 2686 illa
3362 2634 3743 2703 repromissio

2095 2736 2221 2790 quae
2243 2718 2423 2774 vitam
2454 2722 2726 2772 aeternam
2776 2717 3064 2789 promittit
3092 2735 3270 2789 quam
3302 2737 3429 2791 qua:
3453 2722 3609 2778 bona
3636 2729 3745 2778 ter-

2093 2824 2233 2863 rena
2263 2806 2568 2878 promittit.

2166 2920 2193 2948 ς(
2223 2898 2368 2952 Nam
2401 2896 2449 2951 si
2478 2895 2635 2950 aliud
2671 2896 2831 2966 prius
2866 2895 3037 2967 culpa
3067 2901 3350 2964 vacasset,
3392 2915 3511 2953 non
3539 2900 3741 2971 utique

2089 2987 2330 3042 secundi
2359 2985 2522 3041 locus
2563 2984 2976 3055 inquireretur.
3010 3004 3040 3036 ››
3072 2985 3129 3040 Si
3161 2985 3252 3040 lex
3291 2988 3501 3042 veteris
3560 2994 3741 3044 testa-

2092 3076 2271 3130 menti
2304 3074 2508 3146 culpas
2542 3081 2771 3129 nostras
2800 3079 3207 3139 sanasset,non
3241 3077 3502 3132 secunda
3534 3077 3628 3132 lex
3658 3095 3741 3134 re-

2088 3165 2435 3236 quireretur,
2470 3162 2622 3219 sicut
2652 3162 2743 3216 hic
2775 3161 2916 3218 dicit
2945 3163 3262 3234 prephcta:

2158 3276 2185 3303 ‹‹
2216 3252 2565 3323 Vituperans
2586 3251 2741 3306 enim
2772 3268 2892 3316 eos,
2927 3252 3066 3306 dicit
3096 3270 3108 3306 :
3143 3253 3286 3308 Ecce
3310 3253 3434 3309 dies
3465 3255 3736 3321 veniunt,

2083 3341 2605 3409 dicitDomiuus,et
2626 3340 3047 3397 consummabo
3070 3355 3247 3410 super
3263 3341 3507 3396 domum
3534 3343 3733 3413 Israel,

2081 3434 2138 3485 et
2196 3447 2372 3500 super
2431 3430 2671 3484 domum
2704 3429 2857 3483 Juda
2902 3431 3319 3484 testamentum
3349 3447 3571 3486 novum
3604 3435 3731 3503 (Jer.

2078 3537 2231 3587 xxxr,
2266 3519 2377 3586 31).
2418 3539 2444 3566 »
2476 3518 2714 3589 Propter
2740 3515 2950 3571 veteris
2985 3516 3141 3571 enim
3175 3518 3431 3575 hominis
3494 3538 3730 3593 noxam,

2080 3626 2206 3680 quae
2234 3606 2605 3678 perlitteram
2631 3606 2959 3675 jubentem,
2993 3611 3049 3660 et
3088 3607 3409 3663 minantem
3483 3610 3733 3667 minime

2079 3694 2637 3762 sanabatur,dicitur
2660 3694 2800 3748 illud
2822 3698 3241 3750 testamentum
3262 3700 3423 3751 vetus
3449 3714 3462 3751 :
3498 3698 3614 3754 hoc
3635 3718 3735 3756 au-

2077 3792 2194 3840 tem
2230 3801 2442 3839 novum
2479 3788 2712 3855 propter
2738 3784 3051 3839 novitatem
3084 3785 3348 3856 spiritus,
3374 3804 3506 3858 quae
3539 3788 3731 3845 homi-

2076 3891 2208 3929 nem
2240 3890 2453 3929 novum
2480 3877 2650 3928 sanat
2676 3890 2711 3927 a
2740 3872 2876 3928 vitio
2906 3873 3237 3929 vetustatis.

2148 3964 2405 4033 Denique
2437 3963 2667 4017 attende
2690 3963 2841 4032 quod
2866 3963 3168 4033 sequitur:
3200 3985 3221 4013 ι
3247 3964 3371 4019 Non
3394 3969 3728 4023 secundum

2072 4054 2514 4117 testamentum,
2574 4051 2727 4120 quod
2776 4050 2967 4121 pepigi
3027 4067 3158 4106 cum
3204 4052 3468 4123 patribus
3499 4072 3732 4123 eorum,

2073 4139 2207 4209 (Jer.
2250 4154 2441 4207 xxxw,
2463 4139 2572 4208 13.)
2599 4160 2626 4187 ››
2650 4138 2794 4201 Quia
2821 4138 2963 4193 illud
2995 4145 3161 4195 vetus
3191 4146 3333 4210 erat,
3367 4141 3480 4197 hoc
3513 4161 3732 4200 novum

2070 4232 2178 4282 est.
2215 4228 2520 4292 Quomodo
2553 4225 2733 4295 igitur
2756 4226 2900 4281 illud
2935 4232 3129 4295 vetus,
3164 4228 3272 4284 hoc
3305 4246 3545 4297 novum,
3590 4249 3729 4289 cum

2068 4315 2160 4370 lex
2192 4316 2397 4370 eadem
2430 4314 2745 4384 impleatur
2776 4330 2878 4385 per
2908 4319 3324 4372 testamentum
3345 4336 3732 4392 novum,qum

2068 4404 2214 4457 dixit
2269 4404 2328 4458 in
2381 4402 2613 4458 Veteri:
2653 4424 2679 4452 «
2728 4403 2852 4457 Non
2886 4404 3231 4475 concupices
3255 4407 3450 4477 (Exod.
3485 4426 3582 4477 xx,
3618 4411 3727 4479 17;

2065 4493 2224 4547 Deut.
2284 4509 2337 4561 v,
2391 4492 2503 4559 27),
2540 4514 2565 4539 ››
2617 4492 2728 4545 nisi
2784 4492 2923 4562 quia
2978 4493 3130 4563 quod
3174 4494 3253 4548 ibi
3284 4497 3607 4567 prohibuit,
3631 4499 3726 4554 hic

2070 4580 2359 4653 implevit?

2138 4692 2165 4718 ‹‹
2202 4671 2264 4724 In
2300 4669 2412 4737 die,
2437 4685 2554 4739 qua
2584 4668 2938 4739 apprehendi
2962 4686 3202 4726 manum
3223 4670 3555 4740 illorum,ut
3575 4675 3719 4729 edu-

2064 4774 2254 4813 cerem
2292 4757 2423 4813 illos
2481 4758 2551 4812 de
2608 4764 2760 4812 terra
2807 4759 3057 4830 Egypti.
3092 4781 3120 4809 ››
3175 4762 3443 4817 Deﬁnivit
3500 4764 3716 4835 quippe

2064 4852 2173 4901 terr
2191 4864 2320 4917 pus,
2352 4846 2509 4917 quod
2540 4850 2957 4902 testamentum
2988 4848 3162 4904 dicat.
3195 4850 3319 4906 Non
3353 4852 3515 4908 enim
3547 4851 3711 4918 dixit,

2062 4940 2505 4999 testamentum,
2541 4936 2695 5005 quod
2727 4936 2831 4990 feci
2866 4938 3131 5007 patribus
3188 4956 3415 5004 eorum,
3466 4959 3540 4996 ne
3570 4942 3710 4998 forte

2061 5023 2229 5093 illud,
2265 5025 2421 5094 quod
2453 5024 2523 5077 ad
2546 5024 2840 5079 Abraham
2874 5031 2975 5080 aut
3007 5026 3124 5082 Noe
3154 5016 3373 5083 factum
3398 5030 3709 5101 est,ipsum

2060 5128 2187 5166 esse
2216 5113 2592 5166 aestimarent.
2630 5113 2761 5166 ldeo
2793 5113 2991 5168 intulit
3019 5132 3031 5169 :
3068 5135 3095 5163 ‹‹
3118 5117 3177 5169 In
3210 5117 3305 5171 die
3353 5134 3470 5188 qua
3503 5133 3708 5189 appre-

2058 5207 2233 5263 hendi
2268 5225 2507 5263 manum
2538 5208 2796 5277 illorum,
2833 5215 2896 5265 ut
2924 5212 3229 5267 educerem
3265 5213 3398 5269 illos
3458 5216 3531 5270 de
3559 5220 3711 5270 terra

2056 5298 2304 5348 x’EQvnti.
2337 5319 2365 5346 ››
2425 5298 2572 5348 Ergo
2630 5298 2772 5348 illud
2822 5305 2987 5348 vetns
3014 5306 3154 5348 erat-
3192 5304 3326 5348 nnia
3352 5303 3463 5348 hnc
3494 5318 3703 5348 nnvnm
