3976 5348
170 357 286 413 7'73

734 351 1142 413 EXPOSITIO
1187 351 1264 411 IN
1312 351 1736 412 EPISTULAS
1782 350 2041 412 PAULI.
2094 383 2169 393 —
2212 351 2284 409 ΙΝ
2333 351 2581 412 EPIST.
2626 354 2729 411 AD
2779 353 3013 412 HEBR.

3452 355 3571 414 ’774

175 508 195 534 α
234 502 348 539 non
400 489 914 555 perseveraverant
942 483 1003 537 in
1034 487 1387 538 testamento
1437 499 1586 545 meo,
1621 488 1675 536 et
1707 499 1811 553 ego
1841 484 1894 548 Α
1923 480 2188 536 Tollatur
2244 481 2481 553 impius,
2517 487 2572 537 et
2625 500 2737 538 non
2795 484 2987 539 videat
3045 483 3287 556 gloriam
3338 486 3570 542 Domini

169 573 398 644 neglexi
430 590 550 643 eos,
583 574 723 627 dicit
758 573 1063 627 Dominus.
1109 594 1137 620 ››
1168 574 1316 642 Ergo
1351 577 1586 642 prOpter
1607 571 1820 625 veteris

168 662 428 716 hominis
451 677 684 731 noxam,
708 678 833 731 quae
867 676 969 730 per
1000 660 1255 714 litteram
1283 661 1591 729 jubentem
1624 664 1681 714 et
1709 660 1817 713 mi-

168 755 409 807 nantem
441 751 682 806 minime
708 750 1047 816 sanabatur,
1078 749 1296 803 dicitur
1323 748 1469 803 illud
1502 754 1818 803 testamen-

168 844 295 893 tum
327 843 534 903 vetus;
566 837 675 892 hoc
705 842 900 892 autem
954 852 1192 900 novum,
1238 840 1474 906 propter
1504 836 1819 890 novitatem

170 928 436 998 spiritus,
466 943 599 999 quae
629 925 929 981 hominem
982 941 1196 978 novum
1243 930 1466 979 sanata
1494 924 1633 977 vitio
1663 928 1822 977 vetu-

173 1017 365 1072 statis.
399 1015 494 1070 Sic
524 1016 682 1070 enim
713 1012 922 1073 omium
978 1029 1191 1067 novum
1223 1012 1455 1081 dicitur,
1500 1028 1633 1065 cum
1666 1011 1818 1064 idem

168 1104 368 1176 ipsum
402 1104 571 1158 debet
602 1101 1093 1174 permanere;sed
1126 1106 1359 1172 propter
1375 1101 1525 1171 quod
1547 1100 1603 1153 in
1625 1099 1821 1169 aliquo

169 1195 346 1249 debet
373 1191 623 1262 excludi,
674 1191 733 1245 in
766 1190 962 1260 aliquo
1020 1205 1381 1260 permanere,
1433 1189 1561 1243 ideo
1610 1187 1824 1241 dicitur

168 1298 410 1337 novum.
458 1282 536 1335 Ac
568 1281 615 1334 si
662 1279 917 1334 diceret:
973 1276 1389 1349 perfectionem
1442 1276 1673 1341 faciam,
1721 1274 1820 1329 ubi

168 1388 289 1426 non
322 1371 529 1441 ﬁgura,
561 1369 662 1425 sed
713 1369 841 1440 ipsa
888 1367 1099 1422 veritas
1158 1366 1505 1421 ostenditur.
1564 1370 1821 1434 Manum,

167 1459 325 1531 quod
361 1458 597 1522 dicitur,
634 1455 1091 1528 apprehendere,
1149 1458 1495 1526 potestatem
1541 1472 1732 1520 suam,
1767 1460 1825 1510 et

166 1547 408 1603 illorum
436 1544 795 1616 adjutorium
810 1545 1193 1600 demonstrat.
1219 1543 1547 1607 «Quoniam
1572 1543 1685 1615 ipsi
1707 1560 1823 1598 non

164 1638 623 1709 permanserunt
670 1633 730 1688 in
779 1638 1125 1688 testamento
1157 1648 1307 1693 meo,
1358 1637 1415 1686 et
1464 1648 1568 1703 ego
1602 1632 1825 1705 neglexi

165 1742 293 1792 eos,
326 1723 471 1779 dicit
498 1722 804 1778 Dominus.
837 1720 1070 1793 Neglexi
1102 1736 1222 1787 eos,
1276 1721 1432 1792 quod
1484 1721 1643 1788 dicit,
1679 1738 1745 1776 ac
1777 1721 1825 1777 si

167 1813 367 1869 dicat:
404 1811 632 1883 Reliqui
673 1827 771 1866 eos
802 1810 1124 1865 secundum
1169 1808 1458 1865 desideria
1506 1809 1697 1865 cordis
1727 1826 1826 1865 eo—
1857 1848 1906 1913 Β

172 1919 310 1959 rum
322 1942 334 1955 .

252 2014 282 2043 ‹‹
317 1991 464 2058 Quia
492 1991 604 2047 hoc
634 1993 1076 2059 testamentum,
1110 1989 1263 2059 quod
1288 1972 1832 2060 disponamﬁdomui

175 2080 365 2137 Israel
396 2085 528 2152 post
558 2079 683 2133 dies
714 2078 865 2145 illos,
896 2077 1040 2133 dicit
1070 2077 1350 2133 Dominus
1380 2096 1392 2133 :
1439 2078 1631 2133 dando
1677 2077 1832 2149 leges

175 2187 345 2226 meas
377 2170 435 2224 in
466 2172 658 2225 mente
689 2183 913 2231 eorum,
948 2171 1004 2220 et
1024 2165 1082 2221 in
1108 2167 1485 2221 cordeeorum
1512 2166 1832 2237 superscri-

173 2261 318 2314 bam
352 2274 470 2313 eas.
505 2257 683 2329 Leges
714 2256 870 2310 enim
920 2272 1059 2310 suas
1091 2255 1305 2310 scribet
1342 2256 1402 2310 in
1434 2256 1708 2310 cordibus
1737 2272 1831 2310 eo-

172 2364 337 2415 rum,
370 2363 483 2402 non
519 2346 579 2400 in
609 2344 829 2400 tabulis
862 2342 1131 2415 lapideis,
1168 2345 1265 2399 sed
1299 2343 1358 2397 in
1393 2344 1611 2398 tabulis
1643 2344 1834 2399 cordis

173 2436 539 2493 carnalibus.
591 2435 735 2489 Nam
767 2433 905 2504 quia
933 2433 1144 2489 veteris
1176 2434 1510 2489 testamenti
1546 2435 1835 2503 promissa

169 2530 410 2581 terrena
436 2528 595 2591 sunt,
638 2522 792 2589 licet,
825 2522 1079 2593 exceptis
1109 2523 1520 2593 sacramentis,
1545 2539 1670 2593 quae
1713 2540 1836 2577 um-

174 2614 290 2668 bra
319 2616 486 2669 erant
508 2613 861 2679 futurorum,
896 2610 1049 2665 sicut
1078 2614 1166 2665 est
1194 2610 1586 2677 circumcisio,
1609 2616 1667 2665 et
1696 2611 1835 2665 Sab-

176 2703 409 2768 batum,
439 2709 491 2756 el
512 2700 640 2755 aliae
652 2699 878 2754 dierum
902 2699 1356 2765 observationes,
1375 2699 1836 2769 etquarumdam

178 2805 476 2856 escarum,
520 2785 895 2850 caeremoniae,
947 2791 1004 2840 et
1048 2785 1351 2856 multiplex
1394 2786 1836 2856 sacriﬁciorum,

180 2891 611 2946 sacrorumque
642 2875 811 2941 ritus,
845 2890 971 2944 quae
1004 2874 1301 2940 vetustati,
1335 2874 1551 2928 carnali
1585 2873 1721 2943 legi,
1746 2875 1842 2944 ju-

184 2982 383 3040 goque
415 2963 605 3019 servili
647 2962 1062 3033 congruebant,
1116 2961 1257 3017 talia
1302 2962 1519 3034 quippe
1548 2962 1843 3018 contineat

189 3058 488 3127 praecepta
507 3051 775 3123 justitia,
810 3050 1006 3122 qualia
1052 3067 1207 3106 nunc
1255 3067 1489 3122 quoque
1535 3053 1842 3107 observare

188 3141 592 3214 praecipimus,
612 3156 738 3211 quae
771 3138 1021 3195 maxime
1050 3140 1281 3195 duabus
1303 3138 1421 3194 illis
1448 3139 1688 3207 tabulis,
1714 3141 1840 3196 sine

1929 570 2081 641 (lsaz’.
2120 572 2392 637 xvm'lti),
2424 573 2703 642 quoniam
2757 572 2926 627 ibunt
2972 573 3196 628 sinistri
3251 573 3313 629 in
3374 575 3570 646 ignem

1928 663 2247 723 aeternum;
2287 660 2434 729 justi
2485 666 2678 715 autem
2728 662 2788 715 in
2819 660 2994 715 vitam
3054 666 3326 717 aeternam
3359 662 3569 734 (Matth.

1928 763 2056 813 xxv,
2090 749 2199 811 46).
2233 747 2365 810 Quae
2396 748 2513 802 vita
2544 753 2777 815 aeterna,
2812 750 2963 805 sicut
2987 751 3458 817 commemoravi,
3480 753 3575 809 de-

1933 837 2091 889 ﬁnita
2104 842 2195 892 est
2222 853 2289 891 ea
2309 853 2456 897 esse,
2482 843 2546 891 ut
2567 843 2922 909 cognoscant
2947 855 3129 894 unum
3143 856 3341 895 verum
3370 842 3569 899 Deum.

1930 924 2073 979 Hinc
2105 924 2244 980 dicit
2291 931 2346 979 et
2375 926 2665 981 Joannes:
2727 925 3128 991 Dilectissimi,
3180 928 3284 982 ﬁlii
3334 930 3429 984 Dei
3473 947 3573 986 su-

1931 1029 2085 1083 mus,
2109 1016 2167 1068 et
2199 1014 2455 1068 nondum
2472 1015 2744 1085 apparuit
2762 1014 2901 1085 quid
2917 1015 3392 1073 erimus.Scimus
3414 1020 3576 1091 quia,

1931 1117 2065 1155 cum
2098 1101 2455 1173 apparuerit,
2481 1101 2703 1157 similes
2723 1103 2773 1157 ei
2797 1103 3039 1168 erimus,
3063 1104 3337 1174 quoniam
3362 1108 3579 1163 videbi-

1933 1207 2065 1244 mus
2097 1207 2228 1245 eum
2253 1191 2423 1245 sicuti
2447 1195 2535 1245 est
2553 1193 2602 1259 (ι
2631 1195 2793 1247 Joan.
2821 1208 2903 1259 ιιι,
2934 1196 3011 1259 2).
3046 1214 3073 1240 ‹‹
3102 1193 3230 1248 Haec
3254 1195 3577 1252 similitudo

1932 1294 2087 1334 nunc
2117 1278 2320 1346 incipit
2350 1280 2673 1346 reformari,
2699 1280 2961 1350 quandiu
3000 1280 3175 1337 homo
3215 1282 3462 1339 interius
3492 1301 3579 1341 re-

1933 1372 2180 1422 novatur
2208 1368 2279 1422 de
2309 1367 2401 1430 die
2429 1367 2487 1421 in
2538 1368 2716 1433 diem,
2749 1370 3073 1425 secundum
3106 1370 3422 1443 imaginem
3451 1374 3580 1445 ejus

1933 1456 2031 1528 qui
2062 1456 2275 1512 creavit
2303 1472 2457 1511 eum.
2491 1457 2596 1511 Sed
2629 1458 2699 1511 ad
2734 1457 2891 1511 illius
2922 1459 3250 1514 eminentiae
3279 1461 3581 1531 perfectio-

1935 1562 2089 1607 nem,
2123 1562 2250 1617 quze
2280 1549 2420 1600 tunc
2444 1544 2642 1600 futura
2670 1551 2780 1615 est,
2830 1546 2969 1617 quid
3002 1546 3130 1616 hoc,
3164 1553 3264 1603 aut
3292 1554 3581 1620 quantum

1935 1634 2071 1689 est?
2104 1633 2403 1705 Siquidem
2434 1634 2747 1705 Apostolus
2778 1637 2848 1690 ad
2882 1634 2982 1691 illa
3011 1636 3347 1706 ineffabilia,
3383 1638 3580 1711 quale-

1935 1739 2163 1795 cunque
2193 1723 2479 1778 adhibens
2509 1723 2579 1779 de
2609 1724 2764 1779 notis
2794 1725 2970 1779 rebus
2992 1725 3347 1794 exemulum,
3371 1744 3581 1799 parvu-

1934 1811 2050 1867 lam
2079 1816 2304 1866 aetatem
2352 1812 2506 1866 virili
2534 1813 2891 1884 comparavit
2937 1813 3127 1868 aetati:
3179 1830 3309 1870 cum
3368 1833 3581 1887 essem,

1939 1900 2152 1970 inquit,
2194 1899 2491 1970 parvulus,
2542 1902 2711 1972 quasi
2772 1901 3050 1973 parvulus
3078 1902 3377 1975 loquebar,
3414 1906 3584 1978 quasi

1940 1988 2217 2060 parvulus
2239 1989 2560 2060 sapiebam,
2582 1989 2749 2061 quasi
2765 1990 3041 2060 parvulus
3063 1993 3390 2064 cogitabam
3420 2011 3582 2062 ;cum

1941 2082 2135 2133 autem
2170 2078 2356 2133 factus
2387 2094 2517 2132 sum
2545 2077 2650 2146 vir,
2702 2095 2829 2149 quae
2858 2079 3085 2151 parvuli
3126 2086 3310 2151 erant,
3344 2084 3587 2154 deposui

1941 2167 1988 2238 (1
2019 2167 2141 2221 Cor.
2167 2182 2292 2232 xm,
2330 2166 2437 2237 11).
2462 2167 2579 2221 Cur
2618 2171 2809 2221 autem
2833 2168 2940 2223 hoc
2963 2168 3192 2235 dixerit,
3226 2186 3586 2244 consequen-

1942 2259 2028 2309 ter
2059 2256 2393 2325 ostendens,
2430 2255 2767 2324 «videmus,
2804 2255 3020 2327 inquit,
3054 2274 3209 2313 nunc
3242 2275 3342 2331 per
3380 2277 3583 2332 specu-
3672 2302 3675 2305 ι

1942 2344 2065 2398 lum
2100 2345 2157 2397 in
2209 2343 2553 2415 amigmate:
2606 2348 2748 2398 tunc
2805 2350 3004 2400 autem
3046 2347 3190 2401 facie
3238 2348 3310 2402 ad
3354 2349 3583 2405 faciem.

1944 2432 2109 2486 Nunc
2132 2432 2253 2487 scio
2284 2449 2351 2486 ex
2380 2436 2542 2503 parte
2570 2450 2583 2487 :
2611 2437 2752 2487 tunc
2782 2438 2977 2488 autem
3031 2450 3402 2506 cognoscam,
3436 2438 3590 2493 sicut

1944 2513 2213 2583 cognitus
2245 2528 2376 2566 sum
2418 2512 2578 2578 (Ibid.
2612 2513 2726 2584 12):
2762 2535 2790 2563 ››
2836 2514 3078 2584 proinde
3102 2515 3277 2570 etiam
3302 2532 3404 2588 per
3431 2517 3589 2573 hunc

1945 2600 2309 2672 prophetam,
2352 2602 2520 2669 cujus
2551 2601 2953 2657 testimonium
3003 2607 3446 2673 pertractemus,
3481 2606 3590 2662 hoc

1947 2689 2202 2757 additur,
2234 2693 2298 2741 ut
2328 2687 2384 2741 in
2418 2704 2484 2743 eo
2515 2703 2756 2754 merces,
2791 2688 2851 2742 in
2873 2705 2939 2743 eo
2962 2690 3118 2756 ﬁnis,
3139 2691 3198 2745 in
3229 2707 3295 2747 eo
3319 2693 3590 2763 perfectio

1948 2775 2258 2843 felicitatis,
2310 2774 2368 2829 in
2426 2792 2493 2830 eo
2550 2777 2727 2831 beatae
2783 2781 3123 2847 mternaaque
3175 2779 3302 2833 vita;
3358 2797 3591 2837 summa

1948 2864 2249 2919 consistat.
2305 2868 2445 2917 Cum
2509 2863 2664 2918 enim
2717 2864 3002 2921 dixisset:
3037 2887 3065 2915 ‹‹
3114 2866 3185 2921 Et
3227 2884 3324 2922 ero
3366 2868 3483 2924 illis
3529 2870 3589 2926 in

1949 2955 2155 3021 Deum,
2190 2957 2245 3007 et
2276 2952 2388 3023 ipsi
2420 2957 2593 3006 erunt
2622 2951 2763 3007 mihi
2797 2952 3073 3024 populus,
3114 2956 3393 3012 continuo
3423 2958 3591 3012 addi-

1950 3042 2034 3097 dit
2058 3060 2070 3097 :
2094 3065 2119 3092 ιι
2148 3042 2217 3097 Et
2237 3058 2351 3096 non
2374 3040 2602 3095 docebit
2615 3041 3021 3113 unusquisque
3042 3042 3370 3113 proximum
3393 3062 3590 3113 suum,

1950 3139 2007 3187 et
2036 3131 2445 3202 unusquisque
2494 3131 2732 3184 fratrem
2778 3146 2978 3195 suum,
3023 3131 3260 3188 dicens:
3301 3134 3592 3205 Cognosce

184 3209 393 3302 figura.
416 3209 776 3285 adumbratae
810 3228 1563 3300 signiﬁcationis,expressa
1580 3234 1737 3297 sunt,
1766 3230 1840 3285 si-
1870 3209 1914 3276 (ἶ
1953 3221 2285 3277 Dominum-
2325 3241 2345 3269 ιθ
2383 3220 2547 3273 Νι]ῠῦ
2568 3220 2859 3289 οθτιθῶἃω
2890 3224 3122 3291 tempus
3142 3225 3228 3276 est
3255 3225 3593 3281 testamenti

188 3317 317 3375 cuti
338 3324 473 3374 est«
498 3318 623 3372 Non
654 3317 1034 3385 adulterabis,
1070 3333 1185 3372 non
1217 3317 1601 3373 homicidium
1641 3318 1839 3385 facies,

188 3424 312 3464 non
343 3405 743 3478 concupisces,
778 3429 807 3456 »
838 3410 894 3461 et
933 3406 983 3461 si
1023 3405 1256 3474 quidem
1289 3411 1378 3461 est
1407 3405 1566 3460 aliud
1597 3407 1842 3461 manda-

186 3502 344 3561 tum,
378 3496 530 3567 qued
564 3496 621 3549 in
654 3494 762 3549 hoc
811 3510 1079 3549 sermone
1129 3493 1583 3566 recapitulatur:
1627 3494 1843 3566 Diliges

187 3585 528 3659 proximum
559 3589 727 3638 tuum
757 3585 1038 3655 tanquam
1083 3583 1358 3654 teipsum,
1410 3588 1607 3638 tamen
1650 3583 1752 3655 qui
1783 3583 1843 3638 in

188 3692 283 3740 eo,
307 3674 449 3741 dixi,
484 3673 773 3744 promissa
800 3676 1033 3727 terrena
1052 3676 1109 3726 et
1130 3671 1475 3742 temporalia
1504 3673 1844 3740 recitantur,

188 3780 325 3835 qua:
356 3763 511 3817 bona
541 3765 681 3817 sunt
711 3761 890 3829 hujus
920 3760 1316 3831 corruptibilis
1340 3760 1552 3830 carnis,
1578 3762 1847 3832 quamvis

1951 3311 2104 3375 novi,
2136 3308 2231 3364 cui
2261 3312 2350 3363 est
2382 3309 2534 3362 facta
2551 3308 2863 3378 promissio
2886 3324 2987 3378 per
3017 3308 3136 3364 haec
3158 3310 3353 3377 verba,
3381 3328 3507 3383 qua
3523 3330 3594 3370 ex

1950 3400 2051 3455 illa
2099 3397 2403 3471 prophetia
2451 3395 3058 3453 commemoravimus.
3101 3398 3218 3454 Cur
3252 3399 3361 3454 hoc
3400 3402 3594 3457 adhuc

1951 3490 2112 3556 dicit,
2173 3486 2583 3558 unusquisque
2610 3486 2872 3557 proximo
2938 3503 3045 3542 suo
3102 3492 3160 3542 et
3217 3488 3379 3543 fratri
3440 3506 3590 3547 suo:

1959 3598 1982 3627 α
2016 3580 2310 3649 Cognosce
2340 3576 2651 3630 Dominum
2671 3573 2699 3628 ?
2728 3595 2757 3624 »
2788 3577 2873 3629 An
2904 3575 3050 3630 forte
3080 3590 3195 3631 non
3223 3575 3598 3648 dicitur,cum

1954 3666 2334 3737 Evangelium
2369 3663 2736 3736 praedicatur,
2752 3668 2809 3718 et
2836 3665 2966 3733 ejus
2997 3663 3126 3735 ipsa
3155 3665 3221 3719 ﬁt
3240 3666 3597 3736 praedicatio,

1953 3761 2021 3811 ut
2074 3756 2184 3810 hoc
2212 3753 2424 3823 ubique
2455 3752 2725 3806 dicatur?
2770 3751 2916 3806 Nam
2975 3753 3130 3808 unde
3176 3769 3238 3809 se
3282 3754 3600 3826 Apostolus

188 3852 283 3908 eis
314 3851 672 3922 sempiterna
697 3853 875 3920 atque
923 3848 1199 3914 ccelestia,
1242 3850 1314 3903 ad
1366 3866 1578 3904 novum
1630 3851 1852 3905 scilicet
1956 3844 2219 3915 gentium
2242 3842 2383 3895 dicit
2410 3856 2537 3895 6586
2558 3841 2876 3905 doctorem,
2905 3840 3017 3894 niSi
3042 3841 3183 3911 quia
3199 3841 3308 3897 hoc
3328 3842 3414 3908 ﬁt,
3445 3844 3600 3915 quod

188 3943 616 3996 testamentum
638 3937 1006 4010 pertinentia,
1034 3937 1425 4008 ﬁgurarentur
1447 3953 1459 3991 :
1485 3954 1640 3992 nunc
1662 3939 1849 4010 ipsius
1955 3934 2081 4003 ipse
2113 3930 2229 3985 ait:
2263 3950 2289 3980 η
2324 3928 2622 3993 Ουοῐῐὶοάο
2655 3928 3029 3988 invocabunt.
3060 3928 3118 3983 in
3136 3946 3312 3999 quem
3342 3948 3457 3987 non
3483 3949 3604 3988 cre-

188 4029 394 4085 cordis
428 4028 647 4082 bonum
676 4026 1063 4098 promittitur,
1116 4025 1361 4096 spiritus
1391 4027 1583 4081 bonus
1615 4027 1846 4095 mentis,

190 4116 311 4173 hoc
339 4122 452 4183 est,
483 4114 850 4187 intelligibile
894 4115 1135 4181 bonum,
1169 4131 1303 4169 cum
1347 4114 1597 4169 dicitur:
1633 4138 1661 4165 «
1694 4115 1851 4171 Dans

189 4205 360 4278 leges
388 4221 549 4261 meas
580 4205 639 4259 in
672 4209 866 4258 mente
907 4220 1132 4274 eorum,
1167 4211 1224 4259 et
1252 4204 1310 4258 in
1348 4205 1621 4259 cordibus
1649 4221 1850 4260 eorum

192 4295 459 4351 scribam
490 4310 607 4348 eas.
639 4315 667 4341 ››
697 4292 859 4346 Unde
890 4292 1239 4363 signiﬁcavit
1259 4308 1357 4347 eos
1384 4308 1497 4347 non
1531 4293 1853 4349 forinsecus

193 4384 441 4452 habere,
474 4383 575 4438 sed
608 4382 794 4452 ipsam
829 4380 977 4452 legis
1002 4379 1294 4449 justitiam
1319 4380 1655 4437 dilecturos.

276 4472 499 4527 Deinde
554 4470 781 4526 addidit
836 4474 892 4524 et
934 4469 1281 4524 mercedem.
1331 4492 1351 4518 κ
1388 4469 1458 4523 Et
1515 4484 1612 4525 ero
1664 4470 1748 4525 eis
1794 4470 1853 4526 in

1960 4021 2275 4075 diderunt?
2301 4023 2418 4071 Aut
2446 4016 2740 4086 quomodo
2767 4017 3024 4082 credent,
3060 4032 3234 4086 quem
3259 4035 3373 4073 non
3401 4020 3601 4076 audie-

1960 4108 2133 4163 runt?
2166 4106 2466 4170 Quomodo
2516 4104 2754 4159 audient
2803 4105 2928 4160 sine
2959 4106 3307 4175 praedicante
3335 4108 3511 4177 (Rom.
3543 4126 3602 4176 x,

1963 4197 2094 4269 1/1)?
2120 4220 2141 4247 ι
2175 4201 2318 4250 Cum
2349 4211 2485 4267 ergo
2518 4210 2674 4248 nunc
2704 4193 3159 4265 istaprzedicatio
3178 4212 3605 4268 usquequaque

1962 4288 2308 4354 crebrescet,
2329 4284 2620 4353 quomodo
2636 4287 2870 4354 tempus
2891 4286 2981 4338 est
3001 4285 3339 4340 testamenti
3362 4286 3514 4352 novi,
3535 4287 3605 4343 de

1962 4369 2078 4446 quo
2110 4374 2391 4445 propheta
2415 4372 2596 4427 dixit:
2631 4392 2673 4422 ‹‹“
2692 4373 2761 4427 Et
2790 4388 2904 4426 non
2939 4372 3169 4428 docebit
3199 4375 3608 4447 unusquisque

1963 4464 2291 4535 proximum
2341 4478 2538 4528 suum,
2580 4466 2637 4514 et
2682 4460 3092 4533 unusquisque
3141 4462 3378 4518 fratrem
3408 4481 3605 4535 suum,

196 4565 413 4631 Deum,
446 4567 503 4618 et
529 4561 642 4633 ipsi
673 4564 843 4615 erunt
870 4559 1014 4613 mihi
1050 4559 1107 4613 in
1158 4558 1463 4629 populum.
1500 4581 1527 4608 r
1567 4560 1713 4622 Quid
1748 4560 1857 4615 hoc
1887 4575 1933 4639 Ι)
1964 4552 2200 4607 dicens:
2251 4554 2542 4621 Cognosce
2601 4549 2940 4615 Dominum,
2974 4552 3112 4620 quia
3161 4566 3366 4607 omnes
3395 4568 3609 4629 cogno-

198 4656 360 4709 bono
413 4650 647 4715 melius,
692 4649 832 4721 quid
880 4648 988 4703 hac
1040 4647 1315 4703 felicitate
1358 4647 1631 4703 felicius?
1656 4649 1857 4704 Vivere

198 4749 343 4807 Deo,
374 4741 564 4796 vivere
596 4742 667 4794 de
699 4739 836 4804 Deo,
881 4738 1038 4809 apud
1071 4754 1246 4809 quem
1276 4742 1365 4792 est
1394 4738 1522 4792 fons
1551 4737 1684 4793 vitae
1712 4742 1769 4792 et
1800 4739 1857 4793 in

200 4833 380 4902 cujus
411 4830 635 4885 lumine
660 4827 989 4883 videbimus
1026 4828 1213 4883 lucem
1241 4825 1253 4879 !
1300 4831 1373 4880 De
1404 4826 1513 4881 hac
1554 4826 1671 4882 vita
1718 4827 1860 4881 dicit

808 4916 936 4971 Haec
966 4922 1053 4971 est
1100 4921 1297 4971 autem
1354 4916 1473 4970 vita
1528 4922 1760 4980 atema,
1796 4922 1861 4971 ut
1968 4905 2361 4979 promittendo
2412 4904 2761 4975 conjunxit?
2792 4902 2943 4967 Quid
2996 4919 3133 4975 ergo
3191 4907 3300 4969 est,
3335 4921 3540 4962 omnes
3586 4925 3621 4963 a

197 4920 334 4993 ipse
364 4919 650 4975 Dominus
678 4935 691 4972 :
732 4939 752 4965 α

201 5011 568 5082 cognoscant
596 5010 653 5061 te
683 5023 868 5061 unum
899 5021 1098 5061 verum
1132 5006 1316 5062 Deum
1348 5006 1527 5071 (Joan.
1559 5022 1698 5069 xvu,
1726 5006 1801 5074 3).
1830 5027 1857 5055 ››

200 5100 327 5154 Hoc
354 5103 512 5154 enim
544 5100 602 5151 et
657 5094 783 5166 ipse
833 5096 1121 5165 promittit
1163 5092 1545 5148 dilectoribus
1574 5094 1720 5159 suis,
1776 5093 1859 5147 di-

1967 4645 2132 4696 scent
2178 4654 2273 4693 me
2322 4656 2357 4693 a
2389 4639 2611 4693 minore
2639 4653 2826 4708 usque
2855 4638 2929 4692 ad
2986 4640 3265 4708 majorem
3309 4655 3545 4696 eorum:
3580 4663 3609 4691 ››

1970 4729 2084 4784 nisi
2116 4728 2256 4799 quia
2284 4726 2547 4796 ejusdem
2579 4726 2914 4782 testamenti
2939 4726 3070 4782 novi
3099 4729 3376 4782 aeternam
3398 4744 3616 4786 merce-

1969 4816 2188 4887 dem,id
2202 4820 2292 4872 est
2307 4815 2495 4886 ipsius
2518 4814 2617 4870 Dei
2635 4814 3037 4871 beatissimam
3059 4815 3615 4885 contemplationem

1968 4998 2193 5052 minore
2226 5010 2412 5064 usque
2444 4996 2516 5051 ad
2547 4997 2830 5062 majorem
2851 5008 3079 5057 eorum,
3114 4990 3226 5046 nisi
3256 5007 3464 5050 omnes
3493 5012 3621 5067 per-

1966 5088 2221 5142 tinentes
2244 5082 2594 5154 spiritaliter
2614 5084 2683 5138 ad
2707 5084 2955 5139 domum
2987 5078 3185 5143 Israel,
3209 5083 3266 5133 et
3286 5081 3361 5134 ad
3383 5083 3627 5141 domum

201 5203 380 5243 cens:
419 5208 448 5236 ιι
476 5183 584 5248 Qui
616 5182 809 5255 diligit
847 5197 960 5248 me,
1004 5184 1285 5240 mandata
1314 5197 1447 5236 mea
1476 5182 1768 5247 custodit;
1802 5187 1860 5238 et
1964 5177 2138 5239 Juda,
2173 5173 2282 5227 hoc
2325 5179 2439 5242 est,
2491 5175 2560 5230 ad
2595 5173 2745 5229 ﬁlios
2770 5170 2955 5238 Isaac,
2999 5170 3071 5225 ad
3116 5182 3313 5222 semen
3344 5172 3628 5230 Abrahae?

199 5275 306 5348 qui
353 5274 551 5345 diligit
581 5290 692 5340 me,
721 5271 1000 5341 diligetur
1029 5289 1062 5327 a
1109 5274 1278 5328 Patre
1310 5285 1462 5333 meo,
1496 5276 1552 5327 et
1592 5286 1698 5343 ego
1726 5270 1856 5325 dili-

1966 5267 2100 5338 Ipsa
2130 5266 2220 5317 est
2240 5260 2399 5316 enim
2432 5262 2770 5334 promissio,
2794 5258 2865 5312 de
2897 5277 3018 5332 qua
3041 5257 3091 5313 ei
3115 5255 3338 5311 dictum
3362 5265 3489 5316 est:
3514 5283 3542 5312 ι(
3566 5262 3631 5318 In
