3976 5348
180 293 291 350 777

707 292 1127 354 EXPOSITIO
1172 293 1247 352 ΙΝ
1294 292 1726 355 EPISTOLAS
1772 292 2031 355 PAULI.
2077 329 2152 339 —
2202 298 2278 357 IN
2327 299 2576 361 EPIST.
2623 302 2727 361 AD
2772 300 3007 363 HEBR.

3468 305 3585 364 778

180 440 301 480 esse
322 421 533 479 calum
567 423 749 491 (Hebr.
788 440 893 489 xu,
934 424 1046 490 24),
1078 428 1137 478 et
1167 424 1559 480 velamentum
1591 424 1823 494 calum,
1859 428 1909 493 Α
1942 426 2021 481 Ne
2050 429 2205 483 enim
2237 429 2495 485 dicerent
2524 434 2817 503 quomodo
2848 449 3031 488 unum
3063 439 3153 489 est
3181 434 3533 490 sacriﬁcium
3557 434 3586 489 ?

178 520 232 568 et
259 528 493 568 carnem
525 512 839 567 intrantem
892 513 951 567 in
985 513 1263 569 interiora
1300 513 1604 568 velaminis
1638 516 1821 583 (Hebr.

176 619 250 668 vi,
292 601 401 668 19),
440 600 547 656 hoc
588 609 678 655 est
717 602 1108 656 velamentum
1157 602 1350 657 carnis
1389 604 1517 671 ejus
1548 603 1730 673 (Hebr.
1763 619 1820 665 x,

176 692 282 760 20).
314 696 573 746 Aureum
604 690 998 755 thuribulum,
1045 690 1198 745 idem
1249 692 1372 762 ipse
1412 691 1679 746 Christus
1712 696 1822 745 est.

177 786 318 835 Area
349 779 687 834 testamenti
720 795 831 833 non
866 778 1187 851 incongrue
1236 779 1428 848 ipsam
1476 780 1707 834 Domini
1738 784 1827 835 est

175 866 482 923 Salvatoris
516 867 698 923 nostri
750 868 1212 922 incarnationem
1266 869 1559 939 designat,
1616 869 1673 922 in
1707 885 1823 939 quo

176 961 308 1013 sunt
338 974 544 1012 omnes
574 956 833 1012 thesauri
862 957 1164 1027 sapientia
1196 962 1253 1011 et
1292 958 1547 1011 scientia
1576 958 1820 1011 abscon-

175 1045 296 1100 diti.
328 1046 719 1100 Circumtecta
748 1060 816 1098 ex
849 1049 1004 1099 omni
1048 1050 1209 1116 parte
1240 1063 1382 1101 auro
1407 1046 1820 1111 mundissimo,

173 1134 304 1204 quia
319 1139 628 1205 assumpta
658 1151 691 1188 a
723 1133 864 1189 Filio
897 1134 995 1189 Dei
1029 1134 1288 1190 humana
1316 1140 1545 1199 natura,
1569 1140 1626 1188 et
1660 1118 1820 1190 intus

170 1222 381 1278 virtute
404 1222 589 1278 sancti
614 1222 869 1293 Spiritus
896 1222 1065 1293 plena
1081 1228 1225 1289 erat,
1246 1228 1303 1278 et
1326 1224 1463 1278 foris
1481 1223 1819 1278 hominibus

173 1316 362 1383 aperte
385 1312 572 1367 sancti
593 1310 849 1382 Spiritus
879 1328 1055 1383 opera
1076 1311 1583 1383 pramonstrabat.
1606 1311 1820 1368 Urnam

172 1415 403 1471 quoque
415 1416 674 1465 auream,
697 1401 806 1455 hoc
819 1404 930 1466 est,
951 1416 1184 1457 carnem
1206 1400 1590 1472 intelligimus
1607 1400 1822 1455 Christi

170 1504 373 1559 puram
391 1488 889 1560 atquesinceram,
923 1506 1048 1560 qua
1065 1491 1505 1545 reconditumin
1534 1506 1593 1545 se
1609 1507 1825 1545 manna

170 1578 1197 1648 perpetuadivinitatisconservat.et
1216 1578 1463 1651 angelici
1479 1579 1639 1633 illius
1657 1580 1825 1651 panis

169 1683 481 1738 perennem
498 1667 793 1723 calestem
810 1667 1362 1739 geritdulcedinem.
1391 1669 1623 1725 Necnon
1647 1669 1822 1723 etiam

167 1754 390 1827 virgam
422 1764 636 1823 Aaron,
672 1757 731 1811 id
758 1763 865 1828 est,
895 1757 1159 1826 ejusdem
1185 1757 1405 1812 summi
1425 1758 1662 1829 verique
1684 1773 1824 1828 pon-

168 1844 357 1913 tiﬁcis,
400 1862 516 1901 non
550 1846 661 1901 nisi
693 1846 918 1901 Domini
953 1847 1137 1901 nostri
1162 1847 1301 1902 Jesu
1332 1846 1541 1902 Christi
1570 1847 1826 1901 salutare

167 1933 463 2000 vexillum,
478 1940 537 1990 et
552 1935 901 1991 immortalis
918 1935 1212 1991 memoria
1227 1952 1347 1991 sem
1358 1951 1459 2007 per
1471 1936 1824 1991 viriditatem

169 2022 555 2079 frondentem.
582 2023 816 2079 Tabula
842 2040 1077 2095 quoque
1096 2023 1339 2095 lapidea
1362 2040 1477 2079 non
1501 2025 1825 2097 incongrue

168 2109 422 2182 duplicis
439 2114 769 2167 testamenti
785 2116 1122 2182 perpetuam
1139 2112 1475 2167 lirmitatem
1493 2113 1822 2185 designant.

170 2197 648 2270 Propitiatorium
681 2202 897 2271 quippe
945 2217 1061 2255 non
1096 2199 1255 2256 aliud
1299 2217 1477 2271 quam
1510 2201 1824 2256 Dominum

174 2287 553 2358 Salvatorem,
588 2288 809 2344 scilicet
838 2288 1151 2361 specialius
1178 2290 1237 2345 in
1260 2306 1326 2345 eo
1348 2289 1573 2345 viscera
1593 2289 1826 2361 pietatis

172 2376 477 2449 designat;
508 2379 578 2433 de
606 2394 721 2448 quo
752 2379 897 2434 dicit
926 2378 1279 2450 Apostolus:
1340 2400 1367 2428 α
1399 2382 1582 2445 Quem
1613 2396 1822 2450 propo-

170 2466 287 2521 suit
302 2467 455 2522 Deus
471 2466 945 2538 propitiationem
960 2485 1061 2538 per
1073 2468 1247 2523 ﬁdem
1265 2470 1323 2522 in
1339 2469 1625 2540 sanguine
1643 2470 1825 2540 ipsius

172 2558 345 2625 (Rom.
386 2573 472 2622 ιιι,
502 2557 615 2627 25).
652 2579 678 2605 ››
706 2557 850 2611 Nam
885 2570 938 2611 et
968 2558 1098 2612 ideo
1148 2559 1402 2628 desuper
1432 2557 1651 2629 posuit,
1686 2558 1827 2631 quia

169 2645 641 2714 superexaltatur
662 2644 1061 2700 misericordia
1094 2647 1316 2715 judicio
1348 2664 1360 2701 :
1398 2648 1554 2701 unde
1591 2652 1645 2701 et
1666 2645 1824 2701 Psal-

167 2734 349 2788 mista
380 2749 391 2788 :
435 2755 461 2786 ι
491 2734 721 2801 Suavis,
756 2734 971 2803 inquit,
995 2735 1278 2788 Dominus
1304 2735 1611 2800 universis,
1638 2740 1693 2789 et
1716 2734 1825 2788 mi-

165 2822 493 2878 serationes
515 2823 643 2891 ejus
665 2839 841 2892 super
862 2821 1057 2877 omnia
1089 2838 1264 2892 opera
1295 2824 1423 2891 ejus
1444 2824 1613 2894 (Psal.
1642 2840 1824 2893 cxmv,

161 2912 239 2983 9).
276 2932 306 2960 ››
342 2912 523 2979 Cujus
555 2928 588 2965 a
621 2910 857 2976 dextris,
889 2916 947 2965 et
978 2927 1011 2965 a
1059 2910 1317 2966 sinistris
1363 2912 1478 2966 duo
1522 2912 1825 2966 cherubim

163 2997 526 3067 consistunt,
555 2999 708 3069 quod
732 3004 819 3054 est
844 2999 1144 3070 plenitudo
1164 3001 1440 3066 scientia,
1468 3000 1526 3054 id
1550 3006 1660 3065 est,
1684 3001 1825 3055 dile-

163 3086 280 3141 ctio
304 3086 413 3141 Dei
436 3092 493 3141 et
515 3088 759 3159 proximi
784 3108 797 3151 ς
831 3104 933 3159 ρει·
969 3088 1121 3158 quod
1165 3088 1450 3144 Dominus
1473 3088 1820 3145 ostenditur.

1935 515 2198 571 Ostendit
2227 518 2368 572 illud
2415 521 2541 589 jam
2592 522 2728 577 inde
2760 523 2831 578 ab
2884 522 3069 589 initio,
3102 522 3395 594 siquidem
3429 524 3584 593 quod

1935 608 2193 659 sanctius
2224 613 2370 671 erat,
2406 627 2591 665 unum
2624 617 2768 667 erat.
2802 613 2965 666 Tunc
2996 612 3152 666 enim
3186 612 3461 682 pontifex,
3496 613 3585 666 in-

1935 695 2081 764 quit,
2102 696 2278 749 semel
2302 698 2595 773 offerebat,
2617 706 2673 754 et
2691 701 2871 755 semel
2893 702 3186 756 credimus
3205 701 3584 757 Mediatorem

1935 790 2198 839 nostrum
2228 785 2283 839 in
2312 788 2579 857 passione
2602 788 2887 844 oblatum.
2913 791 2977 844 Et
3011 790 3157 845 bene
3197 791 3364 861 dixit,
3410 813 3437 841 ‹‹
3473 807 3587 845 non

1932 872 2058 926 sine
2081 874 2398 944 sanguine:
2424 898 2451 924 ››
2474 876 2529 930 id
2557 881 2666 942 est,
2693 894 2807 932 non
2832 879 2957 933 sine
2972 879 3244 949 passione
3269 877 3589 935 Salvatoris

1933 961 2115 1015 nostri
2151 963 2433 1034 redempti
2469 982 2699 1020 sumus.

2004 1088 2030 1114 ‹‹
2067 1067 2183 1122 Hoc
2214 1068 2583 1139 signiﬁcante
2611 1071 2830 1143 Spiritu
2856 1078 3081 1138 sancto,
3110 1095 3136 1122 n
3163 1075 3533 1142 subauditur,
3558 1090 3592 1129 a

1933 1154 2147 1227 Moyse,
2181 1159 2333 1228 quod
2369 1159 2638 1215 Christus
2670 1160 2851 1216 semel
2906 1166 3213 1233 pateretur
3244 1180 3346 1234 pro
3378 1178 3590 1234 genere

1933 1242 2232 1300 humano:
2266 1269 2293 1295 ‹‹
2330 1247 2602 1303 Nondum
2652 1249 3017 1322 propalatam
3073 1266 3202 1306 esse
3249 1255 3589 1306 sanctorum

1931 1332 2081 1386 viam
2114 1334 2303 1403 (Exod.
2334 1352 2465 1400 xxx,
2500 1337 2604 1391 1οε
2641 1339 2762 1393 Lev.
2812 1355 2926 1407 xvi,
2956 1338 3034 1410 2).
3077 1362 3099 1389 ι)
3140 1339 3359 1395 Idcirco
3392 1338 3591 1395 adhuc

1933 1419 2033 1475 illa
2064 1424 2399 1493 manebant,
2434 1424 2574 1495 quia
2616 1427 2866 1481 necdum
2895 1426 3007 1481 ista
3039 1428 3428 1499 apparebant,
3463 1443 3590 1499 qua

1934 1525 2037 1580 per
2064 1509 2195 1565 illas
2225 1511 2511 1584 imagines
2543 1514 2903 1570 umbraticas
2937 1515 3440 1587 signiﬁcabantur.

2004 1648 2030 1673 ‹‹
2070 1626 2275 1682 Adhuc
2298 1628 2489 1699 priore
2512 1629 2887 1685 tabernaculo
2916 1630 3174 1687 habente
3191 1636 3430 1687 statum.
3451 1633 3588 1699 Qua

1935 1714 2209 1786 parabola
2231 1720 2319 1771 est
2352 1718 2631 1788 temporis
2663 1719 2963 1774 instantis.
2994 1742 3020 1768 ››
3047 1719 3192 1775 Illud
3217 1721 3373 1776 enim
3399 1720 3591 1776 taber-

1853 1797 1900 1861 B
1934 1802 2209 1857 naculum
2236 1805 2425 1877 ﬁgura
2450 1807 2561 1861 fuit
2590 1807 2872 1879 temporis
2904 1808 3206 1875 instantis,
3230 1808 3287 1863 id
3310 1814 3418 1877 est,
3440 1825 3587 1881 pra-

1936 1891 2117 1946 sentis
2139 1892 2418 1963 ecclesia,
2447 1912 2574 1966 qua
2618 1913 2773 1952 nunc
2806 1897 2866 1952 in
2908 1914 3052 1952 novo
3087 1901 3438 1953 testamento
3470 1901 3581 1953 est.

2013 2028 2039 2058 α
2064 2006 2238 2063 Juxta
2262 2026 2439 2079 quam
2475 2026 2738 2077 munera,
2763 2015 2822 2066 et
2857 2011 3058 2068 hostia
3082 2012 3425 2083 offeruntur,
3460 2029 3588 2085 quis

1936 2112 2051 2150 non
2086 2102 2335 2166 possunt
2357 2099 2528 2168 juxta
2577 2100 2997 2155 conscientiam
3046 2100 3368 2172 perfectum
3399 2102 3589 2159 facere

1937 2184 2304 2256 servientem,
2338 2187 2710 2243 solummodo
2760 2188 2819 2242 in
2851 2189 3017 2253 cibis,
3064 2194 3121 2244 et
3152 2189 3211 2243 in
3244 2190 3500 2261 potibus,
3532 2193 3589 2245 et

1935 2274 2112 2329 variis
2135 2274 2467 2345 baptismis,
2490 2275 2808 2346 etjustitiis
2832 2277 3027 2333 carnis
3046 2293 3230 2345 usque
3253 2279 3322 2333 ad
3351 2283 3585 2350 tempus

1935 2363 2310 2419 correctionis
2332 2364 2646 2435 impositis.
2672 2387 2699 2413 »
2723 2366 2971 2420 Attende
3009 2367 3164 2437 quod
3186 2364 3332 2420 nihil
3356 2367 3426 2421 ad
3448 2383 3577 2437 per-

1936 2451 2153 2506 fectum
2185 2453 2428 2507 adduxit
2452 2452 2563 2509 lex.
2601 2454 2707 2509 Per
2734 2458 2958 2509 veteres
2981 2453 3199 2526 quippe
3225 2454 3449 2509 hostias
3470 2470 3587 2509 non

1936 2546 2251 2610 potuerunt
2283 2542 2593 2596 emundari
2620 2560 2633 2609 ;
2668 2559 2783 2596 non
2814 2543 2970 2597 enim
3012 2543 3215 2597 sordes
3246 2542 3455 2598 anima
3486 2543 3585 2597 de-

1936 2628 2338 2695 mittebantur,
2364 2631 2463 2684 sed
2498 2636 2729 2685 tantum
2762 2630 2914 2687 circa
2942 2647 3153 2702 corpus
3175 2635 3359 2696 erant,
3381 2647 3585 2686 secun-

1936 2717 2074 2771 dum
2096 2718 2282 2788 legem
2309 2719 2569 2773 mandati
2591 2718 2863 2775 carnalis.
2887 2720 3011 2774 Non
3031 2719 3185 2775 enim
3204 2718 3581 2791 adulterium,

1937 2822 2053 2860 non
2088 2806 2467 2863 homicidium
2511 2806 2804 2863 dimittere
2835 2812 3082 2879 poterat.
3118 2808 3234 2863 Hoc
3264 2807 3421 2864 enim
3449 2824 3583 2880 age-

1938 2895 2036 2949 bat
2058 2910 2070 2947 :
2096 2894 2205 2949 hoc
2228 2897 2460 2950 comede
2486 2913 2499 2963 ;
2524 2895 2668 2950 illud
2692 2913 2808 2950 non
2832 2897 3125 2952 comedas.
3157 2918 3183 2950 ιι
3208 2896 3587 2953 Solummodo

1938 2982 2263 3038 differentia
2298 2984 2357 3038 in
2390 2983 2535 3039 cibis
2566 2988 2623 3039 et
2651 2984 2710 3038 in
2742 2984 2998 3055 potibus.
3036 3007 3064 3034 ››
3094 2987 3207 3041 Hoc
3238 2991 3455 3058 potare,
3490 2986 3581 3040 in-

1938 3071 2101 3141 quit;
2130 3071 2237 3126 hoc
2266 3087 2383 3126 non
2407 3071 2559 3127 licet.
2591 3094 2612 3121 u
2642 3072 2712 3127 Et
2733 3072 2910 3127 variis
2929 3073 3242 3144 baptismis
3262 3071 3584 3144 etjustitiis

162 3175 352 3230 Nemo
378 3176 541 3231 enim
576 3180 764 3246 potest
796 3177 1092 3246 pervenire
1122 3178 1193 3232 ad
1224 3177 1562 3244 Dominum,
1586 3178 1701 3232 nisi
1722 3194 1826 3249 per
1856 3150 1898 3216 (ἶ
1936 3160 2149 3249 “ﬁmi?
2186 3182 2213 3209 ”
2247 3160 2378 3215 Haec
2409 3160 2565 3216 enim
2595 3166 2719 3216 erat
2739 3161 2976 3232 ,ῖυεῐίίιίθι
3005 3162 3220 3217 οδιἪίεο
3255 3161 3317 3217 In
3348 3161 3457 3217 hoc
3483 3162 3582 3217 εἷθ’

165 3264 545 3319 charitatem.
582 3264 888 3319 Plenitudo
920 3266 1075 3319 enim
1124 3264 1272 3337 legis
1318 3266 1548 3321 dilectio
1578 3272 1685 3321 est.
1716 3247 1822 3320 Alii

1951 3248 2063 3311 iicit
2093 3247 2194 3303 illa
2218 3254 2607 3318 sacramenta,
2641 3250 2959 3305 ostendens
2990 3249 3129 3321 quia
3158 3249 3382 3306 nullam
3412 3249 3585 3305 habe-

167 3354 373 3410 eadem
409 3353 526 3409 duo
558 3353 886 3419 cherubim,
916 3354 1031 3409 duo
1082 3354 1423 3427 intelligunt
1451 3360 1826 3424 testamenta,

170 3460 298 3514 qua
333 3441 808 3514 propitiatorium
839 3442 963 3507 Dei,
992 3444 1049 3497 id
1085 3447 1193 3511 est,
1226 3443 1440 3498 Christi
1463 3451 1829 3499 sacramenta

172 3533 553 3599 obumbrant,
586 3535 838 3587 testante
872 3532 1189 3601 prOpheta:
1218 3554 1245 3581 «ι
1277 3532 1338 3586 In
1366 3533 1555 3589 medio
1576 3535 1827 3589 duorum

176 3619 525 3678 animalium
554 3620 925 3691 cognosceris
956 3622 1106 3691 (Isai.
1142 3640 1156 3676 ι
1187 3622 1265 3691 3).
1303 3644 1329 3671 ››

248 3734 275 3760 ‹‹
294 3710 380 3767 De
393 3709 610 3780 quibus
633 3725 747 3764 non
770 3710 1046 3765 estmodo
1066 3709 1378 3764 dicendum
1396 3726 1496 3781 per
1513 3711 1771 3782 singula;
1799 3732 1827 3760 ››

178 3800 471 3867 lortassis,
504 3799 643 3869 quia
674 3798 862 3853 multo
901 3815 1171 3853 sermone
1202 3814 1348 3869 opus
1380 3798 1671 3853 habebant
1702 3801 1829 3854 ideo

183 3890 329 3945 dixit
352 3905 365 3945 :
405 3912 434 3938 «
461 3888 540 3943 De
563 3889 779 3958 quibus
803 3904 918 3942 non
942 3892 1031 3943 est
1052 3888 1225 3942 modo
1250 3887 1563 3942 dicendum
1590 3905 1691 3959 per
1710 3888 1830 3943 sin-

178 3978 333 4050 gula.
367 3999 396 4028 ››
436 3977 721 4039 Quoniam
755 3993 871 4032 non
906 3976 1025 4030 hac
1062 3975 1186 4031 sola
1207 3982 1389 4043 erant,
1415 3993 1540 4047 qua
1561 3978 1833 4032 videban-

176 4072 287 4134 tur,
330 4066 440 4123 sed
472 4065 803 4137 anigmata.
857 4065 936 4119 Ad
961 4082 1109 4136 quos
1150 4082 1276 4132 nos,
1317 4065 1375 4118 in
1419 4070 1701 4136 quantum
1738 4066 1834 4121 ille

177 4157 334 4211 dedit
382 4154 491 4225 qui
543 4170 608 4208 os
664 4159 963 4208 mutorum
1014 4154 1244 4225 aperuit
1290 4159 1347 4209 et
1376 4154 1606 4227 linguas
1638 4156 1833 4211 infan-

175 4246 321 4301 tium
355 4244 502 4300 facit
532 4242 782 4297 disertae
832 4242 980 4314 (Sap.
1013 4261 1070 4310 x,
1114 4243 1228 4312 21),
1263 4244 1534 4299 accedere
1561 4261 1833 4316 procura-

173 4334 389 4389 vimus.
770 4330 781 4341 ⁸

246 4448 273 4475 ‹‹
312 4424 423 4480 llis
454 4438 590 4479 vero
621 4419 986 4492 compositis,
1020 4419 1081 4473 in
1115 4421 1291 4490 priori
1316 4420 1550 4492 quidem
1576 4424 1837 4477 taberna-

1937 3338 2079 3392 bant
2108 3338 2403 3393 virtutem.
2442 3338 2525 3403 Et,
2551 3354 2861 3409 quousque
2882 3340 2953 3393 ad
2976 3342 3209 3411 tempus
3231 3339 3588 3412 corrigeren-

1937 3430 2052 3496 tur,
2078 3443 2265 3497 usque
2287 3428 2428 3482 dum
2452 3427 2772 3482 transirent
2791 3432 2981 3485 vetera
3006 3445 3019 3495 ;
3059 3427 3277 3483 umbra
3309 3432 3365 3482 et
3384 3427 3585 3500 ﬁgura

1940 3531 2066 3586 qua
2100 3516 2372 3584 fuerunt;
2408 3520 2464 3570 et
2489 3516 2787 3572 venissent
2818 3533 2984 3571 nova.

2015 3644 2041 3673 ι(
2072 3622 2338 3678 Christus
2371 3627 2567 3678 autem
2614 3622 2901 3678 assistens
2949 3623 3209 3694 pontifex
3256 3623 3588 3678 futurorum

1937 3711 2249 3778 bonorum,
2282 3727 2387 3782 per
2416 3712 2669 3783 amplius
2699 3710 2758 3767 et
2802 3712 3117 3783 perfectius
3145 3709 3587 3769 tabernaculum
3654 3729 3661 3737 “

1943 3816 2057 3854 non
2090 3801 2532 3866 manufactum;
2582 3800 2639 3854 id
2688 3805 2798 3866 est,
2850 3816 2966 3855 non
3010 3800 3189 3870 huius
3238 3800 3587 3869 creationis;

1941 3904 2131 3958 neque
2153 3905 2253 3959 per
2274 3888 2623 3959 sanguinem
2649 3888 2969 3957 hircorum,
3002 3892 3103 3943 aut
3123 3887 3461 3957 vitulorum,
3483 3888 3586 3944 sed

1942 3993 2045 4049 per
2070 3976 2370 4047 proprium
2395 3976 2744 4048 sanguinem
2769 3976 3031 4030 introivit
3058 3975 3238 4031 semel
3270 3976 3329 4030 in
3360 3980 3589 4042 sancta,

1944 4071 2157 4120 aterna
2214 4065 2614 4136 redemptione
2669 4064 2923 4120 inventa.
2958 4086 2987 4115 ››
3035 4063 3324 4127 Christus,
3373 4064 3588 4135 inquit,

1944 4155 2247 4225 assistens,
2282 4153 2400 4209 sive
2431 4158 2496 4207 ut
2525 4153 2585 4208 in
2619 4153 2975 4225 quibusdam
3000 4153 3300 4209 codicibus
3320 4152 3589 4218 habetur,

1944 4243 2259 4297 adveniens
2287 4243 2492 4313 (1418),
2544 4242 2653 4297 hoc
2699 4247 2811 4310 est,
2851 4243 2922 4298 ad
2970 4242 3078 4298 hoc
3108 4242 3303 4314 ipsum
3333 4240 3594 4308 veniens,

1945 4349 2059 4387 non
2096 4331 2228 4386 aliis
2259 4332 2598 4387 succedens.
2653 4332 2776 4387 Non
2826 4332 3015 4403 primo
3062 4330 3316 4397 advenit,
3368 4336 3426 4386 et
3454 4336 3595 4391 tunc

1949 4421 2136 4474 factus
2160 4424 2268 4488 est,
2293 4421 2392 4474 sed
2418 4419 2594 4474 simul
2618 4420 2796 4475 venit.
2833 4420 2906 4474 Et
2934 4436 3048 4476 non
3090 4419 3253 4489 dixit,
3277 4419 3591 4475 adveniens

181 4512 309 4569 culo
355 4527 596 4581 semper
645 4510 967 4564 introibant
1014 4511 1371 4581 sacerdotes,
1422 4511 1843 4567 sacriﬁciorum
1875 4519 1921 4583 D
1953 4508 2208 4580 pontifex
2229 4508 2576 4576 hostiarum,
2599 4510 2699 4563 sed
2722 4509 3040 4575 bonorum;
3061 4508 3238 4563 veluti
3261 4524 3375 4563 non
3396 4506 3594 4563 valens

185 4604 375 4658 ofﬁcia
406 4602 912 4657 consummantes.
948 4621 971 4650 ι
1008 4599 1113 4652 His
1139 4597 1218 4652 ita
1241 4599 1666 4670 praordinatis,
1690 4600 1844 4655 sicut

185 4691 459 4763 superius
478 4686 788 4758 Apostolus
808 4687 1095 4753 narravit;
1116 4687 1171 4739 in
1200 4686 1374 4756 priori
1396 4687 1632 4757 quidem
1655 4689 1842 4744 taber-

186 4779 392 4835 naculo
425 4794 657 4849 semper
689 4776 991 4831 intrabant
1021 4776 1372 4844 sacerdotes,
1406 4776 1591 4831 donec
1620 4778 1843 4833 veniret

186 4868 474 4923 Mediator
494 4865 617 4935 Dei,
640 4865 742 4935 qui
768 4864 944 4920 semel
971 4865 1214 4920 introiit.
1250 4865 1426 4918 Erant
1448 4866 1681 4936 quidem
1707 4867 1840 4936 ista,

188 4958 287 5011 sed
319 4974 437 5012 non
473 4955 778 5009 fruebatur
806 4954 889 5008 eis
930 4954 1221 5027 populus:
1274 4970 1388 5008 non
1424 4955 1579 5009 enim
1613 4955 1844 5010 videbat

188 5045 331 5101 illud
366 5044 526 5116 quod
583 5042 1051 5115 praﬁgurabant.
1105 5043 1351 5099 Proinde
1402 5060 1518 5099 non
1571 5044 1688 5099 illis
1720 5061 1841 5099 ma-

191 5135 277 5205 gis
306 5137 477 5189 erant
506 5132 823 5187 constituta
863 5147 1040 5201 quam
1091 5132 1228 5199 illis,
1282 5132 1501 5201 quibus
1534 5132 1843 5205 propheta-

190 5222 422 5278 bantur.

259 5332 285 5348 η
322 5314 378 5348 In
407 5310 664 5348 annnan
688 5312 879 5348 anfnm
907 5312 1087 5348 como]
1114 5312 1169 5348 in
1199 5325 1353 5348 nnnn
1379 5312 1539 5348 anlnn
1561 5311 1817 5348 nnnfif‘nv

1956 4614 2225 4653 sermone
2252 4596 2594 4652 universum
2625 4597 2967 4668 exprimere.
2993 4596 3457 4652 Tabernaculum
3481 4612 3597 4653 non

1952 4686 2375 4753 manufactum,
2409 4685 2601 4756 ipsam
2633 4700 2867 4739 carnem
2901 4683 3197 4756 pontiﬁcis
3219 4684 3406 4739 nostri
3435 4684 3608 4757 dicit,

1952 4780 2009 4832 et
2026 4790 2157 4830 vere
2179 4792 2295 4829 non
2319 4773 2500 4844 hujus
2520 4773 2851 4843 creationis,
2878 4774 3019 4844 quia
3036 4776 3158 4827 tota
3181 4771 3437 4829 Trinitas
3458 4790 3598 4845 ope-

1950 4870 2078 4920 rata
2110 4870 2200 4919 est
2230 4865 2287 4918 in
2312 4879 2397 4918 ea.
2426 4864 2625 4935 Neque
2648 4879 2716 4918 ex
2736 4862 2828 4916 his
2860 4860 3149 4919 creaturis
3169 4865 3277 4927 est,
3306 4863 3407 4917 sed
3430 4863 3600 4935 spiri-

1952 4955 2087 5010 talis
2127 4970 2196 5009 ex
2226 4953 2446 5025 Spiritu
2481 4957 2704 5011 sancto.
2744 4958 2825 5005 Ac
2860 4968 2964 5022 per
2983 4952 3095 5007 hoc
3126 4952 3231 5013 est,
3268 4951 3522 5021 amplius
3552 4959 3611 5010 et

1952 5043 2290 5114 perfectius,
2322 5043 2464 5112 quia
2487 5046 2698 5100 cuncta
2718 5040 2910 5095 sancti
2932 5038 3190 5113 Spiritus
3208 5040 3477 5107 Operatio
3507 5041 3611 5099 ha-

1952 5133 2098 5189 bitat
2138 5132 2197 5186 in
2238 5148 2325 5199 ea,
2368 5135 2509 5202 quia
2550 5133 2608 5186 in
2650 5130 2778 5201 ipso
2828 5127 3061 5186 habitat
3091 5123 3284 5179 omnis
3315 5127 3617 5197 plenitudo

1952 5220 2301 5277 divinitatis.
2326 5218 2720 5294 Corporaliter
2745 5240 2771 5267 ‹‹
2798 5233 2902 5287 per
2932 5213 3624 5292 prOprium,inquit,san-

1953 5312 2189 5348 anian
2210 5308 2469 5348 inirnivii
2486 5307 2663 5348 eamnl
2680 5307 2735 5348 in
2756 5312 2958 5348 sanata
2993 5303 3625 5348 mmrnarndemnlinnn
