3976 5348
400 438 513 495 779

1422 433 1758 493 ATTONIS
1803 430 2391 493 VERCELLENSIS
2436 431 2783 492 EPISCOPI

3686 432 3795 494 780

396 572 484 621 ter
514 566 786 622 intrando
818 582 932 621 non
980 566 1325 621 invenerunt
1352 583 1364 631 ;
1421 565 1529 619 iste
1580 579 1683 635 per
1731 579 1915 618 unum
1951 563 2039 617 in-
2072 564 2126 629 Α
2156 561 2300 633 lege,
2326 579 2503 617 unam
2526 562 2740 619 Christi
2765 567 3033 627 mortem,
3058 579 3188 634 quas
3221 579 3325 635 pro
3347 563 3521 620 nobis
3549 565 3799 635 gratuita

400 671 669 727 gressum
701 660 975 711 aeternam
1009 654 1472 725 redemptionem
1497 654 1735 707 invenit.

477 765 504 797 α
534 745 746 799 Sancta
778 767 804 793 »
837 745 945 799 hoc
973 743 1033 797 in
1080 743 1224 813 loco,
1277 744 1487 798 coelum
1538 741 1811 813 appellat,
1843 741 1902 795 in
1934 756 2048 812 quo

401 833 680 889 introivit.
698 838 928 888 Intuere
941 833 1235 903 quomodo
1249 832 1776 897 tabernaculum,et
1787 830 2047 885 velamen

401 927 460 976 et
480 922 690 978 ccclum
713 921 858 976 illud
880 921 1251 976 Dominicum
1275 938 1485 992 corpus
1506 924 1688 975 vocat.
1714 922 1901 985 Quare
1914 935 2048 991 ergo

402 1011 511 1066 hoc
522 1010 1047 1065 facit?Secundum
1064 1010 1261 1075 aliam,
1278 1009 1520 1064 etaliam
1538 1008 2047 1079 signiﬁcationem.

404 1098 477 1155 Ut
498 1104 640 1171 puta
659 1098 860 1165 veluti,
888 1099 1041 1169 quod
1070 1098 1197 1152 dico
1219 1098 1501 1167 velamen,
1526 1096 1734 1151 ccelum
1758 1101 1865 1151 est.
1891 1096 2053 1151 Sicut

404 1188 559 1243 enim
595 1205 761 1243 muro
789 1189 1043 1258 quodam
1079 1186 1359 1241 discernit
1404 1191 1606 1240 sancta
1636 1202 1737 1256 per
1764 1184 2049 1249 velamen,

404 1277 487 1332 sic
518 1282 574 1332 et
604 1294 734 1332 caro
766 1277 1130 1331 abscondens
1160 1275 1548 1329 divinitatem.
1584 1272 2050 1328 Tabernaculum

405 1367 639 1437 quippe,
674 1371 730 1420 et
757 1364 1020 1420 velamen
1053 1369 1109 1418 et
1137 1363 1369 1433 coelum,
1404 1363 1690 1434 quidquid
1725 1362 1885 1417 intus
1918 1361 2051 1416 reti-

404 1459 564 1519 nent,
598 1454 739 1508 foris
771 1470 883 1507 non
917 1457 1175 1524 apparet,
1212 1452 1292 1506 ita
1321 1468 1451 1506 caro
1484 1451 1871 1519 abscondens,
1901 1450 2054 1505 sicut

404 1542 679 1609 diximus,
712 1542 1099 1597 divinitatem.

477 1654 504 1681 ‹‹
529 1630 586 1687 Si
610 1631 765 1685 enim
791 1630 1033 1702 sanguis
1057 1630 1373 1695 hircorum,
1398 1634 1454 1683 et
1477 1633 1801 1694 taurorum,
1830 1632 1886 1683 et
1908 1627 2055 1682 cinis

404 1719 599 1775 vitulae
632 1736 907 1791 aspersus
939 1719 1275 1790 inquinatos
1318 1718 1645 1773 sanctiﬁcat
1666 1718 1736 1773 ad
1769 1717 2055 1772 emunda-

408 1810 626 1864 tionem
646 1808 860 1883 carnis,
877 1812 1094 1878 quanto
1114 1806 1301 1877 magis
1322 1806 1563 1878 sanguis
1581 1806 1815 1871 Christi,
1837 1805 1935 1877 qui
1958 1822 2059 1875 per

2157 652 2370 723 pietate
2401 658 2634 723 peracta
2664 658 2772 720 est,
2825 652 3258 725 signiﬁcabant,
3311 658 3375 707 ut
3429 652 3595 708 illius
3628 657 3802 709 morte

2156 740 2549 797 intercedente
2572 741 2947 797 abluerentur
2966 742 3154 813 culpae
3187 742 3687 798 conscientiarum
3712 759 3801 797 no-

2158 835 2435 899 strarum,
2460 848 2585 902 quae
2610 848 2711 901 per
2725 831 3070 902 sanguinem
3090 831 3583 887 irrationabilium
3607 848 3805 887 emun-

2158 920 2283 975 dari
2317 936 2430 974 non
2493 924 2781 991 poterant.
2838 920 3055 975 Idcirco
3115 920 3399 976 Dominus
3457 926 3515 976 et
3545 919 3808 976 Salvator

2160 1012 2361 1063 noster
2390 1009 2521 1064 novi
2547 1009 2880 1065 testamenti
2914 1009 3203 1064 mediator
3252 1010 3443 1065 factus
3473 1014 3585 1075 est,
3624 1014 3691 1063 ut
3719 1025 3810 1081 per

2160 1097 2480 1152 indebitam
2515 1116 2683 1153 suam
2721 1102 2968 1153 mortem
3019 1100 3239 1153 umbras
3290 1099 3508 1170 pariter
3559 1098 3732 1169 legis,
3761 1105 3809 1154 et

2162 1185 2345 1256 culpae
2404 1186 2711 1241 hominum
2774 1186 3104 1241 ﬁnirentur.
3169 1189 3292 1242 «In
3348 1188 3809 1259 redemptionem

2162 1276 2498 1330 earumdem
2528 1276 3090 1348 praevaricationum,
3128 1293 3254 1347 quae
3286 1283 3453 1332 erant
3487 1276 3606 1332 sub
3640 1278 3808 1348 priori

2162 1368 2536 1432 testamento,
2573 1386 2601 1413 »
2634 1365 2690 1418 id
2720 1369 2830 1432 est,
2860 1381 2962 1435 per
2992 1366 3241 1436 gratiam
3273 1365 3492 1421 Christi
3524 1365 3809 1436 accipiant

2164 1452 2570 1507 remissionem
2604 1456 2996 1523 peccatorum,
3030 1469 3203 1524 quam
3246 1454 3459 1510 habere
3491 1453 3611 1508 sub
3641 1452 3806 1525 priori

2165 1543 2814 1611 testamento,jubente.
2838 1546 2893 1596 et
2914 1558 3029 1597 non
3054 1544 3365 1613 adjuvante
3381 1543 3681 1614 percipere
3702 1559 3807 1597 non

2164 1633 2501 1701 potuerunt,
2560 1634 2617 1685 et
2669 1631 3187 1702 repromissionem
3238 1632 3533 1703 accipiant
3592 1636 3808 1686 aeterna:

2165 1718 2346 1789 (1419)
2382 1718 2755 1785 haereditatis,
2802 1719 2860 1773 id
2920 1724 3027 1788 est,
3088 1719 3409 1792 percipiant
3466 1720 3530 1774 in
3565 1718 3811 1776 Ecclesia

2167 1823 2267 1878 per
2296 1807 2594 1864 Christum
2627 1809 2782 1880 quod
2831 1807 2923 1864 lex
2970 1809 3245 1874 ostendit,
3294 1810 3393 1865 sed
3427 1809 3812 1865 sectatoribus

407 1898 976 1970 Spiritumsanctum
991 1895 1373 1966 semetipsum
1388 1893 2056 1949 obtulitimmaculatum
2090 1939 2135 2003 Β
2168 1895 2293 1952 suis
2326 1897 2464 1952 dare
2496 1914 2610 1953 non
2641 1898 2849 1969 potuit.

408 1986 546 2056 Deo,
580 1985 921 2040 emundabit
952 1984 1367 2039 conscientiam
1401 1987 1659 2038 nostram
1685 1984 1757 2037 ab
1780 1982 2052 2054 operibus

409 2075 678 2141 mortuis,
704 2074 775 2130 ad
800 2074 1169 2129 serviendum
1193 2073 1306 2128 Deo
1332 2072 1543 2127 viventi
1568 2072 1594 2125 ?
1615 2094 1641 2120 ››
1668 2072 1726 2127 Si
1751 2073 1905 2126 enim
1930 2089 2053 2126 car-

409 2182 562 2231 nem,
617 2164 828 2235 inquit,
878 2167 1065 2234 potest
1115 2163 1399 2216 mundare
1444 2160 1685 2233 sanguis
1727 2166 2050 2229 taurorum,

409 2254 594 2309 multo
618 2252 870 2324 amplius
893 2252 1100 2307 anima:
1124 2252 1353 2306 sordem
1371 2250 1542 2304 diluit
1559 2248 1799 2321 sanguis
1816 2249 2050 2304 Christi.

409 2342 513 2397 Hic
546 2341 800 2398 ostendit
833 2341 1137 2410 utriusque
1187 2339 1589 2393 mundationis
1642 2337 2050 2406 differentiam,

413 2431 704 2503 quomodo
727 2434 919 2484 autem
944 2429 1058 2483 ista
1077 2427 1302 2483 exclesa
1329 2428 1426 2492 sit,
1449 2426 1548 2481 illa
1570 2432 1763 2481 autem
1786 2426 2049 2481 humilis.

411 2520 616 2574 Merito
648 2518 961 2589 siquidem,
995 2516 1135 2587 quia
1164 2516 1264 2571 illa
1296 2515 1617 2584 mundatio,
1653 2515 1893 2586 sanguis
1924 2520 2052 2570 tau-

413 2624 611 2663 rorum
638 2625 649 2675 ;
676 2607 788 2661 ista
810 2610 1006 2660 autem
1029 2604 1263 2659 Christi.
1290 2604 1357 2657 Et
1378 2621 1490 2658 non
1508 2603 1558 2658 ei
1582 2603 1797 2657 sufﬁcit
1817 2604 2052 2659 nomine

410 2700 640 2751 tantum
663 2694 769 2749 hoc
793 2694 1025 2766 signare
1043 2709 1054 2746 :
1072 2693 1234 2764 ponit
1250 2692 1422 2746 etiam
1441 2692 1611 2746 modo
1630 2691 2047 2747 differentiam:

410 2806 438 2834 ‹‹
481 2784 577 2855 qui
610 2800 711 2855 per
741 2782 1043 2854 Spiritum,
1080 2804 1107 2829 ››
1158 2780 1367 2851 inquit,
1407 2800 1428 2827 α
1462 2785 1753 2845 sanctum,
1788 2782 2049 2851 seipsum

408 2874 619 2929 obtulit
651 2872 1093 2927 immaculatum
1126 2871 1278 2937 Deo;
1315 2892 1340 2918 n
1378 2869 1484 2924 hoc
1533 2875 1642 2935 est,
1673 2870 2048 2935 sacriﬁcium,

405 2960 850 3016 immaculatum
884 2964 1028 3029 erat,
1062 2959 1353 3013 mundum
1386 2974 1417 3012 a
1448 2958 1729 3028 peccatis;
1765 2958 1872 3013 hoc
1892 2958 2048 3013 enim

405 3067 508 3121 per
539 3049 820 3121 Spiritum
852 3052 1142 3115 sanctum,
1177 3063 1290 3101 non
1341 3063 1443 3118 per
1481 3047 1696 3118 ignem,
1730 3064 1918 3119 neque
1949 3065 2052 3119 per

405 3138 570 3194 vituli
602 3137 966 3209 sanguinem.
1007 3160 1027 3185 α
1063 3137 1132 3190 Et
1162 3135 1490 3202 mundabit,
1524 3158 1552 3185 ››
1601 3135 1817 3206 inquit,
1854 3160 1873 3184 ιι
1911 3153 2047 3191 con-

404 3228 711 3284 scientiam
732 3231 992 3282 nostram
1015 3226 1088 3281 ab
1101 3224 1374 3296 operibus
1388 3225 1656 3280 mortuis.
1674 3246 1700 3275 »
1717 3226 1866 3280 Bene
1880 3225 2047 3294 dixit,

2239 2008 2266 2037 ‹‹
2305 1986 2409 2041 Ubi
2452 1988 2605 2042 enim
2656 1991 3076 2043 testamentum
3131 1992 3237 2055 est,
3274 2005 3432 2044 mors
3462 2004 3714 2044 necesse
3740 1994 3817 2044 est

2167 2076 2485 2131 intercedat
2504 2077 2819 2132 testatoris.
2844 2078 3284 2133 Testamentum
3305 2078 3463 2133 enim
3486 2078 3551 2132 in
3573 2080 3817 2133 mortuis

2165 2164 2575 2219 conﬁrmatum
2607 2168 2716 2229 est,
2748 2164 2967 2236 alioqui
3002 2166 3265 2221 nondum
3295 2165 3466 2234 valet,
3497 2168 3653 2222 dum
3689 2166 3816 2220 vivit

2164 2253 2265 2322 qui
2295 2257 2561 2308 testatur.
2598 2276 2626 2302 »
2680 2254 2967 2310 Fortassis
3012 2254 3170 2310 enim
3212 2260 3452 2326 possent
3484 2256 3689 2325 multi,
3723 2256 3813 2327 qui

2163 2339 2458 2396 inﬁrmius
2489 2341 2910 2409 afﬁciebantur,
2966 2359 3035 2397 ex
3087 2360 3177 2411 eo,
3235 2345 3386 2414 quod
3420 2349 3705 2400 mortuus
3736 2350 3813 2399 est

2163 2428 2450 2498 Christus,
2476 2432 2726 2486 maxime
2751 2448 2862 2486 non
2888 2432 3120 2487 credere
3141 2432 3649 2504 promissionibus
3669 2435 3807 2504 ejus.

2162 2517 2279 2572 Hoc
2315 2518 2631 2589 Apostolus
2653 2521 2907 2590 exponit,
2931 2520 3195 2592 exempla
3231 2537 3298 2576 ex
3324 2523 3632 2578 communi
3658 2540 3809 2578 assu-

2163 2623 2329 2662 mens
2350 2609 2791 2663 consuetudine.
2817 2610 2995 2675 Quale
3017 2614 3212 2665 autem
3236 2610 3345 2666 hoc
3366 2611 3490 2666 est?
3506 2613 3808 2684 Propterea

2163 2694 2342 2767 igitur
2364 2701 2606 2765 Oportet,
2625 2696 2838 2768 inquit,
2859 2699 3167 2765 conﬁdere,
3190 2699 3328 2769 quia
3348 2716 3463 2754 non
3482 2701 3807 2756 viventibus

2159 2784 2557 2854 testatoribus,
2593 2787 2692 2840 sed
2728 2787 2995 2852 mortuis,
3028 2790 3169 2842 tunc
3200 2789 3431 2843 ﬁrmata
3461 2794 3605 2845 sunt
3637 2794 3808 2844 testa-

2162 2878 2359 2928 menta
2376 2878 2432 2928 et
2454 2873 2851 2929 fortitudinem
2876 2876 3190 2947 accipiunt.
3208 2878 3805 2935 Testamentumtuuc

2160 2963 2397 3017 ﬁrmum
2424 2962 2534 3017 erit
2554 2968 2863 3035 postquam
2888 2964 3063 3020 homo
3102 2966 3172 3020 de
3202 2965 3310 3020 hoc
3337 2967 3554 3021 saeculo
3604 2969 3810 3040 migra-

2157 3052 2340 3119 verit;
2374 3052 2570 3107 vivens
2600 3068 2754 3123 vero,
2809 3053 3037 3123 quoties
3088 3053 3356 3123 voluerit,
3419 3058 3699 3113 mutabit.
3732 3060 3810 3114 Ita

2160 3156 2318 3195 mors
2340 3140 2554 3195 Christi
2579 3157 2791 3196 novum
2813 3146 3229 3198 testamentum
3258 3145 3652 3202 conﬁrmavit.
3684 3152 3807 3201 Pro-

2158 3232 2355 3299 pterea
2386 3246 2488 3300 pro
2520 3230 2687 3284 nobis
2710 3230 2768 3284 in
2792 3229 3018 3285 Christo
3038 3248 3250 3287 novum
3274 3238 3699 3290 testamentum
3723 3237 3807 3290 ﬁr-

406 3319 478 3373 ab
516 3317 790 3389 operibus
838 3315 1105 3371 mortuis.
1158 3314 1281 3383 Hic,
1335 3314 1383 3368 si
1434 3314 1568 3385 quis
1618 3314 1872 3385 tetigerit
1901 3331 2046 3385 opus
2079 3309 2121 3377 C
2162 3322 2385 3372 matum
2418 3335 2545 3374 esse
2577 3318 2801 3387 asserit,
2836 3320 3006 3390 cujus
3050 3320 3377 3377 similitudo
3426 3328 3599 3379 vetus
3630 3328 3805 3380 testa-

404 3411 728 3473 mortuum,
751 3404 1187 3461 contaminatur
1212 3421 1223 3467 ;
1248 3403 1352 3470 ibi,
1377 3404 1425 3458 si
1450 3403 1583 3473 quis
1607 3403 1882 3474 tangebat
1898 3419 2046 3458 mor-

402 3503 595 3564 tuum,
617 3494 1003 3566 polluebatur,
1035 3515 1055 3543 «
1078 3494 1163 3547 Ad
1189 3492 1575 3557 serviendum,
1603 3514 1630 3540 ››
1651 3490 1861 3561 inquit,
1892 3492 2043 3548 «Deo

403 3583 696 3641 viventi.»
746 3583 1040 3639 Viventem
1094 3580 1309 3652 quippe
1356 3580 1513 3649 dicit,
1571 3583 1804 3651 propter
1834 3580 2044 3635 distin-

404 3674 655 3730 ctionem
686 3674 928 3726 deorum
973 3677 1360 3724 mortuorum.
1398 3668 1502 3722 Hic
1523 3668 1876 3735 manifestat,
1910 3669 2047 3739 quia

403 3779 579 3835 opera
599 3766 829 3816 mortua
854 3760 1133 3814 habentes
1154 3775 1268 3813 non
1294 3764 1539 3829 possunt
1561 3757 1776 3811 servire
1794 3761 1905 3813 Deo
1919 3759 2046 3813 vivo

405 3858 464 3908 et
486 3868 638 3907 vero.
665 3850 873 3905 Nullus
898 3848 1070 3917 igitur
1090 3864 1263 3919 opera
1284 3852 1517 3901 mortua
1555 3846 1797 3913 habens,
1821 3847 2047 3918 ingredi

405 3946 596 4014 potest
612 3941 683 3995 ad
700 3941 946 3995 Patrem.
968 3939 1025 3993 Si
1045 3937 1200 3992 enim
1221 3952 1375 4003 eum,
1395 3936 1495 4007 qui
1515 3953 1725 4007 corpus
1744 3941 2045 3991 mortuum

403 4032 699 4102 tangebat,
725 4046 840 4084 non
864 4027 1166 4100 oportebat
1184 4025 1402 4080 intrare
1422 4024 1803 4096 intemplum,
1827 4031 2045 4096 quanto

401 4120 590 4190 magis
608 4135 762 4182 eum,
780 4118 877 4187 qui
900 4134 1071 4189 opera
1094 4120 1317 4170 mortua
1340 4114 1551 4169 habet?
1569 4114 1813 4169 Pollutio
1832 4114 2045 4185 quippe

400 4214 488 4265 est
517 4209 793 4279 pessima.
827 4208 1057 4262 Mortua
1086 4204 1301 4276 quippe
1331 4220 1503 4274 opera
1547 4208 1685 4257 sunt
1716 4220 1843 4273 quas
1865 4203 2042 4257 vitam

399 4314 512 4352 non
538 4297 906 4366 habent,quaa
922 4294 1061 4349 foris
1074 4310 1187 4348 non
1203 4295 1480 4363 operantu
1492 4292 1702 4344 r.Sicut
1716 4291 1871 4344 enim
1894 4308 2042 4345 mor-

396 4390 567 4441 tuum
590 4402 799 4455 corpus
830 4384 902 4437 ad
934 4383 1163 4437 nullum
1195 4397 1435 4436 sensum
1456 4378 1718 4440 estutile,
1752 4395 1951 4433 verum
1985 4396 2042 4434 e-

394 4474 537 4528 tiam
552 4468 2044 4542 contristatappropinquantes;sicetpeccatumcon-

395 4562 590 4618 festim
605 4561 884 4616 rationale
898 4566 1161 4615 nostrum
1180 4558 1509 4629 percutit,et
1524 4574 1635 4611 non
1649 4557 1935 4628 permittit
1949 4574 2041 4613 ne-

2157 3411 2422 3461 mentum
2453 3411 2596 3472 erat,
2630 3406 2690 3460 in
2721 3424 2835 3478 quo
2866 3424 3025 3463 mors
3070 3410 3365 3466 testatoris
3405 3427 3511 3482 per
3538 3412 3805 3468 victimas

2158 3495 2659 3567 przeﬁgurabatur.
2694 3495 2752 3550 Si
2784 3511 2920 3568 ergo
2952 3502 3247 3568 quaeratur
3292 3500 3588 3569 quomodo
3620 3503 3808 3558 simus

2158 3585 2480 3639 secundum
2492 3585 2667 3639 verba
2678 3584 2726 3654 ej
2737 3585 2938 3639 usdem
2953 3586 3212 3655 Apostoli
3225 3587 3557 3644 cohaeredes
3570 3588 3809 3659 Christi,

2158 3676 2215 3726 et
2238 3672 2339 3726 ﬁlii
2364 3678 2539 3744 atque
2562 3672 2820 3728 baeredes
2843 3673 2941 3728 Dei
2967 3675 3142 3743 (Rom.
3168 3692 3287 3745 vm,
3322 3678 3432 3743 17),
3460 3694 3599 3733 cum
3638 3680 3815 3734 etiam

2159 3760 2466 3816 haereditas
2489 3766 2672 3817 morte
2693 3762 3015 3818 decessoris
3039 3763 3208 3818 ﬁrma
3230 3769 3519 3833 teneatur,
3571 3784 3681 3823 nec
3700 3768 3817 3823 ullo

2158 3849 2271 3905 alio
2287 3850 2457 3905 modo
2474 3850 2778 3906 haereditas
2794 3852 2977 3923 possit
2992 3852 3258 3925 intelligi,
3279 3856 3680 3926 respondetur
3693 3859 3818 3929 ipso

2158 3939 2395 4007 quidem
2421 3943 2650 3993 mortuo
2688 3941 2868 3995 factos
2905 3958 3009 3996 nos
3043 3958 3173 3997 esse
3212 3943 3493 4007 hzeredes,
3525 3947 3817 4017 quoniam

2158 4026 2260 4080 ﬁlii
2279 4028 2404 4098 ejus
2430 4028 2621 4098 etjam
2646 4027 2781 4082 dicti
2797 4045 3033 4085 sumus:
3057 4032 3522 4102 «nonjejunant,
3548 4056 3577 4082 »
3596 4035 3820 4108 inquit,

2158 4139 2185 4165 ‹‹
2207 4116 2310 4169 ﬁlii
2330 4116 2551 4187 sponsi,
2569 4118 2826 4186 quandiu
2845 4118 3108 4173 cumillis
3123 4125 3211 4175 est
3242 4137 3500 4192 sponsus
3538 4124 3737 4189 (Marc.
3756 4142 3820 4191 ιι,

2158 4204 2266 4273 19).
2293 4225 2320 4253 ››
2340 4205 2604 4259 Haeredes
2622 4221 2758 4277 ergo
2771 4208 2897 4276 ejus
2911 4206 3182 4275 dicimur,
3209 4210 3349 4281 quia
3374 4210 3619 4282 reliquit
3643 4215 3817 4269 nobis

2156 4292 2315 4363 pacis
2338 4292 2741 4347 ecclesiasticae
2764 4296 3216 4367 possessionem,
3243 4315 3345 4369 per
3367 4299 3544 4353 ﬁdem
3575 4301 3819 4373 dispen-

2155 4381 2398 4435 sationis
2430 4382 2781 4451 temporalis,
2816 4400 2992 4454 quam
3024 4385 3082 4439 in
3114 4385 3223 4441 hac
3253 4386 3371 4442 vita
3403 4388 3813 4458 possidemus,

2155 4470 2445 4539 quomodo
2478 4474 2724 4525 teslatus
2773 4476 2860 4526 est
2903 4472 3139 4529 dicens:
3190 4470 3217 4523 (ἒ
3254 4474 3455 4531 Pacem
3509 4477 3588 4531 do
3618 4479 3811 4545 vobis,

2153 4574 2351 4629 pacem
2387 4574 2577 4613 meam
2624 4558 2885 4630 relinquo
2916 4561 3078 4616 vobis
3125 4562 3303 4632 (Joan.
3356 4580 3472 4631 xrv,
3523 4567 3644 4638 27).
3681 4590 3712 4617 ››
3749 4568 3813 4621 ιιι

395 4646 1625 4723 queintelligentiamipsamquiescere,sed
1647 4648 2038 4717 perturbat,et
2069 4682 2115 4745 Β
2151 4648 2467 4701 offensione
2499 4647 2714 4719 quippe
2754 4664 3021 4717 eramus;
3080 4651 3231 4705 mori
3290 4668 3397 4707 nos
3454 4656 3809 4725 oportebat;

394 4744 734 4806 commovet,
755 4744 811 4793 et
828 4738 1102 4793 continuo
1119 4737 1178 4791 in
1215 4736 1473 4791 animam
1500 4735 1705 4789 insilit.
1727 4735 1851 4789 Non
1875 4735 2034 4789 vides

391 4847 509 4897 eos,
527 4830 625 4901 qui
643 4829 843 4883 morbo
857 4828 1212 4890 afficiuntur,
1228 4826 1520 4896 quomodo
1535 4829 1762 4879 tumore
1777 4824 2032 4894 quodam

390 4923 766 4988 occupantur,
802 4917 1092 4986 quomodo
1123 4919 1352 4969 vertunt
1402 4930 1463 4967 se
1507 4918 1682 4982 atque
1714 4918 2028 4978 revertunt,

388 5007 680 5078 quomodo
696 5006 997 5061 foetoribus
1011 5022 1076 5059 su
1088 5002 1361 5074 ntrepleti
1378 5002 1666 5072 quomodo
1682 5006 1879 5070 turpes
1896 5006 2033 5055 sunt

387 5110 583 5134 annum
618 5094 790 5134 an'on
846 5095 1136 5134 nnnmnrin
1169 5108 1267 5134 nnr
1300 5096 1483 5134 intum
1522 5088 1806 5134 immundi
1845 5090 2030 5134 sunt?

2148 4740 2414 4791 mortuus
2428 4740 2516 4791 est
2532 4753 2632 4807 pro
2649 4736 2837 4805 nobis,
2851 4741 2906 4792 et
2920 4739 3051 4794 fecit
3066 4755 3172 4795 nos
3190 4740 3398 4812 dignos
3411 4746 3807 4809 testamento;

2146 4825 2245 4879 sed
2270 4824 2652 4896 quiaindigni
2678 4825 2809 4880 facti
2844 4843 3071 4893 sumus,
3118 4844 3231 4883 non
3273 4830 3400 4900 jam
3442 4834 3809 4887 testamento

2144 4929 2290 4983 opus
2313 4918 2454 4977 erat,
2483 4914 2582 4967 sed
2616 4930 2806 4984 pmna.
2852 4915 2999 4977 Quid
3024 4916 3201 4985 igitur
3242 4918 3518 4989 gloriaris
3540 4919 3603 4975 in
3630 4920 3763 4993 lege
3783 4920 3810 4975 ?

2143 5002 2315 5071 (Rom.
2341 5019 2404 5066 ιι,
2426 5002 2539 5071 23.)
2569 5001 2630 5055 In
2653 5006 2880 5056 tantum
2909 5009 3213 5074 peccatum
3253 5008 3472 5079 quippe
3510 5026 3624 5065 nos
3654 5028 3803 5067 con—

2142 5089 2327 5134 ιῖιίἱιιιὶτΔ
2376 5095 2439 5134 nt.
2461 5089 2667 5134 salvari
2694 5107 2805 5134 nnn
2830 5108 3136 5134 nnqanmnq
3159 5094 3414 5134 ulinnnin
3467 5098 3582 5134 τιἰοί
3610 5098 3805 5134 nnmL
