3976 5348
207 433 332 496 ’185

752 434 1165 496 EXPOSITIO
1212 435 1288 495 IN
1334 434 1764 496 EPISTOLAS
1812 435 2068 496 PAULI.
2104 469 2178 479 —
2228 439 2300 497 IN
2348 439 2595 500 EPIST.
2640 441 2742 499 AD
2788 438 3019 500 HEBR.

3500 416 3620 498 sse

208 569 398 634 Quare
429 565 844 633 multorum,et
866 583 979 622 non
1011 566 1277 621 omnium
1302 567 1330 621 ?
1352 566 1497 633 Quia
1523 583 1637 621 non
1661 583 1863 623 omnes
1893 567 1948 633 Α
1977 568 2187 637 offerri,
2221 575 2453 641 propter
2477 571 2898 639 inﬁrmitatem,
2930 575 2987 625 et
3016 576 3079 625 ut
3109 569 3389 625 memoria
3421 585 3619 641 pecca-

205 656 603 711 credideruut.
640 655 763 711 Non
794 660 989 710 autem
1022 655 1286 709 omnium
1315 660 1550 727 peccata
1594 656 1857 724 abstulit,

205 750 444 819 propter
474 747 628 816 quod
660 744 895 799 credere
922 744 1251 799 noluerunt.

276 856 305 883 ‹‹
336 833 600 889 Secundo
631 833 757 889 sine
791 838 1021 904 peccato
1048 834 1352 905 apparebit
1381 834 1856 905 exspectantibus

199 939 261 978 se
276 923 337 977 in
351 922 669 978 salutem.»
684 922 1253 987 Quia,sicutnecesse
1266 927 1354 977 est
1373 938 1855 995 unumquemque

200 1018 472 1067 nostrum
499 1016 632 1083 post
661 1017 906 1066 mortem
939 1012 1195 1083 recipere
1218 1013 1387 1082 juxta
1418 1029 1594 1084 opera
1626 1030 1753 1078 sua,
1775 1012 1855 1067 ita

190 1102 429 1173 justum
450 1105 565 1168 est,
590 1101 952 1167 utChristus,
982 1101 1207 1156 devicta
1235 1105 1420 1156 morte
1441 1107 1496 1156 et
1524 1103 1731 1174 adepto
1764 1118 1853 1157 re-

197 1206 338 1262 gno,
356 1191 613 1246 secundo
637 1191 1397 1262 appareatexspectantibus
1410 1191 1557 1258 se,in
1577 1190 1851 1258 salutem,

196 1280 429 1349 etjuste
449 1279 701 1334 vindicet
722 1296 881 1343 suos,
908 1279 1007 1350 qui
1028 1279 1246 1349 injuste
1264 1296 1475 1351 passus
1498 1285 1585 1334 est
1615 1281 1685 1335 ab
1710 1279 1849 1335 alie-

194 1369 311 1423 nis.
348 1367 554 1424 Melior
576 1373 665 1423 est
696 1367 816 1423 haec
846 1367 1128 1439 apparitio
1158 1370 1631 1439 exspectantibus
1672 1386 1754 1436 se,
1790 1368 1848 1423 in

194 1456 480 1525 salutem,
523 1473 700 1528 quam
743 1457 1074 1512 communis
1104 1458 1273 1523 visio,
1305 1458 1375 1511 de
1428 1475 1544 1529 qua
1595 1458 1845 1513 dicitur:

193 1570 221 1597 ι(
242 1546 488 1601 Videbit
508 1562 641 1601 eum
665 1546 858 1600 omnis
879 1544 1107 1616 oculus,
1125 1551 1181 1600 et
1202 1546 1301 1617 qui
1321 1562 1456 1601 eum
1474 1551 1851 1618 pupugerunt

188 1636 380 1707 (Apoc.
412 1653 452 1706 ι,
478 1636 555 1706 7).
592 1656 619 1684 ιο
651 1635 814 1700 Quod
844 1651 977 1691 vero
1022 1635 1121 1705 ait,
1156 1637 1411 1691 secundo
1444 1636 1571 1692 sine
1611 1640 1846 1707 peccato

190 1723 823 1796 apparebit,quomodo
846 1724 1102 1779 secundo
1124 1724 1249 1779 sine
1264 1724 1849 1795 peccato?Nunquid-

189 1828 336 1867 nam
366 1811 426 1867 in
459 1812 648 1884 primo
676 1813 833 1867 venit
863 1829 997 1867 cum
1031 1817 1284 1883 peccato,
1318 1814 1389 1867 de
1420 1830 1534 1885 quo
1562 1814 1843 1883 scriptum

188 1905 279 1957 est
311 1917 326 1956 :
357 1901 464 1967 Qui
489 1907 793 1973 peccatum
810 1918 923 1956 non
949 1900 1214 1972 fecit,nec
1238 1901 1516 1958 inventus
1562 1908 1650 1958 est
1679 1902 1846 1958 dolus
1880 1938 1927 2003 Β

190 1990 249 2043 in
269 2006 377 2045 ore
398 1992 525 2060 ejus
545 1991 766 2062 ?(Psal.
787 2007 941 2057 χχχι,
970 1992 1047 2061 2).
1073 1992 1139 2045 Et
1168 1991 1293 2062 ipse
1322 1991 1393 2047 de
1434 2009 1495 2047 se
1524 1992 1703 2047 dicit:
1739 1992 1845 2048 Ve-

192 2078 278 2134 nit
304 2079 463 2134 enim
489 2078 759 2150 princeps
782 2080 960 2149 hujus
981 2080 1206 2147 mundi,
1231 2084 1287 2135 et
1308 2080 1365 2135 in
1396 2097 1487 2135 me
1518 2080 1660 2135 nihil
1697 2082 1849 2137 inve-

191 2168 317 2223 niet
367 2169 545 2239 (Joan.
580 2186 696 2233 xrv,
726 2168 836 2239 30).
862 2169 979 2224 Hoc
1000 2174 1088 2224 est
1108 2185 1267 2241 ergo,
1290 2171 1547 2225 secundo
1569 2187 1847 2242 apparere

190 2257 600 2329 siuepeccato,
622 2259 746 2327 jam
789 2275 903 2313 non
936 2258 1115 2313 videri
1149 2258 1207 2312 in
1240 2259 1627 2315 similitudine
1654 2259 1846 2316 carnis

194 2346 440 2417 peccati,
473 2348 574 2402 sed
610 2364 715 2402 nec
746 2346 994 2402 aliorum
1018 2352 1254 2419 peccata
1274 2352 1603 2419 portantem
1628 2349 1686 2403 in
1720 2366 1845 2405 cor-

198 2452 335 2507 pore
356 2453 463 2491 suo
487 2436 932 2508 superlignuni,
950 2436 1104 2491 sicut
1126 2437 1183 2491 in
1209 2438 1399 2510 primo
1422 2439 1669 2492 adventu
1688 2438 1842 2506 fecit,

196 2537 305 2580 nec
324 2525 672 2581 intervenire
695 2527 817 2596 jam
848 2524 1101 2597 amplius
1126 2543 1228 2597 pro
1246 2526 1521 2599 peccatis,
1543 2527 1643 2581 sed
1661 2527 1847 2582 vindi-

196 2619 352 2669 ctam
385 2630 649 2671 exercere
678 2614 737 2669 in
771 2619 1096 2686 peccantes.

269 2703 431 2772 (CAP.
464 2703 555 2775 X.)
589 2727 616 2753 ‹‹
653 2704 929 2759 Umbram
961 2704 1117 2759 enim
1150 2704 1372 2760 habens
1430 2705 1518 2761 lex
1556 2706 1845 2760 bonorum

197 2792 533 2848 futurorum
568 2809 679 2847 non
695 2792 886 2863 ipsam
907 2792 1223 2864 imaginem
1238 2810 1565 2864 rerum,per
1586 2793 1848 2865 singulos

196 2892 387 2936 annos
409 2881 629 2935 eisdem
655 2880 802 2952 ipsis
819 2880 1052 2950 hostiis,
1077 2898 1223 2952 quas
1240 2882 1492 2936 offerunt
1515 2882 1847 2937 indesinen-

197 2974 309 3034 ter,
342 2984 648 3038 nunquam
698 2972 889 3038 potest
932 2970 1271 3024 accedentes
1320 2968 1601 3038 perfectos
1643 2971 1851 3037 facere,

196 3056 462 3128 alioquin
488 3061 816 3111 cessassent
837 3057 1026 3112 offerri
1055 3075 1067 3124 ;
1092 3056 1221 3112 ideo
1242 3059 1395 3130 quod
1419 3058 1640 3113 nullam
1674 3060 1850 3115 hahe-

196 3148 332 3198 rent
350 3144 498 3200 ultra
518 3145 933 3200 conscientiam
958 3146 1456 3218 peccati,cultores
1478 3147 1659 3203 semel
1683 3166 1852 3203 mun-

194 3232 346 3299 dati,
362 3234 463 3288 sed
492 3234 551 3288 in
574 3234 720 3305 ipsis
733 3236 1212 3290 commemoratio
1227 3241 1593 3307 peccatorum
1617 3254 1719 3309 per
1731 3238 1849 3292 sin-

1971 662 2167 713 torum
2200 659 2381 714 ﬁeret.
2413 660 2561 724 Quid
2613 676 2747 732 ergo
2797 660 2943 715 nos?
2979 660 3179 715 Nonne
3223 676 3324 731 per
3353 657 3619 729 singulos

1967 746 2092 802 dies
2109 748 2409 803 offerimus
2433 749 2461 803 ‘I
2482 749 2790 805 Offerimus
2813 749 3069 821 quidem,
3104 748 3204 803 sed
3240 749 3309 801 ad
3345 748 3617 802 recorda-

1968 837 2185 892 tionem
2219 837 2495 893 facientes
2515 839 2719 893 mortis
2751 840 2963 908 ejus,et
2995 855 3109 893 una
3138 842 3226 893 est
3256 837 3377 892 haec
3400 836 3610 907 hostia,

1966 942 2080 979 uon
2116 925 2332 982 multae.
2366 926 2665 989 Quomodo
2698 944 2815 981 una
2844 932 2951 996 est,
3002 930 3059 981 et
3094 942 3209 981 non
3262 924 3457 980 multa:
3483 926 3510 978 ‘?
3547 926 3615 980 Et

1965 1016 2107 1089 quia
2128 1016 2308 1071 semel
2331 1016 2526 1071 oblata
2546 1020 2634 1071 est
2657 1034 2670 1081 ;
2694 1015 2794 1069 illa
2824 1015 3018 1070 oblata
3047 1020 3135 1070 est
3164 1016 3223 1069 in
3256 1018 3455 1069 sancto
3478 1031 3612 1069 san-

1963 1110 2213 1170 ctorum,
2250 1104 2358 1158 hoc
2386 1109 2580 1158 autem
2604 1102 2955 1158 sacriﬁcium
2978 1101 3274 1173 exemplar
3295 1105 3383 1156 est
3412 1100 3570 1155 illius
3597 1125 3611 1167 ;

1962 1196 2033 1249 ad
2066 1194 2261 1265 ipsum
2281 1194 2463 1264 (1426)
2488 1191 3031 1262 semperoﬁ'erimus
3048 1208 3061 1258 ;
3077 1208 3181 1245 nec
3199 1207 3353 1245 nunc
3374 1190 3610 1261 quidem

1961 1283 2121 1339 aliud
2158 1283 2375 1347 minus,
2410 1281 2569 1335 aliud
2598 1280 2791 1344 hodie,
2833 1279 2991 1335 aliud
3052 1296 3202 1349 crae,
3262 1296 3492 1349 semper
3540 1278 3611 1333 ad

1959 1371 2155 1443 ipsum
2184 1372 2406 1443 (1427):
2439 1369 2681 1441 proinde
2712 1385 2894 1423 unum
2927 1372 3016 1423 est
3074 1368 3181 1423 hoc
3237 1366 3612 1422 sacriﬁcium.

1962 1459 2237 1531 Alioquin
2268 1458 2377 1513 hac
2405 1457 2652 1527 ratione,
2719 1456 2995 1527 quoniam
3053 1474 3085 1511 a
3116 1456 3319 1510 multis
3350 1456 3608 1524 offertur,

1959 1548 2127 1603 multi
2144 1547 2355 1603 Christi
2377 1551 2531 1601 sunt.
2560 1546 3071 1617 Nequaquam,sed
3102 1562 3255 1600 unus
3269 1545 3484 1616 ubique
3497 1550 3607 1611 est,

1958 1643 2016 1692 et
2039 1638 2133 1693 hic
2158 1637 2363 1709 plenus
2389 1636 2664 1705 existens,
2687 1641 2743 1690 et
2774 1634 2893 1689 illic
2908 1634 3134 1707 plenus,
3169 1652 3349 1689 unum
3373 1651 3605 1705 corpus.

1956 1727 2116 1781 Sicut
2145 1727 2301 1781 enim
2326 1725 2425 1796 qui
2454 1725 2673 1796 ubique
2695 1724 2954 1792 offertur,
2981 1740 3165 1778 unum
3188 1740 3398 1794 corpus
3420 1728 3529 1789 est,
3552 1729 3608 1779 et

1955 1831 2071 1870 non
2104 1815 2290 1869 multa
2316 1830 2576 1885 corpora,
2610 1813 2690 1867 ita
2717 1814 2892 1868 etiam
2924 1817 2981 1868 et
3010 1830 3192 1867 unum
3233 1812 3603 1867 sacriﬁcium.

1959 1905 2217 1960 Pontifex
2241 1908 2433 1959 autem
2458 1908 2653 1957 uoster
2673 1901 2767 1956 ille
2781 1907 2888 1968 est,
2910 1901 3009 1972 qui
3036 1901 3289 1955 hostiam
3315 1902 3606 1955 mundan-

1958 1999 2073 2049 tem
2100 2010 2207 2048 nos
2225 1992 2454 2048 obtulit.
2481 1996 2673 2062 Ipsam
2698 1991 2999 2046 offerimus
3020 1994 3076 2045 et
3097 2008 3273 2060 nunc,
3308 2008 3435 2060 quae
3468 1995 3606 2044 tunc

1958 2088 2048 2139 est
2076 2082 2291 2137 oblata.
2316 2080 2523 2137 Oblata
2556 2079 2795 2151 quidem
2821 2078 3089 2135 consumi
3116 2096 3231 2133 non
3254 2083 3463 2150 potest.
3489 2079 3606 2133 Hoc

1958 2176 2176 2242 autem,
2202 2172 2356 2243 quod
2381 2186 2487 2225 nos
2512 2169 2783 2233 facimus,
2805 2170 2863 2223 in
2896 2168 3509 2223 commemorationem
3546 2169 3609 2222 ﬁt

1956 2262 2085 2332 ejus
2112 2261 2265 2331 quod
2299 2260 2520 2314 factum
2570 2264 2678 2313 est.
2716 2282 2742 2307 ‹‹
2800 2258 2917 2312 Hoc
2964 2258 3119 2312 enim
3165 2256 3353 2321 facite,
3394 2256 3606 2328 inquit,

1957 2351 2015 2405 in
2052 2366 2242 2405 meam
2278 2346 3069 2417 commemorationem(Luc.
3096 2363 3233 2411 XXII,
3288 2345 3390 2413 19;
3422 2350 3449 2400 1
3484 2345 3600 2401 Cor.

1958 2457 2020 2508 11,
2050 2440 2160 2510 24).
2188 2462 2215 2488 ››
2232 2437 2359 2493 Non
2378 2436 2535 2491 aliud
2562 2434 3097 2497 sacriﬁcium,sicut
3122 2433 3375 2504 pontifex
3396 2435 3602 2502 (1428),

1956 2529 2056 2599 sed
2081 2528 2275 2600 ipsum
2294 2542 2524 2597 semper
2545 2524 2812 2579 facimus.
2836 2522 3015 2594 Magis
3039 2528 3232 2577 autem
3256 2522 3603 2577 recordatio-

1956 2634 2088 2672 nem
2116 2614 2385 2672 sacriﬁcii
2416 2631 2745 2685 operemur.

2031 2727 2058 2756 α
2093 2706 2223 2760 Ideo
2255 2703 2589 2774 ingrediens
2610 2703 2898 2756 mundum
2922 2700 3097 2755 dicit:
3123 2700 3405 2768 Hostiam,
3430 2706 3485 2755 et
3507 2700 3607 2754 ob-

1960 2794 2238 2849 lationem
2263 2790 2525 2858 noluisti,
2552 2806 2764 2860 corpus
2786 2794 2984 2843 autem
3008 2789 3221 2859 aptasti
3247 2788 3417 2841 mihi:
3444 2787 3606 2843 holo-

1958 2886 2345 2949 caustomata,
2378 2885 2435 2934 et
2466 2896 2568 2950 pro
2600 2883 2833 2949 peccato
2861 2894 2973 2931 non
3025 2876 3130 2930 tibi
3183 2876 3401 2946 placuit
3432 2877 3605 2947 (Psal.

1960 2989 2113 3035 xxxx,
2144 2970 2427 3039 7)(1429).
2464 2969 2626 3023 Tunc
2674 2966 2825 3020 dixi:
2884 2966 3027 3021 Ecce
3083 2964 3288 3019 venio:
3323 2966 3380 3018 in
3422 2965 3609 3037 capite

1965 3060 2097 3114 libri
2120 3059 2404 3130 scriptum
2428 3061 2517 3112 est
2536 3057 2606 3111 de
2639 3072 2751 3125 me,
2784 3059 2849 3110 ut
2880 3056 3109 3125 faciam,
3144 3054 3317 3121 Deus,
3341 3054 3608 3110 volunta-

1963 3154 2081 3205 tem
2104 3154 2288 3203 tuam.
2320 3145 2599 3217 Superius
2618 3144 2856 3199 dicens:
2890 3143 3028 3215 quia
3060 3144 3303 3209 hostias,
3354 3148 3411 3198 et
3449 3142 3607 3199 obla-

1966 3237 2177 3305 tiones,
2200 3240 2255 3291 ct
2286 3235 2806 3300 holocaustomata,
2840 3238 2895 3287 et
2921 3250 3023 3304 pro
3080 3238 3314 3303 peccato
3346 3231 3607 3299 noluisti,

191 3296 569 3393 gulosannos
594 3296 675 3377 fit.
703 3323 1073 3395 Impossibile
1094 3296 1850 3397 enimestsanguiuetauro-
1880 3296 1925 3362 δ
1964 3343 2071 3382 nec
2104 3296 2319 3397 placita
2348 3329 2489 3379 sunt
2519 3322 2621 3377 tibi
2654 3296 3333 3393 quaa'secunduinlegem
3356 3296 3607 3376 oﬁ'erun;

194 3426 328 3465 rum
363 3416 421 3466 et
451 3411 748 3466 hircorum
782 3412 995 3467 auferri
1028 3418 1281 3485 peccata.
1319 3436 1347 3461 ››
1379 3415 1685 3487 Exemplar
1722 3420 1849 3471 tan-

193 3502 347 3566 tum,
380 3497 655 3567 ostendit,
689 3515 804 3553 non
833 3499 1130 3565 virtutem,
1164 3499 1314 3555 sicut
1353 3501 1412 3556 in
1470 3502 1848 3574 imaginibus,

196 3584 499 3657 exemplar
522 3585 779 3641 hominis
802 3585 977 3642 habet
998 3586 1336 3659 imago,uon
1358 3593 1533 3644 etiam
1553 3590 1847 3659 virtutem,

200 3672 421 3728 Umbra
441 3674 597 3729 enim
623 3674 750 3740 fuit,
777 3692 891 3730 non
916 3675 1041 3746 ipsa
1063 3676 1297 3732 veritas.
1322 3677 1636 3733 Multifaria
1650 3696 1848 3734 sacra-

202 3768 401 3819 menta
418 3762 631 3818 Christi
662 3768 719 3819 et
749 3763 1011 3819 Ecclesia
1043 3781 1145 3836 per
1174 3767 1468 3837 umbram,
1502 3767 1559 3821 id
1604 3774 1711 3837 est,
1749 3785 1851 3840 per

202 3851 453 3923 ﬁguram
475 3853 837 3920 ostendebat,
861 3854 1045 3907 donec
1066 3854 1287 3909 veniret
1313 3855 1442 3925 ipsa
1462 3857 1694 3924 veritas,
1720 3873 1847 3927 quae

200 3939 538 3997 interiorem
553 3942 817 4012 ejusdem
834 3942 1033 4014 ﬁgurae
1048 3959 1287 3998 sensum
1304 3942 1567 3998 Ecclesiae
1583 3961 1700 3999 sua:
1713 3945 1849 3999 data

199 4028 456 4100 Spiritus
485 4030 670 4085 sancti
704 4031 894 4103 gratia
919 4032 1287 4103 patefaceret,
1348 4036 1405 4086 et
1456 4033 1757 4088 moriendo
1787 4032 1845 4087 in

198 4133 373 4175 cruce
394 4118 594 4174 omnia
615 4118 717 4174 illa
737 4125 1104 4175 sacramenta
1129 4120 1429 4177 revelaret.
1451 4121 1847 4192 Expiabantur

196 4212 436 4277 peccata
460 4208 528 4263 ad
564 4211 819 4280 tempus,
853 4226 964 4265 non
1020 4210 1486 4266 remittebantur.
1530 4212 1844 4283 Nunquam

194 4296 355 4352 enim
388 4298 577 4370 potuit
605 4299 944 4354 accedentes
994 4300 1280 4371 perfectos
1330 4301 1535 4368 facere,
1587 4301 1844 4373 alioquin

194 4395 532 4443 cessassent
561 4387 715 4443 ultra
744 4388 959 4445 offerri.
993 4390 1117 4453 Qua
1147 4391 1369 4445 ratione
1390 4390 1609 4446 eisdem
1629 4393 1849 4447 sacriﬁ-

198 4475 302 4531 ciis
326 4492 562 4549 semper
576 4478 935 4532 curabantur
954 4478 1207 4533 auferri?
1225 4479 1280 4532 Si
1299 4479 1452 4534 enim
1476 4479 1548 4534 ab
1571 4480 1845 4535 omnibus

201 4569 399 4620 essent
427 4564 657 4621 liberati
710 4566 984 4637 peccatis,
1036 4582 1409 4638 nequaquam
1450 4584 1553 4637 per
1580 4568 1845 4639 singulos

1963 3420 2079 3484 tur,
2115 3420 2254 3469 tunc
2287 3412 2441 3467 dixi:
2477 3412 2620 3467 Ecce
2648 3412 2838 3474 venio,
2874 3417 2936 3465 ut
2986 3410 3193 3465 faciam
3248 3408 3606 3464 voluntatem

1960 3508 2146 3568 tuam,
2170 3501 2555 3557 Deus.Aufcrt
2586 3499 2864 3571 primum,
2900 3502 2963 3552 ut
2992 3515 3240 3568 sequens
3270 3501 3506 3552 statuat.
3543 3498 3605 3551 In

1962 3591 2384 3665 quavoluntate
2407 3588 2750 3645 sanctiﬁcati
2766 3603 3088 3658 sumusper
3099 3586 3451 3642 oblationem
3466 3588 3607 3642 Cor-

1961 3683 2119 3754 poris
2162 3684 2301 3734 Jesu
2334 3678 2547 3734 Christi
2597 3677 2801 3748 (1430).
2829 3699 2853 3724 η
2885 3676 3215 3731 Anteriores
3246 3676 3483 3746 quidem
3515 3692 3608 3731 os-

1958 3771 2147 3826 tendit
2176 3768 2418 3824 inutiles
2448 3784 2575 3823 esse
2606 3766 2827 3821 hostias
2859 3766 2929 3820 ad
2966 3765 3251 3837 integram
3277 3764 3608 3820 mundatio-

1961 3876 2115 3928 nem,
2150 3862 2205 3912 et
2234 3858 2480 3912 formam
2518 3855 2705 3919 magis
2737 3871 2835 3909 eas
2865 3870 3015 3920 esse,
3053 3871 3156 3909 nec
3187 3870 3317 3909 esse
3347 3858 3609 3923 accepta-

1958 3946 2127 4002 biles.
2160 3947 2273 4001 Nec
2308 3945 2390 3999 illi
2426 3942 2770 4015 placuerunt
2810 3942 2881 3995 ab
2914 3942 3103 4006 initio,
3135 3943 3291 3997 sicut
3321 3959 3425 4013 per
3447 3942 3608 3997 Jere-

1958 4034 2138 4090 miam
2189 4032 2533 4105 prophetam
2598 4048 2675 4096 v1,
2735 4031 2806 4083 20
2862 4029 3037 4083 dicit:
3098 4030 3610 4085 Holocaustomata

1955 4128 2149 4178 vestra
2179 4138 2291 4176 non
2317 4124 2457 4175 sunt
2488 4122 2743 4189 accepta,
2776 4122 2834 4172 et
2855 4116 3098 4170 victima:
3119 4122 3322 4171 vestrae
3346 4135 3459 4172 non
3483 4119 3607 4190 pla-

1957 4215 2207 4269 cuerunt
2237 4209 2378 4265 mihi
2417 4209 2549 4279 (15a.
2585 4225 2624 4275 1,
2660 4209 2763 4273 ll;
2797 4207 2959 4261 Amos
3015 4223 3070 4272 v,
3129 4206 3239 4276 2t).
3300 4206 3409 4261 Sed
3442 4206 3491 4261 si
3525 4192 3607 4261 illi

1959 4319 2072 4357 non
2106 4300 2474 4372 placuerunt,
2508 4313 2612 4351 nec
2640 4294 2910 4351 voluntas
2934 4292 3093 4349 illius
3118 4294 3262 4348 fuit:
3313 4295 3605 4365 quomodo

1955 4408 2091 4462 ergo
2116 4387 2420 4460 imperavit
2440 4391 2504 4441 ut
2524 4384 2717 4441 offerri
2740 4382 3248 4439 debuissent?Ta1i
3264 4384 3435 4439 modo
3453 4385 3603 4455 Apo-

1954 4478 2163 4547 stolus,
2192 4482 2460 4533 creatura
2488 4475 2818 4530 Creatorem
2870 4489 3123 4543 sequens
3172 4472 3428 4544 peregit:
3472 4473 3605 4530 Volo

1957 4584 2162 4623 omnes
2195 4566 2465 4622 homines
2498 4580 2647 4633 esse,
2682 4562 2835 4619 sicut
2866 4562 3156 4633 meipsum
3188 4562 3234 4630 (l
3264 4561 3383 4617 Cor.
3403 4579 3501 4628 vn,
3524 4562 3607 4633 7),

203 4652 323 4710 dies
342 4654 692 4709 offerrentur
713 4655 999 4710 sacriﬁcia
1016 4672 1118 4726 pro
1137 4655 1296 4710 omni
1330 4655 1540 4727 populo
1572 4662 1629 4711 et
1658 4658 1714 4710 in
1757 4674 1850 4711 ve-
1880 4665 1927 4729 D
1960 4657 2017 4711 in
2051 4654 2445 4720 conscientia;
2493 4659 2550 4709 et
2600 4654 2806 4707 iterum
2836 4669 2847 4705 :
2901 4651 3063 4720 Volo,
3115 4650 3327 4720 inquit,
3360 4652 3607 4719 juvenes

204 4756 370 4812 spere
398 4746 457 4799 et
486 4743 544 4797 iu
576 4743 688 4798 die.
723 4743 969 4799 Proinde
1000 4744 1295 4799 accusatio
1340 4750 1709 4816 peccatorum
1744 4745 1853 4801 fuit
1962 4746 2202 4811 nubere,
2237 4743 2389 4797 ﬁiios
2411 4756 2714 4812 procreare
2741 4742 2788 4805 (ι
2816 4740 2962 4793 Mim.
2998 4755 3051 4793 v.
3114 4738 3221 4805 14).
3282 4739 3421 4793 Ecce
3459 4738 3608 4793 duas

204 4832 357 4900 quod
385 4831 580 4898 ﬁebat,
606 4849 719 4886 non
743 4831 978 4902 solutio,
1002 4833 1295 4888 accusatio
1318 4832 1698 4901 inﬁrmitatis,
1732 4852 1849 4891 non

202 4918 434 4975 virtutis
457 4920 733 4975 ostensio.
759 4920 1041 4984 Quoniam
1058 4922 1272 4992 quippe
1288 4921 1474 4993 primo
1496 4922 1687 4978 hostia
1702 4922 1844 4977 nihil

202 5006 446 5077 valebat,
471 5007 644 5062 etiam
676 5010 934 5063 secundo
958 5010 1326 5076 olferebatur,
1360 5027 1489 5081 quae
1505 5013 1679 5067 etiam
1698 5011 1844 5067 nihil

202 5095 556 5163 proﬁciebat.
578 5096 641 5151 In
658 5113 724 5152 eo
745 5097 900 5152 enim
915 5099 1071 5168 quod
1090 5098 1503 5171 offerebantur,
1513 5102 1845 5172 redargutio

1960 4834 2287 4889 voluntates
2318 4828 2640 4893 constituit,
2701 4828 2801 4883 sed
2852 4845 2966 4883 non
3017 4825 3201 4881 ambae
3254 4826 3382 4895 ejus
3434 4830 3608 4889 sunt;

1955 4923 2213 4994 primum
2230 4921 2431 4975 dicens
2455 4936 2469 4974 :
2496 4916 2639 4972 Volo
2662 4932 2867 4972 omnes
2889 4916 3158 4972 homines
3180 4929 3308 4969 esse
3322 4914 3474 4969 sicut
3494 4931 3610 4970 me-

1954 5013 2150 5081 ipsum
2188 5027 2201 5077 ;
2237 5008 2530 5063 secundo:
2564 5006 2705 5061 Volo
2729 5006 2977 5074 juvenes
3010 5001 3267 5057 nubere:
3304 5001 3386 5057 sic
3433 5003 3609 5057 etiam

1957 5100 2051 5155 hic
2082 5115 2198 5154 non
2221 5102 2346 5151 erat
2361 5097 2490 5167 ejus
2518 5094 2786 5149 voluntas
2816 5100 2885 5149 ut
2916 5088 3301 5167 praecedentia
3330 5090 3615 5146 sacriﬁcia

1961 5189 2160 5210 0-..-..1
2220 5187 2318 5210 --Δ
2382 5187 2531 5210 -;-.-ι
2566 5182 2837 5210 Αιςυδηυιζιιη
2876 5185 3019 5210 ,λζ-ξι
3081 5178 3215 5210 Πιὶίη
3278 5194 3391 5210 “nn
3426 5178 3612 5210 nn‘asm
