3976 5348
407 429 523 492 787

1420 428 1756 490 ATTONIS
1801 425 2387 489 VERCELLENSIS
2433 427 2785 490 EPISCOPI
3683 430 3774 495 788

408 564 540 634 pter
565 559 754 632 (1431)
784 558 1141 616 voluntatem
1172 559 1274 616 Dei
1303 559 1803 616 sacriﬁcabantur.
1840 559 2051 614 Bedar-
2082 559 2135 624 Α
2167 559 2290 626 sed,
2327 582 2355 609 «
2389 565 2453 614 ut
2484 565 2780 633 ponantur
2810 561 2919 617 sub
2949 559 3198 634 pedibus
3229 561 3378 632 ejus.
3417 582 3444 608 ››
3479 559 3603 617 Non
3631 560 3777 633 igitur

410 655 551 724 guta
571 650 692 705 haec
721 667 814 706 res
835 654 978 717 erat,
1008 649 1231 705 nullam
1263 651 1485 706 habens
1515 650 1811 719 virtutem,
1836 650 1937 704 sed
1966 647 2054 702 in-

410 740 746 805 fructuosae,
780 743 835 794 et
865 737 1102 794 inutiles
1132 743 1334 806 erant;
1387 739 1586 792 formae
1647 739 1861 808 quippe
1893 740 2059 792 erant

412 828 746 883 futurorum
778 827 1010 892 Christi,
1044 837 1099 882 et
1127 828 1394 882 Ecclesiae
1423 846 1434 893 ;
1470 828 1788 882 offerebant
1844 826 2059 896 quippe

413 933 501 985 ea,
535 933 608 970 ne
641 916 765 971 sine
795 915 1078 971 sacriﬁcio
1111 916 1403 980 sedentes,
1435 916 1491 968 in
1552 917 1772 969 cultum
1817 897 2058 968 dedrum

416 1005 762 1075 alienorum,
797 1005 935 1058 dum
968 1004 1254 1058 vidissent
1284 1003 1429 1058 alios
1452 1005 1674 1068 oﬁ'erre,
1716 1003 2058 1057 inciderent.

415 1094 766 1166 Impositum
789 1092 941 1148 enim
967 1092 1082 1146 illis
1110 1097 1234 1147 erat
1256 1091 1315 1146 in
1341 1092 1697 1157 servitutem,
1727 1092 2063 1160 nonjustiﬁ-

418 1183 726 1237 cationem.
785 1182 1034 1236 Proinde
1094 1181 1422 1236 sacriﬁcare
1484 1198 1598 1234 non
1659 1185 1745 1233 est
1793 1179 2062 1234 voluntas

421 1272 519 1326 Dei
543 1273 744 1343 (1432).
769 1272 838 1326 Et
869 1271 1009 1324 dum
1041 1269 1123 1324 illi
1156 1269 1256 1324 illa
1283 1287 1396 1325 non
1449 1269 1815 1340 placuerunt,
1864 1269 2061 1324 statim

357 1389 362 1397 -
422 1361 676 1429 advenit,
701 1361 850 1416 sicut
882 1359 1164 1430 scriptum
1199 1364 1319 1415 est:
1355 1383 1382 1409 «
1407 1360 1570 1413 Tunc
1602 1359 1756 1412 dixi:
1793 1360 1935 1413 Ecce
1965 1375 2062 1412 ve-

423 1449 556 1506 nio:
593 1471 620 1499 ››
655 1451 806 1521 quod
837 1451 908 1505 de
936 1449 1097 1504 nullo
1120 1449 1252 1515 alio,
1284 1447 1395 1503 nisi
1455 1449 1525 1502 de
1583 1447 1809 1502 Christo
1841 1448 2064 1502 dictum

423 1543 531 1595 est.
558 1538 692 1608 Sed,
716 1539 764 1593 si
791 1538 987 1594 formae
1006 1544 1194 1604 erant,
1220 1539 1513 1608 quomodo
1539 1537 1780 1592 veritate
1801 1537 2066 1591 veniente

423 1645 539 1684 non
571 1630 897 1694 cessarunt,
930 1643 1118 1698 neque
1147 1626 1589 1681 discesserunt?
1617 1626 1741 1680 Non
1774 1626 1928 1680 enim
1964 1642 2066 1696 po-

421 1721 614 1773 terant
636 1716 798 1786 prius
816 1715 1230 1786 auferri,quam
1256 1715 1399 1769 illud
1419 1714 1772 1771 sacriﬁcium
1798 1719 2068 1768 sanctum

422 1811 782 1876 sanctorum,
818 1803 973 1876 quod
1007 1821 1216 1875 corpus
1247 1809 1352 1871 est,
1389 1804 1595 1858 fuisset
1616 1802 1897 1858 oblatum.
1923 1803 2068 1857 Nam

424 1895 526 1968 qui
555 1897 755 1966 postea
806 1892 910 1947 illa
965 1893 1248 1948 sacriﬁcia
1305 1892 1795 1959 sacriﬁcaverunt,
1840 1909 2071 1963 semper
2101 1925 2147 1989 B

423 1983 663 2056 Spiritui
695 1987 901 2038 sancto
937 1982 1298 2037 restiterunt.
1331 1982 1446 2037 Nec
1477 1982 1632 2037 enim
1685 1981 1897 2053 placita
1929 1985 2067 2035 sunt

420 2071 532 2140 illi,
563 2089 688 2144 quae
720 2073 1046 2127 secundum
1069 2069 1254 2143 legem
1276 2071 1600 2125 offeruntur
1624 2087 1634 2125 :
1663 2093 1690 2121 ‹‹
1718 2071 1830 2126 Nec
1853 2069 2062 2137 hostia,

422 2177 526 2217 nec
553 2160 790 2226 oblatio,
814 2177 918 2216 nec
947 2159 1449 2215 holocaustomata
1477 2164 1534 2214 et
1564 2177 1666 2230 pro
1713 2163 1949 2230 peccato
1982 2157 2061 2211 illi

422 2249 661 2322 placuit.
690 2271 717 2299 »
752 2250 819 2304 Et
849 2249 957 2304 hoc
987 2266 1101 2304 non
1132 2265 1201 2303 ex
1243 2264 1388 2302 novo
1447 2248 1656 2302 iterum
1692 2252 2064 2313 testamento,

424 2339 524 2396 sed
547 2355 615 2393 ex
637 2337 932 2410 prophetis
955 2336 1226 2403 ostendit,
1251 2353 1318 2390 ex
1349 2336 1749 2406 superioribus
1779 2335 2064 2406 tempori-

412 2429 525 2484 bus
550 2427 847 2499 proferens
870 2425 1299 2491 testimonium,
1325 2425 1462 2495 quia
1484 2441 1720 2479 cessura
1742 2426 2062 2480 erant.ldeo

416 2518 634 2590 quippe
665 2516 890 2571 hostias
917 2516 1037 2586 jam
1069 2515 1256 2570 dictas
1315 2515 1519 2571 offerre
1560 2515 1762 2585 jussit,
1819 2515 1955 2587 quia
2003 2515 2062 2569 in

418 2607 608 2678 ﬁgura
623 2608 790 2660 erant
813 2605 883 2659 ad
907 2603 1161 2659 hostiam
1186 2620 1535 2674 veram,quae
1560 2608 1746 2659 totum
1777 2605 2061 2658 mundum

417 2697 489 2751 de
520 2699 750 2766 peccato
775 2692 1058 2748 solveret:
1093 2697 1149 2748 et
1170 2698 1476 2765 propterea
1507 2691 2065 2764 reprobantur,quia

410 2786 538 2857 jam
559 2799 694 2838 vera
713 2781 905 2838 hostia
925 2781 1452 2854 appropinquabat.
1487 2782 1555 2835 Et
1587 2781 1724 2836 dicit
1745 2781 2059 2852 Propheta:

417 2895 446 2923 «
481 2873 622 2928 Ecce
651 2870 855 2938 venio;
890 2871 949 2924 in
981 2871 1169 2941 capite
1199 2869 1330 2925 libri
1367 2869 1649 2939 scriptum
1705 2875 1791 2924 est
1847 2871 1917 2923 de
1975 2885 2065 2924 me

419 2961 589 3032 (Psal.
623 2976 813 3025 xxxrx,
835 2960 924 3027 7):
962 2981 988 3006 »
1023 2959 1075 3012 id
1108 2961 1218 3023 est,
1246 2957 1496 3022 Levitici,
1524 2958 1623 3029 qui
1677 2957 1824 3013 liber
1844 2959 2066 3012 hostias

418 3049 691 3121 imperat,
725 3052 781 3103 et
811 3051 1028 3102 narrat.
1067 3048 1212 3102 Dum
1244 3051 1439 3102 autem
1469 3064 1600 3102 sum
1636 3047 2068 3118 principalis,et

421 3138 548 3194 sola
578 3137 879 3192 sufﬁciens
899 3135 1093 3191 hostia
1117 3161 1130 3202 ;
1154 3135 1281 3190 ideo
1304 3135 1362 3190 in
1385 3136 1592 3207 capite,
1620 3135 1675 3190 id
1701 3141 1809 3206 est,
1833 3136 1889 3190 in
1915 3137 2068 3206 prin-

423 3226 576 3299 cipio
606 3225 736 3280 libri
773 3225 1098 3281 hostiarum
1130 3225 1200 3280 de
1229 3241 1320 3280 me
1351 3224 1633 3295 scriptum
1675 3230 1762 3279 est
1794 3228 1887 3280 ut:
1929 3248 1949 3273 ι
2005 3227 2068 3278 In

2167 649 2494 704 efﬁciamur
2515 668 2579 706 ex
2597 667 2842 706 numero
2865 650 3256 706 inimicorum.
3284 650 3410 705 Non
3435 650 3588 704 enim
3605 651 3676 705 illi
3695 655 3773 709 soli

2166 738 2411 806 inimici,
2447 741 2546 811 qui
2578 740 2845 795 inﬁdeles
2902 743 3058 809 sunt,
3094 739 3192 794 sed
3225 739 3399 793 etiam
3435 739 3534 809 qui
3563 740 3668 793 vita
3696 741 3775 796 im-

2170 829 2390 882 munda
2413 828 2566 899 pleni
2591 834 2748 883 sunt.
2767 852 2794 877 ‹‹
2821 829 3140 883 Prudentia
3158 832 3350 881 autem
3367 828 3561 882 carnis
3584 828 3778 885 inimica

2169 921 2259 970 est
2309 922 2422 971 Deo
2471 919 2641 988 (Rom.
2695 935 2812 984 vm,
2839 920 2893 986 (Β)
2923 936 2933 984 ;
2987 916 3099 988 legi
3133 920 3327 971 autem
3359 917 3462 970 Dei
3497 933 3604 970 non
3636 919 3780 989 subji-

2171 1006 2342 1058 citur.
2377 1029 2397 1053 κ
2427 1005 2550 1060 Una
2573 1007 2727 1061 enim
2753 1007 3044 1061 oblatione
3062 1004 3532 1071 consummavit;
3557 1004 3606 1058 id
3629 1009 3778 1073 estad

2173 1092 2303 1148 illos
2329 1098 2458 1162 post
2487 1095 2611 1149 dies
2643 1095 2774 1149 illos
2806 1095 2947 1150 dicit
2976 1095 3299 1150 Dominus:
3330 1116 3356 1142 ‹‹
3421 1094 3617 1148 Dando
3657 1093 3780 1164 leges

2175 1199 2335 1237 meas
2360 1183 2415 1237 in
2440 1185 2716 1238 cordibus
2739 1201 2962 1253 eorum,
2993 1184 3130 1238 etin
3165 1183 3466 1238 mentibus
3497 1198 3681 1236 eorum
3704 1199 3778 1236 su-

2177 1272 2532 1342 perscribam
2567 1290 2663 1327 eas
2691 1291 2704 1339 ;
2728 1281 2784 1327 et
2815 1278 3209 1344 peccatorum,
3234 1276 3288 1326 et
3321 1271 3686 1342 iniquitatum
3711 1289 3778 1326 eo-

2175 1379 2304 1414 rum
2321 1362 2445 1427 jam
2470 1379 2582 1417 non
2603 1363 2947 1417 recordabor
2967 1361 3243 1433 amplius.
3270 1361 3378 1415 Ubi
3404 1363 3596 1414 autem
3615 1360 3779 1414 borum

2176 1451 2442 1505 remissio
2469 1453 2622 1520 :jam
2672 1469 2784 1506 non
2835 1451 3051 1505 oblatio
3103 1468 3204 1522 pro
3240 1453 3479 1522 peccato
3513 1449 3633 1519 (Jer.
3659 1466 3776 1506 xxxx,

2175 1541 2286 1610 33).
2304 1563 2330 1590 »
2348 1541 2508 1606 Quod
2532 1545 2782 1595 testatur
2804 1541 3038 1612 quidem
3053 1539 3305 1609 Spiritus
3330 1541 3574 1592 sanctus
3587 1552 3776 1606 perpro-

2179 1631 2437 1703 phetam,
2463 1629 2849 1700 adimpletum
2881 1634 2988 1683 est.
3022 1627 3136 1682 Illa:
3169 1626 3370 1682 statim
3396 1625 3775 1690 discesserunt;

2179 1719 2316 1791 quia
2335 1718 2598 1772 veniente
2619 1719 2878 1783 veritate,
2902 1718 3112 1772 umbra
3139 1713 3433 1770 discessit.
3465 1736 3484 1762 ι
3513 1712 3609 1767 Ubi
3631 1717 3776 1765 autem

2178 1809 2387 1863 horum
2422 1807 2709 1873 remissio,
2747 1828 2773 1854 ››
2834 1807 3025 1877 inquit
3078 1804 3418 1874 Apostolus,
3456 1824 3484 1850 ‹‹
3530 1803 3644 1871 jam
3695 1817 3777 1854 non

2179 1897 2393 1952 oblatio
2427 1913 2527 1968 pro
2551 1899 2805 1968 peccato.
2844 1918 2870 1944 ››
2903 1895 2972 1948 Et
3001 1894 3109 1948 hoc
3141 1909 3256 1947 non
3285 1895 3517 1945 tantum
3544 1888 3654 1943 sine
3675 1887 3777 1941 scri-

2181 1987 2422 2058 ptis,sed
2439 1986 2612 2040 etiam
2631 2002 2765 2040 cum
2783 1984 3018 2056 scriptis
3031 1984 3484 2053 argumentatus
3499 1980 3780 2048 estAposto-

2177 2076 2302 2142 lus;
2328 2083 2383 2130 et
2409 2075 2632 2130 dictum
2656 2072 3060 2146 propheticum
3094 2069 3366 2125 adhibuit
3399 2067 3597 2122 dicens
3625 2082 3634 2121 :
3661 2065 3774 2118 »Ξει-

2176 2165 2461 2219 oriﬁcium
2493 2169 2549 2218 et
2580 2162 2934 2218 oblationem
2968 2159 3206 2216 noluisti
3237 2158 3413 2229 (Psal.
3447 2173 3629 2218 xxxrx,
3650 2153 3696 2222 7)
3723 2171 3731 2218 ;
3758 2177 3772 2199 ι

2173 2258 2231 2309 et
2259 2253 2318 2307 in
2351 2253 2460 2307 hoc
2495 2252 2616 2307 loco
2643 2269 2654 2306 :
2691 2253 2804 2306 Hoc
2834 2247 3452 2319 testamentum,quod
3478 2244 3707 2300 testabor
3721 2243 3769 2296 ad

2173 2342 2305 2397 illos
2339 2346 2468 2414 post
2499 2342 2622 2396 dies
2654 2341 2808 2406 illos,
2866 2341 3005 2395 dicit
3059 2338 3380 2393 Dominus:
3437 2335 3627 2390 Dando
3653 2331 3768 2402 leges

2176 2448 2333 2486 meas
2357 2432 2414 2484 in
2437 2430 2709 2485 cordibus
2730 2445 2952 2500 eorum,
2978 2433 3034 2482 et
3054 2427 3112 2482 in
3145 2425 3448 2482 mentibus
3482 2439 3669 2478 eorum
3695 2437 3764 2475 su-

2174 2521 2529 2592 perscribam
2561 2537 2678 2586 eas,
2715 2536 2826 2573 non
2860 2519 2919 2572 in
2976 2517 3193 2572 tabulis
3248 2513 3521 2586 lapideis,
3576 2510 3706 2565 sicut
3726 2507 3767 2561 in

2173 2609 2389 2681 populo
2418 2609 2615 2674 veteri,
2666 2607 2766 2662 sed
2826 2605 2885 2660 in
2944 2606 3160 2661 tabulis
3218 2604 3414 2660 cordis
3473 2599 3770 2657 carnalibus.

2180 2721 2206 2751 ιι
2233 2700 2299 2753 Et
2324 2701 2715 2769 peccatorum,
2748 2695 3126 2768 iniquitatum
3159 2709 3358 2749 eorum
3399 2708 3515 2746 non
3559 2687 3770 2744 recorda-

2174 2789 2279 2842 hor
2310 2786 2585 2858 amplius.
2624 2808 2652 2833 »
2685 2790 2766 2839 Ac
2798 2785 2846 2840 si
2879 2784 3131 2838 diceret:
3172 2783 3274 2838 Ubi
3334 2778 3646 2835 recordatio
3680 2790 3772 2847 pec-

2175 2882 2436 2931 catorum
2468 2893 2582 2929 non
2615 2879 2723 2941 est,
2751 2875 2874 2944 jam
2905 2887 3141 2928 necesse
3199 2888 3312 2926 non
3371 2874 3467 2925 est
3523 2873 3582 2922 ut
3629 2861 3774 2919 hostia

2176 2966 2469 3019 offeratur.
2518 2963 2675 3017 Unde
2742 2968 2797 3016 et
2847 2963 2906 3015 in
2964 2957 3464 3030 consequentibus
3523 2952 3770 3023 adjungit:

2178 3077 2204 3103 «
2241 3053 2346 3108 Ubi
2377 3057 2571 3107 autem
2599 3051 2807 3105 horum
2842 3049 3131 3118 remissio,
3155 3050 3280 3119 jam
3307 3065 3427 3102 non
3483 3042 3675 3100 oblatio
3701 3053 3772 3110 pro

2177 3145 2432 3214 peccato.
2472 3164 2492 3188 υ

2253 3254 2280 3280 ‹‹
2314 3229 2602 3284 Habentes
2634 3229 2855 3298 itaque,
2881 3227 3106 3292 fratres,
3137 3224 3418 3279 ﬁduciam
3478 3222 3535 3276 in
3580 3214 3773 3273 introitu

424 3288 709 3388 Ριῖἱῐιϐἱρὶο
740 3314 875 3370 Γεοίῐ
905 3319 1056 3368 Deus
1083 3313 1315 3368 0031mm
1337 3318 1394 3368 et
1415 3288 1628 3368 tetram
1669 3312 1824 3381 (Gen-
1861 3331 1898 3379 I,
1937 3314 2006 3384 1).
2037 3334 2064 3366 ι)
2101 3288 2143 3356 C
2182 3323 2518 3376 sanctorum
2541 3317 2600 3372 in
2625 3288 2912 3388 sanguine
2933 3288 3164 3379 Christi,
3190 3330 3365 3385 quam
3387 3309 3628 3366 initiavit
3651 3304 3773 3360 nobis

426 3403 574 3470 Quid
596 3409 706 3476 est,
740 3426 768 3454 «
792 3406 856 3457 ut
888 3401 1096 3457 faciam
1125 3401 1482 3456 voluntatem
1530 3406 1693 3456 tuam
1715 3402 1742 3455 ?
1776 3424 1803 3450 υ
1837 3402 2071 3457 Memet-

423 3493 624 3566 ipsum
649 3492 898 3560 tradere,
925 3491 1035 3546 hoc
1056 3495 1145 3544 est
1168 3491 1263 3545 Dei
1287 3489 1577 3556 voluntas,
1604 3491 1708 3544 «in
1734 3507 1850 3561 qua
1870 3491 2072 3546 volun-

425 3585 545 3637 tate
567 3579 917 3636 sanctiﬁcati
937 3596 1165 3634 sumus.
1195 3601 1222 3627 »
1245 3585 1331 3632 An
1355 3579 1529 3633 etiam
1555 3577 1712 3633 aliud
1728 3579 1898 3634 dixit:
1921 3581 2075 3643 Quo-

425 3671 585 3726 niam
605 3687 720 3725 non
745 3667 1028 3723 sacriﬁcia
1045 3667 1310 3722 homines
1333 3667 1640 3732 mandant,
1676 3669 1778 3722 sed
1811 3667 2076 3724 voluntas

427 3760 578 3814 Dei?
601 3781 628 3808 «
663 3758 864 3813 Aufert
897 3757 1174 3828 primum,
1208 3761 1273 3811 ut
1303 3772 1553 3826 sequens
1585 3761 1841 3824 statuat;
1870 3781 1896 3807 »
1933 3775 1996 3813 ac
2027 3760 2074 3814 si

427 3847 619 3903 dicat:
656 3845 946 3916 Reprobat
969 3849 1153 3914 vetus,
1187 3848 1242 3898 et
1264 3845 1517 3900 afﬁrmat
1547 3863 1781 3903 novum.

504 3959 533 3986 «
566 3935 635 3990 Et
663 3934 855 3990 omnis
889 3933 1126 4005 quidem
1160 3934 1430 3989 sacerdos
1461 3939 1668 4006 praesto
1700 3941 1788 3991 est
1819 3937 2077 4007 quotidie

430 4024 797 4088 ministrans,
831 4026 889 4077 et
919 4023 1152 4078 easdem
1184 4039 1335 4094 smpe
1375 4023 1620 4079 offerens
1677 4023 1920 4096 hostias,
1955 4043 2078 4097 quae

431 4128 737 4185 nunquam
762 4121 1010 4184 possunt
1029 4111 1256 4166 auferre
1281 4116 1532 4181 peccata.
1563 4112 1663 4166 Hic
1677 4119 1871 4168 autem
1897 4115 2079 4186 (1433)

432 4219 537 4275 pro
554 4201 810 4274 peccatis
824 4199 1103 4255 offerrens
1116 4200 1459 4268 hostiam,in
1483 4201 1904 4271 sempiternum
1921 4206 2083 4259 sedet

429 4288 493 4343 in
525 4287 892 4356 dexteraDei,
912 4287 982 4340 de
996 4290 1197 4341 caetero
1219 4290 1562 4357 exspectans
1583 4288 1765 4342 donec
1792 4297 2084 4360 ponantur

430 4377 654 4432 inimici
685 4376 813 4445 ejus
844 4374 1162 4430 scabellum
1196 4375 1412 4446 pedum
1472 4376 1601 4444 ejus
1655 4378 1825 4446 (Psal.
1858 4397 1968 4433 crx.
2003 4383 2078 4451 ‘2).

433 4466 561 4520 Una
590 4463 746 4518 enim
778 4463 1067 4519 oblatione
1099 4464 1528 4518 consummavit
1556 4464 1612 4518 in
1660 4467 2082 4537 sempiternum

435 4553 851 4610 sanctiﬁcatos.
869 4574 896 4601 »
914 4552 1241 4607 Ministrare
1255 4553 1489 4622 signum
1506 4557 1593 4606 est
1607 4555 2080 4614 ministrationis:

2182 3410 2334 3465 viam
2357 3424 2585 3473 novam,
2615 3412 2671 3462 et
2691 3407 2979 3462 viVentem
3003 3421 3104 3476 per
3135 3403 3425 3472 velamen,
3475 3401 3528 3454 id
3559 3402 3654 3460 est,
3682 3409 3771 3447 car-

2186 3515 2319 3554 nem
2347 3513 2539 3564 suam,
2571 3501 2627 3552 et
2657 3495 3018 3550 sacerdotem
3071 3509 3346 3564 magnum
3381 3505 3558 3561 super
3583 3487 3771 3540 domum

2187 3588 2305 3643 Dei.
2343 3610 2369 3635 ››
2394 3586 2719 3642 Ostendens
2753 3599 2937 3654 usque
2969 3598 3123 3636 nunc
3155 3579 3472 3651 pontiﬁcis,
3505 3582 3557 3632 et
3601 3570 3770 3628 hostia-

2188 3693 2340 3742 rum,
2375 3680 2430 3730 et
2457 3671 2838 3738 tabernaculi,
2874 3675 2930 3725 et
2960 3667 3315 3734 testamenti,
3349 3673 3405 3721 et
3438 3656 3773 3736 repromissio-

2187 3765 2279 3819 nis
2311 3763 2674 3827 distantiam,
2699 3764 2754 3815 et
2776 3759 3021 3814 multam
3055 3755 3444 3812 differentiam
3470 3773 3482 3809 :
3514 3748 3768 3823 siquidem,

2184 3852 2396 3924 inquit,
2428 3850 2528 3906 illa
2546 3849 2890 3922 temporalia
2920 3849 3038 3902 haec
3069 3851 3264 3901 autem
3287 3849 3497 3900 aeterna
3525 3859 3537 3909 ;
3569 3839 3652 3894 illa
3676 3832 3770 3924 qui-

2189 3920 2320 3996 dem
2355 3941 2425 3994 de
2455 3920 2716 4010 proxim—0
2747 3938 3030 4008 parentia,
3093 3936 3211 3989 hiEC
3266 3920 3770 4005 permanentia;illa

2189 4030 2426 4102 quidem
2460 4028 2713 4096 inﬁrma,
2744 4027 2865 4080 haec
2898 4031 3091 4080 autem
3129 4022 3422 4094 perfecta;
3455 4019 3550 4074 illa
3586 4011 3766 4086 quidem

2189 4117 2525 4182 forma,hmc
2549 4115 2762 4169 veritas
2787 4130 2800 4168 ι
2828 4131 2939 4168 non
2961 4113 3116 4168 enim
3141 4114 3310 4182 juxta
3329 4109 3443 4165 tale
3467 4105 3766 4163 mandatum,

2193 4208 2403 4278 inquit,
2438 4203 2687 4273 carnale,
2721 4203 2820 4256 sed
2848 4203 3015 4272 juxta
3043 4201 3324 4255 virtutem
3354 4185 3766 4253 vitreinsolubiliS

2191 4296 2462 4351 sacerdos
2486 4295 2672 4347 factus
2695 4297 2784 4346 est
2803 4292 2977 4346 Jesus
3009 4291 3202 4361 (Hebr.
3236 4307 3337 4357 vn,
3362 4290 3539 4354 tti).Et
3565 4283 3766 4336 iterum:

2193 4409 2219 4433 ‹‹
2252 4385 2338 4438 Tu
2373 4399 2433 4437 es
2463 4380 2807 4437 sacerdosin
2831 4385 3110 4434 aeternum
3151 4378 3334 4450 (llud,
3373 4378 3451 4445 l7)
3478 4393 3490 4442 ;
3537 4384 3650 4426 ecce
3675 4378 3766 4450 perr-

2196 4473 2446 4545 petuitas
2477 4470 2814 4526 sacerdotis.
2874 4469 2943 4522 Et
2997 4469 3068 4522 de
3123 4470 3465 4521 testamento
3519 4461 3607 4514 illo
3646 4449 3766 4516 dixit,

2195 4562 2347 4633 quod
2380 4564 2674 4614 vetustum
2707 4563 2831 4612 est:
2868 4558 3022 4628 quod
3054 4561 3249 4610 autem
3281 4551 3588 4614 veterascit,
3631 4548 3677 4598 et
3699 4553 3766 4592 se-

435 4659 570 4714 ergo
586 4642 783 4697 sedere
801 4641 1037 4712 signum
1055 4645 1162 4706 est,
1191 4641 1316 4696 utei
1344 4640 1728 4697 ministretur.
1751 4645 1833 4698 illi
1866 4647 2084 4702 multas
2115 4657 2160 4720 Ι)
2194 4650 2397 4716 nescit,
2432 4647 2757 4718 proximum
2793 4652 2881 4700 est
2931 4644 3214 4700 interitui.
3274 4647 3389 4696 Hoc
3417 4634 3763 4720 testamentum

435 4731 659 4787 hostias
683 4729 943 4801 quotidie
987 4730 1301 4796 offerendo,
1357 4746 1470 4784 non
1521 4737 1835 4802 potuerunt
1861 4737 2088 4792 auferre

437 4825 691 4892 peccata.
719 4820 824 4873 Hic
848 4823 1044 4888 autem
1064 4819 1446 4890 semetipsum
1474 4837 1577 4892 pro
1600 4823 1766 4876 nobis
1791 4824 2083 4891 obtulit,in

439 4907 871 4979 sempiternum
898 4907 1046 4962 sedit
1076 4907 1132 4961 in
1170 4908 1403 4963 dextera
1449 4910 1565 4964 Dei.
1621 4911 1830 4966 Sedere
1861 4913 1917 4966 in
1953 4915 2086 4968 dex-

437 5001 582 5062 tera,
632 4995 928 5067 judicium
982 5013 1156 5050 suum
1225 4997 1607 5051 demonstrat.
1670 5022 1696 5048 ‹‹
1755 4999 1834 5054 De
1887 5007 2088 5056 caetero

441 5089 808 5154 exepectans.
864 5085 986 5148 Qua
1035 5101 1212 5139 causa
1270 5085 1382 5138 ista
1431 5085 1775 5141 dilatioi’Ut
1798 5094 2092 5158 ponantur

441 5170 665 5224 inimici
680 5171 807 5240 ejus
823 5171 1142 5226 scabellum
1168 5172 1380 5242 pedum
1403 5172 1549 5240 ejus.
1571 5173 1790 5227 Inimici
1810 5177 1937 5243 ejus
1955 5184 2093 5232 sunt

446 5256 625 5294 Inr‘mi
684 5263 736 5294 of
769 5258 1018 5294 ιπςηπιιιῖηἶ
1069 5260 1151 5294 vol
1183 5260 1666 5294 nmnooinl'ir‘n‘na
1716 5264 1811 5294 [νιηῖ
1838 5267 2086 5294 “Arna-sf]!

2199 4754 2436 4805 novum,
2468 4735 2869 4790 remissionem
2894 4738 3263 4807 peccatorum
3293 4730 3527 4793 habens,
3556 4719 3764 4807 illud

2201 4834 2315 4883 tem
2341 4802 2485 4881 nihil
2509 4825 2850 4894 hujusmodi
2880 4802 3072 4887 {nihil
3099 4821 3256 4878 enim
3284 4817 3514 4892 perfecit
3540 4813 3615 4866 lex
3630 4802 3761 4896 (ltiti...

2201 4917 2307 4981 19).
2340 4915 2481 4968 Illud
2514 4892 2750 4983 quidem
2784 4913 3130 4983 sanguinem
3163 4909 3474 4972 hircorum,
3520 4892 3762 4983 non

2200 4979 2276 5060 sti
2295 4979 2546 5057 habebat
2571 5021 2582 5068 ;
2617 5002 2724 5056 hoc
2747 4979 2962 5068 autem,
2987 4999 3286 5071 proprium
3316 4992 3631 5065 sanguinem
3650 4979 3764 5071 Chri'

2201 5092 2444 5149 st..i.lllud
2463 5091 2697 5160 quidem
2715 5107 2888 5144 manu
2900 5069 3109 5143 factum
3135 5069 3762 5160 habebat-tabernaculum

2200 5182 2306 5235 hoc
2331 5186 2525 5235 autem
2562 5196 2675 5233 non
2711 5179 3108 5232 manufactum
3141 5194 3152 5242 ;
3190 5192 3302 5229 non
3334 5172 3499 5232 enim,
3526 5161 3760 5292 inquitng

2201 5269 2552 5292 ._____--l‘.-,.LI..
2587 5267 2800 5292 ----a:...
2876 5270 3030 5292 tu“...
3063 5263 3319 5292 ξκιηηζηξι
3381 5258 3536 5292 {Halu-
3599 5266 3640 5292 ιτ
3685 5253 3759 5292 --¹.

2509 5269 2552 5294 :..
2587 5267 2800 5294 κηποι,
2876 5270 3030 5294 nm..-
3063 5263 3319 5294 ξτςικηςυςι
3381 5258 3536 5294 [ιιοΙηο
3599 5266 3640 5294 n'
3682 5253 3759 5294 23‘.

2201 5285 2552 5294 σιη..υιι-ι.ςηοιη
2587 5285 2685 5294 αλκ
