3976 5348
229 406 357 468 789

783 406 1198 471 EXPOSITIO
1242 408 1320 470 IN
1368 407 1794 471 EPISTOLAS
1839 407 2099 470 PAULI.
2130 409 2309 469 -ΙΝ
2355 410 2599 471 EPIST.
2650 412 2754 471 AD
2798 409 3033 470 HEBR.

3525 408 3643 468 790

230 541 473 597 duciam
506 557 609 613 per
637 541 981 612 sanguinem
1013 542 1228 597 Christi
1248 544 1542 613 mundari,
1569 560 1745 615 quam
1777 542 1883 607 illi,
1914 543 1967 609 Α
2000 543 2376 598 mundamur.
2411 545 2556 607 Quid
2590 548 2678 599 est
2707 544 2887 610 enim,
2920 543 3267 597 accedamus
3293 556 3425 595 cum
3450 538 3638 595 veraci

230 631 338 701 qui
370 630 679 685 carnaliter
709 631 932 685 hostias
963 631 1303 686 offerebant.
1341 634 1399 686 In
1449 637 1677 687 tantum
1728 633 1883 687 enim

229 721 520 788 majorem
554 720 829 774 ﬁduciam
881 720 1187 785 habemus,
1242 720 1301 775 in
1350 727 1636 793 quantum
1698 721 1884 793 magis

230 807 567 863 cohaeredes
582 807 767 862 eﬂ‘ecti
791 814 1083 873 sumus,et
1100 813 1263 863 tanta
1284 809 1590 864 dilectione
1610 810 1882 879 fruimur,

228 898 545 951 Introitum
578 900 942 965 sanctorum,
974 898 1128 967 quod
1163 898 1325 965 dicit,
1359 898 1594 969 cmlum,
1630 899 1750 954 sive
1782 916 1881 953 ac-

226 1001 469 1040 cessum
502 986 573 1040 ad
606 985 895 1056 spiritalia
927 985 1253 1057 intelligere
1309 988 1612 1043 debemus.
1675 988 1883 1045 Nullus

225 1074 391 1130 enim
424 1075 494 1128 ad
526 1076 678 1129 dona
707 1075 961 1143 Spiritus
985 1075 1167 1129 sancti
1190 1077 1487 1147 pervenire
1510 1077 1743 1141 valebit,
1770 1077 1880 1132 nisi

224 1181 336 1235 per
367 1164 564 1219 ﬁdem.
593 1185 620 1213 «
644 1166 827 1228 Quam
862 1163 1132 1230 initiavit,
1170 1165 1383 1235 inquit,
1407 1166 1558 1219 viam
1584 1183 1827 1222 novam:
1853 1187 1878 1219 η

220 1252 343 1308 hoc
364 1258 471 1319 est,
506 1252 739 1307 initium
760 1252 958 1307 utendi
983 1253 1161 1308 dedit.
1180 1254 1347 1308 Viam
1373 1271 1581 1309 novam
1604 1256 1761 1322 dicit,
1784 1273 1885 1327 per

219 1358 410 1412 quem
435 1342 559 1412 ipse
590 1341 860 1412 perrexit,
892 1341 1203 1396 tribuendo
1228 1342 1395 1397 nobis
1418 1344 1747 1415 exemplum
1772 1345 1880 1399 hu-

218 1430 541 1487 militatis:
577 1447 691 1485 non
724 1430 889 1501 sequi
922 1432 1296 1486 czeremonias
1328 1431 1491 1503 legis,
1521 1434 1620 1487 sed
1644 1434 1879 1488 satisfa-

222 1517 487 1573 ctionem
519 1518 664 1589 spei.
703 1518 951 1572 Dicendo
984 1522 1199 1586 autem,
1234 1542 1260 1567 «
1297 1535 1527 1585 novam,
1562 1544 1581 1567 »
1636 1527 1881 1576 conatur

224 1608 539 1662 ostendere
597 1613 809 1661 cuncta
862 1608 1085 1677 majora
1138 1624 1244 1663 nos
1302 1608 1535 1670 habere,
1587 1610 1878 1681 siquidem

223 1712 390 1751 nunc
416 1700 626 1767 apertas
662 1700 801 1750 sunt
819 1701 996 1767 porta:
1018 1696 1142 1751 caeli
1170 1699 1349 1767 :quod
1377 1714 1563 1769 neque
1584 1700 1876 1755 Abraham

224 1785 497 1857 contigit.
539 1786 646 1840 Sed
679 1786 964 1840 viventem
995 1785 1096 1839 illa
1123 1788 1366 1853 vocavit,
1402 1787 1510 1843 hoc
1539 1792 1629 1844 est
1688 1790 1876 1860 perfe-

226 1878 415 1941 ctam,
441 1880 878 1945 permanentem
908 1891 1009 1946 per
1030 1874 1292 1931 velamen
1314 1879 1582 1947 (l43-i),id
1607 1884 1713 1943 est,
1746 1896 1874 1933 car-
1908 1913 1954 1977 B

223 1980 367 2019 nem
404 1981 592 2019 suam.
628 1964 756 2018 Haec
801 1964 1014 2034 quippe
1054 1981 1185 2020 caro
1236 1967 1451 2021 secavit
1494 1967 1681 2038 primo
1725 1967 1875 2022 viam

220 2054 413 2109 illam.
448 2055 576 2124 Ipse
607 2058 803 2108 autem
838 2053 1126 2109 dedicavit
1154 2071 1303 2111 eam.
1339 2055 1636 2111 Dedicavit
1683 2061 1878 2112 autem

220 2142 389 2197 illam
421 2142 528 2196 hac
559 2142 819 2197 ratione:
852 2142 1129 2213 quoniam
1164 2143 1289 2214 ipse
1319 2144 1377 2198 in
1440 2162 1567 2199 eam
1601 2147 1872 2216 perrexit.

220 2230 638 2285 Velamentum
668 2235 864 2285 autem
893 2229 1100 2285 merito
1130 2233 1372 2299 vocavit,
1393 2232 1531 2304 quia
1562 2233 1705 2289 celat
1728 2235 1875 2288 divi-

222 2321 471 2375 nitatem
507 2336 519 2374 :
553 2335 686 2374 cum
720 2319 877 2373 enim
908 2318 1168 2375 elevatus
1198 2324 1287 2375 est
1337 2322 1394 2375 in
1453 2322 1683 2389 ccelum,
1741 2328 1875 2378 tunc

223 2413 631 2480 apparuerunt
661 2408 935 2463 caelestia.

298 2520 328 2546 «
363 2498 724 2553 Accedamus
776 2514 912 2552 cum
970 2514 1103 2553 vero
1163 2499 1334 2553 corde
1387 2499 1445 2553 in
1504 2500 1873 2571 plenitudine

225 2586 388 2652 ﬁdei,
421 2586 650 2658 aspersi
709 2586 884 2641 corda
933 2604 966 2641 a
1019 2586 1376 2643 conscientia
1436 2589 1611 2655 mala,
1662 2595 1720 2645 et
1773 2590 1870 2645 ab-

220 2674 333 2729 luti
393 2692 606 2747 corpus
664 2691 817 2745 aqua
874 2676 1115 2744 munda,
1183 2680 1487 2731 teneamus
1561 2679 1683 2749 spei
1766 2696 1871 2732 no-

216 2768 358 2818 stra:
418 2764 846 2819 confessionem
907 2764 1380 2819 indeclinabilem
1444 2766 1654 2831 (ﬁdelis
1714 2768 1869 2821 enim

205 2857 301 2908 est
326 2854 438 2924 qui
457 2851 833 2922 repromisit),
857 2856 914 2905 et
936 2852 1374 2907 consideremus
1395 2853 1640 2908 invicem
1665 2856 1721 2909 in
1747 2872 1871 2926 pro-

205 2940 526 2996 vocatione
554 2939 877 3005 charitatis,
908 2943 964 2993 et
992 2940 1276 2995 bonorum
1305 2957 1567 3011 operum.
1598 2964 1625 2990 »
1664 2944 1720 2996 [n
1755 2960 1871 3013 quo

214 3028 618 3084 accedamus?
638 3027 953 3083 Sanctitate
984 3028 1139 3095 ﬁdei,
1171 3028 1422 3100 spiritali
1449 3029 1677 3085 cultura
1700 3032 1757 3085 in
1781 3048 1871 3086 ve-

216 3116 342 3171 raci
377 3116 571 3181 corde,
603 3116 662 3170 in
692 3115 1055 3186 plenitudine
1084 3116 1239 3185 ﬁdei,
1276 3118 1411 3188 quia
1444 3118 1585 3173 nihil
1618 3124 1705 3174 est
1734 3120 1870 3174 visi-

213 3204 337 3260 bile
369 3204 607 3275 horum,
643 3220 831 3274 neque
864 3206 1154 3275 sacerdos,
1187 3206 1338 3260 sicut
1379 3207 1435 3261 in
1486 3210 1663 3263 veteri
1722 3209 1868 3279 lege,

1996 633 2166 686 corde
2190 632 2217 685 ‘I
2247 633 2362 687 Hoc
2394 638 2501 699 est,
2532 634 2658 688 sine
2689 632 3085 687 simulatione.
3123 630 3211 684 Va:
3243 630 3398 684 enim
3432 645 3632 699 pecca-

1996 722 2102 775 tori
2132 722 2475 793 ingredienti
2502 723 2731 777 duabus
2751 722 2877 775 viis.
2903 720 3055 775 Nihil
3082 719 3395 789 sit,inquit,
3423 718 3633 773 falsum

1994 810 2053 865 in
2085 812 2268 865 vobis.
2307 812 2429 865 Non
2462 811 2577 865 alia
2607 812 2841 882 quidem
2876 810 3162 872 dicamus,
3188 807 3303 862 alia
3324 824 3457 860 vera
3478 808 3633 877 cogi-

1992 904 2205 955 temus.
2240 905 2356 954 Hoc
2386 905 2474 954 est
2503 900 2678 954 etiam
2710 916 2825 953 non
2879 899 2998 953 veri
3053 896 3264 953 cordis.
3312 900 3430 949 Hoc
3478 896 3633 949 enim

1995 990 2364 1044 mendacium
2382 985 3362 1060 nequissimum,pusillanimisest;
3382 1002 3493 1039 non
3513 1000 3634 1039 cre-

1993 1079 2183 1133 dendo
2210 1078 2364 1132 enim
2400 1077 2855 1149 pusillanimitas
2887 1076 3153 1129 efﬁcitur.
3190 1074 3307 1128 Hoc
3338 1078 3425 1128 est
3454 1073 3631 1139 enim,

1993 1184 2094 1238 per
2125 1168 2298 1221 ﬁdem
2330 1183 2635 1237 aspergere
2666 1166 2860 1220 corda.
2906 1187 2933 1212 «
2962 1164 3169 1218 Fidelis
3202 1165 3356 1218 enim
3390 1168 3473 1217 est
3531 1162 3633 1232 qui

1991 1256 2323 1327 repromisit
2352 1274 2363 1311 :
2398 1261 2454 1310 et
2485 1255 2922 1310 consideremus
2954 1253 3197 1307 invicem
3241 1253 3298 1305 in
3360 1268 3636 1323 provoca-

1990 1345 2147 1399 tione
2181 1344 2483 1399 cbaritatis
2516 1345 2871 1398 etbonorum
2898 1359 3159 1413 operum.
3190 1364 3214 1389 »
3240 1340 3470 1407 Fidelis,
3499 1340 3636 1410 quia

1992 1450 2105 1488 non
2140 1432 2326 1499 fallit;
2365 1434 2517 1486 unde
2548 1432 2607 1485 in
2654 1431 2765 1486 alio
2815 1431 2937 1486 loco
2979 1430 3153 1485 dicit:
3217 1450 3245 1479 «
3280 1427 3488 1483 Fidelis
3546 1432 3636 1483 est

1990 1527 2163 1583 Deus,
2191 1539 2292 1592 per
2315 1538 2488 1592 quem
2512 1519 2693 1575 vocati
2722 1520 2861 1575 estis
2909 1522 2951 1587 (l
2982 1520 3100 1573 Cor.
3156 1537 3192 1579 ι,
3233 1519 3295 1583 9;
3351 1517 3527 1571 Thess.
3576 1534 3629 1583 v,

1988 1612 2098 1681 2i).
2130 1634 2154 1658 ››
2187 1610 2474 1676 Quoniam
2505 1612 2729 1681 oportet
2760 1609 2843 1663 ire
2875 1608 3034 1675 illuc,
3066 1612 3122 1662 et
3172 1606 3387 1661 intrare
3433 1606 3490 1659 in
3544 1621 3631 1660 re-

1990 1717 2193 1771 gnum.
2225 1699 2379 1753 Nihil
2402 1699 2583 1769 igitur
2604 1697 2903 1762 seruteris,
2930 1712 3118 1767 neque
3150 1696 3402 1751 rationes
3424 1710 3628 1766 exspe-

1987 1794 2139 1855 ctes;
2167 1790 2277 1843 ﬁde
2310 1805 2456 1859 opus
2488 1787 2704 1841 habent
2733 1790 2941 1840 nostrae
2974 1802 3161 1839 causa:
3188 1802 3199 1839 :

2060 1899 2087 1926 ‹‹
2124 1878 2569 1931 Consideremus
2602 1876 2846 1930 invicem
2870 1875 2926 1928 in
2952 1874 3357 1945 provocatione
3380 1873 3629 1926 charita-

1988 1966 2085 2021 tis.
2117 1990 2143 2015 »
2166 1966 2312 2031 Quid
2337 1971 2443 2035 est,
2468 1964 2944 2020 consideremus?
2981 1964 3037 2017 ld
3094 1967 3183 2018 est
3232 1961 3631 2032 intelligamus

1989 2058 2143 2128 quod
2173 2056 2232 2110 in
2258 2056 2612 2127 quibusdam
2637 2052 3031 2108 codicibusita
3053 2051 3287 2123 legitur.
3312 2052 3387 2104 Ac
3413 2050 3460 2104 si
3486 2049 3633 2104 dice-

1989 2150 2112 2201 ret:
2148 2144 2457 2216 Siquisest
2479 2143 2693 2197 virtute
2730 2142 3025 2213 praeditus,
3061 2141 3217 2194 hunc
3255 2140 3545 2203 imitetur;
3572 2138 3627 2191 in

1986 2251 2119 2291 eum
2154 2234 2549 2297 intendamus,
2584 2231 2972 2303 utdiligamus
2990 2236 3046 2284 et
3065 2229 3515 2300 deligamur;ex
3537 2227 3629 2281 di-

1986 2322 2227 2377 lectione
2252 2322 2466 2393 quippe
2491 2322 2643 2375 bona
2660 2337 2835 2391 opera
2856 2319 3022 2373 ﬁunt.
3044 2317 3187 2381 Quid
3204 2323 3313 2381 est,
3330 2317 3399 2371 ad
3426 2332 3628 2387 provo-

1984 2412 2272 2468 cationem
2297 2410 2596 2464 charitatis
2614 2410 2640 2463 ?
2661 2408 2929 2479 Amplius
2951 2406 3191 2477 diligere
3216 2410 3270 2458 et
3302 2404 3482 2475 diligi.
3508 2427 3533 2452 ‹‹
3561 2403 3629 2457 Et

1984 2502 2269 2556 bonorum
2290 2515 2589 2570 operumzn
2616 2501 2679 2551 ut
2702 2497 2756 2549 in
2777 2496 2883 2550 hoc
2900 2496 3154 2549 habeant
3171 2492 3622 2547 aemulationem.

1984 2591 2191 2645 Facere
2212 2588 2369 2644 enim
2390 2604 2566 2658 quam
2586 2583 3040 2653 dicere,majoris
3053 2581 3284 2637 virtutis
3296 2585 3404 2636 est.
3431 2584 3625 2645 Quan-

1980 2685 2105 2734 tum
2131 2680 2200 2733 ad
2225 2678 2545 2733 doctrinam
2563 2673 3051 2745 pertinet,multos
3074 2671 3301 2725 habetis
3324 2671 3499 2725 etiam
3520 2686 3623 2723 vos

1982 2770 2247 2822 doctores
2278 2765 2336 2819 in
2368 2769 2558 2819 vestra
2588 2762 2965 2817 multitudine
3000 2776 3099 2832 per
3124 2777 3298 2831 opera
3328 2760 3456 2830 ipsa
3512 2758 3620 2812 hoc

1981 2856 2280 2911 facientes.

2052 2967 2078 2993 «
2112 2945 2234 2997 Non
2265 2944 2602 2998 deserentes
2625 2938 3025 2995 collectionem
3046 2942 3327 3005 nostram,
3355 2936 3507 2991 sicut
3534 2940 3624 2990 est

1981 3030 2425 3087 consuetudinis
2450 3029 2833 3100 quibusdam,
2860 3026 2959 3080 sed
2979 3024 3369 3092 consolantes,
3395 3026 3452 3078 et
3476 3026 3633 3076 tanto

1980 3120 2193 3191 magis,
2227 3123 2448 3189 quanto
2480 3116 2742 3171 videritis
2775 3114 3342 3186 appropinquantem
3395 3112 3572 3167 diem.
3602 3134 3627 3159 ››

1982 3211 2228 3280 Aliquos
2260 3210 2315 3262 in
2352 3208 2462 3262 hoc
2486 3206 2612 3261 loco
2638 3221 2751 3259 non
2769 3204 2957 3258 solum
2976 3202 3303 3268 admonuit,
3331 3202 3427 3256 sed
3455 3200 3631 3255 etiam

216 3310 563 3366 quanquam
580 3311 686 3349 nec
704 3295 976 3349 sacerdos
996 3294 1297 3367 ingressus
1317 3304 1405 3351 est
1424 3296 1481 3351 in
1501 3302 1723 3353 sancta.
1760 3299 1869 3353 Sed
1902 3279 1944 3345 Ο
1983 3279 2155 3353 tacite
2182 3296 2459 3368 culpavit.
2494 3293 2760 3349 Charitas
2786 3292 3246 3347 incrementatur
3270 3306 3370 3361 per
3390 3304 3633 3359 congre-

215 3383 401 3439 etiam
421 3382 559 3453 quia
576 3398 681 3437 nos
706 3381 1387 3454 intravimus,propterea
1402 3385 1454 3438 in
1476 3386 1872 3441 satisfactione

218 3472 356 3526 ﬁdei
387 3488 401 3538 ;
436 3488 548 3525 non
582 3488 716 3525 cum
751 3470 1117 3525 haesitatione
1147 3471 1373 3542 (quales
1399 3479 1539 3527 sunt
1562 3491 1715 3528 nunc
1738 3474 1870 3545 plu-

220 3560 361 3615 rimi
394 3561 673 3629 dicentes,
708 3560 986 3630 quoniam
1022 3562 1412 3630 quorumdam
1458 3562 1567 3616 erit
1614 3580 1869 3618 resurre-

220 3648 361 3715 ctio,
397 3649 789 3720 quorumdam
824 3652 1019 3703 autem
1053 3650 1191 3719 non)
1223 3649 1331 3703 hoc
1382 3656 1491 3717 est,
1543 3669 1657 3706 non
1714 3653 1867 3723 ﬁdei,

222 3738 460 3808 inquit;
492 3737 573 3792 sic
605 3754 711 3791 nos
741 3741 969 3807 oportet
999 3738 1231 3791 credere
1262 3738 1332 3792 de
1366 3738 1782 3806 invisibilibus,
1815 3747 1872 3795 et

222 3827 421 3882 adhuc
443 3824 719 3897 amplius.
746 3826 847 3879 Hic
868 3825 1106 3894 quidem
1141 3842 1315 3880 sensu
1340 3827 1727 3897 percipimus:
1755 3829 1871 3883 illic

223 3920 421 3970 autem
445 3914 680 3985 spiritu.
708 3936 735 3964 «
757 3914 991 3985 Aspersi
1025 3914 1243 3969 cordaa
1266 3916 1620 3971 conscientia
1642 3918 1813 3973 mala.
1844 3942 1869 3967 ››

221 4002 495 4059 Ostendit
526 4002 665 4074 quia
690 4018 804 4057 non
834 4002 979 4057 ﬁdes
998 4000 1140 4071 sola,
1157 4004 1257 4057 sed
1272 4002 1447 4058 etiam
1472 4004 1587 4059 vita
1606 4021 1738 4059 cum
1754 4007 1868 4061 vir-

220 4097 345 4148 tute
377 4093 681 4163 quaeritur,
714 4097 770 4146 et
799 4096 864 4145 ut
893 4090 1038 4145 nihil
1071 4091 1182 4145 sibi
1214 4092 1465 4163 quisque
1495 4095 1764 4149 conscius
1795 4096 1873 4150 sit

221 4179 764 4252 malignitatis.Non
798 4179 951 4235 enim
986 4180 1327 4251 suscipiunt
1353 4197 1486 4235 cum
1509 4181 1873 4253 plenitudine

222 4269 355 4324 ﬁdei
392 4273 597 4324 sancta
626 4266 687 4337 ii,
721 4268 823 4337 qui
856 4268 1072 4323 nonita
1095 4268 1451 4324 afﬁciuntur.
1483 4270 1691 4327 Nullus
1715 4272 1869 4327 enim

222 4357 665 4429 ingrediebatur
688 4356 745 4410 in
771 4360 993 4422 sancta,
1018 4356 1067 4411 si
1090 4356 1243 4413 lotus
1268 4375 1382 4413 non
1408 4359 1631 4415 fuisset.
1655 4362 1723 4416 Et
1750 4362 1874 4416 nul-

222 4445 314 4501 lus
336 4446 627 4518 profanus
649 4444 1047 4516 ingrediturin
1072 4444 1229 4499 illam
1253 4446 1541 4502 ccelestem
1564 4450 1872 4517 visionem,

226 4535 337 4590 nisi
376 4535 543 4606 prius
576 4551 679 4605 per
708 4533 1110 4605 paenitentiam
1142 4533 1298 4589 lotus
1330 4535 1522 4590 fuerit.
1558 4538 1642 4590 Illi
1677 4544 1870 4594 autem

1982 3389 2311 3459 gationem;
2348 3386 2501 3439 unde
2533 3382 2817 3437 Dominus
2840 3380 2950 3435 ait:
2979 3402 3006 3429 «
3026 3379 3132 3434 Ubi
3158 3378 3375 3433 fuerint
3400 3378 3515 3431 duo
3537 3376 3625 3430 vel

1980 3482 2101 3531 tres
2133 3472 2465 3545 congregati
2502 3472 2558 3525 in
2592 3469 2827 3525 nomine
2860 3485 3011 3535 meo,
3044 3467 3121 3522 ibi
3156 3484 3287 3521 sum
3321 3467 3378 3519 in
3433 3466 3623 3521 medio

1982 3584 2180 3622 eorum
2207 3564 2417 3636 (Matth.
2444 3579 2607 3627 xviii,
2637 3562 2763 3626 20);
2796 3584 2818 3605 ››
2844 3565 2899 3612 et
2922 3557 3295 3611 Ecclesiastes
3321 3573 3334 3611 :
3379 3556 3625 3609 «Frater

1981 3655 2198 3726 quippe
2229 3671 2261 3707 a
2294 3653 2467 3706 fratre
2487 3650 2747 3719 adjutus,
2779 3648 2942 3719 quasi
2970 3647 3171 3701 civitas
3196 3645 3421 3699 munita
3441 3646 3623 3712 (Prov.

1980 3761 2139 3812 xvm,
2167 3744 2275 3811 19).
2306 3740 2622 3810 nMagnum
2649 3736 2864 3808 quippe
2889 3737 3102 3791 bonum
3126 3739 3215 3789 est
3237 3734 3627 3805 congregatio.

1983 3834 2174 3904 ipsam
2200 3845 2454 3897 namque
2472 3826 2812 3882 cbaritatem
2830 3830 3104 3895 operatur
3118 3822 3518 3877 ferventiorem
3541 3836 3631 3891 gex

1982 3936 2049 3973 ea
2069 3923 2282 3973 cuncta
2304 3916 2529 3987 optima
2551 3918 2923 3985 generantur.
2946 3911 3100 3965 Nihil
3128 3927 3381 3982 namque
3403 3910 3625 3964 bonum

1983 4012 2090 4073 est,
2112 4006 2268 4077 quod
2296 4021 2407 4059 non
2428 4020 2530 4074 per
2550 4002 2891 4057 cbaritatem
2917 4002 2997 4053 ﬁt.
3018 4001 3193 4053 Istam
3218 4000 3396 4069 igitur
3415 3998 3626 4053 conﬁr-

1979 4094 2484 4151 memusinvicem.
2514 4090 2819 4145 Plenitudo
2843 4088 2989 4159 legis
3014 4088 3289 4143 charitas.
3315 4088 3439 4141 Non
3465 4088 3619 4141 enim

1983 4185 2179 4240 labore
2203 4199 2350 4254 opus
2372 4180 2790 4249 babemus,aut
2812 4178 3147 4232 sudoribus.
3174 4176 3231 4231 Si
3250 4175 3629 4230 dilexerimus

1984 4272 2254 4336 invicem,
2275 4274 2599 4343 spontanea
2616 4267 2787 4322 nobis
2812 4267 2903 4321 via
2922 4265 3310 4337 prosternitur
3324 4264 3544 4318 ducens
3560 4264 3631 4317 ad

1983 4364 2280 4416 virtutem.
2304 4357 2885 4430 Appropinquantem
2912 4354 3088 4424 diem,
3118 4354 3271 4425 quod
3295 4353 3458 4415 dicit,
3484 4350 3629 4405 illud

1984 4455 2092 4516 est,
2109 4450 2263 4521 quod
2281 4448 2338 4501 in
2356 4446 2604 4517 alioloco
2621 4445 2772 4499 idem
2790 4442 3283 4515 Apostolusdicit:
3307 4466 3326 4489 ιι
3346 4440 3629 4495 Dominus

1984 4556 2161 4612 prope
2183 4535 2445 4599 est,nihil
2464 4534 2707 4590 sollicite
2726 4533 2856 4587 sitis
2874 4534 3289 4603 (Philipp.iv,5.
3313 4532 3368 4598 6)
3388 4548 3399 4597 ;
3419 4553 3445 4578 ››
3471 4546 3627 4584 nunc

230 4639 444 4695 corpus
474 4623 881 4694 aspergebant,
906 4638 1013 4677 nos
1044 4623 1483 4681 conscientiam.
1516 4628 1702 4690 Quare
1760 4646 1875 4684 non
1908 4642 1953 4705 ι)
1986 4633 2180 4684 autem
2214 4625 2579 4697 propinquus
2608 4622 2776 4677 nobis
2807 4626 2894 4675 est
2917 4622 3099 4692 (1436)
3125 4639 3137 4687 ;
3162 4619 3367 4674 salutis
3397 4623 3629 4688 tempus

233 4712 698 4781 dixit,mundati,
725 4715 781 4766 et
811 4710 1034 4782 aspersi
1054 4711 1489 4767 ‘IDiﬁ‘erentiam
1515 4717 1873 4786 aspersionis

230 4801 431 4857 volens
461 4801 783 4871 ostendere,
818 4800 947 4855 ideo
974 4800 1234 4871 protulit,
1290 4823 1310 4851 α
1348 4804 1642 4873 aspersi.»
1699 4806 1864 4861 Aliud

234 4889 469 4960 quidem
502 4905 630 4945 esse
655 4889 754 4944 Dei
783 4908 795 4957 ;
831 4888 990 4943 aliud
1051 4894 1245 4945 autem
1288 4896 1574 4947 nostrum.
1606 4894 1876 4954 ,Abluere

235 4980 470 5051 quippe,
500 4982 557 5034 et
588 4994 916 5049 aspergere,
950 4979 1048 5033 Dei
1082 4984 1169 5035 est
1196 4997 1209 5047 ;
1238 4996 1371 5034 cum
1402 4984 1642 5037 veritate
1681 4990 1874 5040 autem

238 5068 527 5134 recedere,
560 5072 616 5123 et
645 5066 1007 5139 plenitudine
1030 5068 1184 5135 ﬁdei,
1214 5085 1343 5123 cum
1368 5073 1556 5142 gratia
1592 5072 1752 5128 illius
1784 5092 1879 5131 no-

235 5158 423 5211 strum
455 5161 562 5212 est.
620 5178 649 5206 «
682 5157 753 5209 Et
811 5154 1082 5228 abluti,»
1134 5157 1346 5228 inquit,
1401 5182 1429 5209 «
1462 5178 1673 5233 corpus
1725 5180 1879 5236 aqua

782 5260 853 5264 -_.-
888 5244 1226 5266 L-..1.',..-_A!

1979 4721 2103 4790 jam
2137 4714 2539 4770 abbreviatum
2569 4716 2658 4766 est
2696 4711 2869 4780 (Rom.
2908 4728 2980 4776 1x,
3008 4710 3117 4775 ‘25).

2053 4830 2081 4857 «
2115 4803 2454 4859 Voluntaria
2483 4800 2639 4855 enim
2670 4799 3045 4869 peccantibus
3095 4796 3263 4849 nobis
3296 4799 3426 4865 post
3468 4812 3627 4848 acce-

1990 4902 2149 4970 ptam
2175 4892 2442 4953 notitiam
2463 4888 2870 4957 veritatis,jam
2890 4905 3003 4942 non
3021 4884 3370 4954 relinquitur
3384 4901 3484 4954 pro
3504 4900 3634 4954 psc-

1987 4984 2132 5041 catis
2158 4980 2372 5037 hostia.
2402 5004 2428 5029 ››
2455 4980 2580 5035 Non
2602 4977 2757 5031 enim
2776 4980 2864 5029 est
2880 4976 3077 5032 hostia
3100 4972 3378 5027 secunda.
3396 4973 3497 5025 Hic
3528 4974 3639 5025 ite-

1988 5090 2119 5130 rum
2151 5086 2402 5141 exsurgu
2416 5075 2495 5139 nt,
2509 5068 2607 5138 qui
2625 5064 3027 5139 paenitentiam
3045 5061 3339 5116 auferunt.
3354 5060 3639 5127 Quoniam

1988 5166 2046 5219 in
2072 5162 2179 5216 hoc
2203 5176 2318 5215 non
2344 5158 2745 5231 paenitentiam
2777 5156 3060 5218 excludit,
3091 5166 3273 5219 neque
3289 5149 3646 5224 propitiatio-

2915 5266 2961 5270 __-
3002 5253 3193 5270 annua
3213 5240 3433 5270 “Annuit
3478 5245 3522 5270 ΛΙ
3553 5237 3656 5270 ΑΩ-

2226 5265 2304 5270 --μ
2348 5250 2403 5270 Di
2436 5264 2537 5270 μ-..
2561 5249 2808 5270 “Mallum”
