3976 5348
367 407 483 471 791

1387 398 1724 468 ATTONIS
1766 400 2351 465 VERGELLENSIS
2398 402 2749 465 EPISGOPI

3662 404 3768 462 792

370 546 460 599 est
490 540 766 598 inimicus
797 539 1005 596 salutis
1035 544 1265 598 nostrae.
1300 541 1410 596 Sed
1442 540 1630 611 quid?
1677 537 2010 595 Secundum
2044 537 2097 603 Α
2131 538 2321 590 totum
2357 536 2666 592 aediﬁcium
2699 536 2997 592 subvertet
3025 550 3261 592 necesse
3290 539 3398 591 est.
3461 537 3772 606 Propterea

372 630 628 687 excludit
652 630 970 686 lavacrum.
1006 631 1128 686 Non
1162 630 1315 686 enim
1349 630 1513 696 dixit,
1564 646 1678 684 non
1728 631 1816 682 est
1866 626 2018 680 ultra

373 720 734 792 poenitentia,
768 734 955 790 neque
986 719 1151 783 dixit,
1178 719 1330 774 ultra
1354 736 1467 774 non
1495 723 1581 773 est
1604 717 1891 785 remissio,
1917 716 2015 771 sed

374 809 591 874 hostia,
624 808 838 880 inquit,
872 826 985 863 non
1009 813 1098 863 est
1122 827 1133 874 ;
1161 809 1268 863 hoc
1295 813 1401 875 est,
1428 825 1565 863 crux
1588 808 1741 861 ultra
1762 805 2021 861 secunda

377 916 492 954 non
523 902 631 955 est.
667 897 925 953 Hostiam
963 898 1181 970 quippe
1214 898 1361 952 hanc
1393 903 1574 951 vocat.
1611 897 1733 952 Una
1766 911 2019 965 namque

379 986 604 1060 perﬁcit
634 986 693 1040 in
728 990 1077 1057 perpetuum
1102 1002 1221 1051 eos,
1254 987 1351 1057 qui
1376 986 1818 1041 sanctiﬁcantur
1838 984 2018 1053 (Hebr.

377 1076 567 1148 1,14).
591 1075 717 1131 Non
738 1074 891 1131 sicut
911 1075 1187 1130 Judaicae.
1220 1074 1367 1129 Illud
1389 1075 1542 1145 quod
1564 1074 1617 1127 in
1638 1074 1746 1127 hac
1770 1071 2024 1144 Epistola

378 1164 480 1236 qui
510 1163 851 1236 diligentius
882 1168 1259 1235 pertractant,
1286 1164 1369 1219 sic
1402 1162 1758 1234 intelligunt,
1794 1167 1858 1216 ut
1908 1177 2020 1215 non

382 1255 453 1309 de
484 1252 769 1309 sacriﬁcio
800 1252 1175 1307 contribulati
1227 1268 1330 1323 per
1380 1251 1782 1323 paenitentiam
1832 1250 2025 1306 cordis

378 1342 784 1413 accipiendum
816 1342 893 1396 sit
916 1342 1071 1413 quod
1106 1341 1325 1395 dictum
1358 1347 1466 1406 est,
1522 1358 1635 1395 non
1682 1340 1871 1395 adhuc
1922 1356 2023 1411 pro

380 1431 635 1503 peccatis
667 1430 1018 1502 relinquitur
1046 1430 1400 1485 sacriﬁcium
1429 1447 1441 1496 ;
1475 1430 1576 1484 sed
1610 1430 1680 1483 de
1712 1427 2023 1493 sacriﬁcio,

380 1521 453 1575 do
477 1536 591 1591 quo
614 1517 1114 1589 tuncloquebatur
1138 1518 1470 1589 Apostolus,
1499 1518 1553 1572 id
1576 1523 1666 1572 est
1688 1517 2024 1572 holocausto

382 1608 692 1663 Dominicm
712 1607 1192 1678 passionis,quod
1216 1624 1281 1662 eo
1304 1613 1565 1678 tempore
1587 1608 1751 1661 otI‘ert
1776 1607 2026 1677 quisque

381 1714 483 1770 pro
516 1695 787 1767 peccatis,
818 1712 933 1765 quo
957 1696 1219 1764 ejusdem
1248 1695 1540 1766 passionis
1564 1696 1676 1750 ﬁde
1701 1695 2023 1763 dedicatur,

380 1790 435 1841 et
451 1785 915 1840 Christianorum
932 1784 1189 1839 ﬁdelium
1212 1785 1446 1839 nomine
1468 1785 1797 1855 baptizatus
1814 1783 2024 1838 imbui-

380 1879 496 1930 tur.
529 1878 595 1928 Et
622 1873 732 1928 hoc
759 1873 1051 1945 signiﬁcat
1080 1874 1397 1945 Apostolus
1461 1891 1574 1927 non
1632 1890 1803 1944 posse
1861 1873 2023 1927 dein-
2061 1908 2105 1971 Β

380 1962 685 2035 ceps,dum
701 1962 1262 2033 peccaverit,iterum
1279 1962 1627 2033 baptizando
1642 1962 2028 2034 purgari.0uo

380 2051 679 2108 intellectu
698 2068 809 2106 non
826 2050 1239 2106 intercluditur
1253 2051 1567 2123 paenitendi
1582 2050 1764 2106 locus.
1778 2053 1856 2105 Ita
1870 2068 2029 2118 sane,

382 2145 448 2197 ut
478 2155 599 2207 eos,
632 2140 731 2211 qui
764 2140 1023 2194 nondum
1058 2139 1332 2210 haptizati
1378 2145 1538 2210 sunt,
1601 2140 1859 2194 nondum
1912 2140 2030 2210 ple-

376 2247 511 2286 nam
535 2228 839 2284 scientiam
854 2228 1117 2283 veritatis
1140 2228 1527 2299 accepisse,ut
1548 2234 1603 2283 et
1621 2230 1746 2297 jam
1774 2230 2033 2299 baptiza-

374 2317 864 2389 tus,intelligatur
892 2318 1229 2389 (1/136).Non
1255 2323 1449 2372 autem
1468 2318 1662 2372 omnis
1679 2318 2030 2389 baptizatus,

376 2408 551 2464 etiam
566 2406 1129 2462 scientiamveritatis
1144 2406 1626 2477 accepit,propter
1640 2422 1821 2477 quoru
1833 2407 2028 2460 mdam

376 2496 755 2570 posteriorem
785 2500 1140 2567 provectum,
1174 2494 1260 2549 vel
1295 2496 1689 2549 miserabilem
1726 2496 2025 2568 negligen-

379 2586 544 2640 tiam.
573 2586 640 2639 Et
658 2588 853 2638 tamen
888 2582 1032 2637 illud
1056 2583 1409 2638 sacriﬁcium
1434 2584 1504 2637 de
1524 2600 1636 2654 quo
1658 2583 2028 2655 loquebatur,

382 2674 442 2728 id
472 2677 580 2735 est,
603 2672 1011 2727 holocaustum
1036 2671 1284 2738 Domini,
1306 2674 1458 2743 quod
1481 2678 1619 2728 tunc
1639 2691 1740 2744 pro
1764 2690 2028 2745 unoquo-

382 2779 494 2835 que
510 2762 1344 2833 oﬁ‘erturquodammodo,cum
1362 2762 1488 2831 ejus
1506 2763 1739 2816 nomine
1754 2763 2026 2833 baptizan

382 2853 454 2907 do
478 2853 761 2922 signatur,
797 2851 1032 2918 iterum,
1052 2850 1097 2904 si
1128 2852 1664 2921 peccaverit,offerri
1684 2869 1795 2905 non
1819 2857 2025 2922 potest.

381 2941 505 2998 Non
531 2940 686 2995 enim
711 2944 958 3011 possunt
980 2940 1169 2994 denuo
1188 2939 1488 3009 baptizari,
1515 2940 1614 3011 qui
1638 2940 1815 2994 semel
1842 2941 2025 3012 bapti-

383 3029 491 3085 zati
513 3028 946 3099 sunt.quamvis
959 3029 1132 3083 etiam
1149 3029 1541 3099 postbaptism
1555 3046 1649 3083 um
1668 3030 2025 3101 perignoran

379 3118 523 3173 tiam
557 3118 819 3172 veritatis
840 3117 1217 3188 peccaverint.
1241 3118 1419 3189 (1437)
1445 3118 1529 3172 Ita
1550 3120 1633 3183 ﬁt,
1662 3124 1724 3172 ut
1748 3119 2024 3189 quoniam

382 3210 509 3263 sine
522 3206 813 3276 baptismo
832 3221 1001 3260 nemo
1022 3210 1172 3260 recte
1185 3206 1398 3260 dicitur
1414 3206 1706 3275 accepisse
1720 3208 2020 3261 scientiam

2129 623 2236 681 hoc
2269 625 2409 679 dicit
2439 625 2715 691 Hebrazis,
2749 627 2886 697 quia
2915 643 2983 681 ex
3004 626 3156 681 Novo
3179 627 3566 681 Testamento
3590 624 3665 678 ad
3692 641 3769 678 sa-

2128 714 2450 769 cerdotium
2475 720 2639 769 vetus
2655 714 2976 770 declinasse
2997 714 3671 783 videbantur.«ldeoque
3694 730 3772 767 re—

2131 803 2448 867 mittentes,
2482 803 2693 875 inquit,
2742 804 2891 858 initii
2939 803 3155 859 Christi
3208 804 3475 873 verbum,
3530 804 3591 856 in
3649 819 3774 856 con-

2130 892 2585 946 summationem
2644 894 3052 963 respiciamus,
3105 910 3175 948 ne
3223 892 3434 947 iterum
3488 892 3777 962 jacieutes

2134 981 2579 1036 fundamentum
2614 982 2965 1052 pmnitentite
2988 1000 3020 1037 a
3043 983 3290 1037 mortuis
3311 982 3617 1053 operibus,
3648 986 3707 1035 et
3724 982 3779 1034 ﬁ-

2132 1070 2223 1124 dei
2245 1069 2735 1133 inDeum,lavacri
2753 1071 3454 1142 doctrinae,impositionis
3470 1086 3782 1133 manuum,

2134 1158 2579 1213 resurrectionis
2611 1160 2789 1213 etiam
2821 1164 3208 1225 mortuorum,
3237 1165 3293 1214 et
3316 1158 3531 1230 judicii
3593 1157 3785 1212 aeterni

2136 1248 2318 1317 (Hebr.
2352 1263 2426 1311 VI,
2455 1249 2502 1314 1,
2534 1250 2610 1317 2).
2637 1271 2664 1297 η
2693 1249 2809 1302 Ista
2834 1248 3103 1303 omniain
3130 1249 3425 1320 baptismo
3450 1248 3783 1313 traduntur,

2135 1353 2262 1406 quae
2290 1342 2462 1408 negat
2490 1354 2618 1392 esse
2651 1338 2982 1409 repetenda,
3018 1338 3222 1409 utique
3254 1339 3313 1392 in
3362 1337 3779 1393 consecrandis

2136 1425 2443 1481 ﬁdelibus:
2480 1444 2617 1480 nam
2651 1427 2708 1480 in
2740 1426 2897 1481 verbi
2924 1426 3024 1481 Dei
3056 1427 3423 1494 tractatione,
3459 1433 3641 1498 atque
3680 1427 3782 1480 do-

2136 1514 2323 1569 ctrina
2346 1532 2460 1569 non
2484 1515 2693 1570 iterum
2717 1520 2969 1583 tantum,
2994 1517 3093 1570 sed
3120 1515 3335 1587 saepius
3357 1515 3607 1570 dicenda
3626 1522 3785 1582 sunt,

2136 1604 2288 1659 sicut
2310 1620 2527 1671 rerum,
2552 1606 2621 1659 de
2648 1604 2862 1676 quibus
2888 1605 3220 1673 disseritur,
3248 1606 3664 1676 opportunitas
3686 1606 3785 1659 ﬂa-

2136 1694 2300 1765 gitat.
2328 1718 2352 1741 ‹‹
2379 1695 2681 1749 Terribilis
2701 1700 2894 1749 autem
2922 1695 3189 1764 quadam
3213 1700 3302 1749 est
3322 1696 3791 1765 exspectatioju-

2137 1782 2296 1848 dicii,
2330 1788 2387 1837 et
2420 1782 2574 1853 ignis
2608 1783 2923 1847 zemulatio,
2957 1800 3085 1854 quae
3117 1772 3554 1854 consumptura
3586 1789 3677 1836 est
3697 1783 3791 1836 ad-

2136 1870 2443 1925 versarios.
2476 1893 2503 1920 »
2527 1872 2644 1926 Hoc
2664 1873 2719 1925 iu
2744 1872 2867 1927 loco
2889 1871 3205 1943 Apostolus
3236 1876 3565 1926 extremum
3587 1870 3790 1941 judicii

2142 1960 2321 2026 diem,
2353 1960 2472 2015 sive
2504 1961 2697 2031 ignem
2716 1966 3063 2033 perpetuum
3098 1960 3587 2015 manifestissime
3606 1960 3791 2015 decla-

2143 2052 2251 2103 rat.
2266 2050 2427 2113 «Quaa
2443 2066 2684 2104 consum
2696 2056 2869 2122 ptura
2880 2055 2969 2105 est
2985 2050 3496 2105 adversarios.»Ad
3507 2066 3573 2103 ve
3584 2049 3791 2104 rsarios

2141 2139 2297 2192 enim
2323 2156 2437 2193 non
2462 2138 2724 2194 inﬁdeles
2746 2139 2884 2193 dicit
2905 2139 3264 2206 tantum,sed
3287 2138 3465 2193 etiam
3491 2138 3784 2192 contraria

2140 2227 2339 2281 virtuti
2366 2234 2623 2299 agentes,
2658 2228 2954 2283 daemones
3002 2226 3290 2292 videlicet,
3324 2244 3425 2285 seu
3457 2226 3786 2285 hereticos.

2140 2316 2227 2372 vel
2259 2333 2463 2371 omnes
2497 2316 2647 2372 male
2680 2332 2918 2388 agentes
2948 2316 3365 2385 concremabit,
3398 2316 3543 2380 sive,
3569 2316 3719 2387 quia
3742 2323 3791 2369 et

2141 2405 2490 2460 domesticos
2521 2411 2577 2459 et
2608 2406 2946 2471 familiares,
2979 2406 3132 2461 idem
3166 2406 3289 2477 ipse
3338 2405 3493 2476 ignis
3546 2404 3795 2475 accipiat

2140 2494 2315 2548 etiam
2351 2495 2697 2549 contrarios.

2212 2584 2395 2655 (1438)
2426 2607 2451 2632 ‹‹
2484 2584 2710 2639 Irritam
2744 2585 2845 2656 qui
2879 2584 3050 2639 faciet
3080 2584 3266 2657 legem
3292 2583 3497 2655 Moysi,
3528 2584 3662 2639 sine
3686 2582 3800 2637 ulla

2140 2672 2513 2727 miseratione
2544 2673 2796 2737 duobus,
2829 2674 2915 2728 vel
2985 2674 3175 2727 tribus
3239 2674 3490 2728 testibus
3548 2674 3800 2727 moritur

2138 2763 2316 2832 (Deut.
2349 2779 2485 2830 xvu,
2518 2763 2593 2831 6).
2625 2784 2652 2811 »
2684 2762 2819 2817 Sine
2852 2763 3253 2827 miseratione,
3288 2762 3501 2833 inquit,
3543 2768 3609 2817 ut
3642 2761 3801 2816 nulla

2140 2850 2215 2904 sit
2246 2849 2431 2920 venia,
2458 2850 2620 2905 nulla
2651 2852 2723 2905 sit
2747 2851 3177 2917 misericordia;
3209 2869 3552 2923 quanquam
3578 2852 3801 2922 Moysis

2137 2944 2291 2994 esset
2319 2940 2419 2994 illa
2452 2940 2560 3005 lex,
2596 2940 2861 3011 plurima
2916 2958 3176 3011 namque
3220 2941 3345 3012 ipse
3394 2941 3797 3010 disposuerat.

2136 3028 2281 3091 Quid
2317 3035 2421 3094 est,
2457 3046 2653 3084 coram
2704 3031 2953 3099 duobus,
2989 3030 3080 3084 vel
3114 3030 3354 3084 tribus?
3402 3030 3462 3084 Si
3511 3030 3656 3093 duo,
3708 3028 3799 3084 vel

2135 3121 2253 3172 tres
2286 3118 2577 3172 testiﬁcati
2604 3118 2836 3182 fuerint,
2870 3119 3176 3173 confestim
3201 3119 3494 3188 judicium
3530 3120 3697 3175 dant.
3728 3120 3787 3173 Si

2137 3205 2317 3277 igitur
2348 3206 2402 3260 in
2431 3206 2617 3261 Veteri
2644 3209 3037 3271 Testamento,
3071 3207 3165 3262 ubi
3190 3206 3279 3262 lex
3299 3206 3482 3278 Moysi
3505 3208 3675 3263 irrita
3702 3209 3787 3273 ﬁt,

379 3295 663 3365 veritatis,
696 3295 779 3349 sic
812 3294 945 3348 licet
976 3294 1112 3365 quia
1143 3295 1334 3349 omnis
1362 3295 1461 3365 qui
1494 3294 1710 3365 accepit
1733 3312 1884 3361 eam,
1910 3313 2022 3351 nou
2057 3275 2098 3341 (ἶ
2138 3294 2405 3351 homines
2436 3300 2769 3367 peccatores
2802 3302 2964 3351 tanto
2996 3313 3060 3351 ac
3082 3296 3181 3350 tali
3203 3296 3789 3367 suppliciocoudem-

380 3385 745 3456 relinquatur
775 3400 877 3455 pro
911 3383 1164 3454 peccatis
1198 3383 1551 3438 sacriﬁcium
1581 3404 1594 3449 ;
1628 3383 1735 3437 hoc
1767 3390 1855 3438 est
1912 3402 2024 3439 non

381 3474 569 3546 possit
598 3474 790 3528 denuo
832 3472 1134 3543 baptizari,
1170 3489 1273 3526 nec
1306 3476 1501 3525 tamen
1533 3473 1745 3538 omnis,
1780 3473 1877 3543 qui
1912 3490 2023 3527 non

382 3562 593 3634 accipit
614 3578 715 3632 per
739 3561 1061 3615 doctrinam
1090 3560 1388 3615 scientiam
1411 3560 1690 3621 veritatis.
1716 3562 1797 3615 sic
1821 3563 2027 3617 debeat

382 3649 653 3706 arbitrari
686 3665 857 3720 posse
888 3665 989 3719 pro
1020 3665 1081 3703 se
1115 3648 1256 3702 illud
1290 3650 1494 3703 offerre
1523 3649 1895 3704 sacriﬁcium.
1926 3672 1945 3698 α
1971 3652 2027 3705 Si

378 3740 501 3810 jam
529 3737 765 3792 ablutus
785 3741 874 3791 est
902 3752 914 3789 :
940 3737 995 3790 id
1021 3741 1129 3798 est.
1156 3738 1213 3791 in
1237 3738 1436 3806 sejam
1461 3737 1726 3807 ejusdem
1769 3739 2027 3795 veritatis

384 3843 489 3898 per
520 3825 877 3896 baptismum
906 3830 1270 3880 sacramenta
1297 3827 1570 3896 percepit,
1601 3843 1712 3881 non
1738 3844 1906 3898 posse
1925 3828 2026 3883 ite-

391 3932 522 3971 rum
553 3913 855 3985 baptizari.
891 3915 1196 3985 Tanquam
1231 3915 1275 3968 si
1311 3913 1637 3969 diceremus
1667 3933 1899 3970 omnem
1933 3918 2031 3972 ho-

397 4004 615 4058 minem
646 4019 759 4058 non
792 4019 919 4058 esse
954 4004 1431 4074 quadrupedem;
1483 4021 1596 4059 non
1648 4004 1778 4060 ideo
1834 4011 2027 4062 tamen

391 4109 565 4148 omne
597 4092 836 4160 animal,
864 4092 1015 4164 quod
1044 4091 1218 4147 homo
1236 4110 1350 4147 non
1374 4098 1479 4159 est,
1504 4094 1837 4166 quadrupes
1860 4096 2032 4151 debet

389 4198 538 4252 esse,
571 4186 680 4237 etc.
715 4182 824 4237 Eos
855 4182 1033 4250 enim,
1069 4181 1167 4252 qui
1195 4184 1316 4251 jam
1352 4182 1627 4253 baptizati
1649 4183 1885 4251 fuerint,
1930 4202 2019 4240 cu-

386 4271 503 4325 rari
534 4269 744 4326 melius
776 4269 1050 4335 dicimus,
1084 4286 1260 4340 quam
1294 4286 1396 4341 per
1424 4270 1824 4340 paenitentiam
1860 4289 2029 4328 reno-

382 4358 506 4413 vari
543 4376 555 4425 ;
585 4358 724 4430 quia
754 4359 1046 4413 renovatio
1078 4358 1136 4412 in
1169 4358 1461 4429 baptismo
1493 4363 1602 4427 est,
1639 4360 1733 4413 ubi
1793 4361 2026 4430 quidem

385 4452 663 4518 operatur
692 4446 1047 4517 pmnitentia,
1074 4447 1171 4500 sed
1198 4452 1478 4517 tanquam
1503 4448 1881 4503 fundamento
1906 4467 2028 4504 ma-

388 4538 583 4590 nente.
618 4534 820 4606 Itaque
850 4552 883 4589 a
912 4535 1293 4589 fundamento
1316 4535 1565 4589 recurari
1596 4536 1903 4592 aediﬁcium
1930 4557 2027 4609 po-

2138 3384 2466 3439 nebantur:
2509 3404 2527 3431 α
2557 3385 2783 3448 Quanto
2816 3385 3005 3456 magis
3030 3385 3247 3456 putatis
3272 3385 3561 3440 deteriora
3577 3386 3789 3441 mereri

2138 3471 2447 3543 supplicia,
2482 3474 2581 3544 qui
2616 3472 2824 3528 Filium
2859 3474 2956 3528 Dei
2992 3473 3437 3543 conculcaverit,
3462 3481 3522 3529 et
3552 3476 3789 3545 sangui-

2138 3578 2273 3615 nem
2290 3562 2623 3616 testamenti
2647 3561 2940 3632 pollutum
2962 3561 3211 3628 duxerit,
3237 3562 3294 3615 in
3318 3579 3434 3633 quo
3457 3564 3791 3617 sanctiﬁca-

2138 3654 2233 3704 tus
2265 3654 2373 3717 est,
2406 3655 2465 3704 et
2493 3649 2737 3721 Spiritui
2768 3652 2967 3722 gratiis
3013 3650 3426 3706 contumeliam
3490 3652 3737 3706 fecerit?
3762 3674 3789 3700 ι»

2137 3738 2434 3801 Quomodo
2460 3739 3028 3812 conculcatquisque
3053 3739 3257 3794 Filium
3289 3740 3429 3795 Dei?
3452 3746 3599 3795 Cum
3633 3742 3789 3795 enim

2136 3825 2376 3899 indigne
2406 3844 2475 3881 ex
2506 3844 2572 3883 eo
2607 3828 2917 3899 participat
2948 3829 3197 3901 quisque
3240 3846 3340 3901 per
3394 3836 3788 3897 sacramenta,

2139 3932 2330 3971 nonne
2364 3921 2599 3987 peccata
2630 3918 2982 3983 committit;
3018 3935 3210 3973 nonne
3240 3918 3407 3972 illum
3458 3918 3789 3985 conculcat,

2140 4022 2332 4064 nonne
2353 4005 2545 4077 ipsum
2570 4007 2927 4061 contemnit?
2950 4007 3193 4063 Sicutea
3213 4025 3340 4078 quas
3368 4006 3790 4062 conculcamus

2141 4093 2362 4148 nullius
2396 4095 2674 4149 momenti
2711 4094 3044 4166 pendimus,
3104 4097 3188 4150 sic
3244 4102 3303 4150 et
3358 4096 3459 4166 qui
3521 4102 3790 4166 peccant,

2139 4182 2435 4236 christum
2472 4182 2696 4237 nullius
2728 4184 3009 4239 momenti
3066 4185 3423 4239 existimant.
3476 4184 3695 4240 Factus
3734 4201 3793 4239 es

2139 4287 2350 4342 corpus
2381 4270 2619 4341 Christi,
2644 4277 2701 4326 et
2724 4274 2908 4327 tradis
2935 4273 3187 4345 teipsum
3211 4272 3443 4328 diabolo
3464 4278 3531 4327 ut
3551 4272 3793 4328 concul-

2140 4377 2234 4415 ces
2266 4360 2583 4415 Christum.
2611 4382 2638 4410 ››
2672 4362 2740 4415 Et
2800 4363 3169 4433 sanguinem,
3196 4385 3223 4411 ››
3279 4363 3489 4432 inquit,
3548 4385 3577 4411 ‹‹
3616 4367 3795 4417 testa-

2141 4449 2318 4504 menti
2337 4449 2623 4521 pollutum
2640 4450 2899 4505 duxerit:
2926 4474 2951 4499 ››
2970 4452 3109 4520 sive,
3126 4451 3263 4505 utin
3287 4451 3481 4506 Graeco
3517 4451 3791 4517 habetur,

2140 4561 2166 4587 «
2198 4540 2842 4608 communemjudicas.
2872 4562 2897 4588 »
2916 4540 3239 4595 Commune
3254 4540 3794 4611 quidem,immun-

385 4627 503 4680 test
535 4624 583 4679 si
618 4628 811 4679 autem
846 4624 1294 4679 fundamentum
1330 4623 1537 4679 iterare
1586 4627 1719 4696 quis
1766 4628 2032 4699 voluerit,
2068 4641 2110 4703 υ
2144 4628 2306 4692 dum,
2338 4628 2456 4683 sive
2490 4628 2641 4699 quod
2669 4628 2811 4681 nihil
2837 4628 3093 4700 amplius
3127 4645 3161 4683 a
3187 4628 3411 4684 cteteris
3433 4629 3671 4684 habeat.
3700 4628 3789 4683 llli

461 4767 645 4839 (1436)
676 4768 906 4841 Sensus
928 4767 1019 4841 hic
1052 4770 1219 4841 tanto
1235 4767 1539 4841 verborum
1564 4768 1858 4824 involucro
1882 4768 2026 4841 tegi-

390 4837 505 4911 tur,
542 4846 605 4892 ut
630 4837 767 4893 eum
801 4844 866 4894 ut
898 4837 1381 4909 inintelligibilcm
1417 4855 1561 4909 pene
1593 4837 2027 4911 reliquerimus,

391 4910 437 4965 si
456 4910 910 4966 autemdivinari
938 4911 1024 4963 fas
1046 4911 1379 4973 sit,videtur
1400 4911 1660 4965 nobisita
1680 4910 2025 4981 legendum:

390 4984 469 5036 ita
499 5000 654 5050 sane,
684 4988 745 5036 ut
776 4981 921 5036 illud
938 4998 948 5034 :
974 4981 1218 5035 nomium
1238 4981 1455 5051 plenam
1477 4984 1760 5037 scientiam
1782 4984 2030 5037 veritatis

384 5065 614 5124 accepit,
646 5056 708 5107 de
738 5054 977 5107 nondum
1012 5055 1299 5124 baptimtb
1332 5054 1699 5121 intelligatur,
1723 5058 1817 5124 qui
1841 5071 1943 5108 non
1972 5062 2027 5108 ut

389 5123 519 5187 ille.
543 5126 637 5193 qui
656 5126 778 5193 jam
810 5124 1116 5193 baptizatus
1144 5133 1246 5189 est,
1276 5123 1480 5176 habere
1516 5127 1673 5176 valet.
1710 5123 1871 5178 Unde
1906 5125 2027 5181 loco

389 5199 444 5249 ut
467 5198 653 5267 etiam,
686 5200 746 5249 ut
776 5205 827 5249 et
848 5198 968 5267 jam
999 5196 1309 5267 legendum
1343 5196 1700 5267 censuimus.
1744 5196 1902 5259 Quod
1938 5214 2026 5250 se-

389 5265 588 5322 quitur
616 5282 770 5322 vero.
829 5265 936 5320 rion
990 5269 1194 5321 autem.
1243 5266 1571 5322 signiﬁcare
1621 5266 1867 5322 videtur.
1917 5284 2027 5321 non

2208 4771 2391 4841 (1436)
2423 4772 2556 4835 Quae
2596 4776 2946 4841 sequuntur,
2979 4789 3092 4826 non
3136 4772 3335 4827 minus
3383 4772 3657 4827 obscura.
3710 4772 3787 4826 ita

2140 4845 2333 4895 tamen
2351 4842 2619 4896 videntur
2640 4842 3038 4913 intelligenda,
3065 4843 3111 4895 si
3138 4843 3299 4897 locus
3316 4845 3663 4911 conjecturas
3679 4844 3782 4895 sit:

2140 4914 2224 4966 ita
2255 4914 2335 4979 ﬁt.
2373 4923 2432 4967 ut
2464 4916 2478 4977 (
2487 4916 2739 4981 quoniam
2773 4932 2893 4968 sum
2923 4916 3182 4983 baptismo
3212 4930 3365 4969 nemo
3396 4918 3540 4969 recte
3580 4914 3787 4969 dicitur

2141 4988 2411 5053 accc/uisse
2442 4988 2724 5039 m‘eutmm
2759 4987 3027 5055 ueritatis)
3059 4989 3237 5040 omnis
3265 4987 3363 5056 qui
3388 5003 3521 5040 eam
3562 4988 3783 5055 accepit,

2144 5057 2265 5109 idco
2290 5059 2417 5124 qum
2449 5073 2569 5109 eum.
2599 5059 2822 5126 urcrpit,
2882 5074 2991 5111 nou.
3045 5060 3214 5126 possit
3271 5058 3448 5112 denuo
3490 5058 3781 5127 baptizari.

2139 5127 2249 5180 Nec
2278 5136 2456 5179 tamen
2489 5130 2689 5189 omnis,
2751 5130 2847 5198 qui
2903 5147 3005 5181 mm
3068 5130 3265 5198 arripit
3324 5145 3421 5196 per
3480 5128 3784 5181 doctrinam

2137 5200 2427 5269 scientiam
2462 5201 2730 5262 ueritatis,
2763 5202 2845 5253 sic
2874 5202 3062 5254 debeat
3095 5200 3373 5253 arbitrari
3398 5215 3557 5269 posse
3574 5215 3682 5269 pro
3708 5214 3779 5263 se;

2138 5275 2248 5317 etc-
2287 5268 2505 5316 S9n9nn
2537 5270 2790 5310 nuntnric
2874 5277 2928 5304 οι
2982 5268 3451 5302 anum-3552---;
3509 5268 3708 5292 -k’uuaa

2874 5277 2928 5304 αὖ
3509 5270 3781 5292 ’μμμλειμιλ
