3976 5348
172 414 291 476 793

736 417 1151 481 EXPOSITIO
1195 419 1273 480 ΙΝ
1323 368 1755 501 BDISIGLAS
1791 418 2055 481 PAULI.
2086 453 2163 464 —
2193 420 2277 481 ΙΝ
2316 419 2566 482 EPIST.
2611 420 2715 480 AD
2757 418 2993 479 HEBR.

3452 412 3572 475 ’791

175 547 395 620 quippe
425 550 773 621 sanguinem
804 551 1016 607 Christi
1048 550 1455 624 polluunt,qui
1487 554 1817 609 hmreticam
1851 553 1902 619 Α
1934 556 2231 620 docens,et
2260 554 2390 610 aliis
2410 552 2763 611 testimoniis
2789 549 3042 622 amplius
3063 548 3573 613 hocafﬁrmanaet

174 639 501 694 doctrinam
532 638 591 694 in
625 658 685 695 se
716 641 1087 712 recipiunt,et
1118 658 1232 697 non
1248 643 1592 714 Christi,per
1620 659 1819 715 pecca-

176 733 237 783 ta
266 745 470 783 eorum
500 729 798 785 Christum
832 731 903 785 de
929 747 992 785 se
1036 732 1298 802 ejiciunt,
1351 733 1592 803 Spiritui
1624 734 1821 803 gratiis

171 818 589 873 contumeliam
644 820 863 873 faciunt
914 821 1013 891 qui
1080 838 1194 877 non
1261 822 1504 877 credunt
1559 823 1714 893 quod
1764 823 1822 877 in

170 906 430 962 Ecclesia
462 908 528 961 fit
558 908 827 963 remissio
863 916 1236 980 peccatorum
1278 929 1290 966 :
1325 912 1631 966 utdictum
1685 916 1774 967 est
1806 929 1818 966 :

171 1018 201 1045 ‹‹
238 996 344 1059 Qui
378 996 434 1050 in
467 997 685 1065 Spiritu
712 1004 916 1053 sancto
945 999 1457 1070 blasphemaverit,
1486 1018 1599 1056 non
1629 1002 1823 1056 remit-

174 1088 341 1139 tetur
395 1084 469 1152 ei,
505 1101 692 1156 neque
724 1086 785 1141 in
816 1086 923 1142 hoc
971 1088 1203 1153 saeculo,
1265 1106 1452 1160 neque
1510 1092 1569 1144 in
1628 1090 1822 1146 futuro

175 1176 338 1243 (Luc.
372 1192 471 1229 xu.
508 1175 611 1241 19;
644 1174 829 1230 Matth.
862 1193 961 1239 xu,
997 1178 1102 1241 32;
1136 1179 1305 1232 Marc.
1342 1196 1422 1243 III,
1457 1181 1604 1250 29).»
1639 1180 1825 1251 Siqui-

178 1264 315 1318 dem
349 1268 404 1317 et
425 1261 523 1318 ille
553 1264 796 1335 Spiritui
826 1265 1023 1337 gratiis
1074 1268 1490 1323 contumeliam
1554 1269 1689 1324 facit
1722 1270 1818 1341 qui

169 1351 332 1422 quod
360 1350 457 1406 ille
486 1353 711 1421 tribuit,
744 1372 859 1409 non
886 1360 1131 1410 exercet.
1157 1356 1261 1420 Qui
1294 1358 1449 1411 enim
1475 1358 1819 1413 beneficium

170 1457 293 1495 non
326 1440 594 1513 suscipit,
653 1443 897 1512 injuriat
953 1444 1099 1499 bene
1150 1445 1477 1501 facientem.
1556 1448 1712 1501 Fecit
1767 1452 1822 1502 te

166 1529 389 1583 filium:
418 1534 478 1583 tu
511 1535 707 1585 autem
730 1532 817 1586 vis
831 1532 954 1586 fieri
986 1550 1188 1589 servus
1217 1535 1244 1587 ‘I
1274 1534 1443 1589 Venit
1461 1536 1527 1589 ad
1548 1535 1819 1591 habitan-

165 1618 316 1673 dum
351 1618 505 1688 apud
540 1623 685 1684 te;tu
717 1624 913 1674 autem
946 1621 1192 1677 adducis
1222 1622 1271 1677 ei
1303 1623 1683 1695 cogitationes
1706 1641 1823 1679 ma-

162 1705 365 1777 lignae
393 1707 421 1761 ?
451 1707 719 1762 Christus
748 1707 873 1763 vult
913 1708 1150 1765 solidari
1205 1713 1359 1782 apud
1391 1718 1447 1767 te
1481 1730 1494 1778 ;
1528 1717 1588 1767 tu
1622 1718 1818 1768 autem

162 1812 308 1850 eum
346 1796 659 1851 conculcas
690 1812 792 1868 per
823 1798 1146 1869 crapulam,
1182 1817 1284 1871 per
1314 1801 1674 1857 ebrietatem.
1704 1807 1819 1857 Au-

161 1884 411 1940 diamus
473 1885 573 1955 qui
639 1885 878 1957 indigne
936 1895 1303 1944 sacramenta
1378 1891 1815 1961 participamus.
1854 1923 1900 1988 Β

162 1974 503 2029 Audiamus
527 1974 626 2044 qui
657 1973 896 2046 indigne
920 1976 989 2029 ad
1016 1991 1280 2031 mensam
1296 1976 1454 2031 illam
1489 1977 1819 2033 accedimus

158 2079 193 2135 q
210 2062 313 2116 uid
346 2068 627 2133 sequatur
657 2078 671 2117 :

247 2172 276 2202 ιι
309 2152 543 2206 Scimus
573 2152 729 2206 enim
763 2152 904 2223 quid
944 2152 1091 2207 dixit
1122 2170 1134 2209 :
1171 2154 1310 2209 Mihi
1372 2154 1715 2221 vindictam,
1765 2160 1822 2211 et

164 2254 278 2312 ego
306 2240 651 2295 retribuam.
690 2241 983 2296 Etiterum
1014 2260 1027 2297 :
1061 2248 1199 2313 quia
1224 2243 1509 2311 iudicabit
1540 2246 1820 2300 Dominus

165 2328 454 2401 populum
486 2345 662 2384 suum
696 2330 877 2400 (Deut.
913 2333 1206 2400 xxxn,35;
1240 2334 1407 2387 Eccli.
1442 2351 1673 2402 xxxvm,
1709 2338 1813 2405 1).»

141 2418 251 2473 ’Πθ
282 2417 537 2472 inimicis
568 2417 678 2472 hoc
708 2419 931 2473 dictum
973 2426 1079 2485 est,
1112 2422 1208 2491 qni
1251 2421 1401 2476 male
1434 2424 1671 2489 faciunt,
1705 2441 1820 2479 non

168 2509 243 2563 de
277 2507 389 2572 his,
424 2508 523 2579 qui
552 2507 703 2564 male
734 2510 1371 2580 patiuntur.Hicautem
1402 2518 1460 2568 et
1487 2514 1822 2569 consolatur

169 2614 296 2667 eos,
330 2596 527 2652 dicens
560 2614 573 2651 :
610 2621 638 2647 ‹‹
674 2598 791 2669 Ego
814 2599 1153 2655 retribuam.
1180 2623 1208 2651 »
1242 2606 1553 2658 Permanet
1582 2604 1737 2658 enim
1761 2604 1819 2658 in

169 2686 601 2756 sempiternum
635 2686 809 2751 Deus,
834 2692 889 2741 et
913 2688 1053 2742 vivit
1086 2705 1099 2742 :
1134 2690 1376 2758 proinde
1393 2692 1499 2746 etsi
1529 2709 1683 2747 nunc
1706 2710 1821 2747 non

170 2774 698 2847 recipiunt,postea
727 2777 1011 2845 recepturi
1037 2778 1341 2833 sunt.lllos
1363 2785 1590 2851 oportet
1611 2798 1820 2853 conge-

173 2865 447 2932 miscere,
483 2880 597 2917 non
631 2880 758 2919 nos.
792 2864 909 2918 Nos
940 2865 1096 2918 enim
1140 2867 1196 2919 in
1231 2866 1467 2922 illorum
1505 2869 1821 2925 incidimus

183 2969 405 3008 manus
440 2970 454 3017 ;
489 2950 570 3004 illi
603 2957 797 3006 autem
858 2952 917 3006 in
976 2969 1187 3009 manus
1237 2955 1354 3011 Dei.
1415 2957 1612 3027 Neque
1667 2959 1821 3014 enim

180 3041 289 3112 qui
342 3040 579 3111 patitur,
658 3039 895 3113 aliquod
955 3042 1178 3097 malum
1240 3045 1477 3114 patitur,
1564 3047 1664 3101 sed
1723 3047 1823 3118 qui

172 3128 339 3183 facit.

251 3239 281 3265 ‹‹
313 3216 1055 3274 Horrendumestincidere
1078 3222 1137 3274 in
1162 3237 1373 3276 manus
1396 3223 1497 3277 Dei
1518 3224 1821 3279 viventis.»

172 3306 453 3361 Incidunt
481 3307 539 3361 in
573 3324 786 3362 manus
820 3308 1074 3376 Domini,
1107 3310 1205 3380 qui
1257 3310 1486 3381 judicia
1517 3312 1822 3369 hominum
1855 3287 1897 3354 Ο

168 3396 713 3451 contremiscentes.
746 3396 969 3466 judicia
999 3398 1099 3452 Dei
1142 3398 1593 3470 parvipendunt.
1629 3402 1738 3457 Sed
1773 3407 1829 3457 et

169 3491 239 3539 tu
273 3484 611 3555 quicunque
641 3489 909 3556 peccator
956 3502 1040 3552 es,
1095 3488 1143 3541 si
1204 3505 1317 3543 non
1371 3490 1733 3560 pcsnitueris,
1766 3491 1824 3547 in

172 3590 393 3629 manus
416 3568 649 3627 Domini
682 3573 924 3629 incides.
962 3575 1112 3629 Illud
1144 3577 1301 3631 enim
1335 3580 1714 3634 metuendum
1740 3585 1828 3635 est

172 3662 233 3717 id
267 3661 666 3731 estjudicium
696 3662 934 3729 Dei,hoc
956 3668 1151 3719 autem
1177 3665 1322 3720 nihil
1352 3666 1523 3730 est,id
1559 3673 1647 3723 est
1670 3669 1829 3739 judi-

173 3751 338 3806 cium
369 3749 698 3805 hominum.
728 3755 869 3805 Cum
900 3752 1221 3808 viderimus
1260 3754 1441 3825 igitur
1470 3772 1825 3828 quemquam

170 3839 273 3894 hic
304 3837 645 3909 puniri,non
676 3839 1085 3894 tremiscamus
1118 3841 1187 3895 ad
1220 3844 1546 3912 praesentia,
1564 3846 1665 3899 sed
1690 3862 1826 3901 con-

170 3927 590 3983 tremiscamus
623 3928 820 3981 futura
849 3928 951 3982 Dei
975 3928 1565 3997 judicia.Secundum
1601 3934 1828 3990 miseri-

171 4016 440 4072 cordiam
469 4015 625 4070 enim
660 4017 877 4087 ejus,et
896 4016 1222 4088 indignatio
1252 4020 1497 4089 ejusest,
1518 4026 1576 4075 et
1598 4038 1831 4095 semper

172 4120 357 4176 super
389 4110 723 4176 peccatores
754 4104 1068 4176 requiescit
1114 4107 1275 4162 furor
1330 4110 1461 4180 ejus
1501 4110 1560 4164 in
1600 4128 1699 4166 eos
1729 4114 1827 4184 qui

169 4194 447 4250 incidunt
476 4194 533 4248 in
567 4210 780 4249 manus
810 4195 965 4263 ejus.

248 4304 278 4334 «
310 4283 809 4339 Remcmoramini
854 4288 1049 4339 autem
1102 4286 1384 4357 pristinos
1431 4288 1577 4354 dies,
1612 4291 1829 4361 quibus

170 4372 516 4438 illuminati,
551 4390 833 4445 magnum
866 4378 1163 4429 certamen
1210 4376 1578 4433 sustinuistis
1605 4380 1828 4450 passio-

170 4480 341 4531 num,
377 4466 435 4516 et
467 4462 525 4516 in
559 4461 739 4517 altero
772 4462 1011 4533 quidem
1045 4464 1374 4533 opprobriis
1408 4469 1463 4519 et
1500 4466 1828 4522 tribulatio-

171 4552 356 4607 nibus
388 4551 789 4623 spectaculum
818 4551 1019 4606 facti.»
1052 4550 1269 4622 Optimi
1304 4553 1661 4609 medicorum
1693 4573 1826 4611 cum

1933 647 2133 700 dicens
2166 647 2545 699 metuendum
2583 660 2709 699 esse
2771 642 3026 697 incidere
3081 640 3140 695 in
3202 655 3411 695 manus
3474 640 3570 696 Dei

1932 734 2443 806 viventis,proinde
2475 750 2547 789 ne
2577 732 2762 788 multo
2792 732 3001 786 timore
3015 731 3418 802 desperantem
3441 730 3564 784 ani-

1935 843 2091 881 mam
2125 823 2421 880 absorberi
2454 819 3141 887 faceret,consolatureos
3172 836 3274 892 per
3295 818 3495 873 laudes
3516 822 3573 873 et

1918 912 2246 977 orationes,
2279 917 2335 967 et
2364 910 2824 966 immolationem
2858 909 3238 964 domesticam
3288 908 3338 963 ei
3378 908 3570 979 profe-

1935 1021 2178 1059 rens:«
2240 1000 2754 1065 Rememoramini,
2813 999 3028 1069 inquit,
3088 997 3366 1069 pristinos
3423 997 3567 1065 dies,

1932 1094 1993 1148 in
2052 1092 2267 1163 quibus
2324 1090 2637 1145 illuminati
2705 1103 2985 1158 magnum
3044 1092 3335 1143 certamen
3392 1086 3571 1141 susti-

1931 1183 2165 1237 nuistis.
2203 1202 2229 1229 »
2259 1184 2335 1235 Ac
2367 1180 2414 1235 si
2446 1181 2664 1234 diceret
2694 1195 2707 1231 :
2744 1178 3021 1249 quoniam
3060 1175 3374 1229 introducti
3406 1175 3566 1242 estis,

1932 1271 2032 1342 qui
2056 1288 2168 1325 non
2190 1271 2246 1324 in
2269 1269 2470 1324 ordine
2488 1265 2909 1338 discipulorum
2923 1264 3350 1331 eratis,tantam
3364 1263 3569 1319 alacri-
3600 1292 3603 1293 ν

1932 1364 2109 1415 tatem
2127 1358 2795 1422 demonstratis,tantam
2812 1353 3209 1409 fortitudinem
3247 1370 3260 1420 ;
3294 1369 3449 1408 nunc
3472 1370 3572 1425 per

1932 1448 2477 1505 rememorationem
2510 1462 2648 1515 rogo
2683 1450 2744 1499 ut
2772 1444 2831 1498 in
2888 1443 3015 1515 ipsa
3076 1442 3473 1515 perseveretis,
3507 1445 3572 1495 ut

1934 1538 2315 1610 perdurantes
2333 1536 2389 1589 in
2419 1532 2917 1601 tribulationibus,
2940 1531 3177 1603 possitis
3190 1531 3419 1586 effectui
3443 1546 3571 1586 esse

1932 1625 2267 1696 unicuique.
2304 1624 2518 1678 Dividit
2550 1621 2797 1694 qualiter
2825 1620 3153 1676 sustineant
3193 1620 3567 1685 tentationes,

1932 1734 2033 1771 seu
2066 1714 2405 1778 certamina,
2439 1714 2593 1784 quod
2627 1716 2713 1766 est
2742 1711 3035 1765 maximus
3059 1709 3269 1765 titulus
3301 1708 3567 1765 laudum.

1931 1805 2149 1860 Deinde
2179 1802 2518 1874 exsequitur
2553 1801 2889 1855 minutatim
2948 1798 3201 1854 dilatans
3240 1813 3569 1854 sermonem

1931 1910 2128 1959 suum,
2160 1898 2217 1947 et
2245 1892 2446 1947 laudes
2478 1890 2764 1962 plurimas
2794 1888 3393 1961 proferens.0umodo
3423 1887 3573 1942 hoc?

1933 2005 1961 2033 ‹‹
1992 1983 2160 2038 Nunc
2191 1982 2452 2052 quidem,
2484 1979 2694 2051 inquit,
2745 1977 3073 2049 opprobriis
3131 1980 3187 2031 et
3234 1975 3573 2030 tribulatio-

1932 2073 2106 2127 nibus
2136 2069 2535 2142 spectaculum
2566 2068 2723 2123 facti.
2762 2090 2782 2115 ι
2819 2066 3021 2123 Gravis
3060 2066 3274 2136 quippe
3330 2080 3423 2119 res
3481 2066 3570 2118 est

1932 2160 2395 2233 opprobrium,et
2422 2159 2631 2212 idonea
2646 2157 2716 2211 ad
2734 2156 2991 2211 animam
3010 2153 3487 2221 subvertendam,
3513 2156 3571 2207 et

1931 2250 2000 2305 ad
2035 2249 2433 2304 excaecandam
2468 2248 2893 2301 mentem.Nam
2914 2243 3049 2299 audi
3082 2244 3236 2313 quod
3269 2242 3415 2296 dixit
3435 2242 3571 2297 Pro-

1931 2339 2152 2410 pheta:
2194 2359 2220 2390 ιι
2249 2337 2393 2392 Cum
2426 2336 2630 2390 dicunt
2678 2333 2822 2389 mihi
2880 2333 3090 2403 inquit.
3153 2347 3255 2403 per
3306 2329 3572 2402 singulos

1931 2428 2057 2483 dies
2093 2444 2105 2482 :
2141 2426 2248 2482 Ubi
2281 2429 2370 2480 est
2400 2425 2553 2479 Deus
2582 2428 2721 2478 tuus
2752 2422 2781 2477 ‘P
2811 2443 2837 2473 ιι
2871 2422 3045 2493 (Ρεαι.
3103 2436 3213 2485 xu,
3248 2421 3325 2487 4.)
3369 2420 3436 2474 Et
3466 2419 3569 2473 ite-

1931 2533 2061 2572 rum
2097 2534 2109 2571 :
2152 2537 2178 2568 ι
2205 2514 2261 2569 Si
2292 2514 2568 2569 inimicus
2599 2513 2973 2583 exprobraret
3017 2508 3185 2572 mihi,
3219 2508 3570 2564 sustinerem

1929 2604 2169 2678 (1439).:
2207 2603 2494 2667 Quoniam
2522 2602 2981 2673 valdeappetens
3011 2597 3357 2670 estgloriam
3386 2612 3573 2669 genus

1931 2696 2300 2750 humannum
2326 2697 2627 2763 propterea
2647 2690 2821 2745 etiam
2836 2688 3164 2761 opprobriis
3187 2684 3355 2742 facile
3384 2688 3570 2759 capti-

1930 2787 2116 2837 vatur.
2152 2783 2220 2837 Et
2279 2797 2392 2835 non
2450 2779 2795 2850 simpliciter
2851 2777 3016 2843 dixit,
3072 2775 3420 2848 opprobriis,
3469 2775 3570 2831 sed

1931 2872 2108 2926 etiam
2132 2870 2225 2924 hic
2252 2874 2633 2940 augmentum
2668 2867 3028 2932 fecit,dicens
3058 2883 3069 2921 :
3102 2863 3570 2936 etspectaculum

1933 2960 2087 3015 facti.
2122 2959 2266 3013 Cum
2298 2957 2453 3012 enim
2486 2956 2619 3025 quis
2648 2961 2867 3011 secreto
2918 2954 3319 3027 exprobratur,
3354 2953 3568 3009 contri-

1933 3053 2123 3104 statur
2153 3046 2389 3118 quidem
2452 3046 2550 3099 sed
2612 3044 2797 3099 multo
2854 3043 3133 3115 amplius,
3192 3058 3325 3098 cum
3376 3058 3572 3097 coram

1934 3137 2212 3193 omnibus
2247 3153 2260 3201 ;
2294 3138 2583 3205 quantum
2618 3137 2744 3188 erat
2804 3132 3050 3197 malum,
3109 3133 3476 3187 discedentes
3506 3130 3576 3185 ab

1935 3225 2277 3281 inﬁrmitate
2308 3222 2552 3279 Judaica
2568 3225 2624 3276 et
2653 3222 2725 3275 ad
2747 3220 3031 3291 optimam
3060 3219 3237 3274 vitam
3270 3225 3577 3274 transeun-

1936 3321 2045 3379 tes,
2078 3320 2137 3369 et
2166 3321 2438 3385 paternas
2468 3309 2811 3366 traditiones
2870 3313 3329 3375 contemnentes,
3387 3304 3453 3363 ut
3504 3308 3576 3364 ab

1937 3404 2081 3477 ipsis
2136 3386 2475 3457 domesticis
2515 3402 2856 3472 paterentur
2913 3396 3097 3452 multa
3144 3394 3319 3461 mala,
3354 3414 3387 3453 a
3416 3396 3577 3452 nullo

1937 3494 2221 3549 haberent
2269 3490 2689 3545 defensionem.
2752 3491 2876 3543 Non
2931 3486 3137 3551 habeo,
3192 3485 3403 3558 inquit,
3438 3486 3578 3558 quid

1937 3584 2152 3649 dicam,
2186 3578 2326 3653 quia
2354 3579 2464 3634 hoc
2494 3578 2652 3649 passi
2686 3576 2922 3647 quidem
2977 3577 3138 3641 estis,
3187 3580 3244 3630 et
3301 3576 3445 3631 forte
3476 3576 3576 3630 do-

1938 3670 2153 3740 luistis,
2186 3670 2305 3723 imo
2337 3666 2527 3739 magis
2555 3665 2921 3738 gaudebatis.
2955 3665 3077 3720 Non
3110 3663 3324 3731 solum,
3382 3664 3577 3735 inquit

1938 3760 1995 3815 in
2028 3758 2279 3831 prepriis
2311 3756 2684 3829 passionibus
2714 3772 2829 3810 non
2860 3753 3361 3825 erubuistis,quin
3394 3754 3573 3809 etiam

1938 3848 2069 3902 aliis
2099 3847 2292 3901 taliter
2356 3845 2712 3916 patientibus
2756 3843 2897 3899 socii
2931 3844 3065 3898 facti
3097 3842 3240 3898 estis
3273 3864 3287 3909 ς
3321 3844 3475 3915 quod
3507 3844 3579 3898 de

1939 3934 2219 4007 apostolis
2250 3933 2470 3988 dictum
2504 3948 2632 3987 esse
2684 3932 2954 3987 arbitror.
2990 3954 3017 3980 «
3050 3933 3113 3985 In
3174 3930 3353 3985 altero
3384 3936 3577 3986 autem

1940 4024 2082 4079 socii
2115 4022 2309 4077 taliter
2338 4021 2806 4077 conversantium
2837 4019 3044 4074 effecti.
3086 4043 3105 4067 ι
3144 4022 3216 4074 Ac
3272 4020 3320 4074 si
3373 4020 3531 4075 dicat
3563 4037 3577 4075 :

1937 4112 2074 4179 Vos,
2108 4112 2207 4183 qui
2240 4109 2356 4165 illis
2386 4096 2759 4177 ministratis,
2809 4108 2951 4163 socii
3003 4107 3143 4163 estis
3199 4109 3462 4178 ipsorum
3520 4108 3577 4163 in

1939 4200 2429 4256 remuneratione.

2015 4310 2043 4340 «
2076 4290 2221 4347 Nam
2253 4292 2309 4343 et
2340 4286 2551 4342 vinctis
2582 4285 2876 4357 compassi
2906 4284 3067 4355 estis,
3100 4289 3158 4340 et
3187 4285 3453 4356 rapinam
3488 4286 3582 4339 bo-

1939 4396 2149 4436 norum
2178 4382 2501 4432 vrstrorum
2536 4391 2671 4429 cum
2709 4374 2927 4445 gaudio
2965 4374 3328 4445 suscepistis,
3363 4390 3578 4446 cogno-

1939 4473 2169 4524 scentes
2199 4482 2300 4521 vos
2313 4466 2526 4519 habere
2542 4463 2842 4519 meliorem
2866 4468 2923 4517 et
2944 4468 3278 4518 manentem
3303 4464 3581 4519 substan-

1937 4558 2102 4612 tiam.
2137 4578 2164 4604 «
2198 4554 2375 4609 Vides
2407 4552 2547 4623 quia
2577 4553 2647 4607 de
2676 4553 2803 4623 ipso
2836 4552 2998 4620 dicit,
3029 4558 3087 4608 et
3105 4552 3319 4608 dealiis
3348 4552 3576 4609 vinctis.

172 4639 471 4696 malitiam
529 4640 861 4695 secaverint‘
904 4644 963 4695 et
1012 4657 1115 4712 per
1184 4641 1531 4697 incisionem
1591 4644 1832 4700 fecerint
1860 4656 1907 4720 D
1940 4647 2067 4701 Non
2099 4643 2253 4699 enim
2289 4642 2540 4713 putastis
2570 4641 2803 4696 vincula
2859 4658 2987 4697 esse
3044 4640 3144 4695 illa
3193 4639 3446 4705 vincula,
3478 4643 3578 4696 sed

172 4729 399 4786 doloris
442 4735 851 4801 augmentum,
898 4728 1174 4785 solatium
1230 4731 1429 4785 statim
1471 4733 1738 4800 afferunt,
1772 4739 1829 4789 et

172 4818 506 4875 remedium
537 4818 622 4872 illi
658 4818 804 4887 loco,
840 4817 938 4873 ubi
969 4817 1325 4885 dolorinest,
1367 4824 1423 4875 et
1456 4822 1826 4892 pertubatam

172 4910 438 4965 refovent
469 4910 729 4964 animam
768 4928 782 4978 ς
816 4912 1129 4981 postquam
1185 4913 1377 4963 autem
1426 4912 1825 4979 recreaverint,

176 4998 423 5054 alteram
447 5000 574 5069 jam
609 5014 727 5053 non
764 4998 1051 5067 adjiciunt
1080 4998 1436 5054 sectionem:
1471 5000 1613 5070 quin
1649 5002 1826 5056 etiam

173 5088 364 5156 illam,
397 5104 528 5158 qum
562 5088 713 5143 facta
743 5091 851 5154 est,
883 5086 1376 5143 medicaminibus
1416 5088 1749 5144 mitioribus
1772 5096 1828 5146 et

170 5176 503 5198 --ι-μιει.μ--
531 5176 971 5200 -.μειελησιζκμυ
998 5178 1263 5200 ῴΞΑὶ----
1286 5177 1498 5202 ..ιαὶιιηζη
1525 5180 1821 5202 --_l'..---_.a

1937 4735 2093 4791 sicut
2123 4731 2373 4796 athletae,
2404 4731 2582 4786 fortes
2613 4730 2695 4785 sic
2726 4730 2972 4785 stetistis
3006 4747 3019 4783 :
3054 4730 3154 4799 qui
3212 4745 3328 4783 non
3386 4728 3578 4785 solum

1937 4822 2147 4879 vestris
2179 4836 2327 4891 opus
2353 4836 2468 4874 non
2502 4818 2796 4874 habuistis
2823 4818 3154 4873 hortatione
3198 4816 3285 4872 vel
3317 4818 3580 4874 consola-

1935 4914 2113 4977 tione,
2147 4925 2347 4965 verum
2374 4909 2550 4964 etiam
2584 4908 2718 4963 aliis
2747 4905 3001 4963 hortatio
3031 4910 3087 4959 et
3116 4906 3434 4961 consolatio
3452 4906 3585 4962 facti

1936 5002 2099 5057 estis.
2134 5022 2161 5051 «
2196 5000 2264 5054 Et
2294 4998 2559 5070 rapinam
2591 4997 3068 5053 substantiarum
3096 5000 3421 5050 vestrarum
3453 5011 3587 5051 cum

1936 5089 2152 5164 gaudio
2184 5087 2545 5158 suscepistis.
2583 5108 2611 5134 »
2671 5082 2994 5153 Rapinam,
3034 5080 3189 5151 quod
3249 5082 3409 5147 dicit,
3458 5098 3594 5140 cum

1939 5178 2148 5204 ----J:..
2184 5176 2526 5204 ηιςρληηεηιζ..
2582 5175 2635 5204 ελ
2675 5178 2761 5204 ’.αθ
2799 5177 2906 5204 τιιεῖ
2964 5187 3053 5204 una
3109 5165 3341 5204 “invasam
3385 5171 3455 5204 ολ
3482 5169 3599 5204 ἰίιξ..
