3976 5348
387 419 503 481 ’795

1403 423 1740 486 ATTONIS
1786 419 2367 484 VERCELLENSIS
2410 420 2763 505 EPISCOPI

3679 413 3799 475 796

389 550 635 609 forsitan
666 552 998 625 prohibere,
1031 556 1279 628 possetis
1311 558 1547 629 quippe,
1580 556 1629 612 si
1659 555 1883 612 velletis
1913 573 2027 612 non
2060 556 2115 622 Α
2143 559 2201 611 et
2228 555 2353 627 ipse
2383 555 2751 627 signiﬁcavit,
2785 555 2982 611 dicens
3017 572 3030 609 :
3064 574 3092 603 ‹‹
3123 551 3328 607 Adhuc
3357 548 3668 605 modicum
3696 548 3802 603 ali-

389 658 518 699 esse
550 643 839 715 rapinam,
875 645 1233 715 abnegantes
1292 648 1484 702 ﬁdem.
1535 647 1643 701 Sed
1705 647 1859 717 quod
1920 646 2029 700 isto

392 732 575 788 multo
608 734 861 805 amplius
891 741 998 801 est,
1030 736 1139 792 hoc
1169 737 1483 802 fecistis,ut
1512 753 1646 792 cum
1678 737 1890 807 gaudio
1922 736 2033 791 ista

390 821 647 877 toleretis
684 847 697 888 ;
729 824 881 893 quod
915 830 1037 879 erat
1076 830 1264 880 totum
1324 826 1703 898 apostolicum
1754 843 1923 897 opus,
1977 830 2034 881 et

393 910 635 981 dignum
670 911 788 966 illis
810 912 1057 968 fortibus
1080 915 1389 970 animabus
1411 920 1473 970 ut
1495 915 2029 988 ﬂagellatisgaude-

394 1000 1288 1073 rent.RemunerabanturUli-lO)
1308 1004 1460 1059 enim
1476 1004 1728 1075 inquit,a
1747 1004 1886 1058 facie
1902 1022 2033 1058 con-

393 1088 510 1141 cilii
546 1090 891 1159 gaudentes,
925 1092 1063 1162 quia
1092 1091 1250 1162 digni
1284 1093 1415 1147 facti
1457 1096 1621 1146 erant
1660 1109 1761 1163 pro
1800 1092 2033 1147 nomine

388 1176 562 1231 Jesus
593 1177 932 1232 inhonorari
963 1180 1099 1249 (Act.
1133 1181 1302 1247 v,4l).
1327 1180 1433 1243 Qui
1466 1180 1619 1234 enim
1656 1197 1787 1235 cum
1820 1180 2032 1252 gaudio

394 1266 525 1330 fert,
556 1268 812 1321 ostendit
855 1268 992 1337 quia
1037 1268 1211 1323 habet
1267 1270 1613 1323 mercedem.
1674 1269 1834 1332 Quod
1892 1268 2035 1322 dixit

400 1376 427 1408 α
459 1356 859 1426 suscepistis,»
888 1356 1211 1412 ultroneam
1246 1375 1445 1412 eorum
1480 1358 1817 1429 patientiam
1844 1357 2032 1411 decla-

395 1444 565 1499 ravit.
597 1444 883 1508 Quoniam
916 1446 1281 1517 suscepistis,
1344 1447 1553 1518 inquit,
1614 1450 2033 1517 cognoscentes

395 1533 609 1589 habere
639 1551 740 1588 vos
774 1534 1073 1589 meliorem
1107 1535 1495 1590 substantiam
1544 1536 1601 1589 in
1635 1536 1793 1590 caelis
1824 1541 1878 1589 et
1906 1552 2032 1606 per-

397 1627 730 1677 manentem
764 1627 821 1677 et
844 1624 1139 1694 possidere
1172 1626 1401 1678 ﬁrmam
1424 1630 1479 1679 et
1508 1624 1799 1690 stabilem,
1825 1629 1882 1679 et
1909 1642 2033 1695 quae

394 1711 583 1783 perire
614 1728 728 1766 non
765 1713 969 1783 possit,
992 1713 1143 1768 sicut
1176 1714 1289 1769 ista
1318 1718 1551 1769 terrena
1582 1714 1745 1785 perit.

465 1801 648 1871 (1441)
682 1824 700 1849 η
738 1801 927 1857 Nolite
947 1803 1145 1873 itaque
1159 1804 1487 1858 ammittere
1505 1803 1915 1858 conﬁdentiam
1933 1820 2031 1858 ve-

394 1896 728 1989 stramque:
754 1907 1030 1961 magnam
1054 1891 1229 1947 habet
1256 1909 1373 1947 rem
1386 1892 2036 1947 unerationem.Patien-
2064 1926 2110 1989 B

393 1977 475 2032 tia
506 1977 661 2032 enim
692 1979 855 2033 vobis
898 1981 1226 2035 necessaria
1270 1987 1375 2049 est,
1427 1986 1491 2036 ut
1542 1981 1900 2037 voluntatem
1932 1982 2031 2037 Dei

396 2065 696 2134 facientes,
731 2068 1037 2138 reportetis
1068 2070 1578 2141 promissionem.»
1612 2071 1736 2126 Non
1767 2070 1922 2126 enim
1946 2072 2031 2126 di-

391 2155 493 2222 xit,
528 2156 665 2226 quia
690 2156 991 2227 amisistis,
1026 2159 1127 2213 sed
1159 2158 1334 2214 nolite
1366 2160 1649 2215 amittere.
1683 2160 1843 2223 Quod
1877 2160 2033 2216 enim

393 2244 686 2300 amittitur
715 2249 777 2299 ut
807 2246 1018 2301 iterum
1052 2247 1407 2318 acquiratur,
1442 2249 1637 2304 labore
1670 2250 1854 2304 multo
1884 2250 2035 2305 indi-

391 2337 488 2405 get
519 2350 532 2399 ;
567 2334 721 2404 quod
756 2339 948 2390 autem
979 2339 1291 2403 tenetur,et
1313 2337 1683 2393 formidinem
1715 2338 2035 2406 habet,for-

391 2422 705 2477 titudinem
738 2441 973 2480 necesse
1004 2430 1093 2480 est
1121 2426 1560 2481 habeat.Nolite
1582 2427 1824 2483 deﬁcere
1846 2428 1902 2481 in
1935 2428 2035 2483 tri-

396 2510 822 2578 bulationibus,
856 2513 996 2583 quia
1026 2530 1240 2585 magna
1270 2519 1358 2570 est
1386 2516 1799 2572 remuneratio.
1833 2517 2035 2573 Horta-

395 2603 494 2653 tur
522 2600 677 2654 enim
710 2615 829 2666 eos,
864 2606 929 2656 ut
960 2602 1225 2659 fortiores
1262 2604 1494 2669 faceret,
1550 2609 1607 2659 et
1655 2605 1923 2661 stabilem
1972 2623 2037 2662 ac

399 2687 629 2744 ﬁrmam
661 2688 835 2744 ﬁdem
874 2690 1382 2748 haberent.Aliter
1412 2694 1567 2747 enim
1600 2693 1820 2750 Galatis
1850 2696 2037 2767 loqui-

395 2781 511 2842 tur,
549 2776 716 2832 aliter
743 2779 1019 2849 Hebraeis,
1051 2779 1191 2847 illis,
1226 2786 1287 2835 ut
1328 2780 1595 2838 Christus
1628 2783 1959 2838 ﬁrmaretur
1980 2784 2037 2839 in

397 2865 526 2933 eis;
562 2865 714 2933 istis,
766 2872 828 2921 ut
875 2868 1167 2924 stabilitas
1222 2870 1394 2926 ﬁrma
1440 2872 1602 2926 ﬁeret
1636 2897 1650 2937 ;
1690 2871 1807 2927 illis
1852 2872 2037 2927 dicit:

405 2977 427 3003 α
464 2955 653 3010 Filioli
688 2956 821 3024 mei,
857 2974 1003 3028 quos
1037 2959 1248 3014 iterum
1272 2960 1741 3031 parturio,donec
1773 2962 2044 3015 reforme-

402 3047 501 3098 tur
530 3044 796 3100 Christus
829 3046 886 3100 in
917 3048 1081 3103 vobis
1110 3049 1249 3119 (Gal.
1278 3067 1352 3115 IV,
1388 3050 1492 3120 19),
1530 3072 1556 3097 ››
1590 3050 1657 3104 Et
1687 3049 1916 3105 merito.
1952 3049 2038 3104 Illi

404 3132 560 3187 enim
594 3134 866 3205 superius
903 3135 1325 3208 afﬁciebantur,
1379 3143 1681 3210 propterea
1730 3155 1877 3210 Opus
1928 3137 2043 3193 illis

403 3226 526 3277 erat
555 3222 908 3295 increpativo
930 3241 1227 3295 sermone;
1262 3227 1357 3282 isti
1389 3233 1584 3282 autem
1613 3226 2044 3299 aliquantulum

2142 646 2494 717 quantulum
2530 664 2542 701 :
2579 647 2679 717 qui
2708 650 2991 701 venturus
3020 647 3127 711 est,
3158 641 3349 697 veniet
3376 643 3430 695 et
3457 656 3577 695 non
3612 638 3805 693 tarda-

2141 736 2227 791 bit
2273 736 2494 806 (Habac.
2530 754 2591 801 ιι,
2644 737 2716 806 4).
2748 758 2777 786 ››
2812 733 2918 798 Qui
2951 738 3230 788 venturus
3271 736 3380 795 est,
3434 746 3549 783 non
3606 728 3803 782 tarda-

2142 826 2247 890 bit,
2280 826 2337 880 id
2372 830 2478 893 est,
2512 824 2796 880 Christus.
2831 824 2898 878 Et
2930 840 3000 878 ne
3032 823 3176 877 forte
3210 820 3470 875 dicerent
3501 836 3514 871 :
3555 818 3804 883 Quando

2141 915 2379 970 veniet?
2407 932 2475 970 ex
2524 914 2839 985 Scripturis
2865 930 2962 968 eos
2992 909 3344 967 consolatur.
3377 909 3613 964 Etenim
3667 906 3807 979 quia

2142 1022 2321 1076 prope
2350 1010 2439 1059 est
2484 1004 2644 1060 salus
2676 1007 2878 1059 nostra
2926 1003 3097 1073 (Rom.
3154 1017 3278 1063 xm,
3315 1000 3425 1069 11),
3456 997 3807 1052 consolatur

2143 1110 2241 1148 eos
2272 1110 2284 1147 :
2321 1098 2603 1165 tanquam
2638 1108 2880 1163 parvum
2915 1090 2992 1146 sit
3021 1088 3439 1162 tempus,quod
3473 1091 3801 1141 remaneat.

2146 1183 2261 1236 Hoc
2293 1199 2407 1236 non
2451 1197 2519 1236 ex
2551 1198 2611 1236 se
2641 1180 2768 1252 ipso
2812 1179 2972 1246 dicit,
3002 1179 3102 1233 sed
3133 1195 3201 1232 ex
3249 1175 3594 1248 Scripturis.
3628 1197 3658 1223 (ι
3694 1174 3806 1229 Ju-

2144 1275 2271 1326 stus
2303 1274 2497 1324 autem
2530 1285 2695 1323 meus
2725 1285 2793 1323 ex
2822 1269 2935 1322 ﬁde
2963 1267 3102 1322 vivit
3132 1266 3353 1337 (Habac.
3387 1265 3537 1330 11,4;
3576 1265 3733 1317 Rom.
3767 1280 3802 1333 ι,

2145 1360 2210 1413 17
2241 1378 2252 1427 ;
2290 1358 2411 1414 Gal.
2443 1354 2680 1427 ιιι,11).›ά
2715 1358 2877 1423 Quod
2900 1356 2949 1411 si
2979 1355 3333 1411 subtraxerit
3361 1370 3575 1419 se,non
3607 1352 3805 1424 place-

2145 1448 2229 1503 bit
2261 1448 2468 1502 animaa
2502 1464 2657 1502 meae.
2685 1448 2800 1502 Nos
2830 1451 3024 1501 autem
3057 1461 3167 1500 non
3201 1460 3409 1499 sumus
3441 1442 3805 1498 subtractio-

2146 1538 2236 1593 nis
2266 1536 2370 1591 ﬁlii
2403 1536 2460 1591 in
2512 1536 2920 1607 perditionem,
2952 1536 3051 1590 sed
3082 1533 3217 1589 ﬁdei
3246 1533 3305 1587 in
3347 1531 3804 1603 acquisitionem

2145 1627 2373 1683 animae.
2406 1648 2434 1676 ››
2469 1625 2674 1680 Justus
2722 1642 2790 1681 ex
2838 1624 2951 1679 ﬁde
2991 1623 3147 1689 vivit,
3184 1622 3323 1693 quia
3368 1624 3490 1676 vita
3542 1620 3805 1690 corporis

2144 1716 2231 1771 tui
2262 1721 2349 1771 est
2399 1714 2595 1769 anima
2626 1720 2767 1781 tua;
2799 1713 2926 1768 vitae
2974 1712 3182 1768 animas
3212 1716 3326 1766 tuae
3358 1715 3449 1766 est
3497 1710 3650 1764 ﬁdes
3680 1714 3803 1771 tua,

2145 1823 2178 1860 a
2210 1822 2327 1875 qua
2358 1804 2458 1875 qui
2492 1820 2553 1859 se
2584 1803 3071 1867 abstraxerit,non
3106 1800 3355 1872 placebit
3387 1805 3521 1854 Deo.
3550 1798 3803 1853 Labora-

2146 1893 2276 1958 stis,
2308 1892 2848 1963 inquit,certamina
2875 1890 3129 1963 plurima
3158 1888 3568 1944 sustinuistis:
3598 1904 3802 1958 exspe-

2143 1987 2297 2038 ctate
2325 1983 2553 2037 beatam
2586 1998 2787 2053 spem;
2821 1980 2996 2035 nolite
3025 1979 3120 2035 hic
3152 1995 3407 2051 quaerere
3438 1995 3571 2049 quae
3606 1994 3802 2049 spera-

2146 2072 2272 2137 stis,
2308 2070 2447 2142 quia
2468 2072 2668 2141 justus
2698 2086 2765 2124 ex
2798 2069 2909 2123 ﬁde
2944 2068 3105 2123 vivit.

2217 2162 2374 2233 (CAP.
2403 2160 2519 2231 ΧΙ.)
2551 2183 2579 2210 ‹‹
2614 2163 2713 2213 Est
2766 2162 2960 2214 autem
2993 2159 3140 2213 ﬁdes
3178 2157 3612 2228 sperandarum
3670 2156 3799 2210 sub-

2146 2251 2363 2305 stantia
2410 2266 2628 2319 rerum,
2662 2252 3073 2319 argumentum
3106 2263 3221 2302 non
3267 2246 3711 2317 apparentium.
3746 2245 3799 2297 [n

2146 2340 2255 2395 hac
2284 2338 2441 2395 enim
2472 2338 2873 2393 testimonium
2923 2336 3217 2391 consecuti
3251 2340 3390 2390 sunt
3419 2351 3618 2390 senes.
3657 2357 3683 2382 ››
3719 2335 3800 2389 Fi-

2147 2429 2248 2483 des
2298 2428 2497 2499 igitur,
2528 2426 2673 2481 visio
2705 2430 2813 2495 est,
2864 2425 3079 2496 inquit,
3112 2441 3227 2478 non
3277 2423 3720 2495 apparentium,
3751 2427 3800 2476 et

2146 2517 2218 2572 ad
2262 2516 2525 2571 eamdem
2576 2514 3032 2571 satisfactionem
3064 2514 3305 2578 ducens,
3335 2520 3628 2584 tanquam
3680 2528 3799 2583 quae

2146 2605 2433 2661 videntur.
2486 2604 2735 2659 Proinde
2784 2618 2974 2674 neque
3036 2602 3189 2657 circa
3235 2618 3303 2657 ea
3351 2618 3479 2673 quas
3532 2601 3801 2655 videntur

2149 2692 2464 2750 credulitas
2491 2692 2580 2748 vel
2601 2691 2981 2748 incredulitas
3010 2691 3125 2746 dici
3156 2695 3563 2762 potest,neque
3594 2689 3798 2744 iterum

2150 2784 2296 2839 ﬁdes
2328 2782 2441 2839 dici
2472 2786 2682 2853 potest,
2717 2782 2827 2837 nisi
2860 2798 2993 2835 cum
3025 2781 3178 2836 circa
3206 2796 3275 2836 ea
3304 2797 3431 2851 quae
3462 2796 3582 2834 non
3617 2779 3802 2832 viden-

2152 2876 2251 2928 tur
2278 2872 2741 2927 satisfactionem
2791 2871 3105 2943 quisquam
3137 2868 3426 2924 habuerit.
3460 2871 3608 2922 Cum
3656 2866 3800 2921 enim

2153 2978 2278 3032 quae
2302 2964 2441 3015 sunt
2462 2960 2520 3013 in
2552 2958 2808 3031 spe,sine
2828 2957 3158 3014 substantia
3178 2973 3307 3012 esse
3328 2960 3652 3027 putantur;
3669 2955 3801 3009 ﬁdes

2153 3049 2237 3104 eis
2268 3048 2471 3103 tribuit
2501 3048 2893 3103 substantiam
2917 3044 3525 3118 puram.Resurrectio
3557 3043 3801 3099 necdum

2155 3138 2306 3192 facta
2335 3140 2444 3201 est,
2477 3142 2533 3191 et
2562 3137 2809 3191 necdum
2841 3140 2930 3191 est
2956 3135 3016 3189 in
3048 3133 3397 3202 substantia,
3430 3133 3534 3189 sed
3566 3150 3708 3204 spes
3734 3132 3803 3185 fa-

2157 3225 2234 3280 cit
2262 3242 2389 3280 eam
2442 3224 2761 3279 subsistere
2787 3224 2843 3279 in
2879 3224 3076 3278 anima
3114 3226 3333 3279 nostra.
3366 3222 3484 3277 Hoc
3534 3226 3627 3277 est
3657 3220 3801 3292 quod

403 3292 917 3382 frigidiores,unde
949 3314 1177 3369 mitiore
1196 3292 1384 3388 magis
1416 3332 1683 3372 sermone
1707 3292 1853 3389 opus
1876 3317 2047 3372 habe-
2078 3292 2120 3358 (ἶ
2158 3313 2322 3380 dixit,
2356 3312 2777 3368 substantia.Si
2798 3312 2977 3383 igitur
3005 3316 3418 3383 argumentum
3449 3314 3540 3365 est
3570 3326 3689 3365 non
3712 3327 3802 3381 ap-

404 3400 567 3455 bant.
603 3400 789 3457 Nolite
818 3401 1014 3473 itaque
1046 3404 1334 3473 amittere,
1370 3404 1580 3476 inquit,
1630 3406 2045 3460 conﬁdentiam

404 3492 657 3560 Apparet
675 3507 810 3562 ergo
824 3491 1023 3561 quiain
1038 3493 1389 3547 conﬁdentia
1402 3494 1589 3548 multa
1602 3496 1845 3550 erantad
1864 3495 2046 3549 Deum

407 3577 543 3640 Quae
577 3595 873 3651 magnam,
902 3580 1112 3651 inquit,
1149 3581 1324 3636 habet
1345 3583 1891 3639 remunerationem.
1919 3589 2049 3639 Pro-

409 3671 607 3738 pterea
638 3668 951 3723 antecessit
980 3685 1181 3723 eorum
1213 3671 1621 3742 cogitationem
1655 3688 1819 3743 pene,
1849 3672 2048 3727 dicens

411 3754 456 3809 si
490 3754 550 3808 in
582 3754 743 3810 cmlis
776 3755 1100 3827 intelligitis
1129 3774 1228 3813 vos
1261 3758 1473 3814 habere
1504 3760 1896 3816 substantiam
1929 3778 2048 3817 me-

408 3842 636 3910 liorem,
672 3843 817 3898 nihil
852 3845 1181 3916 requiratis,
1214 3848 1312 3901 sed
1355 3852 1588 3903 tantum
1632 3848 1724 3903 hic
1774 3849 2052 3921 patientia

413 3946 563 4001 opus
593 3936 701 3999 est,
733 3937 789 3988 et
821 3950 936 3988 non
969 3939 1033 3989 ut
1064 3936 1306 4003 cadatis,
1340 3938 1441 3992 sed
1475 3942 1540 3992 ut
1567 3937 1625 3991 in
1656 3938 1879 3993 eisdem
1906 3938 2051 4009 ipsis

414 4022 805 4091 permaneatis
834 4043 849 4085 ;
884 4027 949 4078 ut
980 4039 1093 4078 non
1123 4024 1576 4098 abjiciatisquod
1601 4026 1763 4083 vobis
1792 4028 2053 4099 imperti-

346 4122 349 4125 '
412 4112 540 4163 tum
573 4114 682 4180 est,
719 4110 865 4165 nihil
896 4112 1060 4168 vobis
1093 4112 1251 4168 aliud
1282 4131 1430 4187 Opus
1462 4120 1569 4183 est,
1604 4116 1717 4171 nisi
1747 4121 1811 4170 ut
1863 4116 2049 4184 stetis,

413 4198 566 4252 sicut
598 4200 842 4256 stetistis
879 4219 891 4260 :
925 4205 988 4255 ut
1002 4202 1073 4256 ad
1089 4202 1261 4257 ﬁnem
1278 4203 1574 4259 venientes
1592 4204 1832 4275 portetis
1855 4221 2053 4276 repro-

413 4287 901 4354 missionem,uno
934 4306 1082 4362 Opus
1114 4290 1342 4347 habetis
1375 4297 1607 4347 tantum
1638 4298 1703 4347 ut
1734 4309 2056 4364 persevere-

413 4376 491 4431 tis
540 4380 597 4430 et
643 4378 987 4448 exspectetis
1037 4378 1252 4445 futura,
1273 4397 1387 4435 non
1442 4385 1506 4435 ut
1543 4382 1757 4436 iterum
1801 4383 2053 4437 certetis.

414 4466 499 4519 Ad
531 4464 719 4535 ipsam
745 4466 872 4536 jam
905 4482 1179 4522 coronam
1214 4468 1459 4540 proximi
1494 4469 1625 4525 facti
1649 4469 1789 4525 estis
1824 4488 1836 4537 ;
1870 4476 2054 4525 certa-

418 4554 577 4608 mina
635 4558 843 4609 cuncta
886 4556 1272 4624 sustinuistis,
1323 4557 1572 4630 vincula,
1623 4559 2052 4627 tribulationes,

2156 3402 2508 3474 parentium,
2533 3401 2673 3471 quid
2702 3404 2791 3456 est
2819 3401 2971 3471 quod
3003 3416 3131 3455 eam
3163 3399 3342 3455 vultis
3364 3399 3492 3466 jam
3522 3397 3805 3461 videre,ut

2156 3491 2436 3546 excidatis
2484 3507 2517 3544 a
2567 3489 2710 3545 facie
2757 3489 3027 3544 sanitatis
3056 3489 3083 3543 ?
3131 3489 3393 3544 Profecto
3440 3487 3630 3558 liquet
3676 3485 3805 3557 quia

2160 3580 2303 3634 ﬁdes
2335 3579 2564 3634 illarum
2595 3596 2789 3633 rerum
2814 3582 3226 3650 argumentum
3256 3583 3501 3649 est,qua3
3532 3591 3807 3647 apparere

2159 3686 2273 3723 non
2305 3672 2574 3739 possunt.
2623 3670 2756 3733 Quae
2787 3668 2942 3723 enim
2974 3670 3276 3739 apparent,
3319 3667 3442 3736 jam
3472 3665 3653 3720 ﬁdem
3698 3680 3805 3718 non

2159 3760 2392 3825 habent,
2424 3758 2523 3813 sed
2576 3757 2953 3829 agnitionem.
2988 3757 3137 3811 Dum
3178 3771 3315 3827 ergo
3339 3755 3484 3810 vidit
3529 3754 3805 3815 Thomas,

2159 3852 2300 3905 dum
2343 3846 2618 3919 palpavit,
2652 3864 2755 3902 cur
2802 3846 2853 3900 ei
2906 3845 3119 3901 dicitur
3151 3861 3164 3899 :
3201 3867 3229 3896 «
3261 3842 3474 3898 Vidisti
3523 3858 3644 3911 me,
3696 3858 3807 3895 cre-

2160 3938 2358 3996 didisti
2379 3938 2406 3992 ‘I
2439 3959 2466 3986 ››
2499 3938 2673 4003 (Ιοαη.
2706 3954 2797 4006 xx,
2828 3936 2941 3997 29.)
2970 3937 3079 3990 Sed
3112 3934 3269 3989 aliud
3300 3932 3464 4000 vidit,
3499 3930 3668 4001 aliud
3697 3947 3810 3985 cre-

2161 4028 2308 4083 didit
2328 4044 2391 4095 ;a
2421 4024 2654 4080 mortali
2684 4025 2899 4096 quippe
2920 4022 3157 4078 homine
3186 4020 3461 4078 divinitas
3482 4019 3673 4075 videri
3703 4036 3811 4075 non

2162 4117 2367 4189 potuit.
2401 4114 2707 4170 Hominem
2754 4102 3141 4184 igitur‘vidit,
3170 4115 3227 4166 et
3276 4110 3461 4166 Deum
3512 4108 3815 4165 confessus

2163 4210 2271 4276 est,
2302 4203 2502 4259 dicens
2536 4219 2549 4256 :
2583 4225 2611 4252 «
2646 4207 2798 4256 Deus
2830 4216 3018 4268 meus,
3041 4205 3100 4255 et
3133 4199 3411 4255 Dominus
3441 4215 3639 4254 meus.
3664 4220 3693 4246 »δ
3722 4196 3814 4251 Vi-

2164 4293 2353 4349 dendo
2381 4307 2515 4362 ergo
2533 4289 2906 4360 credidit,qui
2936 4289 3359 4344 considerando
3381 4304 3590 4343 verum
3623 4286 3813 4342 homi-

2166 4398 2295 4437 nem
2349 4386 2551 4449 Deum,
2602 4394 2777 4449 quem
2830 4378 3025 4433 videre
3070 4394 3187 4432 non
3232 4381 3475 4448 poterat,
3526 4375 3812 4432 exclama-

2165 4471 2267 4527 vit.

2241 4559 2519 4614 Laatiﬁcat
2548 4558 2713 4613 valde
2757 4558 2913 4627 quod
2944 4557 3214 4627 sequitur
3245 4573 3258 4611 :
3293 4578 3321 4605 «
3356 4554 3517 4610 Beati
3549 4555 3655 4626 qui
3706 4571 3808 4609 non

418 4644 759 4699 substantia
782 4650 985 4699 vestrae
1007 4645 1244 4717 direpta:
1262 4648 1575 4718 sunt,Quid
1606 4665 1740 4720 ergo
1764 4654 2054 4720 est,quam
2087 4656 2133 4720 D
2164 4650 2455 4714 viderunt,
2490 4651 2546 4701 et
2574 4646 2946 4701 crediderunt
2975 4645 3181 4717 (lbid.).
3214 4666 3243 4695 »
3280 4646 3341 4700 In
3372 4660 3492 4714 qua
3532 4643 3808 4699 nimirum

417 4733 531 4787 nisi
565 4733 633 4788 de
665 4738 869 4789 caetero
902 4735 971 4789 ad
1005 4734 1113 4791 hoc
1144 4737 1441 4807 stetis,§ut
1492 4738 1852 4793 coronemini
1879 4739 1907 4792 ‘I
1938 4738 2054 4793 Hoc

2164 4737 2453 4793 sententia
2499 4752 2606 4791 nos
2634 4734 2963 4806 specialiter
3006 4733 3220 4804 signati
3258 4748 3489 4799 sumus,
3522 4733 3629 4804 qui
3660 4749 3807 4795 eum,

416 4822 607 4877 solum
642 4824 1081 4893 praastolamini,
1115 4827 1426 4881 adventum
1460 4844 1703 4883 coronae.
1737 4828 1781 4882 Ο
1839 4830 2060 4897 quanta
2167 4843 2337 4897 quem
2391 4841 2563 4879 carne
2592 4840 2707 4879 non
2755 4822 3031 4893 vidimus,
3072 4826 3266 4877 mente
3322 4821 3671 4878 retinemus.
3704 4822 3808 4878 Nos

419 4912 762 4983 magnitudo
793 4913 1141 4969 hortationis
1190 4920 1245 4970 et
1289 4916 1706 4971 consolationis
1741 4916 1751 4969 Ξ
1786 4914 1976 4969 Veluti
2004 4914 2053 4969 si

417 5001 513 5046 nni
549 5001 776 5046 athleta).
806 5002 915 5046 lina
945 5003 1159 5046 dicarat
1199 5006 1335 5046 nnid
1371 5010 1611 5046 nnnntnc
1644 5008 1979 5046 annnrnqqnt
2002 5006 2059 5046 nt

2165 4914 2380 4986 signati
2409 4912 2693 4981 sumus,si
2716 4913 2888 4967 ﬁdem
2908 4916 3168 4967 nostram
3192 4912 3467 4983 operibus
3488 4912 3807 4983 sequimur.

2169 5003 2266 5046 Illp.
2297 5002 2447 5046 anim
2496 5018 2625 5046 vam
2677 5002 2879 5046 credit-
2914 5001 3009 5046 nni
3044 5005 3268 5046 RYAPﬂRt
3312 5001 3613 5046 nnnrandn
3667 5000 3803 5046 mind
