3976 5348
166 440 289 501 797

708 438 1118 502 EXPOSITIO
1163 439 1240 499 ΙΝ
1287 434 1714 499 EPISTULAS
1756 434 2017 496 PAULI.
2052 465 2130 479 —
2172 435 2251 495 IN
2297 436 2546 497 EPIST.
2592 435 2694 496 AD
2738 434 2975 496 HEBR.

3463 426 3583 493 798

167 572 388 640 animo,
423 575 479 628 et
507 571 657 626 virili
689 589 836 643 opus
868 572 1061 637 habet,
1093 572 1292 627 omnia
1340 572 1816 643 supergrediente
1844 568 1897 633 Α
1930 568 2216 624 Dominus
2246 585 2422 639 super
2440 568 2604 635 Abel,
2627 572 2683 623 et
2705 584 2879 638 super
2902 564 3257 622 sacriﬁcium
3284 565 3442 636 ejus;
3478 580 3582 620 seu

167 661 493 731 sensibilia,
527 667 581 716 et
613 662 1012 716 inﬁrmitatem
1046 661 1339 716 rationum
1387 662 1693 717 hominum
1727 664 1817 716 in-

164 754 527 805 transeunte.
562 750 683 805 Non
718 751 874 804 enim
910 755 1095 821 potest
1127 750 1294 805 aliter
1324 750 1640 821 quisquam
1678 752 1821 805 ﬁde-

163 839 237 893 lis
272 838 546 905 ﬁeri,nisi
580 840 838 910 seipsum
873 858 905 893 a
937 840 1359 894 consuetudine
1395 840 1693 895 communi
1718 842 1822 894 ab-

169 929 367 983 ducat.
394 929 539 991 Quia
568 945 703 998 ergo
734 928 942 981 animae
979 928 1344 982 Hebraeorum
1380 929 1602 985 debiles
1634 934 1818 995 erant,

158 1022 213 1071 et
246 1034 279 1071 a
318 1017 427 1071 ﬁde
462 1018 699 1087 quidem
734 1016 965 1070 initium
1002 1027 1393 1088 sumpserant,
1429 1035 1494 1071 ex
1528 1019 1815 1089 passioni-

158 1106 268 1160 bus
288 1111 484 1159 autem
500 1104 945 1160 tribulationum
968 1106 1374 1177 pusillanimes
1391 1106 1817 1177 efﬁciebantur,

155 1200 211 1249 et
262 1195 465 1250 minus
516 1196 801 1267 patienter
858 1197 1144 1261 ferebant,
1196 1201 1251 1251 et
1299 1196 1813 1263 concutiebantur;

154 1284 351 1355 primo
383 1300 480 1339 eos
527 1302 593 1338 ex
620 1285 829 1355 seipsis
863 1285 1205 1339 adhortatus
1238 1291 1345 1355 est,
1372 1286 1569 1341 dicens
1601 1305 1612 1341 :
1648 1312 1673 1336 ‹‹
1712 1289 1816 1342 Re-

151 1375 573 1428 memoramini
607 1374 730 1429 dies
766 1374 1064 1444 pristinos,
1092 1393 1117 1424 ι)
1158 1374 1366 1429 deinde
1419 1391 1485 1428 ex
1516 1377 1817 1446 Scriptura

152 1462 358 1517 divina
379 1462 604 1517 dicente
640 1479 649 1516 :
687 1485 714 1512 ‹‹
748 1463 953 1518 Justus
987 1480 1051 1516 ex
1088 1464 1197 1517 ﬁde
1230 1464 1368 1518 vivit
1404 1482 1415 1519 :
1454 1486 1479 1511 »
1515 1464 1723 1518 deinde
1748 1482 1814 1518 ex

150 1550 724 1615 ratiocinationibus,
777 1552 1025 1607 dicens:
1062 1575 1088 1601 ‹‹
1133 1552 1300 1607 Fides
1351 1558 1441 1607 est
1496 1555 1811 1624 speranda-

150 1648 280 1685 rum
323 1632 657 1686 substantia
687 1649 902 1698 rerum,
931 1656 957 1681 ››
993 1632 1274 1688 convictio
1308 1650 1671 1705 earum,qua3
1698 1650 1813 1688 non

146 1721 456 1787 videntur;
493 1740 649 1777 nunc
680 1728 876 1777 autem
910 1727 968 1777 et
1020 1722 1385 1793 genitoribus
1416 1722 1621 1793 incipit
1654 1722 1812 1793 loqui

147 1810 389 1881 magnis
420 1810 643 1875 viris,et
675 1810 1021 1866 mirabiliter
1043 1811 1172 1865 illos
1206 1828 1537 1883 proponens
1561 1812 1727 1866 nobis
1752 1813 1808 1865 in

142 1898 509 1970 exemplum,
539 1900 697 1971 quia,
719 1901 871 1955 sicut
902 1900 984 1955 illi
1017 1918 1219 1956 omnes
1252 1918 1351 1971 per
1383 1901 1556 1955 ﬁdem
1600 1900 1806 1955 salvati
1844 1934 1891 1998 B

146 1992 307 2057 sunt,
344 1986 427 2041 ita
473 1992 529 2042 et
581 2006 686 2042 nos
735 2006 836 2059 per
878 1990 1052 2043 ﬁdem
1088 2006 1289 2044 omnes
1321 1989 1638 2043 salvamur.
1671 1990 1813 2043 Cum

157 2076 615 2131 eniminvenerit
636 2078 905 2132 animain
929 2078 1149 2133 eisdem
1170 2078 1546 2149 passionibus
1572 2077 1819 2132 socium.

163 2165 481 2235 requiescit
512 2172 568 2220 et
599 2165 866 2236 respirat.
907 2168 1019 2222 [Ioc
1060 2172 1115 2221 et
1154 2168 1211 2221 in
1244 2166 1375 2233 ﬁde,
1410 2166 1517 2221 hoc
1544 2172 1599 2221 et
1626 2169 1682 2220 in
1715 2167 1817 2220 tri-

154 2252 460 2309 bulatione
491 2254 642 2309 solet
666 2256 1207 2311 accidere.Proinde
1236 2257 1312 2310 sit
1346 2257 1398 2309 in
1432 2256 1594 2311 vobis
1619 2272 1820 2310 conso-

158 2340 322 2408 latio,
354 2342 675 2413 inquit,per
706 2349 971 2399 mutuam
1007 2344 1389 2399 ﬁdem.Valde
1421 2344 1574 2399 enim
1611 2343 1814 2418 fragile

160 2433 248 2483 est
278 2445 466 2501 genus
498 2430 824 2486 humanum
857 2438 912 2487 et
943 2432 1191 2487 nimium
1225 2433 1501 2489 haesitans
1524 2434 1580 2487 in
1606 2435 1816 2505 cogita‘

159 2515 337 2572 tione.
392 2518 707 2589 Apostolus
756 2537 891 2592 ergo
940 2537 1009 2575 ex
1056 2521 1320 2592 patribus
1374 2538 1471 2576 eos
1526 2522 1807 2578 hortatur.

166 2606 234 2660 Et
264 2606 453 2677 primo
472 2625 539 2663 ex
562 2610 861 2664 communi
886 2609 1377 2674 intellectu,initio
1409 2611 1810 2680 manifestum,

163 2694 491 2766 inquit,est,
544 2698 681 2768 quia
725 2716 839 2752 non
894 2700 1280 2766 exstantibus,
1315 2715 1440 2769 quae
1473 2704 1630 2767 sunt,
1659 2700 1812 2756 Deus

159 2783 341 2839 efﬁcit
393 2802 403 2838 :
458 2786 557 2839 sed
610 2803 677 2839 ex
720 2785 1117 2842 invisibilibus
1147 2787 1421 2856 visibilia,
1455 2804 1521 2841 ex
1552 2804 1665 2842 non
1700 2790 1812 2843 exi-

161 2874 463 2927 stentibus
486 2873 966 2927 subsistentiaEt
987 2875 1142 2927 unde
1158 2874 1303 2927 hoc?
1333 2875 1478 2936 Quia
1507 2877 1679 2929 verbo
1704 2876 1811 2931 hoc

152 2959 710 3016 fecit.Ratiocinatio
745 2962 982 3032 quidem
1017 2962 1076 3016 in
1108 2962 1215 3017 hoc
1241 2962 1381 3016 nihil
1416 2963 1581 3019 nobis
1613 2964 1815 3019 suifra-

153 3052 359 3118 gatur.
416 3049 575 3103 Unde
635 3050 869 3121 quidem
933 3051 1241 3117 habemus,
1301 3052 1441 3122 quia
1494 3057 1646 3107 Deus
1706 3052 1813 3108 hoc

152 3134 321 3200 fecit,
357 3136 502 3191 ratio
532 3155 647 3192 non
695 3140 1064 3211 suffragatur.
1121 3140 1367 3210 Aliquis,
1418 3143 1651 3211 quando
1707 3143 1811 3197 ﬁe-

145 3222 325 3289 bant,
361 3242 473 3279 non
507 3226 723 3282 aderat.
760 3228 920 3283 Unde
972 3246 1107 3300 ergo
1165 3234 1385 3284 certum
1419 3231 1545 3284 est?
1574 3231 1813 3285 Manife-

1931 674 2032 728 per
2055 657 2212 713 illam
2234 658 2463 713 Domini
2484 658 2828 714 sententiam
2844 656 3015 729 ,quod
3039 674 3072 711 a
3093 655 3282 727 primo
3305 660 3579 723 martyre,

1931 748 2031 815 qui
2062 747 2171 801 fuit
2193 764 2375 817 usque
2398 748 2467 801 ad
2494 753 2816 803 extremum
2850 749 3270 801 rememoratus
3296 748 3383 799 est
3407 749 3578 810 Deus,

1932 835 2217 890 vindicari
2250 852 2427 906 super
2456 835 2570 899 his,
2590 836 2689 906 qui
2725 835 2945 889 faciunt
2974 834 3290 887 vindictam
3315 833 3372 886 in
3398 832 3579 888 servis

1930 925 2053 979 suis
2104 942 2115 978 :
2168 931 2231 978 ut
2274 926 2330 979 in
2382 923 2689 995 Evangelio
2738 924 2989 995 legimus
3033 923 3251 989 (Matth.
3285 940 3440 988 xxm,
3473 923 3575 989 35;

1933 1019 2062 1068 Luc.
2100 1032 2161 1079 11,
2193 1015 2282 1085 51)
2308 1030 2359 1067 ;‹‹
2389 1020 2434 1065 Α
2466 1014 2751 1083 sanguine
2778 1012 2916 1067 Abel
2940 1013 3087 1082 justi
3121 1028 3308 1082 usque
3340 1012 3410 1066 ad
3443 1029 3576 1066 san-

1929 1104 2165 1177 guinem
2200 1104 2486 1157 Zachariae
2509 1106 2585 1169 (II
2609 1104 2967 1169 Paral.xx1v,
2987 1102 3097 1172 ‘22),
3126 1101 3230 1156 ﬁlii
3262 1101 3574 1170 Barachiee,

1928 1210 2103 1263 quem
2131 1193 2468 1247 occiderunt
2514 1192 2663 1246 inter
2708 1191 3017 1262 templum,
3051 1196 3107 1244 et
3138 1191 3338 1245 altare.
3372 1192 3441 1245 Et
3471 1208 3576 1262 per

1926 1281 2084 1335 illam
2121 1282 2434 1336 defunctus
2466 1282 2656 1335 adhuc
2688 1279 2965 1351 loquitur,
2999 1300 3025 1331 ι)
3062 1284 3127 1333 ut
3156 1279 3370 1334 dicitur
3392 1296 3403 1333 :
3429 1279 3574 1333 San-

1924 1369 2056 1440 guis
2086 1370 2225 1424 Abel
2260 1369 2475 1424 clamat
2506 1370 2575 1423 ad
2612 1386 2701 1423 me
2734 1370 2803 1423 de
2834 1373 2987 1423 terra
3021 1367 3169 1439 (Gen.
3206 1384 3280 1433 lV,
3316 1368 3423 1431 10),
3470 1383 3574 1422 seu

1925 1457 2116 1512 adhuc
2166 1457 2455 1529 loquitur;
2504 1458 2611 1513 hoc
2656 1463 2765 1525 est,
2811 1458 3106 1511 interemit
3148 1454 3383 1527 quidem
3415 1472 3572 1524 eum,

1926 1548 2025 1602 sed
2062 1564 2174 1601 non
2208 1564 2341 1601 cum
2375 1563 2439 1601 eo
2471 1546 2765 1601 interemit
2796 1548 2922 1617 ejus
2954 1546 3221 1619 gloriam.
3246 1548 3324 1599 Ac
3357 1545 3402 1599 si
3428 1543 3577 1600 dice-

1924 1640 2029 1701 ret,
2067 1653 2179 1690 non
2213 1634 2307 1690 ille
2343 1642 2609 1690 mortuus
2642 1640 2753 1704 est,
2785 1652 2919 1707 ergo
2953 1651 3056 1689 nec
3082 1651 3183 1688 vos
3216 1632 3571 1688 moriemini.

1924 1724 2132 1779 Omnia
2163 1725 2285 1780 hzec
2313 1726 2429 1796 egit
2459 1724 2794 1796 Apostolus,
2827 1730 2891 1778 ut
2922 1725 3252 1795 capacioces
3292 1738 3390 1777 eos
3442 1722 3571 1777 red-

1922 1814 2081 1868 deret
2102 1813 2159 1867 in
2185 1814 2293 1867 ﬁde
2318 1820 2373 1868 et
2397 1815 2683 1869 ﬁrmiores
2714 1815 2785 1869 ad
2818 1811 3467 1869 tolerandum.Proinde
3491 1816 3574 1866 tot

1921 1902 2110 1971 signa,
2143 1907 2228 1957 tot
2259 1901 2564 1969 miracula,
2599 1907 2676 1956 tot
2717 1901 3147 1956 consolationes
3196 1899 3568 1971 multiplicat.

1933 1993 2158 2056 Quanto
2192 1991 2325 2061 quis
2356 1992 2549 2045 acrius
2579 2008 2789 2063 passus
2822 1989 3013 2056 fuerit,
3046 1992 3206 2044 tanto
3238 1987 3427 2059 magis
3449 1987 3569 2059 glo-

1929 2080 2016 2134 ria
2048 2080 2627 2152 procrescit.Quando
2659 2081 2849 2134 adhuc
2874 2078 3155 2150 loquitur,
3178 2078 3285 2132 hoc
3307 2077 3462 2132 enim
3484 2077 3573 2131 in-

1929 2169 2147 2223 dicium
2170 2170 2442 2240 est,quod
2462 2168 2781 2240 vivit,quod
2806 2169 2863 2222 in
2886 2185 2983 2223 ore
3004 2168 3267 2223 omnium
3286 2171 3569 2232 versatur,

1929 2259 2080 2328 quod
2132 2274 2335 2312 omnes
2383 2275 2516 2313 eum
2565 2257 2933 2312 admirantur
2974 2261 3030 2312 et
3076 2256 3427 2311 beatiﬁcant.
3463 2255 3570 2321 Qui

1928 2347 2081 2401 enim
2105 2348 2379 2402 admonet
2407 2346 2549 2401 alios
2576 2350 2640 2401 ut
2662 2346 2811 2417 justi
2839 2346 2956 2401 sint
2978 2345 3391 2418 loquitur.Non
3412 2343 3568 2400 enim

1925 2440 2155 2491 tantum
2217 2436 2444 2507 proﬁcit
2502 2452 2716 2499 sermo,
2785 2439 3073 2507 quantum
3141 2432 3335 2505 passio
3388 2432 3566 2489 illius.

1924 2524 2084 2580 Sicut
2142 2524 2348 2579 ccelum
2418 2528 2648 2579 tantum
2699 2541 2985 2595 apparens
3039 2522 3320 2594 loquitur,
3375 2522 3457 2575 sic
3514 2524 3571 2577 et

1923 2613 2036 2683 ille,
2073 2614 2209 2668 dum
2245 2614 2304 2667 in
2339 2614 2682 2668 memoriam
2731 2612 2907 2668 venit.
2959 2612 3271 2682 Nunquam
3319 2611 3476 2665 enim
3509 2610 3566 2665 in

1922 2706 2083 2757 tanta
2112 2706 2265 2757 esset
2295 2702 2702 2767 admiratione,
2750 2701 2798 2754 si
2848 2700 3007 2754 mille
3044 2699 3276 2771 linguas
3307 2699 3565 2768 haberet,

1922 2792 1973 2846 si
2010 2792 2243 2859 viveret,
2300 2791 2356 2843 in
2409 2796 2628 2861 quanta
2677 2806 2833 2843 nunc
2877 2788 3264 2843 admiratione
3294 2791 3401 2842 est.
3436 2791 3565 2841 Haec

1921 2877 2106 2950 gloria
2136 2895 2249 2932 non
2285 2877 2608 2947 acquiritur
2636 2877 2760 2931 sine
2791 2874 3083 2947 periculis.

1993 2990 2020 3015 ‹‹
2056 2967 2193 3021 Fide
2223 2966 2458 3020 Henoch
2494 2964 2814 3019 translatus
2839 2968 2928 3018 est
2956 2980 3026 3017 ne
3047 2962 3263 3017 videret
3292 2966 3561 3034 mortem,

1921 3059 1978 3109 et
2008 3072 2121 3109 non
2153 3054 2576 3122 inveniebatur,
2631 3052 2767 3123 quia
2816 3050 3119 3106 transtulit
3166 3050 3334 3104 illum
3388 3050 3564 3115 Deus,

1924 3148 2054 3198 ante
2084 3141 2527 3196 translationem
2561 3140 2714 3194 enim
2747 3140 3150 3195 testimonium
3198 3138 3406 3192 habuit
3438 3138 3565 3210 pla—

1924 3232 2116 3286 cuisse
2149 3231 2428 3285 Deo.Sine
2460 3230 2573 3284 ﬁde
2604 3233 2797 3283 autem
2830 3226 3194 3299 impossibile
3223 3231 3312 3282 est
3341 3227 3567 3299 placere

149 3315 325 3367 stum
358 3318 464 3382 est,
500 3317 654 3385 quod
706 3317 840 3372 ﬁdei
889 3334 982 3373 res
1036 3298 1143 3373 est.
1184 3341 1203 3366 α
1238 3318 1373 3373 Fide
1406 3317 1809 3391 intelligimus,
1844 3298 1886 3364 ί]
1926 3321 2062 3375 Deo.
2098 3320 2340 3375 Credere
2383 3318 2538 3374 enim
2589 3321 2812 3388 oportet
2869 3298 3236 3371 accedentem
3279 3298 3353 3370 ad
3384 3321 3563 3370 Deum

148 3401 377 3473 inquit,
440 3409 636 3474 aptata
693 3422 821 3461 esse
889 3406 1098 3462 saecula
1174 3408 1346 3462 verbo
1403 3407 1523 3461 Dei.
1589 3429 1617 3457 »
1678 3410 1811 3464 Fide

157 3489 380 3561 quippe
411 3491 703 3547 credimus
736 3495 1022 3564 aptata,id
1058 3501 1165 3559 est,
1194 3496 1464 3565 perlecta,
1502 3513 1602 3550 seu
1636 3497 1807 3553 facta:

164 3578 304 3648 quia
336 3595 451 3633 non
483 3596 550 3634 ex
582 3581 933 3649 visibilibus,
969 3574 1083 3637 sed'
1118 3601 1184 3638 ex
1236 3583 1628 3640 invisibilibus
1662 3586 1811 3640 facta

163 3670 303 3721 sunt
335 3683 459 3738 quae
489 3668 776 3724 videntur.
816 3671 927 3726 Hoc
961 3677 1157 3726 autem
1189 3677 1279 3727 est
1309 3672 1461 3727 ﬁdei.
1496 3674 1812 3729 lnvisibilia

164 3756 381 3826 quippe
411 3762 595 3823 erant,
629 3759 906 3829 quoniam
956 3761 1206 3814 tenebrze
1238 3765 1402 3815 erant
1434 3779 1609 3832 super
1639 3763 1810 3834 abys-

165 3860 296 3897 sum
330 3844 480 3915 (Gen.
516 3861 556 3913 1,
587 3847 662 3915 2).
696 3846 966 3901 Visibilia
995 3848 1146 3902 facta
1177 3853 1332 3914 sunt,
1367 3851 1646 3918 quoniam
1686 3868 1808 3905 om-

165 3931 260 3986 nia
291 3933 541 3987 formam
575 3939 944 4006 acceperunt.

234 4020 420 4089 (1442)
448 4044 474 4070 ‹‹
508 4020 641 4076 Fide
673 4022 989 4093 plurimam
1022 4022 1274 4077 hostiam
1307 4024 1650 4095 Abel,quam
1675 4025 1809 4081 Cain

166 4107 377 4163 obtulit
408 4114 539 4177 Deo,
574 4128 675 4182 per
706 4129 879 4182 quam
909 4112 1310 4167 testimonium
1344 4120 1694 4171 consecutus
1726 4121 1813 4171 est

167 4200 942 4269 essejustus,testimonium
963 4201 1301 4273 perhibente
1321 4205 1664 4260 muneribus
1687 4207 1813 4276 ejus

168 4283 369 4351 Deo,et
391 4286 664 4357 perillam
682 4289 991 4344 defunctus
1014 4290 1204 4346 adhuc
1226 4291 1809 4363 loquitur.»Primum

165 4375 322 4443 penit
355 4377 620 4447 eum,qui
652 4376 805 4432 mala
834 4395 1045 4449 passus
1079 4384 1184 4446 est,
1218 4384 1273 4434 et
1322 4381 1430 4435 hoc
1462 4386 1518 4436 et
1549 4400 1582 4436 a
1614 4383 1807 4438 fratre.

169 4459 472 4534 Proprium
505 4465 738 4521 illorum
787 4465 985 4537 posuit
1030 4467 1361 4535 exemplum
1398 4485 1409 4521 :
1445 4471 1656 4525 etenim
1686 4488 1808 4543 vos,

165 4547 380 4622 inquit,
425 4555 626 4609 eadem
675 4554 833 4625 passi
879 4554 1019 4609 estis
1051 4573 1083 4610 a
1114 4556 1537 4612 contribulibus
1578 4559 1807 4615 vestris.

1922 3409 2060 3480 quia
2087 3415 2193 3474 est,
2226 3412 2281 3463 et
2309 3407 2742 3480 inquirentibus
2773 3422 2833 3461 se
2856 3409 3258 3460 remunerator
3288 3406 3382 3460 sit.
3401 3410 3565 3461 »Nou

1922 3498 2076 3553 enim
2126 3497 2268 3552 dixit
2315 3498 2469 3568 apud
2524 3497 2783 3567 seipsum
2824 3494 3081 3564 Henoch,
3116 3495 3268 3566 quod
3301 3512 3447 3567 opus
3479 3501 3568 3550 est

1920 3585 2150 3641 labores
2174 3590 2227 3639 et
2258 3585 2517 3657 pericula
2538 3584 2998 3639 sustinere.Ecce
3018 3582 3157 3638 Abel
3177 3587 3443 3637 mortuus
3464 3600 3567 3654 pro

1921 3691 2116 3729 amore
2148 3674 2335 3740 Dei,et
2366 3674 2614 3729 necdum
2649 3672 3135 3728 resurrectionem
3171 3672 3417 3743 adeptus
3441 3675 3564 3739 est;

1922 3764 2021 3818 sed
2055 3762 2409 3817 desiderium
2434 3762 2668 3834 quidem
2693 3762 2823 3830 ejus
2844 3761 3223 3815 manifestum
3250 3763 3419 3829 est,et
3442 3776 3566 3830 qua:

1922 3851 1993 3903 ab
2028 3850 2125 3904 illo
2160 3850 2281 3904 ﬁeri
2313 3851 2625 3913 debebant,
2659 3850 2810 3903 facta
2841 3854 2998 3903 sunt.
3032 3848 3164 3911 Quae
3202 3865 3334 3903 vero
3365 3848 3569 3903 donari

1922 3943 2250 4009 sperantur,
2288 3939 2539 3993 necdum
2571 3937 2654 3990 illi
2688 3937 2897 3992 collata
2926 3938 3211 3991 sunt.Sed
3245 3954 3350 3991 nec
3380 3937 3568 4007 parri-

1922 4026 2050 4081 cida
2080 4025 2339 4097 suscepit
2370 4025 2799 4080 contritionem.
2832 4024 3084 4079 Minatur
3113 4024 3349 4094 quidem
3378 4026 3449 4079 ab
3481 4042 3568 4096 eo,

1922 4116 2024 4171 sed
2056 4116 2305 4169 necdum
2339 4114 2387 4168 ei
2421 4113 2708 4168 retribuit.
2742 4112 2886 4176 Quid
2922 4111 3005 4165 illi
3038 4128 3106 4166 ex
3135 4111 3245 4166 hoc
3274 4113 3569 4184 proderit?

1922 4205 2022 4259 sed
2056 4204 2125 4259 ab
2168 4202 2509 4275 hujusmodi
2534 4202 2902 4257 cunctatione
2923 4200 3324 4272 pertransiens
3346 4200 3570 4256 intelle-

1920 4292 2319 4363 xit,quoniam
2344 4292 2391 4347 si
2417 4297 2505 4347 est
2534 4293 2704 4360 Deus,
2731 4290 3067 4346 omnimodo
3101 4289 3407 4343 retributio
3439 4290 3566 4344 erit.

1921 4384 1991 4438 Et
2018 4400 2119 4438 vos
2150 4381 2570 4456 igitur,inquit,
2594 4380 2874 4435 attendite
2892 4384 3022 4446 vos‘,
3047 4383 3104 4433 et
3123 4378 3171 4433 si
3192 4378 3400 4433 videtis
3422 4378 3569 4433 nihil

1920 4488 2020 4526 vos
2048 4472 2141 4526 hic
2176 4471 2491 4543 percipere,
2520 4487 2636 4524 non
2660 4468 3104 4540 perturbemini.
3138 4468 3195 4523 Si
3221 4466 3303 4521 illi
3331 4467 3413 4523 sic
3443 4467 3563 4538 pla-

1922 4566 2168 4615 cuerunt
2196 4561 2333 4626 Deo,
2369 4559 2464 4630 qui
2491 4557 2656 4613 nulla
2684 4556 2968 4629 exempla,
3004 4574 3129 4628 quae
3174 4557 3563 4628 intenderent,

171 4637 447 4696 Hortatur
475 4643 631 4698 enim
664 4659 784 4709 eos,
809 4648 892 4711 ut,
926 4642 1077 4698 sicut
1103 4643 1200 4698 ille
1232 4645 1447 4715 injuste
1477 4647 1705 4707 occisus
1728 4655 1815 4705 est
1849 4658 1890 4722 D
1923 4649 2497 4717 habuerunt,quanto
2532 4648 2718 4718 magis
2741 4664 2846 4701 nos
2876 4647 3159 4701 debemus
3193 4645 3568 4717 placere,qui-

172 4742 203 4780 δ.
251 4728 449 4796 fratre,
500 4735 555 4785 et
606 4748 718 4786 non
778 4732 1064 4787 recusavit
1094 4734 1576 4807 persecutionem,
1618 4738 1700 4793 ita
1732 4738 1813 4793 illi

171 4832 278 4871 non
303 4820 718 4887 recusarent,si
739 4820 955 4891 injuste
975 4826 1308 4893 paterentur
1324 4840 1356 4877 a
1381 4827 1811 4883 contribulibus

169 4920 385 4963 eorum.
422 4908 739 4964 Plurimam
774 4912 990 4982 quippe
1015 4911 1267 4966 hostiam
1291 4913 1639 4986 Abel,quam
1670 4917 1809 4972 Cain

170 4992 392 5065 obtulit,
427 5014 541 5052 non
587 4999 739 5069 quod
774 4998 874 5053 illa
902 4999 1094 5055 hostia
1145 5000 1202 5053 in
1252 5002 1426 5057 rebus
1475 5005 1810 5062 carnalibus

174 5085 354 5155 major
384 5086 721 5155 exstitisset,
755 5088 853 5142 sed
889 5088 1177 5160 quidquid
1223 5089 1509 5159 optimum
1560 5094 1812 5151 habebat

176 5171 445 5240 Abel,Deo
480 5193 582 5247 per
611 5177 786 5231 ﬁdem
818 5177 1091 5233 benevolo
1125 5178 1320 5233 animo
1362 5180 1707 5251 proferebat.
1746 5184 1810 5240 Et

172 5260 365 5319 exinde
391 5264 442 5317 ei
477 5281 583 5319 sua
612 5263 999 5335 multiplicata
1028 5268 1284 5321 fuerunt.
1319 5268 1386 5322 Et
1424 5269 1809 5343 intelligimus

1927 4739 2033 4795 bus
2066 4742 2150 4791 tot
2179 4736 2356 4790 stella:
2384 4736 2666 4790 micantes
2697 4735 3081 4799 emicuerunt,
3117 4735 3301 4788 donec
3345 4734 3567 4789 veniret

1922 4844 2091 4883 verus
2143 4825 2279 4880 Sol?
2332 4825 2488 4893 Fide,
2538 4824 2753 4895 inquit,
2802 4822 3126 4878 translatus
3175 4826 3264 4876 est
3307 4825 3566 4878 Henoch.

1925 4915 2152 4973 Henoch
2184 4931 2286 4985 per
2316 4915 2489 4970 ﬁdem
2524 4911 2743 4984 placuit
2791 4916 2924 4980 Deo,
2957 4916 3021 4966 ut
3051 4912 3344 4980 quomodo
3377 4916 3570 4981 patres

1920 5004 2251 5077 superiores
2283 5007 2416 5058 ante
2446 5003 2784 5067 adventum,
2824 5001 2994 5057 illum
3036 5013 3152 5053 non
3201 4999 3471 5054 viderunt
3517 5006 3574 5056 et

1920 5094 2323 5159 crediderunt,
2356 5093 2436 5149 ita
2484 5096 2542 5148 et
2591 5107 2700 5145 nos
2750 5088 3003 5147 scientes
3036 5085 3271 5141 credere
3300 5088 3579 5145 debemus
3668 5154 3675 5160 ι

1920 5186 2076 5259 quod
2101 5200 2216 5238 non
2240 5181 2532 5249 videmus,
2560 5186 2627 5235 ut
2660 5177 3028 5248 accipiamus
3061 5173 3215 5227 sicut
3240 5172 3327 5227 illi
3358 5192 3585 5249 accepe_

1918 5279 2079 5337 runt,
2109 5277 2173 5327 ut
2204 5270 2425 5327 dicitur
2457 5291 2468 5328 :
2507 5291 2535 5320 ‹‹
2566 5264 2819 5333 Quaerite
2854 5265 3194 5327 Dominum,
3219 5266 3278 5317 et
3308 5265 3591 5323 conforta-
