3976 5348
178 286 289 347 801

726 282 1141 346 EXPOSITIO
1184 266 1263 345 ΙΝ
1308 282 1735 346 EPISTOLAS
1782 281 2037 345 PAULI.
2068 317 2144 327 -
2174 284 2253 343 IN
2297 284 2549 346 EPIST.
2598 287 2699 345 AD
2746 285 2976 345 assa.

3470 288 3590 350 802

179 416 379 473 volens
402 415 569 473 nobis
587 417 915 485 ostendam,
939 418 1078 490 quia
1109 417 1433 489 majoribus
1466 416 1626 489 digni
1670 420 1827 471 sunt.
1861 423 1915 488 Α
1947 416 2109 483 mini,
2146 434 2259 471 non
2294 418 2405 473 Deo
2436 444 2448 485 ;
2484 422 2595 473 Deo
2626 422 2845 484 autem,
2881 435 2987 474 nec
3018 435 3193 474 arena
3214 424 3401 476 terras.
3437 422 3495 478 Si
3527 425 3587 480 in

181 505 457 563 Nolentes
493 504 721 578 alligari
754 507 825 562 ad
860 507 973 562 ista
1002 511 1249 575 terrena,
1282 523 1416 562 cum
1448 510 1608 561 tanto
1640 506 1834 561 studio

182 595 557 651 abducebant
590 595 817 651 animos
844 613 983 652 suos
1006 613 1039 650 a
1064 603 1240 661 terra,
1264 613 1451 669 neque
1474 613 1603 667 quae
1623 596 1838 651 daban-

180 689 302 751 tur,
336 684 721 756 accipiebant.
756 684 983 739 Etenim
1018 689 1324 756 pr0pterea
1363 690 1601 756 nepotes
1633 700 1835 739 eorum

182 778 555 846 acceperunt.
590 773 677 828 Illi
704 774 918 845 quippe
945 779 1113 829 erant
1134 780 1287 829 terra
1308 773 1490 845 digni,
1516 790 1630 828 non
1656 771 1833 838 illius,

182 864 358 934 cujus
390 862 641 917 civitatis
669 862 899 933 artifex,
932 868 989 917 et
1019 863 1288 917 conditor
1316 863 1470 919 Deus
1501 868 1607 918 est.

257 950 442 1023 (1443)
482 973 507 1003 α
538 951 673 1005 Fide
696 958 752 1005 et
785 951 912 1023 ipsa
943 951 1086 1005 Sara
1114 951 1330 1006 sterilis
1356 952 1625 1006 virtutem
1655 950 1836 1021 (1444)

185 1040 244 1094 in
265 1040 703 1111 conceptionem
732 1040 974 1095 seminis
1001 1040 1242 1111 accepit,
1266 1040 1440 1094 etiam
1465 1045 1671 1111 praeter
1691 1043 1835 1093 tem-

184 1145 301 1200 pus
326 1128 545 1195 aetatis;
574 1128 850 1199 quoniam
879 1127 1108 1182 ﬁdelem
1131 1128 1373 1183 tradidit
1397 1145 1523 1183 esse
1547 1144 1703 1193 eum,
1738 1126 1839 1198 qui

182 1216 618 1286 repromiserat.
639 1216 905 1288 [Propter
926 1217 1080 1287 quod
1124 1220 1182 1272 et
1206 1217 1277 1272 ab
1306 1233 1422 1271 uno
1454 1217 1563 1272 orti
1595 1222 1734 1272 sunt
1765 1219 1841 1286 (et

182 1306 298 1361 hoc
319 1306 570 1377 mortuo)
594 1310 878 1376 tanquam
898 1304 1091 1360 sidera
1112 1304 1238 1360 ραδΙὶ
1271 1305 1329 1360 in
1354 1306 1751 1372 multitudine,
1785 1309 1842 1359 et

183 1394 347 1450 sicut
375 1411 573 1461 arena,
596 1411 726 1465 quas
746 1399 837 1449 est
858 1395 928 1449 ad
948 1410 1110 1449 oram
1136 1395 1315 1449 maris
1335 1392 1839 1449 innumerabilis.»

187 1484 482 1539 Fortassis
514 1482 656 1537 dicit
686 1481 937 1554 aliquis:
992 1482 1294 1548 Quomodo
1326 1482 1459 1550 ﬁde,
1496 1498 1623 1553 quas
1668 1480 1843 1535 risit?

184 1571 345 1645 (Gen.
376 1588 533 1640 xvm,
573 1573 681 1641 12.)
702 1570 876 1625 Risus
908 1571 1064 1625 enim
1089 1571 1184 1625 ille
1207 1570 1436 1626 etiamsi
1479 1570 1677 1643 gaudii
1708 1571 1839 1637 fuit,

186 1660 377 1736 plenae
408 1660 539 1715 ﬁdei
570 1677 683 1715 non
718 1660 845 1714 fuit.
880 1660 1015 1715 Post
1046 1662 1117 1715 ab
1151 1661 1355 1716 eodem
1389 1660 1595 1731 angelo
1628 1660 1686 1713 in
1730 1659 1842 1713 ﬁde

185 1752 367 1806 etiam
392 1748 733 1807 conﬁrmata
749 1754 836 1804 est
859 1767 871 1817 ;
898 1749 1138 1822 proinde
1162 1755 1436 1803 evacuata
1457 1747 1841 1802 dubitationis

185 1855 390 1904 causa,
412 1839 747 1893 introducta
767 1844 856 1893 est
878 1839 1040 1893 fides.
1068 1860 1095 1887 ‹‹
1119 1837 1408 1892 Virtutem
1430 1836 1488 1891 in
1512 1836 1842 1907 conceptio-

184 1944 325 1984 nem
350 1927 591 1984 seminis
613 1928 851 1999 accepit.
876 1950 897 1977 ι
922 1926 953 1982 ,ἶ
961 1944 1054 1981 am
1070 1927 1420 1981 mortiﬁcata
1442 1931 1582 1992 erat,
1600 1924 1840 1991 sterilis;

187 2016 407 2089 duplex
435 2016 592 2071 enim
624 2021 749 2071 erat
778 2015 1117 2088 praeclusio;
1144 2032 1261 2070 una
1281 2015 1561 2086 temporis
1588 2032 1600 2070 :
1634 2030 1841 2068 senue-

186 2111 285 2162 rat
314 2105 530 2177 quippe
552 2105 677 2176 jam
704 2123 717 2173 ;
751 2103 867 2159 alia
893 2121 1027 2160 vero
1049 2121 1116 2159 ex
1148 2109 1395 2159 natura:
1430 2102 1644 2159 sterilis
1685 2102 1841 2156 enim

187 2199 338 2250 erat.
374 2194 486 2249 Sed
519 2194 591 2249 ad
649 2193 1090 2265 suscipiendum
1136 2197 1192 2248 et
1220 2193 1594 2248 retinendum
1643 2207 1842 2246 semen

189 2283 419 2357 accepit
438 2282 731 2337 virtutem.
758 2280 1030 2337 Mulieres
1054 2298 1307 2353 namque
1328 2298 1394 2337 ex
1420 2281 1647 2337 duabus
1670 2280 1845 2335 rebus

194 2370 427 2427 steriles
458 2387 583 2426 esse
616 2369 835 2437 solent;
872 2370 990 2425 sive
1019 2371 1251 2441 quando
1283 2371 1341 2425 in
1370 2370 1541 2425 vulva
1567 2371 1843 2424 virtutem

195 2477 315 2516 non
347 2459 522 2515 habet
551 2475 771 2527 semen,
805 2460 960 2531 quod
1019 2459 1078 2514 in
1118 2463 1418 2515 senectute
1466 2458 1675 2528 evenit,
1710 2473 1843 2513 cum

197 2550 480 2606 deﬁciunt
509 2548 857 2617 muliebria;
892 2549 978 2604 vel
1012 2550 1243 2620 quando
1274 2548 1442 2603 vulva
1479 2546 1849 2602 concluditur

199 2639 378 2693 etiam
403 2638 809 2709 injuventute,
845 2645 1038 2691 utnon
1069 2637 1366 2708 perveniat
1396 2652 1595 2691 semen
1620 2636 1691 2690 ad
1722 2634 1849 2689 loca

200 2724 628 2796 conceptionis:
690 2730 893 2779 contra
950 2741 1098 2795 quae,
1132 2725 1189 2778 id
1231 2730 1338 2795 est,
1392 2723 1761 2778 sterilitatem
1793 2727 1849 2777 et

200 2818 584 2881 senectutem,
616 2812 776 2869 dedit
804 2812 957 2867 Deus
989 2812 1281 2868 virtutem.
1307 2813 1391 2867 Ad
1425 2811 1618 2867 locum
1646 2811 1845 2867 statim

200 2900 598 2973 conceptionis
627 2917 825 2957 semen
857 2901 1134 2973 pervenit,
1158 2906 1214 2957 et
1235 2906 1545 2973 postquam
1570 2899 1847 2972 pervenit,

201 2990 364 3046 dedit
384 2995 586 3063 partus
607 2989 959 3045 soliditatem
989 2989 1238 3045 mulieri.
1265 2990 1422 3045 Fidei
1444 3006 1698 3061 namque
1713 2987 1848 3045 soli-

202 3079 383 3135 ditate
415 3079 563 3134 uteri
597 3078 847 3135 insolida
876 3080 1295 3145 confortantur,
1329 3083 1393 3133 ut
1435 3079 1634 3133 omnia
1660 3077 1849 3150 possi-

1872 1792 1919 1856 B

1944 506 2052 561 hac
2074 506 2189 560 vita
2210 506 2354 561 tales
2378 508 2861 579 repromissiones
2907 508 2999 563 Dei
3034 508 3117 563 sic
3148 508 3311 564 facile
3340 509 3589 582 implen-

1945 598 2062 659 tur,
2096 594 2175 649 ita
2207 594 2501 648 mirabilia
2532 599 2666 649 sunt
2700 601 2756 649 et
2800 594 3074 666 gloriosa,
3127 595 3207 650 ita
3258 598 3588 667 magniﬁca,

1945 682 2140 754 qualia
2171 688 2343 737 erunt
2370 680 2491 747 illa,
2526 699 2776 753 quorum
2810 684 2922 738 ista
2965 684 3363 740 additamenta
3409 687 3592 742 sunt?

1945 770 2091 834 Quid
2125 771 2305 841 igitur
2334 770 2795 841 adipiscentibus
2843 772 3092 835 beatius,
3123 778 3225 827 aut
3256 791 3369 830 non
3401 775 3591 846 adipi"

1946 861 2246 915 scentibus
2264 859 2595 914 infelicius?
2618 860 2675 914 Si
2696 862 2849 914 enim
2870 861 3055 930 patria
3072 864 3203 934 quis
3217 863 3496 934 expulsus
3520 866 3591 920 ab

1946 948 2306 1017 hominibus,
2333 948 3013 1018 miserabilisjudicatur,
3046 957 3102 1005 et
3122 951 3389 1023 quisquis
3412 952 3591 1008 haere-

1949 1039 2185 1093 ditatem
2222 1039 2504 1107 amiserit,
2538 1038 2766 1092 videtur
2795 1038 3069 1093 omnibus
3110 1056 3237 1094 esse
3267 1041 3590 1109 dolendus;

1949 1127 2045 1198 qui
2079 1126 2221 1181 coelo
2254 1128 2534 1198 privatur,
2568 1127 2705 1197 quid
2746 1126 2828 1181 illi
2862 1133 3093 1198 reputes
3148 1128 3331 1184 boni?
3358 1131 3595 1201 quantis

1949 1216 2223 1288 lacrymis
2252 1215 2361 1270 iste
2392 1214 2755 1287 plangendus
2779 1215 2905 1271 est?
2926 1222 3065 1271 Cum
3090 1218 3245 1271 enim
3268 1234 3335 1272 ex
3358 1219 3594 1291 propria

1946 1305 2246 1359 voluntate
2275 1304 2658 1375 semetipsum
2682 1304 2995 1375 quisquam
3029 1304 3239 1375 inﬁgit,
3264 1323 3377 1361 non
3400 1307 3593 1363 solum

1950 1392 2223 1464 lacrymis
2255 1392 2468 1463 dignus
2498 1396 2608 1462 est,
2640 1394 2741 1447 sed
2769 1394 2942 1448 etiam
2978 1393 3518 1451 lamentationibus.

2026 1504 2047 1531 α
2073 1482 2247 1538 Juxta
2270 1482 2441 1535 ﬁdem
2462 1482 2717 1536 defuncti
2749 1488 2889 1535 sunt
2917 1498 3122 1537 omnes
3153 1483 3269 1549 isti,
3302 1501 3417 1539 non
3441 1502 3597 1541 acce-

1952 1569 2065 1641 ptis
2090 1569 2662 1640 repromissionibus,
2689 1570 2786 1624 sed
2803 1569 3019 1642 alonge
3041 1588 3137 1625 eas
3160 1572 3597 1642 aspicientes,et

1952 1658 2298 1724 salutantes,
2314 1664 2369 1713 et
2382 1659 2737 1714 conﬁdentes
2750 1659 2795 1729 (l
2811 1660 3097 1729 446),quia
3112 1661 3597 1731 peregrini,etho-

1951 1748 2134 1819 spites
2149 1752 2697 1818 suntsuperterram
2710 1788 2721 1800 .
2736 1747 2841 1810 Qui
2857 1749 3012 1803 enim
3030 1749 3137 1803 hoc
3151 1750 3505 1823 dicunt,sign
3518 1751 3598 1805 ifi-

1950 1840 2159 1890 cantse
2174 1836 2421 1908 patriam
2448 1835 2762 1906 inquirere.
2792 1836 2922 1890 Etsi
2946 1837 3179 1907 quidem
3204 1838 3365 1893 illius
3392 1840 3595 1894 memi-

1952 1924 2197 1987 nissent,
2223 1924 2291 1977 de
2315 1941 2429 1994 qua
2445 1925 2723 1991 exierant,
2740 1924 3033 1979 habebant
3050 1926 3495 1999 utiquetempus
3517 1945 3600 1983 re-

1949 2012 2231 2079 vertendi;
2249 2028 2403 2067 nunc
2418 2016 2611 2066 autem
2626 2012 2923 2067 meliorem
2940 2020 3239 2085 appetunt,
3254 2015 3310 2069 id
3326 2017 3601 2081 est,cozle-

1952 2106 2121 2157 stem.
2151 2126 2171 2153 ιι
2201 2101 2324 2155 Duo
2347 2102 2613 2171 quaedam
2645 2106 2735 2155 est
2754 2101 2848 2155 hic
2879 2102 3120 2174 dignum
3145 2120 3419 2173 quaerere.
3454 2106 3597 2160 Cum

1952 2190 2106 2244 enim
2123 2206 2302 2260 supra
2315 2188 2577 2254 dixisset,
2592 2189 2915 2245 translatus
2934 2196 3023 2245 est
3036 2191 3291 2257 Henoch,
3307 2199 3363 2248 et
3377 2211 3489 2248 non
3511 2194 3598 2249 in-

1952 2279 2309 2343 veniebatur,
2344 2295 2415 2333 ne
2436 2278 2656 2333 videret
2678 2283 2945 2345 mortem,
2970 2279 3064 2334 hic
3093 2281 3253 2351 dicit,
3277 2284 3598 2338 secundum

1954 2367 2127 2423 ﬁdem
2155 2367 2367 2422 mortui
2400 2372 2536 2422 sunt
2556 2384 2761 2422 omnes
2790 2368 2907 2422 isti.
2934 2368 3001 2422 Et
3028 2385 3160 2424 cum
3182 2370 3393 2425 iterum
3422 2371 3598 2427 dixis-

1955 2462 2062 2522 set,
2095 2474 2211 2511 non
2244 2456 2495 2528 acceptis
2519 2457 3094 2528 repromissionibus,
3129 2460 3225 2513 sed
3248 2477 3281 2514 a
3310 2459 3482 2532 longe
3503 2478 3601 2517 eas

1956 2545 2326 2616 aspicientes,
2343 2544 2614 2616 superius
2629 2544 2855 2599 dixitde
2871 2545 3030 2615 Abel,
3046 2547 3183 2617 quia
3196 2549 3598 2604 testimonium

1957 2639 2305 2688 consecutus
2337 2637 2425 2687 est
2452 2650 2579 2688 esse
2601 2634 2824 2703 justus,
2861 2639 2917 2688 et
2948 2650 3053 2705 per
3099 2633 3257 2690 illam
3289 2637 3601 2692 defunctus

1957 2723 2148 2780 adhuc
2171 2722 2434 2792 loquitur
2458 2740 2469 2789 ;
2494 2726 2550 2776 et
2579 2723 2648 2776 de
2672 2721 2903 2776 Henoch
2929 2722 3088 2793 dicit,
3114 2726 3251 2795 quia
3279 2724 3603 2782 translatus

1957 2814 2046 2865 est
2072 2829 2083 2877 ;
2118 2815 2174 2865 et
2204 2811 2273 2865 de
2303 2811 2441 2878 Noe,
2465 2811 2603 2881 quia
2632 2812 2891 2866 salvatus
2917 2811 3089 2867 estde
3118 2813 3602 2870 condemnatione

1960 2898 2185 2964 mundi,
2209 2902 2265 2953 et
2294 2899 2477 2954 hzeres
2510 2899 2713 2954 mundi
2754 2901 2960 2955 factus.
2994 2900 3238 2956 Videtur
3266 2903 3421 2957 enim
3456 2903 3600 2958 mihi

1958 2988 2039 3042 ita
2070 2988 2304 3042 solvere.
2342 2989 2513 3041 Juxta
2545 2987 2718 3042 ﬁdem
2743 3003 2946 3044 omnes
2970 2988 3182 3043 mortui
3205 2996 3361 3044 sunt.
3396 2996 3457 3044 In
3490 2991 3601 3047 hoc

1958 3076 2104 3141 loco,
2138 3093 2340 3131 omnes
2371 3075 2549 3131 dicit:
2604 3076 2729 3131 Non
2775 3076 2915 3147 quia
2963 3093 3167 3132 omnes
3199 3081 3412 3133 mortui
3446 3084 3604 3149 sunt,

202 3167 344 3222 bilia
373 3168 492 3223 sint
545 3168 818 3224 credendi
875 3169 1065 3238 (Marc.
1100 3186 1172 3233 1x,
1204 3168 1316 3239 22).
1376 3168 1618 3239 Propter
1673 3168 1849 3238 quod,
1884 3156 1926 3221 C
1966 3167 2063 3221 sed
2090 3164 2227 3236 quia
2242 3163 2661 3237 propterillum
2676 3164 2863 3219 solum
2885 3160 3606 3232 omnesistimortuisunt,

201 3255 418 3328 inquit,
452 3263 509 3311 et
538 3257 609 3312 ab
644 3274 757 3312 uno
788 3258 895 3313 orti
931 3261 1071 3313 sunt
1092 3258 1143 3312 ei
1172 3257 1265 3325 ;id
1298 3262 1408 3319 est,
1440 3257 1512 3311 ab
1545 3273 1660 3311 uno
1693 3256 1853 3310 Isaac

204 3346 315 3402 orti
345 3348 483 3401 sunt
505 3345 554 3401 ei
589 3347 704 3401 duo
732 3346 857 3415 ﬁlii,
887 3364 987 3403 seu
1014 3345 1458 3401 innumerabilis
1489 3350 1689 3418 postea
1711 3343 1855 3399 mul-

205 3434 396 3489 titudo
418 3434 617 3505 populi
643 3452 656 3503 ;
682 3432 768 3489 vel
791 3435 862 3489 ab
887 3452 1001 3489 uno
1032 3452 1267 3507 corpore
1291 3434 1582 3489 Abraham
1616 3438 1673 3488 et
1702 3433 1853 3488 Sara:

206 3522 319 3578 orti
351 3527 491 3578 sunt
510 3522 967 3578 innumerabiles
990 3522 1186 3595 populi
1209 3524 1413 3595 (1445).
1438 3522 1657 3577 Idcirco
1680 3521 1854 3576 etiam

209 3628 277 3667 ex
308 3629 425 3666 uno
455 3612 635 3685 geniti
667 3617 805 3667 sunt
834 3629 1058 3683 omnes,
1110 3629 1225 3667 non
1279 3612 1388 3667 hoc
1421 3611 1609 3667 solum
1659 3610 1858 3665 volens

209 3699 564 3773 signiﬁcare,
601 3700 739 3772 quia
766 3701 988 3773 genuit,
1022 3701 1121 3755 sed
1155 3702 1355 3771 etiam,
1389 3700 1528 3771 quia
1558 3704 1858 3756 tantorum

214 3793 402 3855 mater
430 3789 630 3844 effecta
656 3793 763 3858 est,
823 3794 1180 3861 quantorum
1232 3805 1418 3860 neque
1478 3788 1756 3843 fecundae.
1793 3788 1862 3842 Et

210 3875 319 3931 hoc
352 3882 637 3944 emortuo,
670 3875 882 3950 inquit,
913 3876 997 3931 vel
1032 3881 1314 3931 emortua.
1358 3875 1482 3930 Non
1535 3876 1691 3930 enim
1723 3875 1859 3943 vita,

214 3965 315 4020 sed
348 3965 578 4020 femina:
603 3970 870 4020 mortuus
904 3965 1031 4019 fuit.
1056 3970 1239 4019 Senex
1267 3965 1421 4019 enim
1454 3965 1628 4020 homo
1661 3980 1861 4019 semen

213 4059 445 4110 tantum
479 4054 718 4109 fundere
744 4059 933 4125 potest
960 4070 973 4108 :
1017 4055 1117 4109 sed
1149 4058 1345 4109 tamen
1394 4053 1636 4109 seminis
1663 4052 1863 4108 solidi-

214 4147 354 4209 tate,
388 4147 454 4198 ut
500 4158 800 4214 procreare
832 4142 1015 4214 possit
1050 4141 1220 4208 filios,
1254 4147 1426 4210 caret,
1471 4142 1584 4197 nisi
1619 4142 1862 4197 forsitan

217 4231 286 4287 de
316 4230 770 4299 adolescentula,
803 4236 868 4285 ut
889 4230 982 4285 alii
1009 4231 1224 4285 ferunt.
1253 4232 1413 4285 Sicut
1434 4232 1645 4296 sidera,
1675 4230 1869 4301 inquit

218 4320 369 4390 coali,
402 4320 490 4376 vel
535 4337 712 4376 arena
762 4318 960 4375 maris.
1021 4319 1399 4392 Hyperbolice
1461 4320 1685 4375 dictum
1738 4322 1863 4373 est:

222 4409 327 4468 Per
357 4410 548 4466 sidera
577 4410 796 4483 quippe
826 4408 976 4476 caeli,
1001 4409 1137 4464 boni
1171 4408 1533 4481 intelligendi
1567 4413 1703 4465 sunt
1726 4426 1739 4475 ;
1766 4423 1870 4480 per

1962 3271 2108 3326 quos
2141 3255 2360 3311 scimus
2383 3259 2645 3310 mortuos
2675 3254 2872 3309 fuisse.
2899 3255 3058 3320 Quod
3085 3260 3276 3310 autem
3300 3256 3464 3324 dixit,
3491 3274 3608 3311 non

1963 3343 2214 3413 acceptis
2247 3342 2824 3414 repromissionibus,
2854 3360 3055 3398 verum
3081 3349 3204 3413 est;
3238 3344 3454 3415 quiain
3478 3345 3608 3416 qui-

1964 3432 2215 3485 busdam
2250 3432 2422 3487 rebus
2454 3436 2822 3504 acceperunt.
2867 3433 3102 3504 Accepit
3133 3432 3388 3501 Henoch,
3424 3450 3496 3489 ne
3525 3434 3614 3489 vi-

1966 3520 2126 3575 deret
2157 3526 2400 3576 mortem
2430 3539 2442 3586 ;
2477 3521 2699 3594 accepit
2728 3520 2867 3590 Noe,
2901 3525 2967 3576 ut
2986 3522 3343 3591 salvaretur;
3380 3539 3614 3594 accepe-

1924 3602 1933 3611 ’
1968 3614 2221 3680 runtque
2243 3609 2337 3663 alii
2362 3610 2624 3681 plurimi,
2650 3611 2749 3664 sed
2772 3609 2894 3667 haec
2919 3611 3156 3682 quidem
3181 3610 3299 3666 illis
3330 3611 3615 3669 libamina

1968 3699 2235 3769 quaedam
2264 3703 2449 3763 erant,
2481 3702 2537 3753 et
2572 3699 2770 3768 prima:
2804 3699 3240 3770 degustationes
3266 3702 3615 3757 futurorum.

1969 3787 2123 3841 Deus
2140 3786 2438 3852 enim,non
2459 3786 2647 3841 solum
2665 3804 2789 3859 quae
2807 3789 3002 3842 futura
3016 3794 3157 3843 sunt
3170 3790 3337 3845 nobis
3351 3790 3616 3862 largitur,

1973 3876 2073 3930 sed
2105 3875 2279 3929 etiam
2312 3892 2437 3945 quae
2460 3874 2639 3944 hujus
2660 3876 2786 3929 vitae
2810 3880 2967 3939 sunt,
2993 3877 3163 3932 nobis
3187 3883 3436 3947 praestat,
3470 3879 3622 3934 sicut

1972 3962 2278 4034 discipulis
2312 3963 2434 4018 suis
2466 3964 2727 4019 dicebat:
2769 3985 2794 4016 α
2817 3964 3076 4020 Primum
3101 3966 3342 4037 quaarite
3373 3983 3618 4037 regnum

1974 4053 2072 4109 Dei
2096 4052 2456 4123 etjustitiam
2479 4053 2626 4123 ejus,
2652 4056 2707 4107 et
2727 4052 2846 4107 haec
2869 4054 3064 4109 omnia
3089 4054 3438 4123 adjiciantur
3458 4055 3620 4111 vobis

1974 4143 2190 4214 (Matth.
2225 4160 2301 4212 v1,
2329 4143 2397 4196 33
2424 4160 2437 4210 ;
2476 4144 2600 4198 Luc.
2624 4160 2727 4210 xu,
2750 4144 2861 4211 31).
2890 4166 2916 4191 ››
2948 4143 3025 4198 De
3046 4143 3218 4216 longe
3249 4144 3620 4216 aspicientes,

1977 4232 2031 4286 id
2065 4237 2175 4296 est,
2210 4232 2647 4305 promissiones,
2682 4249 2826 4303 quas
2858 4232 3096 4289 veniens
3126 4233 3391 4290 Christus
3421 4234 3626 4306 pracdi-

1977 4321 2149 4387 cavit,
2174 4320 2311 4391 quia
2342 4320 2390 4375 si
2422 4321 2553 4392 quis
2586 4321 2875 4376 dimiserit
2898 4322 3124 4389 domos,
3150 4327 3249 4376 aut
3272 4324 3499 4389 fratres,
3522 4327 3627 4379 aut

1978 4426 2226 4476 sorores,
2244 4414 2344 4463 aut
2356 4413 2712 4482 patrem,aut
2727 4414 2973 4465 matrem
2985 4417 3177 4477 ,centu
3186 4412 3347 4483 plum
3366 4412 3622 4484 recipiet,

222 4515 457 4556 arenam
473 4515 604 4557 vero
620 4498 819 4569 maris,
840 4497 976 4553 mali
1001 4502 1363 4569 reputantur.
1384 4498 1447 4552 In
1462 4502 1688 4552 tantum
1712 4496 1867 4551 enim
1896 4524 1946 4589 Β
1977 4503 2033 4554 et
2062 4498 2237 4553 vitam
2271 4502 2545 4553 aeternam
2577 4499 2791 4568 (Matth.
2824 4516 2940 4565 x1x,
2982 4501 3096 4569 29).
3130 4499 3231 4554 Vel
3263 4501 3333 4554 de
3384 4517 3491 4555 suo
3524 4501 3627 4555 ad-

223 4588 401 4643 crevit
421 4587 580 4643 illius
603 4588 798 4660 gentis
828 4587 1004 4641 unius
1028 4586 1368 4654 multitudo,
1392 4604 1522 4658 qua:
1542 4586 1868 4643 secundum
1900 4586 1935 4589 ’
1977 4592 2172 4654 ventu,
2200 4586 2543 4655 salutantes,
2571 4586 2629 4640 id
2661 4591 2771 4652 est,
2803 4592 3094 4657 optantes,
3148 4587 3302 4642 sicut
3341 4588 3628 4645 Dominus

225 4693 457 4733 carnem
490 4681 626 4733 nata
648 4682 737 4732 est
766 4693 834 4732 ex
864 4675 1153 4731 Abraham
1188 4692 1290 4747 per
1314 4677 1442 4747 ejus
1475 4681 1742 4747 nepotem
1772 4673 1868 4729 Ja-

224 4766 350 4834 cob,
377 4770 442 4821 ut
475 4782 619 4838 pene
651 4782 855 4823 omnes
878 4769 1074 4836 partes
1098 4764 1256 4821 orbis
1279 4764 1626 4838 impleverit,
1660 4769 1715 4820 et
1744 4763 1871 4819 ideo

224 4854 414 4926 potuit
442 4847 650 4927 etipsi,
674 4855 996 4913 secundum
1026 4852 1423 4927 hyperbolem,
1458 4873 1644 4911 arena
1674 4852 1871 4908 multi-

224 4941 352 4998 dini
381 4945 739 5017 comparari;
772 4942 910 5016 quia
951 4941 1072 5000 haec
1128 4942 1255 5000 sola
1284 4942 1595 5001 innumera
1651 4947 1741 5000 est
1776 4941 1877 4998 ho-

212 5114 215 5115 ’
304 5139 481 5211 (1443)
514 5141 698 5199 Hicin
732 5154 915 5209 marg.
941 5136 1160 5211 legitur
1192 5156 1313 5208 cap.
1346 5142 1538 5204 XXIX.

304 5210 479 5291 (1444)
510 5213 660 5291 Inter
685 5232 753 5291 ea
783 5211 951 5291 verba
974 5210 1264 5279 virtutem,
1289 5215 1413 5270 etin
1448 5215 1872 5291 conceptionem,

224 5281 435 5348 legitur
461 5281 515 5336 in
550 5286 671 5340 cod.
706 5282 877 5340 lectio
906 5297 1004 5334 xu.

1981 4675 2063 4732 ait
2114 4675 2172 4729 in
2206 4674 2545 4747 Evangelio:
2602 4674 2941 4740 «Quoniam
2974 4674 3143 4729 multi
3192 4692 3358 4747 reges
3388 4680 3445 4733 et
3502 4694 3632 4749 pro-

1985 4765 2169 4839 phetaa
2192 4763 2501 4819 voluerunt
2518 4764 2713 4819 videre
2736 4780 2861 4834 quae
2886 4781 2989 4820 vos
3008 4764 3242 4833 videtis,
3264 4768 3321 4818 et
3339 4782 3452 4820 non
3475 4767 3634 4821 vide-

1986 4860 2143 4922 runt,
2180 4858 2237 4908 et
2266 4852 2467 4909 audire
2500 4869 2627 4926 quae
2658 4869 2759 4907 vos
2792 4853 3034 4922 auditis,
3084 4856 3141 4905 et
3172 4869 3287 4907 non
3320 4855 3635 4910 audierunt

1987 4947 2140 5020 (Luc.
2174 4960 2231 5011 x,
2262 4941 2375 5007 24).
2400 4962 2426 4994 η
2455 4947 2541 4998 lta
2562 4941 2998 4999 conﬁtebantur
3019 4942 3090 4996 de
3107 4938 3247 5007 illis,
3268 4945 3333 4994 ut
3351 4943 3527 4998 etiam
3551 4959 3644 4999 sa-

1989 5144 2248 5204 daicum,
2281 5141 2337 5193 et
2371 5139 2617 5206 Novum,
2652 5134 3062 5213 populumque
3093 5133 3510 5213 Christianum,
3547 5137 3649 5210 qui

1989 5218 2183 5292 primo
2207 5216 2469 5266 emortuo
2494 5208 2796 5273 successit,
2823 5208 3078 5267 fortasse
3098 5222 3200 5278 per
3220 5209 3367 5288 duos
3396 5209 3529 5265 illos
3550 5208 3653 5337 Eo-

1989 5288 2206 5337 tnisset
2233 5282 2549 5337 Apostolus
2572 5280 2910 5337 signiﬁcare
2931 5278 3100 5337 velle.
3126 5280 3308 5333 Ausui
3334 5288 3533 5337 nostro
3594 5298 3653 5337 e-

1987 5278 2206 5346 tuisset
2233 5282 2549 5348 Apostolus
2572 5280 2910 5348 signiﬁcare
2931 5278 3100 5337 velle.
3126 5280 3308 5333 Ausui
3334 5288 3533 5337 nostro
3552 5278 3654 5337 b9-
