3976 5348
438 360 555 422 803

434 492 691 548 lutarcnt
720 508 838 547 eos.
874 492 955 546 Ex
986 490 1328 563 metaphora
1350 490 1753 563 navigantium
1778 490 1885 545 hoc
1905 490 2072 557 dixit,

434 582 572 652 quia
604 600 636 636 a
667 581 837 653 longe
860 579 1223 653 prospiciunt
1244 580 1604 635 desideratas
1627 580 1909 645 civitates,
1936 596 2083 651 quas

432 676 748 741 antequam
781 670 1204 741 ingrediantur,
1239 668 1589 723 salutatione
1617 669 2000 740 praeveniunt,
2028 673 2085 723 et

430 775 530 814 eas
552 760 662 814 sibi
687 758 1004 813 familiares
1026 757 1307 812 efﬁciunt.
1324 757 1697 827 Aspiciebant
1715 758 1771 811 in
1798 758 1931 823 lide,
1955 773 2083 811 con-

430 848 747 902 fitebantur
769 848 825 901 in
846 847 1236 911 sermonibus,
1258 847 1396 918 quia
1415 848 1725 917 peregrini,
1743 850 1797 899 et
1821 846 2080 916 hospites

430 942 613 1006 erant,
637 942 701 990 ut
720 935 1003 1006 scriptum
1026 940 1141 990 est:
1163 934 1509 1005 Peregrinus
1530 952 1682 1005 sum,
1704 935 1856 989 sicut
1876 951 2080 988 omnes

428 1031 623 1097 patres
671 1025 784 1080 mei
836 1026 884 1095 (Ι
909 1030 1047 1079 Par.
1080 1042 1233 1090 xxix,
1269 1025 1336 1077 15
1371 1042 1381 1089 ;
1442 1024 1567 1078 Gen.
1603 1042 1765 1093 xxm,
1798 1025 1865 1089 4;
1920 1025 2073 1077 Psal.

426 1130 663 1179 xxxvm,
700 1114 805 1184 13).
840 1113 947 1167 Ubi
998 1117 1193 1167 autem
1244 1113 1552 1167 conﬁtetur
1595 1111 1886 1166 Abraham
1921 1112 2072 1181 quod

426 1204 793 1275 peregrinus,
829 1206 885 1257 et
924 1202 1137 1272 hospes
1194 1202 1288 1268 sit,
1326 1218 1560 1256 necesse
1608 1206 1696 1255 est
1735 1200 2072 1270 inquirere;

426 1292 692 1347 fortassis
722 1292 875 1345 enim
910 1290 1083 1345 etiam
1110 1292 1302 1361 ipsum
1337 1290 1442 1345 hoc
1462 1290 1790 1344 confessum
1826 1306 1953 1342 esse
1984 1306 2070 1344 re-

425 1382 735 1452 periemus.
756 1380 1068 1434 Confessus
1091 1383 1283 1433 tamen
1300 1378 1602 1443 estDavid,
1619 1378 1769 1432 sicut
1792 1378 2068 1443 diximus;

426 1470 564 1541 quia
594 1468 955 1539 peregrinus,
990 1468 1198 1538 inquit,
1251 1472 1409 1531 sunt,
1461 1468 1612 1521 sicut
1644 1483 1847 1520 omnes
1878 1471 2069 1536 patres

425 1559 536 1613 mei
562 1575 575 1625 ;
600 1558 941 1629 peregrinus
964 1574 997 1611 a
1020 1572 1255 1628 peregre
1288 1555 1708 1625 proﬁciscendo
1732 1555 1943 1609 dictus.
1968 1555 2068 1610 Pe-

421 1663 653 1718 ragrare
675 1647 853 1712 enim,
877 1645 1283 1716 perambulare
1311 1644 1601 1711 dicimus;
1627 1644 1765 1714 quia
1794 1644 1850 1697 in
1878 1645 2064 1698 taber-

419 1734 644 1789 naculis
667 1735 1031 1798 habitabant,
1055 1734 1151 1805 qui
1177 1733 1443 1804 sepulcra
1466 1732 1729 1804 pecuniis
1761 1750 2065 1803 compara-

418 1823 582 1877 bant.
616 1826 846 1877 Certum
870 1826 959 1877 est
984 1822 1258 1892 quoniam
1285 1822 1569 1893 peregrini
1595 1825 1780 1887 erant,
1807 1827 1869 1875 ut
1889 1820 2061 1876 etiam

418 1928 523 1967 nec
553 1910 652 1966 ubi
683 1911 995 1983 sepelirent
1025 1928 1162 1966 suos
1196 1911 1497 1966 haberent.
1550 1910 1696 1974 Quid
1748 1923 1835 1965 est
1880 1926 2014 1980 ergo
2038 1910 2065 1963 ‘?

418 2001 692 2072 Nunquid
726 2000 883 2056 illius
916 2005 1101 2069 terrae,
1126 2001 1185 2054 in
1217 2016 1333 2070 qua
1363 1999 1657 2054 Palaestini
1689 2004 1872 2066 erant,
1907 2000 2063 2053 dice-

417 2091 556 2145 bant
588 2107 649 2145 se
678 2088 1015 2161 peregrinos
1046 2089 1219 2144 esse?
1268 2089 1645 2159 Nequaquam
1676 2106 1688 2153 ;
1736 2089 1835 2142 sed
1882 2088 2063 2143 totius

416 2179 642 2237 mundi.
680 2180 746 2233 Et
777 2178 1003 2233 merito.
1029 2178 1181 2231 Nihil
1218 2178 1433 2248 quippe
1454 2176 1890 2247 conspiciebant
1914 2176 1972 2230 in
1997 2192 2062 2231 eo

412 2283 637 2337 eorum,
661 2284 787 2338 qua:
812 2265 1216 2331 volebant,sed
1240 2265 1437 2320 omnia
1459 2269 1853 2337 pet-cgrma,et
1874 2265 2062 2320 aliena

410 2355 527 2410 illis
560 2361 745 2421 erant,
779 2356 879 2425 qui
928 2355 1203 2409 virtutem
1240 2355 1335 2409 Dei
1393 2353 1578 2409 colere
1628 2354 2057 2409 desiderabant.

413 2444 735 2514 Quomodo,
767 2443 981 2513 inquit,
1023 2442 1312 2515 peregrini
1346 2442 1554 2496 erant?
1599 2442 1723 2496 Non
1773 2447 1894 2497 erat
1925 2442 2058 2496 dili-

410 2532 607 2603 gentia
636 2549 835 2587 eorum
868 2531 1019 2585 circa
1051 2548 1137 2597 ea,
1172 2548 1298 2600 quae
1330 2530 1509 2599 hujus
1543 2531 1749 2584 mundi
1797 2536 1968 2584 sunt:
2006 2535 2060 2584 et

410 2621 519 2675 hoc
552 2638 666 2675 non
699 2620 889 2675 verbis
921 2619 1131 2689 solum,
1167 2619 1267 2673 sed
1324 2618 1498 2673 etiam
1559 2620 1731 2673 rebus
1780 2619 1943 2689 ipsis,
2005 2623 2060 2673 et

409 2710 682 2782 operibus
714 2710 1218 2765 demonstrabant.
1253 2708 1408 2761 Dixit
1457 2712 1606 2762 Deus
1636 2708 1880 2762 Abrahm
1909 2726 1919 2761 :
1957 2708 2054 2761 Exi

408 2800 479 2853 de
509 2803 664 2853 terra
696 2804 817 2863 tua,
851 2814 976 2868 qua:
1004 2798 1321 2869 putabatur
1350 2813 1477 2851 esse
1504 2796 1708 2867 patria.
1737 2796 1945 2850 Statim
1969 2813 2057 2851 ex-

408 2886 530 2957 ivit,
563 2892 619 2942 et
648 2904 762 2941 non
804 2892 891 2941 est
940 2890 1198 2941 retentus
1249 2902 1446 2940 amore
1504 2886 1893 2956 propriorum,
1954 2886 2054 2939 sed

410 2977 563 3030 sicut
585 2975 925 3048 peregrinus
948 2991 1220 3047 egressus
1242 2980 1352 3045 est,
1386 2975 1485 3028 sed
1516 2974 1671 3028 venit
1701 2974 1768 3027 ad
1804 2972 2054 3041 alienam

408 3070 647 3120 terram.
681 3064 834 3119 Dixit
863 3064 951 3119 ei:
978 3064 1131 3119 Oﬁ'er
1160 3062 1305 3117 mihi
1357 3062 1539 3117 ﬁlium
1573 3068 1762 3117 tuum.
1797 3063 1890 3117 Sic
1920 3079 2053 3117 eum

364 3184 367 3187 ν
406 3155 912 3227 obtulittanquam
928 3154 1105 3209 sinon
1123 3151 1757 3207 habuissethumanam
1783 3156 2052 3206 naturam

411 3264 438 3296 ε
469 3244 574 3308 Qui
599 3244 752 3300 enim
776 3244 883 3299 hoc
902 3243 1122 3313 dicunt,
1150 3242 1484 3313 signiﬁcant
1505 3258 1565 3295 se
1588 3239 1833 3311 patriam
1857 3240 2049 3311 inqui-

405 3349 531 3389 rere
557 3352 571 3402 ;
602 3356 622 3381 ι
660 3333 716 3387 id
748 3336 857 3401 est,
881 3331 1194 3386 caelestem.
1219 3330 1287 3383 Et
1309 3346 1378 3384 ne
1401 3328 1532 3399 quis
1563 3328 1781 3382 diceret
1802 3329 2049 3399 patriam

403 3438 533 3478 esse
562 3426 771 3477 terram
803 3421 1229 3488 Chaldaeorum,
1264 3418 1526 3472 addidit:
1570 3438 1595 3465 ‹‹
1632 3416 1698 3470 Et
1729 3417 1776 3470 si
1809 3417 2045 3487 quidem

401 3511 561 3566 illius
584 3510 1012 3573 meminissent,
1029 3510 1099 3563 de
1113 3524 1228 3579 qua
1248 3507 1523 3573 exierant,
1543 3505 2048 3577 habebantutique

402 3605 637 3671 tempus
668 3598 989 3654 reverlendi
1016 3615 1028 3651 :
1065 3620 1093 3646 »
1128 3596 1183 3650 id
1208 3600 1314 3661 est,
1345 3594 1639 3648 habebant
1668 3594 1925 3663 spatium
1960 3611 2045 3647 re-

400 3687 661 3741 vertendi
692 3687 749 3740 in
782 3685 1132 3750 Chaldzeam,
1156 3684 1309 3738 unde
1341 3687 1397 3737 et
1423 3683 1678 3747 fuerunt,
1705 3683 1803 3737 sed
1840 3682 2045 3737 melio-

400 3792 524 3830 rem
558 3780 859 3847 appetunt,
908 3774 964 3827 id
998 3778 1103 3843 est,
1152 3772 1442 3827 coalestem
1476 3771 1820 3826 Jerusalem.
1854 3772 2045 3826 Prima

400 3865 588 3921 virtus
617 3868 723 3934 est,
758 3863 1131 3935 peregrinum
1158 3878 1285 3917 esse
1308 3861 1511 3915 mundi
1544 3860 1741 3931 hujus,
1767 3866 1823 3915 et
1854 3859 2045 3932 hospi-

395 3958 534 4025 tem,
560 3959 616 4009 et
648 3953 795 4009 nihil
828 3968 1141 4007 commune
1172 3950 1385 4006 habere
1415 3966 1549 4005 cum
1596 3950 1831 4021 regibus
1865 3950 2042 4020 hujus

396 4041 611 4110 saaculi,
638 4042 916 4098 removeri
942 4042 1010 4096 ab
1035 4042 1139 4106 eis,
1156 4039 1305 4095 sicut
1325 4040 1688 4111 peregrinus.
1713 4038 1824 4092 Iste
1847 4043 2039 4092 autem

393 4132 662 4204 egregius
684 4133 1025 4203 praedicator
1048 4147 1160 4184 non
1190 4128 1561 4199 peregrinum
1588 4128 1846 4198 seipsum
1875 4128 2040 4191 dixit,

393 4222 493 4276 sed
528 4226 825 4275 mortuum
858 4219 1096 4274 mundo.
1132 4217 1463 4282 «Mundus,
1495 4216 1704 4285 inquit,
1730 4215 1873 4269 mihi
1906 4231 2037 4269 cru-

392 4309 595 4363 ciﬁxus
627 4314 735 4374 est,
770 4312 826 4362 et
857 4323 960 4378 ego
990 4306 1208 4360 mundo
1242 4303 1392 4374 (Gal.
1424 4321 1500 4370 VI,
1540 4304 1643 4373 14).

470 4416 491 4443 ι
529 4396 659 4451 Ideo
684 4413 798 4450 non
817 4394 1192 4450 confunditur
1213 4392 1366 4447 Deus
1390 4391 1577 4446 vocari
1600 4393 1753 4446 Deus
1779 4391 2033 4458 illorum;

388 4484 614 4555 paravit
636 4484 792 4539 enim
838 4482 955 4538 illis
987 4481 1278 4536 civitatem
1312 4484 1574 4534 sanctam
1616 4481 1819 4551 (1447).
1858 4503 1884 4529 ››
1918 4484 2031 4533 Ma-

387 4590 567 4644 gnum
602 4573 710 4627 hoc
737 4578 845 4639 est,
877 4577 935 4627 et
963 4586 1092 4625 vere
1125 4586 1425 4640 magnum,
1458 4574 1514 4623 et
1546 4568 1741 4623 multae
1780 4570 2033 4624 beatitu-

390 4663 543 4717 dinis
575 4662 877 4717 indicium.
905 4661 1233 4715 Laudemus
1256 4674 1391 4728 ergo
1415 4657 1922 4729 ineffabiliterejus
1945 4676 2034 4713 es-

387 4750 658 4820 sentiam,
693 4754 749 4805 et
773 4765 1040 4803 amemus
1072 4747 1554 4816 misericordiam,
1580 4747 1734 4817 quod
1760 4747 2034 4818 dignatus

386 4845 474 4893 est
504 4839 715 4894 habere
747 4856 958 4893 nomen
988 4836 1418 4901 misericordia},
1444 4834 1688 4889 dicendo
1714 4854 1726 4889 :
1756 4837 1869 4907 Ego
1900 4854 2031 4891 sum

388 4929 537 4981 Deus
569 4927 877 4998 Abraham,
902 4933 960 4982 et
998 4927 1152 4981 Deus
1175 4926 1353 4989 Isaac,
1377 4930 1432 4979 et
1481 4924 1635 4978 Deus
1666 4924 1863 4989 Jacob,
1898 4942 2031 4979 cum

385 5015 461 5069 sit
493 5032 700 5071 nomen
735 5018 862 5087 ejus
890 5022 1191 5070 mternum.
1241 5012 1515 5069 Conl'usio
1561 5013 1774 5083 quippe
1808 5013 1888 5067 illi
1923 5020 2027 5081 est,

385 5105 618 5174 quando
642 5105 1032 5176 malignorum
1060 5103 1365 5157 hominum
1385 5107 1532 5155 Deus
1552 5108 1806 5170 vocatur,
1828 5108 1883 5155 et
1900 5120 2032 5157 con-

384 5191 903 5242 fnnditillmaetiam
922 5192 1225 5245 inse.sicut
1239 5190 1392 5244 enim
1409 5189 1552 5250 glori
1564 5190 2027 5256 ﬁcatur,quando

1453 358 1791 419 ATTONIS
1838 356 2425 419 VERCELLENSIS
2475 358 2824 421 EPISCOPI

3685 365 3763 425 804

2104 494 2157 557 Α
2190 490 2247 545 in
2281 492 2425 545 actis
2458 492 2863 547 nefandorum.
2892 491 3003 546 Sed
3031 490 3211 546 illiita
3230 495 3393 546 erant
3414 490 3565 559 clari,
3585 493 3765 551 itacon-

2197 580 2435 634 ﬁdentia
2458 582 2635 651 pleni,
2654 587 2716 636 ut
2739 599 2853 636 non
2876 581 3496 643 confunderetur,cum
3519 598 3689 638 eorum
3705 602 3764 640 vo-

2195 675 2422 724 caretur
2444 670 2615 725 Deus.
2638 670 2861 724 Dicitur
2876 671 3029 725 enim
3060 675 3207 724 Deus
3226 675 3405 737 terrae,
3430 675 3483 724 et
3502 669 3638 725 Deus
3657 675 3760 743 cali,

2193 757 2484 828 siquidem
2516 764 2571 813 et
2604 764 2752 813 Deus
2783 760 3066 831 gentium,
3101 763 3157 813 et
3179 775 3290 812 non
3325 757 3508 813 solum
3539 760 3759 831 gentium,

2191 847 2290 899 sed
2324 847 2501 901 totius
2532 847 2756 916 mundi,
2791 848 2927 918 quia
2960 848 3082 919 ipse
3114 846 3393 912 condidit,
3424 853 3478 901 et
3506 852 3762 904 construxit

2189 934 2420 1001 omnia;
2457 942 2790 991 sanctorum
2819 953 2948 991 vero
2973 935 3207 991 illorum
3231 954 3343 991 non
3368 936 3448 991 sic
3468 937 3671 1006 dicitur,
3694 942 3759 993 sed

2188 1024 2342 1078 sicut
2371 1026 2615 1080 amicus.
2641 1026 2865 1079 Dicitur
2888 1030 2942 1079 et
2974 1042 3128 1079 nunc
3162 1025 3460 1094 Dominus,
3495 1030 3625 1081 Deus
3649 1028 3761 1082 Chri-

2186 1113 2537 1181 stianorum,
2571 1120 2625 1169 et
2658 1120 2852 1169 tamen
2877 1114 3100 1169 excedit
3122 1113 3227 1168 hoc
3246 1131 3455 1168 nomen
3482 1114 3759 1185 dignitatem

2187 1206 2466 1258 nostram.

2256 1312 2282 1337 «
2316 1292 2453 1346 Fide
2484 1293 2699 1346 obtulit
2721 1292 3010 1346 Abraham
3042 1294 3218 1359 Isaac,
3244 1310 3377 1347 cum
3414 1296 3703 1361 tentaretur,
3722 1302 3757 1349 et

2183 1379 2551 1450 unigenitum
2594 1380 3007 1451 otferebat,qui
3049 1386 3387 1451 susceperat
3425 1382 3755 1451 repromissio-

2182 1484 2312 1530 nes;
2334 1469 2401 1522 ad
2424 1486 2596 1539 quem
2613 1470 2830 1523 dictum
2847 1474 2933 1522 est
2952 1487 2963 1523 :
2988 1469 3131 1535 Quia
3150 1469 3208 1521 in
3232 1469 3389 1523 Isaac
3405 1469 3753 1523 vocabiturtibi

2180 1573 2399 1625 semen,
2427 1559 2716 1612 arbitrans
2739 1558 2876 1628 quia
2897 1562 2951 1612 et
2972 1574 3004 1610 a
3028 1557 3276 1611 mortuis
3299 1557 3574 1612 suscitare
3602 1564 3753 1629 potens

2177 1650 2264 1700 est
2297 1651 2462 1699 Deus.
2492 1672 2511 1697 υ
2569 1647 2870 1717 Siquidem
2903 1647 2959 1699 in
2995 1662 3108 1700 uno
3141 1646 3462 1716 eodemque
3495 1646 3621 1699 facto
3647 1647 3753 1700 beati

2174 1735 2682 1799 Abraham,Jacob
2706 1752 2947 1805 operum
2968 1735 3096 1803 ejus
3116 1734 3751 1805 magniﬁcentiamﬁiib‘).

2177 1823 2390 1878 Paulus
2412 1824 2539 1877 ﬁdei
2565 1823 2951 1877 constantiam
2976 1822 3253 1889 laudavit,
3280 1838 3385 1877 nec
3412 1827 3591 1877 tamen
3612 1822 3751 1894 dispa-

2175 1928 2316 1981 rem,
2342 1912 2748 1984 diversamque
2774 1930 2807 1967 a
2826 1912 3042 1967 Jacobo
3067 1912 3308 1983 protulit
3340 1912 3552 1968 Paulus
3577 1919 3751 1968 senten-

2172 1999 2334 2053 tiam.
2357 2001 2628 2055 Sciebant
2650 2018 2903 2072 namque
2925 2002 3097 2055 ambo
3118 2002 3271 2071 quod
3297 2001 3579 2055 Abraham
3596 2006 3639 2055 et
3660 2002 3748 2066 ﬁde,

2172 2089 2513 2159 etOperibus
2534 2093 2656 2143 erat
2679 2089 3001 2161 perfectus;
3022 2094 3077 2143 et
3098 2090 3225 2145 ideo
3241 2090 3483 2160 quisque
3504 2090 3695 2144 illorum
3712 2090 3751 2142 il-

2171 2173 2219 2226 la
2233 2191 2284 2228 m
2304 2175 2490 2247 magis
2504 2176 2563 2230 in
2576 2191 2641 2231 eo
2660 2176 2937 2231 virtutem
2954 2178 3103 2248 praad
3117 2177 3434 2248 icavit,qua
3447 2194 3575 2233 suos
3587 2177 3749 2232 audito-

2172 2279 2262 2315 res
2285 2264 2539 2334 amplius
2572 2264 2832 2335 indigere
2864 2266 3176 2336 prospexit.
3206 2266 3351 2328 Quia
3383 2267 3532 2321 enim
3561 2266 3747 2321 Jacobus

2170 2348 2286 2403 illis
2309 2352 2623 2420 scribebat,
2643 2353 2740 2423 qui
2766 2354 2940 2407 tidem
2957 2353 3081 2407 sine
3103 2353 3379 2423 operibus
3394 2355 3619 2409 otiosam
3641 2362 3745 2408 tene-

2170 2438 2329 2507 bant,
2354 2446 2678 2511 opportune
2704 2440 2841 2496 illud
2866 2442 3109 2512 protulit
3131 2443 3485 2514 exemplum,
3507 2443 3559 2497 in
3582 2444 3747 2513 quoilla

2170 2528 2460 2598 praecipua
2484 2529 2625 2583 ﬁdes
2638 2531 2899 2599 Abrahze,
2918 2549 3042 2601 quae
3059 2537 3111 2585 et
3139 2532 3319 2601 prius,
3334 2533 3743 2603 Scripturateste.

2168 2615 2401 2671 laudata
2423 2623 2529 2683 est,
2555 2625 2878 2689 appareret,
2905 2618 3042 2689 quia
3063 2636 3177 2673 non
3204 2621 3393 2673 otiosa
3416 2622 3537 2689 ejus
3558 2620 3606 2673 in
3626 2621 3745 2674 corde

2171 2706 2502 2776 torpuisset,
2530 2708 2626 2761 sed
2654 2708 2723 2761 ad
2753 2707 3139 2761 obediendum
3166 2708 3743 2780 divinis-imperiisjam

2167 2800 2435 2866 prompta
2468 2796 2788 2867 ﬂagrasset.
2844 2796 2987 2859 Quia
3016 2814 3147 2851 vero
3197 2798 3415 2852 Paulus
3468 2799 3742 2863 instruebat,

2166 2884 2263 2955 qui
2296 2885 2420 2939 sine
2452 2886 2636 2956 gratia
2658 2886 2787 2939 ﬁdei
2814 2886 2884 2939 de
2906 2886 3031 2940 suis
3050 2902 3111 2940 se
3132 2886 3487 2941 extollebant
3515 2887 3742 2957 operibus,

2165 2974 2417 3027 ostendit
2449 2974 2586 3045 quia
2618 2974 2743 3029 sine
2768 2974 2876 3027 ﬁde
2910 2974 3272 3045 impossibile
3301 2980 3393 3029 est
3424 2976 3532 3029 Deo
3555 2974 3740 3046 placere.

2162 3064 2349 3133 Atque
2381 3063 2451 3116 ad
2486 3063 2974 3135 redarguendam,
3028 3063 3545 3135 corrigendamque
3595 3079 3741 3117 eorum

2163 3152 2570 3220 temeritatem,
2587 3152 2841 3207 collectis
2864 3152 3127 3207 omnium
3145 3152 3593 3223 patriarcharum
3606 3168 3742 3207 exem-

2085 3236 2126 3302 C
2169 3239 2297 3310 plis,
2333 3240 2640 3295 manifeste
2658 3240 2890 3295 edocuit
2920 3240 3058 3311 quia
3080 3257 3283 3295 omnes
3315 3244 3629 3297 testimonio
3649 3240 3740 3294 ﬁdei

2162 3329 2386 3401 probati
2411 3334 2567 3384 sunt.
2584 3328 2747 3384 Unde
2768 3334 2824 3383 et
2841 3328 3170 3401 specialiter
3190 3330 3259 3385 de
3284 3331 3569 3386 Abraham
3598 3327 3740 3384 intulit

2161 3417 2300 3488 quia
2333 3419 2442 3472 ﬁde
2490 3419 2721 3473 offerret
2761 3422 2942 3485 Isaac,
2978 3418 3290 3486 arbitrans,
3334 3420 3540 3491 inquit,
3570 3419 3679 3490 quia
3701 3422 3737 3469 et

2160 3512 2422 3561 mortuos
2454 3506 2735 3561 suscitare
2768 3511 2970 3577 potens
3000 3511 3089 3562 est
3120 3507 3295 3563 Deus.
3320 3508 3615 3579 Conjunxit
3640 3521 3736 3575 ergo

2157 3612 2303 3666 opus
2337 3596 2491 3661 ﬁdei,
2525 3596 2622 3666 qui
2656 3596 2783 3651 ideo
2816 3595 2997 3649 ﬁlium
3026 3613 3159 3651 mox
3199 3597 3407 3652 oﬁ‘erre
3431 3598 3610 3661 voluit,
3637 3595 3735 3666 quia

2155 3684 2337 3740 Deum
2365 3684 2520 3739 hunc
2543 3686 2821 3740 continuo
2846 3685 3329 3740 resuscitaturum
3352 3704 3477 3742 esse
3506 3687 3731 3741 credebat;

2154 3774 2281 3828 ideo
2317 3778 2507 3828 autem
2534 3773 2689 3828 hunc
2713 3778 2843 3845 post
2866 3780 3109 3829 mortem
3136 3792 3168 3829 a
3192 3780 3300 3830 Deo
3326 3774 3731 3831 resuscitandum

2153 3879 2280 3917 esse
2311 3863 2600 3929 credebat,
2635 3863 2773 3933 quia
2802 3880 3001 3917 verum
3034 3864 3306 3919 credebat
3335 3880 3461 3919 esse
3500 3864 3631 3936 quod
3656 3879 3730 3915 au-

2154 3952 2358 4019 dierat,
2392 3952 2531 4022 quia
2576 3951 2635 4004 in
2670 3954 2830 4005 Isaae
2876 3952 3177 4007 vocabitur
3224 3953 3329 4007 tibi
3363 3970 3571 4009 semen.
3616 3952 3730 4005 Sicut

2151 4040 2307 4094 enim
2340 4040 2584 4094 credidit
2606 4056 2718 4094 non
2752 4056 2853 4109 per
2876 4042 3159 4095 rationem
3191 4041 3528 4107 humanam,
3559 4040 3669 4111 quia
3685 4054 3729 4090 ex

2150 4126 2320 4180 vulva
2352 4132 2601 4191 mortua,
2626 4131 2681 4180 et
2711 4143 2867 4194 sene,
2893 4126 3377 4200 licetineptajam
3411 4131 3549 4184 facta
3574 4128 3632 4183 ad
3658 4141 3729 4197 ge-

2151 4215 2499 4279 nerandum,
2531 4216 2745 4268 donare
2771 4216 3053 4285 potuisset
3097 4217 3281 4271 ﬁlium
3307 4236 3318 4285 ;
3349 4219 3431 4273 ita
3459 4218 3612 4273 etiam
3639 4216 3729 4284 ipsa

2148 4302 2262 4356 ﬁde
2284 4302 2539 4356 occisum
2564 4302 2911 4358 resuscitare
2928 4304 3193 4359 credidit.
3219 4306 3447 4361 Sciebat
3467 4303 3727 4361 certissime

2147 4390 2326 4445 Deum
2380 4391 2498 4445 falli
2548 4409 2661 4446 non
2694 4409 2888 4462 posse,
2933 4399 3009 4460 et,
3044 4393 3177 4449 licet
3231 4412 3375 4466 puer
3411 4395 3726 4451 orcideretur,

2146 4480 2594 4551 promissionem
2629 4485 2825 4535 tamen
2859 4482 2959 4536 Dei
2993 4481 3209 4537 salvam
3236 4500 3577 4554 permanere.
3608 4477 3725 4534 Unde

2064 4601 2113 4666 D
2146 4574 2200 4622 et
2229 4568 2322 4622 hic
2354 4570 2668 4666 Apostolus
2699 4587 2801 4640 per
2847 4570 3119 4641 spiritum
3173 4572 3272 4626 Dei
3308 4574 3573 4627 didicerat
3611 4563 3723 4638 quod

2146 4658 2341 4712 animo
2374 4657 2672 4712 habuisset
2695 4659 2985 4713 Abraham
3011 4663 3162 4715 intra
3184 4678 3262 4728 se,
3288 4662 3424 4715 dum
3455 4660 3608 4713 ﬁdem
3630 4656 3723 4723 ejus

2147 4745 2460 4810 laudando,
2493 4747 2670 4801 dicit:
2736 4747 2901 4801 Fides
2958 4748 3252 4803 Abraham
3314 4768 3421 4804 non
3475 4741 3720 4802 hmsitavit,

2144 4852 2276 4889 cum
2304 4836 2538 4889 unicum
2565 4836 2817 4901 oti‘erret,
2843 4837 2897 4890 in
2922 4854 3037 4907 quo
3066 4846 3359 4908 acceperat
3382 4830 3719 4909 repromissio-

2145 4941 2265 4990 nes,
2301 4925 2560 4996 cogitans
2593 4924 2729 4995 quia
2758 4930 2863 4979 eta
2896 4928 3141 4981 mortuis
3163 4943 3293 4981 eum
3316 4926 3628 4982 resuscitare
3645 4934 3717 4990 po-

2141 5018 2269 5067 tens
2300 5020 2389 5067 est
2422 5019 2590 5067 Deus.
2628 5013 2768 5069 Vere
2801 5032 3013 5086 magna
3059 5022 3181 5071 erat
3233 5017 3375 5071 ﬁdes
3416 5014 3647 5069 Abrahae.
3674 5008 3717 5060 ln

2139 5102 2277 5156 Abel
2310 5103 2543 5173 quippe,
2568 5108 2624 5156 et
2648 5104 2862 5171 Enoch,
2915 5110 2969 5159 et
2992 5105 3107 5161 Noe
3138 5105 3490 5160 ratiocinatio
3518 5106 3650 5161 erat;
3676 5094 3715 5147 in

2139 5193 2425 5246 Abraham
2449 5197 2643 5245 autem
2668 5193 3139 5249 ratiocinationes
3158 5196 3423 5249 excedere
3451 5189 3715 5245 videbatur.

2098 1867 2142 1931 B
