  <div class='ocr_page' id='page_1' title='image "/cluster/home/n/w/nwhite01/storage/ocr_20150623/134/hvd.32044015471741/400.png"; bbox 0 0 3976 5348; ppageno 0'>
   <div class='ocr_carea' id='block_1_1' title="bbox 185 420 299 483">
    <p class='ocr_par' dir='ltr' id='par_1_1' title="bbox 185 420 299 483">
     <span class='ocr_line' id='line_1_1' title="bbox 185 420 299 483; baseline -0.026 0"><span class='ocrx_word' id='word_1_1' title='bbox 185 420 299 483; x_wconf 87' lang='grc'>805</span> 
     </span>
    </p>
   </div>
   <div class='ocr_carea' id='block_1_2' title="bbox 712 412 1840 495">
    <p class='ocr_par' dir='ltr' id='par_1_2' title="bbox 712 413 1840 495">
     <span class='ocr_line' id='line_1_2' title="bbox 712 413 1840 495; baseline -0.004 -19"><span class='ocrx_word' id='word_1_2' title='bbox 712 415 1167 495; x_wconf 19' lang='grc' dir='ltr'>ίΕΧΡΟΞΙΤΙΟ</span> <span class='ocrx_word' id='word_1_3' title='bbox 1212 415 1287 474; x_wconf 88' lang='grc' dir='ltr'><strong>ΙΝ</strong></span> <span class='ocrx_word' id='word_1_4' title='bbox 1333 414 1765 476; x_wconf 86' lang='lat' dir='ltr'>EPISTOLAS</span> <span class='ocrx_word' id='word_1_5' title='bbox 1813 413 1840 472; x_wconf 74' lang='lat' dir='ltr'>I</span> 
     </span>
    </p>
   </div>
   <div class='ocr_carea' id='block_1_3' title="bbox 1966 412 3015 495">
    <p class='ocr_par' dir='ltr' id='par_1_3' title="bbox 1970 412 3015 478">
     <span class='ocr_line' id='line_1_3' title="bbox 1970 412 3015 478; baseline 0.007 -7"><span class='ocrx_word' id='word_1_6' title='bbox 1970 412 2066 472; x_wconf 91' lang='lat' dir='ltr'>LI.</span> <span class='ocrx_word' id='word_1_7' title='bbox 2101 444 2178 457; x_wconf 92' lang='lat'>—-</span> <span class='ocrx_word' id='word_1_8' title='bbox 2218 415 2293 473; x_wconf 85' lang='grc' dir='ltr'>ΙΝ</span> <span class='ocrx_word' id='word_1_9' title='bbox 2340 414 2587 476; x_wconf 90' lang='lat' dir='ltr'>EPIST.</span> <span class='ocrx_word' id='word_1_10' title='bbox 2635 418 2738 477; x_wconf 87' lang='lat' dir='ltr'>AD</span> <span class='ocrx_word' id='word_1_11' title='bbox 2782 417 3015 478; x_wconf 83' lang='lat' dir='ltr'><strong>HEBR.</strong></span> 
     </span>
    </p>
   </div>
   <div class='ocr_carea' id='block_1_4' title="bbox 3466 423 3584 483">
    <p class='ocr_par' dir='ltr' id='par_1_4' title="bbox 3466 423 3584 483">
     <span class='ocr_line' id='line_1_4' title="bbox 3466 423 3584 483; baseline 0.008 -1"><span class='ocrx_word' id='word_1_12' title='bbox 3466 423 3584 483; x_wconf 86' lang='lat'>806</span> 
     </span>
    </p>
   </div>
   <div class='ocr_carea' id='block_1_5' title="bbox 190 544 3583 621">
    <p class='ocr_par' dir='ltr' id='par_1_5' title="bbox 190 544 3583 621">
     <span class='ocr_line' id='line_1_5' title="bbox 190 544 3583 621; baseline 0 -12"><span class='ocrx_word' id='word_1_13' title='bbox 190 552 285 609; x_wconf 86' lang='lat' dir='ltr'>Dei</span> <span class='ocrx_word' id='word_1_14' title='bbox 316 554 442 607; x_wconf 91' lang='lat' dir='ltr'>erat</span> <span class='ocrx_word' id='word_1_15' title='bbox 469 547 910 620; x_wconf 86' lang='lat' dir='ltr'>repromissioni</span> <span class='ocrx_word' id='word_1_16' title='bbox 941 547 1323 611; x_wconf 87' lang='lat' dir='ltr'>contrarium,</span> <span class='ocrx_word' id='word_1_17' title='bbox 1357 550 1420 600; x_wconf 91' lang='lat' dir='ltr'>ut</span> <span class='ocrx_word' id='word_1_18' title='bbox 1450 550 1610 617; x_wconf 88' lang='lat' dir='ltr'>puta,</span> <span class='ocrx_word' id='word_1_19' title='bbox 1646 544 1825 599; x_wconf 91' lang='lat' dir='ltr'>veluti</span> <span class='ocrx_word' id='word_1_20' title='bbox 1856 556 1910 621; x_wconf 67' lang='grc' dir='ltr'><strong>Α</strong></span> <span class='ocrx_word' id='word_1_21' title='bbox 1942 550 2150 616; x_wconf 81' lang='lat' dir='ltr'>potest,</span> <span class='ocrx_word' id='word_1_22' title='bbox 2176 562 2353 615; x_wconf 91' lang='lat' dir='ltr'>quam</span> <span class='ocrx_word' id='word_1_23' title='bbox 2378 547 2426 601; x_wconf 88' lang='lat' dir='ltr'>si</span> <span class='ocrx_word' id='word_1_24' title='bbox 2450 548 2581 618; x_wconf 89' lang='lat' dir='ltr'>quis</span> <span class='ocrx_word' id='word_1_25' title='bbox 2604 547 2791 603; x_wconf 92' lang='lat' dir='ltr'>ﬁlium</span> <span class='ocrx_word' id='word_1_26' title='bbox 2817 548 3078 615; x_wconf 90' lang='lat' dir='ltr'>unicum,</span> <span class='ocrx_word' id='word_1_27' title='bbox 3103 550 3583 610; x_wconf 88' lang='lat' dir='ltr'>dilectissimum-</span> 
     </span>
    </p>
   </div>
   <div class='ocr_carea' id='block_1_6' title="bbox 190 632 1827 712">
    <p class='ocr_par' dir='ltr' id='par_1_6' title="bbox 190 632 1827 712">
     <span class='ocr_line' id='line_1_6' title="bbox 190 632 1827 712; baseline -0.006 -17"><span class='ocrx_word' id='word_1_28' title='bbox 190 641 342 712; x_wconf 92' lang='lat' dir='ltr'>quod</span> <span class='ocrx_word' id='word_1_29' title='bbox 374 638 539 704; x_wconf 83' lang='lat' dir='ltr'>dixit,</span> <span class='ocrx_word' id='word_1_30' title='bbox 563 636 841 708; x_wconf 89' lang='lat' dir='ltr'>quoniam</span> <span class='ocrx_word' id='word_1_31' title='bbox 874 635 932 689; x_wconf 91' lang='lat' dir='ltr'>in</span> <span class='ocrx_word' id='word_1_32' title='bbox 960 636 1116 689; x_wconf 86' lang='lat' dir='ltr'>Isaac</span> <span class='ocrx_word' id='word_1_33' title='bbox 1138 633 1437 689; x_wconf 80' lang='lat' dir='ltr'>vocabitur</span> <span class='ocrx_word' id='word_1_34' title='bbox 1467 632 1571 686; x_wconf 85' lang='lat' dir='ltr'>tibi</span> <span class='ocrx_word' id='word_1_35' title='bbox 1605 647 1827 695; x_wconf 84' lang='lat' dir='ltr'>semen,</span> 
     </span>
    </p>
   </div>
   <div class='ocr_carea' id='block_1_7' title="bbox 188 720 1831 786">
    <p class='ocr_par' dir='ltr' id='par_1_7' title="bbox 188 720 1831 786">
     <span class='ocr_line' id='line_1_7' title="bbox 188 720 1831 786; baseline -0.007 -1"><span class='ocrx_word' id='word_1_36' title='bbox 188 735 244 786; x_wconf 89' lang='lat' dir='ltr'>et</span> <span class='ocrx_word' id='word_1_37' title='bbox 264 726 547 783; x_wconf 84' lang='lat' dir='ltr'>credidit:</span> <span class='ocrx_word' id='word_1_38' title='bbox 577 731 632 781; x_wconf 91' lang='lat' dir='ltr'>et</span> <span class='ocrx_word' id='word_1_39' title='bbox 653 726 864 780; x_wconf 82' lang='lat' dir='ltr'>iterum</span> <span class='ocrx_word' id='word_1_40' title='bbox 888 723 1063 778; x_wconf 88' lang='lat' dir='ltr'>dicit:</span> <span class='ocrx_word' id='word_1_41' title='bbox 1090 722 1363 778; x_wconf 88' lang='lat' dir='ltr'>Sacriﬁca</span> <span class='ocrx_word' id='word_1_42' title='bbox 1384 722 1549 776; x_wconf 91' lang='lat' dir='ltr'>illum</span> <span class='ocrx_word' id='word_1_43' title='bbox 1574 720 1738 785; x_wconf 91' lang='lat' dir='ltr'>mihi,</span> <span class='ocrx_word' id='word_1_44' title='bbox 1764 736 1831 774; x_wconf 88' lang='lat' dir='ltr'>ex</span> 
     </span>
    </p>
   </div>
   <div class='ocr_carea' id='block_1_8' title="bbox 189 811 1831 888">
    <p class='ocr_par' dir='ltr' id='par_1_8' title="bbox 189 811 1831 888">
     <span class='ocr_line' id='line_1_8' title="bbox 189 811 1831 888; baseline -0.007 -13"><span class='ocrx_word' id='word_1_45' title='bbox 189 820 358 888; x_wconf 86' lang='lat' dir='ltr'>cujus</span> <span class='ocrx_word' id='word_1_46' title='bbox 380 816 604 872; x_wconf 84' lang='lat' dir='ltr'>semine</span> <span class='ocrx_word' id='word_1_47' title='bbox 626 815 884 869; x_wconf 90' lang='lat' dir='ltr'>mundus</span> <span class='ocrx_word' id='word_1_48' title='bbox 914 817 1073 867; x_wconf 91' lang='lat' dir='ltr'>totus</span> <span class='ocrx_word' id='word_1_49' title='bbox 1096 818 1218 867; x_wconf 91' lang='lat' dir='ltr'>erat</span> <span class='ocrx_word' id='word_1_50' title='bbox 1239 811 1571 883; x_wconf 86' lang='lat' dir='ltr'>replendus.</span> <span class='ocrx_word' id='word_1_51' title='bbox 1602 812 1831 864; x_wconf 88' lang='lat' dir='ltr'>Intuere</span> 
     </span>
    </p>
   </div>
   <div class='ocr_carea' id='block_1_9' title="bbox 189 899 1836 977">
    <p class='ocr_par' dir='ltr' id='par_1_9' title="bbox 189 899 1836 977">
     <span class='ocr_line' id='line_1_9' title="bbox 189 899 1836 977; baseline -0.006 -14"><span class='ocrx_word' id='word_1_52' title='bbox 189 908 351 963; x_wconf 86' lang='lat' dir='ltr'>litem</span> <span class='ocrx_word' id='word_1_53' title='bbox 406 908 848 977; x_wconf 63' lang='lat' dir='ltr'>praceptorum,</span> <span class='ocrx_word' id='word_1_54' title='bbox 900 905 956 956; x_wconf 90' lang='lat' dir='ltr'>et</span> <span class='ocrx_word' id='word_1_55' title='bbox 1006 900 1486 973; x_wconf 86' lang='lat' dir='ltr'>promissionum.</span> <span class='ocrx_word' id='word_1_56' title='bbox 1532 899 1836 954; x_wconf 88' lang='lat' dir='ltr'>Contraria</span> 
     </span>
    </p>
   </div>
   <div class='ocr_carea' id='block_1_10' title="bbox 189 986 1836 1069">
    <p class='ocr_par' dir='ltr' id='par_1_10' title="bbox 189 986 1836 1069">
     <span class='ocr_line' id='line_1_10' title="bbox 189 986 1836 1069; baseline -0.007 -18"><span class='ocrx_word' id='word_1_57' title='bbox 189 996 405 1069; x_wconf 87' lang='lat' dir='ltr'>quippe</span> <span class='ocrx_word' id='word_1_58' title='bbox 434 990 991 1064; x_wconf 86' lang='lat' dir='ltr'>repromissionibus</span> <span class='ocrx_word' id='word_1_59' title='bbox 1021 989 1365 1060; x_wconf 79' lang='lat' dir='ltr'>imperabat.</span> <span class='ocrx_word' id='word_1_60' title='bbox 1406 990 1474 1043; x_wconf 90' lang='lat' dir='ltr'>Et</span> <span class='ocrx_word' id='word_1_61' title='bbox 1520 1004 1708 1057; x_wconf 89' lang='lat' dir='ltr'>neque</span> <span class='ocrx_word' id='word_1_62' title='bbox 1753 986 1836 1041; x_wconf 91' lang='lat' dir='ltr'>sic</span> 
     </span>
    </p>
   </div>
   <div class='ocr_carea' id='block_1_11' title="bbox 189 1076 1835 1155">
    <p class='ocr_par' dir='ltr' id='par_1_11' title="bbox 189 1076 1835 1155">
     <span class='ocr_line' id='line_1_11' title="bbox 189 1076 1835 1155; baseline -0.009 -13"><span class='ocrx_word' id='word_1_63' title='bbox 189 1083 723 1155; x_wconf 87' lang='lat' dir='ltr'>obstupuitjustus</span> <span class='ocrx_word' id='word_1_64' title='bbox 752 1080 869 1149; x_wconf 86' lang='lat' dir='ltr'>ille,</span> <span class='ocrx_word' id='word_1_65' title='bbox 904 1094 1092 1149; x_wconf 89' lang='lat' dir='ltr'>neque</span> <span class='ocrx_word' id='word_1_66' title='bbox 1123 1078 1431 1149; x_wconf 91' lang='lat' dir='ltr'>deceptum</span> <span class='ocrx_word' id='word_1_67' title='bbox 1474 1094 1535 1131; x_wconf 89' lang='lat' dir='ltr'>se</span> <span class='ocrx_word' id='word_1_68' title='bbox 1584 1076 1835 1130; x_wconf 89' lang='lat' dir='ltr'>dicebat.</span> 
     </span>
    </p>
   </div>
   <div class='ocr_carea' id='block_1_12' title="bbox 190 1163 1841 1242">
    <p class='ocr_par' dir='ltr' id='par_1_12' title="bbox 190 1163 1841 1242">
     <span class='ocr_line' id='line_1_12' title="bbox 190 1163 1841 1242; baseline -0.008 -13"><span class='ocrx_word' id='word_1_69' title='bbox 190 1176 316 1231; x_wconf 83' lang='lat' dir='ltr'>Non</span> <span class='ocrx_word' id='word_1_70' title='bbox 346 1172 505 1227; x_wconf 91' lang='lat' dir='ltr'>enim</span> <span class='ocrx_word' id='word_1_71' title='bbox 537 1173 734 1242; x_wconf 89' lang='lat' dir='ltr'>posset</span> <span class='ocrx_word' id='word_1_72' title='bbox 779 1168 1095 1237; x_wconf 89' lang='lat' dir='ltr'>quisquam</span> <span class='ocrx_word' id='word_1_73' title='bbox 1145 1167 1335 1221; x_wconf 88' lang='lat' dir='ltr'>dicere</span> <span class='ocrx_word' id='word_1_74' title='bbox 1371 1183 1383 1219; x_wconf 89' lang='lat'><strong>:</strong></span> <span class='ocrx_word' id='word_1_75' title='bbox 1436 1166 1583 1229; x_wconf 88' lang='lat' dir='ltr'>Quia</span> <span class='ocrx_word' id='word_1_76' title='bbox 1634 1163 1841 1219; x_wconf 88' lang='lat' dir='ltr'>habuit</span> 
     </span>
    </p>
   </div>
   <div class='ocr_carea' id='block_1_13' title="bbox 190 1253 1837 1327">
    <p class='ocr_par' dir='ltr' id='par_1_13' title="bbox 190 1253 1837 1327">
     <span class='ocr_line' id='line_1_13' title="bbox 190 1253 1837 1327; baseline -0.008 -8"><span class='ocrx_word' id='word_1_77' title='bbox 190 1263 374 1320; x_wconf 91' lang='lat' dir='ltr'>alium</span> <span class='ocrx_word' id='word_1_78' title='bbox 407 1259 617 1327; x_wconf 82' lang='lat' dir='ltr'>filium,</span> <span class='ocrx_word' id='word_1_79' title='bbox 649 1275 717 1313; x_wconf 87' lang='lat' dir='ltr'>ex</span> <span class='ocrx_word' id='word_1_80' title='bbox 746 1256 844 1311; x_wconf 93' lang='lat' dir='ltr'>illo</span> <span class='ocrx_word' id='word_1_81' title='bbox 881 1256 1153 1327; x_wconf 86' lang='lat' dir='ltr'>sperabat</span> <span class='ocrx_word' id='word_1_82' title='bbox 1182 1254 1697 1326; x_wconf 89' lang='lat' dir='ltr'>repromissionem</span> <span class='ocrx_word' id='word_1_83' title='bbox 1730 1253 1837 1306; x_wconf 91' lang='lat' dir='ltr'>im-</span> 
     </span>
    </p>
   </div>
   <div class='ocr_carea' id='block_1_14' title="bbox 194 1342 1840 1425">
    <p class='ocr_par' dir='ltr' id='par_1_14' title="bbox 194 1342 1840 1425">
     <span class='ocr_line' id='line_1_14' title="bbox 194 1342 1840 1425; baseline -0.007 -18"><span class='ocrx_word' id='word_1_84' title='bbox 194 1351 378 1425; x_wconf 91' lang='lat' dir='ltr'>plere,</span> <span class='ocrx_word' id='word_1_85' title='bbox 412 1354 469 1404; x_wconf 90' lang='lat' dir='ltr'>et</span> <span class='ocrx_word' id='word_1_86' title='bbox 512 1351 819 1419; x_wconf 91' lang='lat' dir='ltr'>pr0pterea</span> <span class='ocrx_word' id='word_1_87' title='bbox 848 1345 1148 1400; x_wconf 80' lang='lat' dir='ltr'>confidens</span> <span class='ocrx_word' id='word_1_88' title='bbox 1180 1343 1360 1398; x_wconf 91' lang='lat' dir='ltr'>istum</span> <span class='ocrx_word' id='word_1_89' title='bbox 1393 1342 1623 1397; x_wconf 88' lang='lat' dir='ltr'>obtulit.</span> <span class='ocrx_word' id='word_1_90' title='bbox 1658 1342 1840 1396; x_wconf 88' lang='lat' dir='ltr'>Etiam</span> 
     </span>
    </p>
   </div>
   <div class='ocr_carea' id='block_1_15' title="bbox 192 1431 1839 1511">
    <p class='ocr_par' dir='ltr' id='par_1_15' title="bbox 192 1431 1839 1511">
     <span class='ocr_line' id='line_1_15' title="bbox 192 1431 1839 1511; baseline -0.009 -14"><span class='ocrx_word' id='word_1_91' title='bbox 192 1438 589 1511; x_wconf 85' lang='lat' dir='ltr'>unigenitum,</span> <span class='ocrx_word' id='word_1_92' title='bbox 621 1435 833 1505; x_wconf 89' lang='lat' dir='ltr'>inquit,</span> <span class='ocrx_word' id='word_1_93' title='bbox 865 1433 1161 1498; x_wconf 77' lang='lat' dir='ltr'>offerebat,</span> <span class='ocrx_word' id='word_1_94' title='bbox 1204 1433 1302 1503; x_wconf 89' lang='lat' dir='ltr'>qui</span> <span class='ocrx_word' id='word_1_95' title='bbox 1352 1431 1839 1502; x_wconf 88' lang='lat' dir='ltr'>repromissiones</span> 
     </span>
    </p>
   </div>
   <div class='ocr_carea' id='block_1_16' title="bbox 194 1519 1844 1599">
    <p class='ocr_par' dir='ltr' id='par_1_16' title="bbox 194 1519 1844 1599">
     <span class='ocr_line' id='line_1_16' title="bbox 194 1519 1844 1599; baseline -0.007 -15"><span class='ocrx_word' id='word_1_96' title='bbox 194 1529 517 1599; x_wconf 88' lang='lat' dir='ltr'>acceperat,</span> <span class='ocrx_word' id='word_1_97' title='bbox 553 1528 841 1595; x_wconf 86' lang='lat' dir='ltr'>quantum</span> <span class='ocrx_word' id='word_1_98' title='bbox 873 1522 945 1576; x_wconf 90' lang='lat' dir='ltr'>ad</span> <span class='ocrx_word' id='word_1_99' title='bbox 979 1522 1263 1575; x_wconf 89' lang='lat' dir='ltr'>rationem</span> <span class='ocrx_word' id='word_1_100' title='bbox 1296 1520 1503 1575; x_wconf 88' lang='lat' dir='ltr'>attinet</span> <span class='ocrx_word' id='word_1_101' title='bbox 1534 1519 1844 1590; x_wconf 91' lang='lat' dir='ltr'>repromis-</span> 
     </span>
    </p>
   </div>
   <div class='ocr_carea' id='block_1_17' title="bbox 195 1608 1840 1685">
    <p class='ocr_par' dir='ltr' id='par_1_17' title="bbox 195 1608 1840 1685">
     <span class='ocr_line' id='line_1_17' title="bbox 195 1608 1840 1685; baseline -0.009 -10"><span class='ocrx_word' id='word_1_102' title='bbox 195 1617 422 1684; x_wconf 87' lang='lat' dir='ltr'>sionis;</span> <span class='ocrx_word' id='word_1_103' title='bbox 458 1618 765 1685; x_wconf 85' lang='lat' dir='ltr'>propterea</span> <span class='ocrx_word' id='word_1_104' title='bbox 818 1610 1041 1665; x_wconf 89' lang='lat' dir='ltr'>addidit</span> <span class='ocrx_word' id='word_1_105' title='bbox 1084 1608 1415 1681; x_wconf 83' lang='lat' dir='ltr'>Apostolus,</span> <span class='ocrx_word' id='word_1_106' title='bbox 1449 1608 1840 1679; x_wconf 88' lang='lat' dir='ltr'>unigenitum,</span> 
     </span>
    </p>
   </div>
   <div class='ocr_carea' id='block_1_18' title="bbox 192 1698 1844 1772">
    <p class='ocr_par' dir='ltr' id='par_1_18' title="bbox 192 1698 1844 1772">
     <span class='ocr_line' id='line_1_18' title="bbox 192 1698 1844 1772; baseline -0.008 -9"><span class='ocrx_word' id='word_1_107' title='bbox 192 1706 398 1763; x_wconf 88' lang='lat' dir='ltr'>volens</span> <span class='ocrx_word' id='word_1_108' title='bbox 430 1702 736 1759; x_wconf 83' lang='lat' dir='ltr'>ostendere</span> <span class='ocrx_word' id='word_1_109' title='bbox 762 1704 1067 1772; x_wconf 88' lang='lat' dir='ltr'>propterea</span> <span class='ocrx_word' id='word_1_110' title='bbox 1090 1698 1458 1769; x_wconf 87' lang='lat' dir='ltr'>unigenitum</span> <span class='ocrx_word' id='word_1_111' title='bbox 1484 1714 1634 1767; x_wconf 89' lang='lat' dir='ltr'>esse,</span> <span class='ocrx_word' id='word_1_112' title='bbox 1657 1698 1755 1767; x_wconf 91' lang='lat' dir='ltr'>qui</span> <span class='ocrx_word' id='word_1_113' title='bbox 1786 1698 1844 1751; x_wconf 95' lang='lat' dir='ltr'>in</span> 
     </span>
    </p>
   </div>
   <div class='ocr_carea' id='block_1_19' title="bbox 193 1787 1843 1864">
    <p class='ocr_par' dir='ltr' id='par_1_19' title="bbox 193 1787 1843 1864">
     <span class='ocr_line' id='line_1_19' title="bbox 193 1787 1843 1864; baseline -0.008 -12"><span class='ocrx_word' id='word_1_114' title='bbox 193 1796 297 1852; x_wconf 88' lang='lat' dir='ltr'>illo</span> <span class='ocrx_word' id='word_1_115' title='bbox 331 1796 669 1864; x_wconf 85' lang='lat' dir='ltr'>susceperat</span> <span class='ocrx_word' id='word_1_116' title='bbox 698 1789 1205 1862; x_wconf 89' lang='lat' dir='ltr'>repromissiones,</span> <span class='ocrx_word' id='word_1_117' title='bbox 1234 1788 1387 1842; x_wconf 91' lang='lat' dir='ltr'>sicut</span> <span class='ocrx_word' id='word_1_118' title='bbox 1419 1787 1702 1857; x_wconf 87' lang='lat' dir='ltr'>scriptum</span> <span class='ocrx_word' id='word_1_119' title='bbox 1736 1791 1843 1851; x_wconf 90' lang='lat' dir='ltr'>est,</span> 
     </span>
    </p>
   </div>
   <div class='ocr_carea' id='block_1_20' title="bbox 194 1874 1923 1977">
    <p class='ocr_par' dir='ltr' id='par_1_20' title="bbox 194 1874 1923 1977">
     <span class='ocr_line' id='line_1_20' title="bbox 194 1874 1923 1977; baseline -0.006 -38"><span class='ocrx_word' id='word_1_120' title='bbox 194 1885 340 1957; x_wconf 88' lang='lat' dir='ltr'>quia</span> <span class='ocrx_word' id='word_1_121' title='bbox 368 1883 427 1937; x_wconf 92' lang='lat' dir='ltr'>in</span> <span class='ocrx_word' id='word_1_122' title='bbox 454 1883 616 1937; x_wconf 88' lang='lat' dir='ltr'>Isaac</span> <span class='ocrx_word' id='word_1_123' title='bbox 646 1878 947 1935; x_wconf 83' lang='lat' dir='ltr'>vocabitur</span> <span class='ocrx_word' id='word_1_124' title='bbox 972 1876 1079 1931; x_wconf 90' lang='lat' dir='ltr'>tibi</span> <span class='ocrx_word' id='word_1_125' title='bbox 1112 1894 1332 1932; x_wconf 90' lang='lat' dir='ltr'>semen.</span> <span class='ocrx_word' id='word_1_126' title='bbox 1364 1875 1581 1931; x_wconf 87' lang='lat' dir='ltr'>Deinde</span> <span class='ocrx_word' id='word_1_127' title='bbox 1612 1886 1683 1930; x_wconf 83' lang='lat' dir='ltr'>n‘e</span> <span class='ocrx_word' id='word_1_128' title='bbox 1715 1874 1847 1945; x_wconf 90' lang='lat' dir='ltr'>quis</span> <span class='ocrx_word' id='word_1_129' title='bbox 1880 1914 1923 1977; x_wconf 77' lang='grc' dir='ltr'><strong>Β</strong></span> 
     </span>
    </p>
   </div>
   <div class='ocr_carea' id='block_1_21' title="bbox 192 1963 1848 2047">
    <p class='ocr_par' dir='ltr' id='par_1_21' title="bbox 192 1963 1848 2047">
     <span class='ocr_line' id='line_1_21' title="bbox 192 1963 1848 2047; baseline -0.007 -18"><span class='ocrx_word' id='word_1_130' title='bbox 192 1976 432 2047; x_wconf 88' lang='lat' dir='ltr'>putaret</span> <span class='ocrx_word' id='word_1_131' title='bbox 459 1970 738 2042; x_wconf 90' lang='lat' dir='ltr'>quoniam</span> <span class='ocrx_word' id='word_1_132' title='bbox 771 1968 1088 2038; x_wconf 89' lang='lat' dir='ltr'>desperans</span> <span class='ocrx_word' id='word_1_133' title='bbox 1134 1966 1245 2020; x_wconf 91' lang='lat' dir='ltr'>hoc</span> <span class='ocrx_word' id='word_1_134' title='bbox 1290 1966 1444 2030; x_wconf 89' lang='lat' dir='ltr'>fecit,</span> <span class='ocrx_word' id='word_1_135' title='bbox 1477 1969 1534 2020; x_wconf 89' lang='lat' dir='ltr'>et</span> <span class='ocrx_word' id='word_1_136' title='bbox 1587 1982 1688 2036; x_wconf 91' lang='lat' dir='ltr'>per</span> <span class='ocrx_word' id='word_1_137' title='bbox 1740 1963 1848 2018; x_wconf 93' lang='lat' dir='ltr'>hoc</span> 
     </span>
    </p>
   </div>
   <div class='ocr_carea' id='block_1_22' title="bbox 192 2052 1843 2135">
    <p class='ocr_par' dir='ltr' id='par_1_22' title="bbox 192 2052 1843 2135">
     <span class='ocr_line' id='line_1_22' title="bbox 192 2052 1843 2135; baseline -0.008 -17"><span class='ocrx_word' id='word_1_138' title='bbox 192 2064 553 2135; x_wconf 65' lang='lat' dir='ltr'>prmeeptum</span> <span class='ocrx_word' id='word_1_139' title='bbox 602 2058 776 2112; x_wconf 85' lang='lat' dir='ltr'>fidem</span> <span class='ocrx_word' id='word_1_140' title='bbox 826 2055 984 2111; x_wconf 92' lang='lat' dir='ltr'>illius</span> <span class='ocrx_word' id='word_1_141' title='bbox 1033 2053 1507 2126; x_wconf 90' lang='lat' dir='ltr'>repromissionis</span> <span class='ocrx_word' id='word_1_142' title='bbox 1548 2052 1843 2119; x_wconf 89' lang='lat' dir='ltr'>amiserat,</span> 
     </span>
    </p>
   </div>
   <div class='ocr_carea' id='block_1_23' title="bbox 196 2142 1847 2223">
    <p class='ocr_par' dir='ltr' id='par_1_23' title="bbox 196 2142 1847 2223">
     <span class='ocr_line' id='line_1_23' title="bbox 196 2142 1847 2223; baseline -0.008 -16"><span class='ocrx_word' id='word_1_143' title='bbox 196 2152 521 2223; x_wconf 85' lang='lat' dir='ltr'>cognoscat</span> <span class='ocrx_word' id='word_1_144' title='bbox 544 2162 744 2202; x_wconf 88' lang='lat' dir='ltr'>revera</span> <span class='ocrx_word' id='word_1_145' title='bbox 768 2144 983 2211; x_wconf 91' lang='lat' dir='ltr'>omnis,</span> <span class='ocrx_word' id='word_1_146' title='bbox 999 2142 1138 2215; x_wconf 86' lang='lat' dir='ltr'>quia</span> <span class='ocrx_word' id='word_1_147' title='bbox 1159 2148 1215 2197; x_wconf 89' lang='lat' dir='ltr'>et</span> <span class='ocrx_word' id='word_1_148' title='bbox 1236 2142 1398 2198; x_wconf 88' lang='lat' dir='ltr'>illam</span> <span class='ocrx_word' id='word_1_149' title='bbox 1425 2142 1631 2197; x_wconf 91' lang='lat' dir='ltr'>habuit</span> <span class='ocrx_word' id='word_1_150' title='bbox 1653 2142 1847 2206; x_wconf 91' lang='lat' dir='ltr'>ﬁdem,</span> 
     </span>
    </p>
   </div>
   <div class='ocr_carea' id='block_1_24' title="bbox 197 2231 1847 2305">
    <p class='ocr_par' dir='ltr' id='par_1_24' title="bbox 197 2231 1847 2305">
     <span class='ocr_line' id='line_1_24' title="bbox 197 2231 1847 2305; baseline -0.008 -9"><span class='ocrx_word' id='word_1_151' title='bbox 197 2241 341 2296; x_wconf 89' lang='lat' dir='ltr'>licet</span> <span class='ocrx_word' id='word_1_152' title='bbox 359 2239 654 2293; x_wconf 89' lang='lat' dir='ltr'>videretur</span> <span class='ocrx_word' id='word_1_153' title='bbox 674 2234 810 2290; x_wconf 92' lang='lat' dir='ltr'>huic</span> <span class='ocrx_word' id='word_1_154' title='bbox 841 2231 1301 2305; x_wconf 88' lang='lat' dir='ltr'>repugnare(sed</span> <span class='ocrx_word' id='word_1_155' title='bbox 1319 2249 1435 2287; x_wconf 91' lang='lat' dir='ltr'>non</span> <span class='ocrx_word' id='word_1_156' title='bbox 1453 2231 1847 2303; x_wconf 86' lang='lat' dir='ltr'>repugnabat:</span> 
     </span>
    </p>
   </div>
   <div class='ocr_carea' id='block_1_25' title="bbox 199 2316 1851 2385">
    <p class='ocr_par' dir='ltr' id='par_1_25' title="bbox 199 2316 1851 2385">
     <span class='ocr_line' id='line_1_25' title="bbox 199 2316 1851 2385; baseline -0.009 0"><span class='ocrx_word' id='word_1_157' title='bbox 199 2345 323 2385; x_wconf 87' lang='lat' dir='ltr'>non</span> <span class='ocrx_word' id='word_1_158' title='bbox 354 2327 514 2382; x_wconf 88' lang='lat' dir='ltr'>enim</span> <span class='ocrx_word' id='word_1_159' title='bbox 557 2323 833 2379; x_wconf 88' lang='lat' dir='ltr'>humanis</span> <span class='ocrx_word' id='word_1_160' title='bbox 865 2320 1412 2377; x_wconf 86' lang='lat' dir='ltr'>ratiocinationibus</span> <span class='ocrx_word' id='word_1_161' title='bbox 1440 2320 1717 2373; x_wconf 89' lang='lat' dir='ltr'>virtutem</span> <span class='ocrx_word' id='word_1_162' title='bbox 1750 2316 1851 2371; x_wconf 89' lang='lat' dir='ltr'>Dei</span> 
     </span>
    </p>
   </div>
   <div class='ocr_carea' id='block_1_26' title="bbox 199 2410 1849 2490">
    <p class='ocr_par' dir='ltr' id='par_1_26' title="bbox 199 2410 1849 2490">
     <span class='ocr_line' id='line_1_26' title="bbox 199 2410 1849 2490; baseline -0.007 -17"><span class='ocrx_word' id='word_1_163' title='bbox 199 2416 510 2490; x_wconf 88' lang='lat' dir='ltr'>pensabat,</span> <span class='ocrx_word' id='word_1_164' title='bbox 544 2414 646 2469; x_wconf 91' lang='lat' dir='ltr'>sed</span> <span class='ocrx_word' id='word_1_165' title='bbox 678 2412 791 2467; x_wconf 87' lang='lat' dir='ltr'>ﬁde</span> <span class='ocrx_word' id='word_1_166' title='bbox 821 2414 1031 2466; x_wconf 91' lang='lat' dir='ltr'>cuncta</span> <span class='ocrx_word' id='word_1_167' title='bbox 1059 2410 1318 2482; x_wconf 86' lang='lat' dir='ltr'>gerebat)</span> <span class='ocrx_word' id='word_1_168' title='bbox 1350 2427 1362 2476; x_wconf 91' lang='lat'>;</span> <span class='ocrx_word' id='word_1_169' title='bbox 1397 2413 1704 2481; x_wconf 88' lang='lat' dir='ltr'>propterea</span> <span class='ocrx_word' id='word_1_170' title='bbox 1734 2423 1849 2461; x_wconf 90' lang='lat' dir='ltr'>non</span> 
     </span>
    </p>
   </div>
   <div class='ocr_carea' id='block_1_27' title="bbox 108 2495 1851 2573">
    <p class='ocr_par' dir='ltr' id='par_1_27' title="bbox 108 2495 1851 2573">
     <span class='ocr_line' id='line_1_27' title="bbox 108 2495 1851 2573; baseline -0.008 -10"><span class='ocrx_word' id='word_1_171' title='bbox 108 2550 111 2551; x_wconf 46' lang='grc' dir='ltr'><em>ν</em></span> <span class='ocrx_word' id='word_1_172' title='bbox 200 2511 439 2562; x_wconf 88' lang='lat' dir='ltr'>veretur</span> <span class='ocrx_word' id='word_1_173' title='bbox 466 2503 657 2558; x_wconf 87' lang='lat' dir='ltr'>dicere</span> <span class='ocrx_word' id='word_1_174' title='bbox 676 2500 1007 2573; x_wconf 88' lang='lat' dir='ltr'>Apostolus,</span> <span class='ocrx_word' id='word_1_175' title='bbox 1034 2499 1173 2570; x_wconf 91' lang='lat' dir='ltr'>quia</span> <span class='ocrx_word' id='word_1_176' title='bbox 1201 2502 1259 2553; x_wconf 92' lang='lat' dir='ltr'>et</span> <span class='ocrx_word' id='word_1_177' title='bbox 1287 2514 1355 2552; x_wconf 86' lang='lat' dir='ltr'>ex</span> <span class='ocrx_word' id='word_1_178' title='bbox 1386 2496 1632 2553; x_wconf 88' lang='lat' dir='ltr'>mortuis</span> <span class='ocrx_word' id='word_1_179' title='bbox 1664 2495 1851 2551; x_wconf 91' lang='lat' dir='ltr'>susci-</span> 
     </span>
    </p>
   </div>
   <div class='ocr_carea' id='block_1_28' title="bbox 202 2587 1853 2665">
    <p class='ocr_par' dir='ltr' id='par_1_28' title="bbox 202 2587 1853 2665">
     <span class='ocr_line' id='line_1_28' title="bbox 202 2587 1853 2665; baseline -0.007 -14"><span class='ocrx_word' id='word_1_180' title='bbox 202 2600 330 2651; x_wconf 86' lang='lat' dir='ltr'>tare</span> <span class='ocrx_word' id='word_1_181' title='bbox 365 2597 570 2665; x_wconf 87' lang='lat' dir='ltr'>potens</span> <span class='ocrx_word' id='word_1_182' title='bbox 600 2595 688 2646; x_wconf 88' lang='lat' dir='ltr'>est</span> <span class='ocrx_word' id='word_1_183' title='bbox 715 2595 884 2645; x_wconf 89' lang='lat' dir='ltr'>Deus.</span> <span class='ocrx_word' id='word_1_184' title='bbox 911 2588 1025 2644; x_wconf 90' lang='lat' dir='ltr'>Vos</span> <span class='ocrx_word' id='word_1_185' title='bbox 1047 2589 1225 2658; x_wconf 88' lang='lat' dir='ltr'>enim,</span> <span class='ocrx_word' id='word_1_186' title='bbox 1249 2587 1461 2658; x_wconf 86' lang='lat' dir='ltr'>inquit,</span> <span class='ocrx_word' id='word_1_187' title='bbox 1486 2604 1586 2641; x_wconf 89' lang='lat' dir='ltr'>vos</span> <span class='ocrx_word' id='word_1_188' title='bbox 1613 2603 1727 2641; x_wconf 89' lang='lat' dir='ltr'>non</span> <span class='ocrx_word' id='word_1_189' title='bbox 1761 2602 1853 2656; x_wconf 93' lang='lat' dir='ltr'>po-</span> 
     </span>
    </p>
   </div>
   <div class='ocr_carea' id='block_1_29' title="bbox 202 2676 1854 2749">
    <p class='ocr_par' dir='ltr' id='par_1_29' title="bbox 202 2676 1854 2749">
     <span class='ocr_line' id='line_1_29' title="bbox 202 2676 1854 2749; baseline -0.008 -9"><span class='ocrx_word' id='word_1_190' title='bbox 202 2684 375 2740; x_wconf 85' lang='lat' dir='ltr'>testis</span> <span class='ocrx_word' id='word_1_191' title='bbox 407 2684 514 2738; x_wconf 90' lang='lat' dir='ltr'>hoc</span> <span class='ocrx_word' id='word_1_192' title='bbox 546 2680 733 2735; x_wconf 89' lang='lat' dir='ltr'>dicere</span> <span class='ocrx_word' id='word_1_193' title='bbox 758 2697 771 2745; x_wconf 92' lang='lat'><strong>;</strong></span> <span class='ocrx_word' id='word_1_194' title='bbox 809 2678 947 2749; x_wconf 91' lang='lat' dir='ltr'>quia</span> <span class='ocrx_word' id='word_1_195' title='bbox 976 2678 1234 2749; x_wconf 86' lang='lat' dir='ltr'>requiem</span> <span class='ocrx_word' id='word_1_196' title='bbox 1264 2677 1428 2731; x_wconf 91' lang='lat' dir='ltr'>vobis</span> <span class='ocrx_word' id='word_1_197' title='bbox 1458 2677 1517 2730; x_wconf 91' lang='lat' dir='ltr'>in</span> <span class='ocrx_word' id='word_1_198' title='bbox 1553 2676 1772 2737; x_wconf 88' lang='lat' dir='ltr'>futuro,</span> <span class='ocrx_word' id='word_1_199' title='bbox 1797 2679 1854 2727; x_wconf 90' lang='lat' dir='ltr'>et</span> 
     </span>
    </p>
   </div>
   <div class='ocr_carea' id='block_1_30' title="bbox 200 2762 1851 2836">
    <p class='ocr_par' dir='ltr' id='par_1_30' title="bbox 200 2762 1851 2836">
     <span class='ocr_line' id='line_1_30' title="bbox 200 2762 1851 2836; baseline -0.008 -8"><span class='ocrx_word' id='word_1_200' title='bbox 200 2773 262 2827; x_wconf 89' lang='lat' dir='ltr'>in</span> <span class='ocrx_word' id='word_1_201' title='bbox 294 2772 512 2827; x_wconf 90' lang='lat' dir='ltr'>mundo</span> <span class='ocrx_word' id='word_1_202' title='bbox 529 2768 967 2823; x_wconf 86' lang='lat' dir='ltr'>tribulationem</span> <span class='ocrx_word' id='word_1_203' title='bbox 986 2766 1274 2836; x_wconf 88' lang='lat' dir='ltr'>promisit.</span> <span class='ocrx_word' id='word_1_204' title='bbox 1293 2766 1353 2819; x_wconf 88' lang='lat' dir='ltr'>In</span> <span class='ocrx_word' id='word_1_205' title='bbox 1378 2765 1619 2831; x_wconf 92' lang='lat' dir='ltr'>mundo,</span> <span class='ocrx_word' id='word_1_206' title='bbox 1638 2762 1851 2833; x_wconf 90' lang='lat' dir='ltr'>inquit,</span> 
     </span>
    </p>
   </div>
   <div class='ocr_carea' id='block_1_31' title="bbox 200 2850 1855 2922">
    <p class='ocr_par' dir='ltr' id='par_1_31' title="bbox 200 2850 1855 2922">
     <span class='ocr_line' id='line_1_31' title="bbox 200 2850 1855 2922; baseline -0.007 -6"><span class='ocrx_word' id='word_1_207' title='bbox 200 2858 645 2916; x_wconf 84' lang='lat' dir='ltr'>tribulationem</span> <span class='ocrx_word' id='word_1_208' title='bbox 677 2854 969 2910; x_wconf 89' lang='lat' dir='ltr'>habebitis</span> <span class='ocrx_word' id='word_1_209' title='bbox 1010 2853 1227 2922; x_wconf 83' lang='lat' dir='ltr'>(Matth.</span> <span class='ocrx_word' id='word_1_210' title='bbox 1261 2869 1415 2919; x_wconf 81' lang='lat' dir='ltr'>xxiv,</span> <span class='ocrx_word' id='word_1_211' title='bbox 1446 2854 1502 2921; x_wconf 86' lang='lat'>9)</span> <span class='ocrx_word' id='word_1_212' title='bbox 1529 2878 1543 2918; x_wconf 68' lang='grc' dir='ltr'>ς</span> <span class='ocrx_word' id='word_1_213' title='bbox 1591 2857 1647 2906; x_wconf 89' lang='lat' dir='ltr'>et</span> <span class='ocrx_word' id='word_1_214' title='bbox 1680 2867 1692 2905; x_wconf 89' lang='lat'>:</span> <span class='ocrx_word' id='word_1_215' title='bbox 1746 2850 1855 2913; x_wconf 89' lang='lat' dir='ltr'>Qui</span> 
     </span>
    </p>
   </div>
   <div class='ocr_carea' id='block_1_32' title="bbox 201 2938 1853 3018">
    <p class='ocr_par' dir='ltr' id='par_1_32' title="bbox 201 2938 1853 3018">
     <span class='ocr_line' id='line_1_32' title="bbox 201 2938 1853 3018; baseline -0.009 -12"><span class='ocrx_word' id='word_1_216' title='bbox 201 2966 327 3005; x_wconf 90' lang='lat' dir='ltr'>non</span> <span class='ocrx_word' id='word_1_217' title='bbox 359 2946 647 3018; x_wconf 89' lang='lat' dir='ltr'>acceperit</span> <span class='ocrx_word' id='word_1_218' title='bbox 678 2959 909 2998; x_wconf 91' lang='lat' dir='ltr'>crucem</span> <span class='ocrx_word' id='word_1_219' title='bbox 940 2959 1131 3006; x_wconf 89' lang='lat' dir='ltr'>suam,</span> <span class='ocrx_word' id='word_1_220' title='bbox 1163 2946 1220 2997; x_wconf 93' lang='lat' dir='ltr'>et</span> <span class='ocrx_word' id='word_1_221' title='bbox 1263 2946 1502 2997; x_wconf 88' lang='lat' dir='ltr'>secutus</span> <span class='ocrx_word' id='word_1_222' title='bbox 1536 2957 1627 2995; x_wconf 91' lang='lat' dir='ltr'>me</span> <span class='ocrx_word' id='word_1_223' title='bbox 1659 2938 1853 3008; x_wconf 88' lang='lat' dir='ltr'>fuerit,</span> 
     </span>
    </p>
   </div>
   <div class='ocr_carea' id='block_1_33' title="bbox 201 3028 1853 3105">
    <p class='ocr_par' dir='ltr' id='par_1_33' title="bbox 201 3028 1853 3105">
     <span class='ocr_line' id='line_1_33' title="bbox 201 3028 1853 3105; baseline -0.008 -12"><span class='ocrx_word' id='word_1_224' title='bbox 201 3054 329 3093; x_wconf 91' lang='lat' dir='ltr'>non</span> <span class='ocrx_word' id='word_1_225' title='bbox 360 3040 449 3091; x_wconf 90' lang='lat' dir='ltr'>est</span> <span class='ocrx_word' id='word_1_226' title='bbox 479 3050 570 3088; x_wconf 89' lang='lat' dir='ltr'>me</span> <span class='ocrx_word' id='word_1_227' title='bbox 602 3032 815 3105; x_wconf 89' lang='lat' dir='ltr'>dignus</span> <span class='ocrx_word' id='word_1_228' title='bbox 846 3029 1059 3101; x_wconf 80' lang='lat' dir='ltr'>(Matth.</span> <span class='ocrx_word' id='word_1_229' title='bbox 1109 3047 1164 3100; x_wconf 86' lang='lat' dir='ltr'>x,</span> <span class='ocrx_word' id='word_1_230' title='bbox 1215 3030 1321 3096; x_wconf 91' lang='lat'>38;</span> <span class='ocrx_word' id='word_1_231' title='bbox 1374 3031 1538 3084; x_wconf 82' lang='lat' dir='ltr'>Marc.</span> <span class='ocrx_word' id='word_1_232' title='bbox 1584 3046 1704 3091; x_wconf 84' lang='lat' dir='ltr'><strong>VIII,</strong></span> <span class='ocrx_word' id='word_1_233' title='bbox 1746 3028 1853 3095; x_wconf 66' lang='lat'>34;</span> 
     </span>
    </p>
   </div>
   <div class='ocr_carea' id='block_1_34' title="bbox 202 3117 1856 3192">
    <p class='ocr_par' dir='ltr' id='par_1_34' title="bbox 202 3117 1856 3192">
     <span class='ocr_line' id='line_1_34' title="bbox 202 3117 1856 3192; baseline -0.005 -11"><span class='ocrx_word' id='word_1_234' title='bbox 202 3128 342 3181; x_wconf 82' lang='lat' dir='ltr'>Luc.</span> <span class='ocrx_word' id='word_1_235' title='bbox 368 3141 443 3191; x_wconf 83' lang='lat' dir='ltr'>Ix,</span> <span class='ocrx_word' id='word_1_236' title='bbox 464 3124 558 3189; x_wconf 86' lang='lat'>23)</span> <span class='ocrx_word' id='word_1_237' title='bbox 581 3141 595 3192; x_wconf 86' lang='lat'><strong>;</strong></span> <span class='ocrx_word' id='word_1_238' title='bbox 629 3126 686 3176; x_wconf 91' lang='lat' dir='ltr'>et</span> <span class='ocrx_word' id='word_1_239' title='bbox 706 3122 917 3175; x_wconf 91' lang='lat' dir='ltr'>iterum</span> <span class='ocrx_word' id='word_1_240' title='bbox 944 3137 956 3175; x_wconf 87' lang='lat'><strong>:</strong></span> <span class='ocrx_word' id='word_1_241' title='bbox 986 3123 1133 3174; x_wconf 89' lang='lat' dir='ltr'>Ante</span> <span class='ocrx_word' id='word_1_242' title='bbox 1154 3118 1469 3190; x_wconf 90' lang='lat' dir='ltr'>principes,</span> <span class='ocrx_word' id='word_1_243' title='bbox 1494 3122 1549 3173; x_wconf 90' lang='lat' dir='ltr'>et</span> <span class='ocrx_word' id='word_1_244' title='bbox 1579 3117 1856 3189; x_wconf 66' lang='lat' dir='ltr'>praesides</span> 
     </span>
    </p>
   </div>
   <div class='ocr_carea' id='block_1_35' title="bbox 205 3206 1852 3282">
    <p class='ocr_par' dir='ltr' id='par_1_35' title="bbox 205 3206 1852 3282">
     <span class='ocr_line' id='line_1_35' title="bbox 205 3206 1852 3282; baseline -0.005 -12"><span class='ocrx_word' id='word_1_245' title='bbox 205 3214 497 3270; x_wconf 90' lang='lat' dir='ltr'>inducent</span> <span class='ocrx_word' id='word_1_246' title='bbox 525 3227 625 3266; x_wconf 93' lang='lat' dir='ltr'>vos</span> <span class='ocrx_word' id='word_1_247' title='bbox 656 3218 892 3282; x_wconf 85' lang='lat' dir='ltr'>propter</span> <span class='ocrx_word' id='word_1_248' title='bbox 923 3224 1015 3263; x_wconf 91' lang='lat' dir='ltr'>me</span> <span class='ocrx_word' id='word_1_249' title='bbox 1043 3206 1255 3277; x_wconf 83' lang='lat' dir='ltr'>(Matth.</span> <span class='ocrx_word' id='word_1_250' title='bbox 1296 3225 1350 3275; x_wconf 85' lang='lat' dir='ltr'>x,</span> <span class='ocrx_word' id='word_1_251' title='bbox 1394 3208 1499 3275; x_wconf 88' lang='grc'>18;</span> <span class='ocrx_word' id='word_1_252' title='bbox 1534 3207 1696 3273; x_wconf 85' lang='lat' dir='ltr'>Marc,</span> <span class='ocrx_word' id='word_1_253' title='bbox 1726 3224 1852 3273; x_wconf 86' lang='lat' dir='ltr'>xm,</span> 
     </span>
    </p>
   </div>
   <div class='ocr_carea' id='block_1_36' title="bbox 1941 637 3582 706">
    <p class='ocr_par' dir='ltr' id='par_1_36' title="bbox 1941 637 3582 706">
     <span class='ocr_line' id='line_1_36' title="bbox 1941 637 3582 706; baseline 0.007 -19"><span class='ocrx_word' id='word_1_254' title='bbox 1941 650 2051 704; x_wconf 93' lang='lat' dir='ltr'>que</span> <span class='ocrx_word' id='word_1_255' title='bbox 2073 651 2247 688; x_wconf 90' lang='lat' dir='ltr'>suum</span> <span class='ocrx_word' id='word_1_256' title='bbox 2271 651 2445 690; x_wconf 84' lang='lat' dir='ltr'>senex</span> <span class='ocrx_word' id='word_1_257' title='bbox 2466 641 2705 706; x_wconf 83' lang='lat' dir='ltr'>cogatur</span> <span class='ocrx_word' id='word_1_258' title='bbox 2731 637 2991 694; x_wconf 91' lang='lat' dir='ltr'>occidere</span> <span class='ocrx_word' id='word_1_259' title='bbox 3009 641 3036 692; x_wconf 71' lang='lat' dir='ltr'>‘I</span> <span class='ocrx_word' id='word_1_260' title='bbox 3060 640 3360 702; x_wconf 87' lang='lat' dir='ltr'>Quomodo</span> <span class='ocrx_word' id='word_1_261' title='bbox 3388 648 3582 699; x_wconf 89' lang='lat' dir='ltr'>autem</span> 
     </span>
    </p>
   </div>
   <div class='ocr_carea' id='block_1_37' title="bbox 1941 723 3589 802">
    <p class='ocr_par' dir='ltr' id='par_1_37' title="bbox 1941 723 3589 802">
     <span class='ocr_line' id='line_1_37' title="bbox 1941 723 3589 802; baseline 0.006 -25"><span class='ocrx_word' id='word_1_262' title='bbox 1941 723 2222 791; x_wconf 87' lang='lat' dir='ltr'>tunicam,</span> <span class='ocrx_word' id='word_1_263' title='bbox 2249 723 2334 777; x_wconf 91' lang='lat' dir='ltr'>vel</span> <span class='ocrx_word' id='word_1_264' title='bbox 2369 740 2532 779; x_wconf 87' lang='lat' dir='ltr'>escas</span> <span class='ocrx_word' id='word_1_265' title='bbox 2563 743 2699 781; x_wconf 88' lang='lat' dir='ltr'>suas</span> <span class='ocrx_word' id='word_1_266' title='bbox 2732 744 2834 797; x_wconf 94' lang='lat' dir='ltr'>pro</span> <span class='ocrx_word' id='word_1_267' title='bbox 2865 727 3059 783; x_wconf 86' lang='lat' dir='ltr'>divino</span> <span class='ocrx_word' id='word_1_268' title='bbox 3092 746 3289 784; x_wconf 89' lang='lat' dir='ltr'>amore</span> <span class='ocrx_word' id='word_1_269' title='bbox 3322 733 3589 802; x_wconf 84' lang='lat' dir='ltr'>pauperi-</span> 
     </span>
    </p>
   </div>
   <div class='ocr_carea' id='block_1_38' title="bbox 1943 811 3590 891">
    <p class='ocr_par' dir='ltr' id='par_1_38' title="bbox 1943 811 3590 891">
     <span class='ocr_line' id='line_1_38' title="bbox 1943 811 3590 891; baseline 0.006 -26"><span class='ocrx_word' id='word_1_270' title='bbox 1943 812 2053 865; x_wconf 94' lang='lat' dir='ltr'>bus</span> <span class='ocrx_word' id='word_1_271' title='bbox 2085 811 2221 866; x_wconf 92' lang='lat' dir='ltr'>dare</span> <span class='ocrx_word' id='word_1_272' title='bbox 2252 811 2464 879; x_wconf 74' lang='lat' dir='ltr'>differt,</span> <span class='ocrx_word' id='word_1_273' title='bbox 2498 814 2597 883; x_wconf 91' lang='lat' dir='ltr'>qui</span> <span class='ocrx_word' id='word_1_274' title='bbox 2634 814 2841 880; x_wconf 90' lang='lat' dir='ltr'>ﬁlium,</span> <span class='ocrx_word' id='word_1_275' title='bbox 2875 832 3049 885; x_wconf 91' lang='lat' dir='ltr'>quem</span> <span class='ocrx_word' id='word_1_276' title='bbox 3084 834 3255 872; x_wconf 85' lang='lat' dir='ltr'>senex</span> <span class='ocrx_word' id='word_1_277' title='bbox 3288 826 3590 891; x_wconf 86' lang='lat' dir='ltr'>acceperat</span> 
     </span>
    </p>
   </div>
   <div class='ocr_carea' id='block_1_39' title="bbox 1945 899 3589 969">
    <p class='ocr_par' dir='ltr' id='par_1_39' title="bbox 1945 899 3589 969">
     <span class='ocr_line' id='line_1_39' title="bbox 1945 899 3589 969; baseline 0.007 -16"><span class='ocrx_word' id='word_1_278' title='bbox 1945 899 2257 964; x_wconf 53' lang='lat' dir='ltr'>haredem,</span> <span class='ocrx_word' id='word_1_279' title='bbox 2281 901 2351 955; x_wconf 92' lang='lat' dir='ltr'>ad</span> <span class='ocrx_word' id='word_1_280' title='bbox 2379 902 2704 969; x_wconf 87' lang='lat' dir='ltr'>jussionem</span> <span class='ocrx_word' id='word_1_281' title='bbox 2741 904 2988 969; x_wconf 86' lang='lat' dir='ltr'>Domini,</span> <span class='ocrx_word' id='word_1_282' title='bbox 3013 906 3213 961; x_wconf 85' lang='lat' dir='ltr'>statim</span> <span class='ocrx_word' id='word_1_283' title='bbox 3248 908 3419 963; x_wconf 90' lang='lat' dir='ltr'>morti</span> <span class='ocrx_word' id='word_1_284' title='bbox 3451 910 3589 964; x_wconf 91' lang='lat' dir='ltr'>dare</span> 
     </span>
    </p>
   </div>
   <div class='ocr_carea' id='block_1_40' title="bbox 1947 989 3589 1062">
    <p class='ocr_par' dir='ltr' id='par_1_40' title="bbox 1947 989 3589 1062">
     <span class='ocr_line' id='line_1_40' title="bbox 1947 989 3589 1062; baseline 0.006 -20"><span class='ocrx_word' id='word_1_285' title='bbox 1947 1005 2061 1043; x_wconf 91' lang='lat' dir='ltr'>non</span> <span class='ocrx_word' id='word_1_286' title='bbox 2086 989 2361 1043; x_wconf 86' lang='lat' dir='ltr'>distulit?</span> <span class='ocrx_word' id='word_1_287' title='bbox 2390 990 2531 1044; x_wconf 90' lang='lat' dir='ltr'>Illud</span> <span class='ocrx_word' id='word_1_288' title='bbox 2560 991 2713 1045; x_wconf 91' lang='lat' dir='ltr'>enim</span> <span class='ocrx_word' id='word_1_289' title='bbox 2740 992 2891 1062; x_wconf 90' lang='lat' dir='ltr'>quod</span> <span class='ocrx_word' id='word_1_290' title='bbox 2918 993 3137 1048; x_wconf 90' lang='lat' dir='ltr'>dictum</span> <span class='ocrx_word' id='word_1_291' title='bbox 3162 1000 3267 1061; x_wconf 90' lang='lat' dir='ltr'>est,</span> <span class='ocrx_word' id='word_1_292' title='bbox 3297 997 3589 1052; x_wconf 89' lang='lat' dir='ltr'>arbitrans</span> 
     </span>
    </p>
   </div>
   <div class='ocr_carea' id='block_1_41' title="bbox 1949 1078 3586 1157">
    <p class='ocr_par' dir='ltr' id='par_1_41' title="bbox 1949 1078 3586 1157">
     <span class='ocr_line' id='line_1_41' title="bbox 1949 1078 3586 1157; baseline 0.006 -27"><span class='ocrx_word' id='word_1_293' title='bbox 1949 1078 2087 1148; x_wconf 89' lang='lat' dir='ltr'>quia</span> <span class='ocrx_word' id='word_1_294' title='bbox 2117 1083 2171 1131; x_wconf 90' lang='lat' dir='ltr'>et</span> <span class='ocrx_word' id='word_1_295' title='bbox 2200 1096 2234 1131; x_wconf 90' lang='lat' dir='ltr'>a</span> <span class='ocrx_word' id='word_1_296' title='bbox 2265 1082 2510 1132; x_wconf 87' lang='lat' dir='ltr'>mortuis</span> <span class='ocrx_word' id='word_1_297' title='bbox 2544 1081 2890 1134; x_wconf 88' lang='lat' dir='ltr'>resuscitare</span> <span class='ocrx_word' id='word_1_298' title='bbox 2921 1086 3125 1151; x_wconf 87' lang='lat' dir='ltr'>potens</span> <span class='ocrx_word' id='word_1_299' title='bbox 3156 1090 3242 1137; x_wconf 88' lang='lat' dir='ltr'>est</span> <span class='ocrx_word' id='word_1_300' title='bbox 3274 1089 3444 1151; x_wconf 89' lang='lat' dir='ltr'>Deus,</span> <span class='ocrx_word' id='word_1_301' title='bbox 3480 1102 3586 1157; x_wconf 84' lang='lat' dir='ltr'>po-</span> 
     </span>
    </p>
   </div>
   <div class='ocr_carea' id='block_1_42' title="bbox 1948 1166 3593 1241">
    <p class='ocr_par' dir='ltr' id='par_1_42' title="bbox 1948 1166 3593 1241">
     <span class='ocr_line' id='line_1_42' title="bbox 1948 1166 3593 1241; baseline 0.007 -22"><span class='ocrx_word' id='word_1_302' title='bbox 1948 1170 2060 1220; x_wconf 90' lang='lat' dir='ltr'>test</span> <span class='ocrx_word' id='word_1_303' title='bbox 2092 1166 2273 1237; x_wconf 90' lang='lat' dir='ltr'>accipi</span> <span class='ocrx_word' id='word_1_304' title='bbox 2308 1172 2543 1238; x_wconf 89' lang='lat' dir='ltr'>propter</span> <span class='ocrx_word' id='word_1_305' title='bbox 2574 1166 2703 1221; x_wconf 82' lang='lat' dir='ltr'>illos</span> <span class='ocrx_word' id='word_1_306' title='bbox 2734 1168 2954 1223; x_wconf 90' lang='lat' dir='ltr'>dictum</span> <span class='ocrx_word' id='word_1_307' title='bbox 2987 1186 3134 1240; x_wconf 88' lang='lat' dir='ltr'>esse,</span> <span class='ocrx_word' id='word_1_308' title='bbox 3168 1188 3313 1241; x_wconf 92' lang='lat' dir='ltr'>quos</span> <span class='ocrx_word' id='word_1_309' title='bbox 3363 1174 3593 1230; x_wconf 89' lang='lat' dir='ltr'>volebat</span> 
     </span>
    </p>
   </div>
   <div class='ocr_carea' id='block_1_43' title="bbox 1951 1255 3594 1329">
    <p class='ocr_par' dir='ltr' id='par_1_43' title="bbox 1951 1255 3594 1329">
     <span class='ocr_line' id='line_1_43' title="bbox 1951 1255 3594 1329; baseline 0.006 -21"><span class='ocrx_word' id='word_1_310' title='bbox 1951 1255 2021 1308; x_wconf 89' lang='lat' dir='ltr'>ad</span> <span class='ocrx_word' id='word_1_311' title='bbox 2054 1270 2217 1325; x_wconf 90' lang='lat' dir='ltr'>spem</span> <span class='ocrx_word' id='word_1_312' title='bbox 2252 1255 2694 1310; x_wconf 88' lang='lat' dir='ltr'>resurrectionis</span> <span class='ocrx_word' id='word_1_313' title='bbox 2725 1257 3031 1321; x_wconf 88' lang='lat' dir='ltr'>adducere,</span> <span class='ocrx_word' id='word_1_314' title='bbox 3054 1263 3111 1312; x_wconf 92' lang='lat' dir='ltr'>et</span> <span class='ocrx_word' id='word_1_315' title='bbox 3144 1260 3239 1329; x_wconf 91' lang='lat' dir='ltr'>qui</span> <span class='ocrx_word' id='word_1_316' title='bbox 3272 1262 3462 1316; x_wconf 91' lang='lat' dir='ltr'>dicere</span> <span class='ocrx_word' id='word_1_317' title='bbox 3495 1280 3594 1317; x_wconf 90' lang='lat' dir='ltr'>au-</span> 
     </span>
    </p>
   </div>
   <div class='ocr_carea' id='block_1_44' title="bbox 1951 1344 3589 1420">
    <p class='ocr_par' dir='ltr' id='par_1_44' title="bbox 1951 1344 3589 1420">
     <span class='ocr_line' id='line_1_44' title="bbox 1951 1344 3589 1420; baseline 0.006 -24"><span class='ocrx_word' id='word_1_318' title='bbox 1951 1344 2205 1407; x_wconf 83' lang='lat' dir='ltr'>debant;</span> <span class='ocrx_word' id='word_1_319' title='bbox 2259 1345 2399 1415; x_wconf 89' lang='lat' dir='ltr'>quia</span> <span class='ocrx_word' id='word_1_320' title='bbox 2448 1349 2578 1415; x_wconf 90' lang='lat' dir='ltr'>post</span> <span class='ocrx_word' id='word_1_321' title='bbox 2623 1350 2864 1399; x_wconf 90' lang='lat' dir='ltr'>mortem</span> <span class='ocrx_word' id='word_1_322' title='bbox 2901 1347 3069 1401; x_wconf 92' lang='lat' dir='ltr'>nobis</span> <span class='ocrx_word' id='word_1_323' title='bbox 3103 1348 3252 1402; x_wconf 91' lang='lat' dir='ltr'>bona</span> <span class='ocrx_word' id='word_1_324' title='bbox 3285 1352 3589 1420; x_wconf 90' lang='lat' dir='ltr'>promisit;</span> 
     </span>
    </p>
   </div>
   <div class='ocr_carea' id='block_1_45' title="bbox 1951 1431 3593 1511">
    <p class='ocr_par' dir='ltr' id='par_1_45' title="bbox 1951 1431 3593 1511">
     <span class='ocr_line' id='line_1_45' title="bbox 1951 1431 3593 1511; baseline 0.006 -26"><span class='ocrx_word' id='word_1_325' title='bbox 1951 1431 2218 1486; x_wconf 84' lang='lat' dir='ltr'>fortassis</span> <span class='ocrx_word' id='word_1_326' title='bbox 2234 1432 2923 1503; x_wconf 85' lang='lat' dir='ltr'>enim,inquiunt,fet&#39;ellit</span> <span class='ocrx_word' id='word_1_327' title='bbox 2943 1435 3339 1492; x_wconf 90' lang='lat' dir='ltr'>nos.Ostendit</span> <span class='ocrx_word' id='word_1_328' title='bbox 3355 1440 3593 1511; x_wconf 88' lang='lat' dir='ltr'>quippe,</span> 
     </span>
    </p>
   </div>
   <div class='ocr_carea' id='block_1_46' title="bbox 1954 1519 3594 1595">
    <p class='ocr_par' dir='ltr' id='par_1_46' title="bbox 1954 1519 3594 1595">
     <span class='ocr_line' id='line_1_46' title="bbox 1954 1519 3594 1595; baseline 0.006 -22"><span class='ocrx_word' id='word_1_329' title='bbox 1954 1519 2092 1591; x_wconf 91' lang='lat' dir='ltr'>quia</span> <span class='ocrx_word' id='word_1_330' title='bbox 2120 1536 2189 1574; x_wconf 88' lang='lat' dir='ltr'>ex</span> <span class='ocrx_word' id='word_1_331' title='bbox 2220 1520 2466 1575; x_wconf 89' lang='lat' dir='ltr'>mortuis</span> <span class='ocrx_word' id='word_1_332' title='bbox 2496 1520 2779 1577; x_wconf 90' lang='lat' dir='ltr'>suscitare</span> <span class='ocrx_word' id='word_1_333' title='bbox 2812 1528 3016 1592; x_wconf 90' lang='lat' dir='ltr'>potens</span> <span class='ocrx_word' id='word_1_334' title='bbox 3048 1530 3137 1578; x_wconf 91' lang='lat' dir='ltr'>est</span> <span class='ocrx_word' id='word_1_335' title='bbox 3166 1525 3318 1581; x_wconf 89' lang='lat' dir='ltr'>Deus</span> <span class='ocrx_word' id='word_1_336' title='bbox 3345 1547 3358 1595; x_wconf 78' lang='lat'><strong>;</strong></span> <span class='ocrx_word' id='word_1_337' title='bbox 3403 1528 3452 1582; x_wconf 92' lang='lat' dir='ltr'>si</span> <span class='ocrx_word' id='word_1_338' title='bbox 3486 1546 3594 1584; x_wconf 86' lang='lat' dir='ltr'>au-</span> 
     </span>
    </p>
   </div>
   <div class='ocr_carea' id='block_1_47' title="bbox 1953 1611 3596 1689">
    <p class='ocr_par' dir='ltr' id='par_1_47' title="bbox 1953 1611 3596 1689">
     <span class='ocr_line' id='line_1_47' title="bbox 1953 1611 3596 1689; baseline 0.007 -26"><span class='ocrx_word' id='word_1_339' title='bbox 1953 1614 2069 1663; x_wconf 90' lang='lat' dir='ltr'>tem</span> <span class='ocrx_word' id='word_1_340' title='bbox 2103 1626 2169 1663; x_wconf 86' lang='lat' dir='ltr'>ex</span> <span class='ocrx_word' id='word_1_341' title='bbox 2202 1611 2446 1665; x_wconf 90' lang='lat' dir='ltr'>mortuis</span> <span class='ocrx_word' id='word_1_342' title='bbox 2478 1611 2763 1665; x_wconf 88' lang='lat' dir='ltr'>suscitare</span> <span class='ocrx_word' id='word_1_343' title='bbox 2797 1616 2999 1682; x_wconf 88' lang='lat' dir='ltr'>potens</span> <span class='ocrx_word' id='word_1_344' title='bbox 3048 1618 3136 1669; x_wconf 91' lang='lat' dir='ltr'>est</span> <span class='ocrx_word' id='word_1_345' title='bbox 3183 1616 3359 1687; x_wconf 85' lang='lat' dir='ltr'>Deus,</span> <span class='ocrx_word' id='word_1_346' title='bbox 3395 1618 3596 1689; x_wconf 90' lang='lat' dir='ltr'>utique</span> 
     </span>
    </p>
   </div>
   <div class='ocr_carea' id='block_1_48' title="bbox 1954 1698 2935 1769">
    <p class='ocr_par' dir='ltr' id='par_1_48' title="bbox 1954 1698 2935 1769">
     <span class='ocr_line' id='line_1_48' title="bbox 1954 1698 2935 1769; baseline 0.001 -17"><span class='ocrx_word' id='word_1_347' title='bbox 1954 1701 2164 1752; x_wconf 85' lang='lat' dir='ltr'>cuncta</span> <span class='ocrx_word' id='word_1_348' title='bbox 2194 1698 2461 1753; x_wconf 84' lang='lat' dir='ltr'>restituet</span> <span class='ocrx_word' id='word_1_349' title='bbox 2492 1715 2616 1769; x_wconf 64' lang='lat' dir='ltr'>qua:</span> <span class='ocrx_word' id='word_1_350' title='bbox 2649 1699 2935 1769; x_wconf 88' lang='lat' dir='ltr'>promisit.</span> 
     </span>
    </p>
   </div>
   <div class='ocr_carea' id='block_1_49' title="bbox 2027 1785 3595 1864">
    <p class='ocr_par' dir='ltr' id='par_1_49' title="bbox 2027 1785 3595 1864">
     <span class='ocr_line' id='line_1_49' title="bbox 2027 1785 3595 1864; baseline 0.008 -26"><span class='ocrx_word' id='word_1_351' title='bbox 2027 1810 2053 1835; x_wconf 85' lang='lat'><strong>«</strong></span> <span class='ocrx_word' id='word_1_352' title='bbox 2090 1785 2249 1840; x_wconf 92' lang='lat' dir='ltr'>Unde</span> <span class='ocrx_word' id='word_1_353' title='bbox 2272 1790 2328 1840; x_wconf 87' lang='lat' dir='ltr'>et</span> <span class='ocrx_word' id='word_1_354' title='bbox 2346 1786 2406 1839; x_wconf 91' lang='lat' dir='ltr'>in</span> <span class='ocrx_word' id='word_1_355' title='bbox 2434 1787 2707 1857; x_wconf 88' lang='lat' dir='ltr'>parabola</span> <span class='ocrx_word' id='word_1_356' title='bbox 2726 1788 2949 1859; x_wconf 90' lang='lat' dir='ltr'>accepit</span> <span class='ocrx_word' id='word_1_357' title='bbox 2970 1804 3123 1843; x_wconf 89' lang='lat' dir='ltr'>eum.</span> <span class='ocrx_word' id='word_1_358' title='bbox 3148 1814 3173 1839; x_wconf 82' lang='grc'><strong>››</strong></span> <span class='ocrx_word' id='word_1_359' title='bbox 3204 1794 3440 1864; x_wconf 81' lang='lat' dir='ltr'>Accepit</span> <span class='ocrx_word' id='word_1_360' title='bbox 3460 1812 3595 1850; x_wconf 90' lang='lat' dir='ltr'>eum</span> 
     </span>
    </p>
   </div>
   <div class='ocr_carea' id='block_1_50' title="bbox 1956 1874 3602 1946">
    <p class='ocr_par' dir='ltr' id='par_1_50' title="bbox 1956 1874 3602 1946">
     <span class='ocr_line' id='line_1_50' title="bbox 1956 1874 3602 1946; baseline 0.006 -17"><span class='ocrx_word' id='word_1_361' title='bbox 1956 1874 2015 1929; x_wconf 91' lang='lat' dir='ltr'>in</span> <span class='ocrx_word' id='word_1_362' title='bbox 2048 1874 2383 1945; x_wconf 89' lang='lat' dir='ltr'>parabolam</span> <span class='ocrx_word' id='word_1_363' title='bbox 2412 1893 2425 1939; x_wconf 85' lang='lat'><strong>;</strong></span> <span class='ocrx_word' id='word_1_364' title='bbox 2460 1877 2596 1946; x_wconf 91' lang='lat' dir='ltr'>quia</span> <span class='ocrx_word' id='word_1_365' title='bbox 2627 1876 2801 1931; x_wconf 87' lang='lat' dir='ltr'>ariete</span> <span class='ocrx_word' id='word_1_366' title='bbox 2832 1877 3022 1932; x_wconf 92' lang='lat' dir='ltr'>occiso</span> <span class='ocrx_word' id='word_1_367' title='bbox 3053 1878 3161 1933; x_wconf 90' lang='lat' dir='ltr'>iste</span> <span class='ocrx_word' id='word_1_368' title='bbox 3207 1881 3464 1937; x_wconf 88' lang='lat' dir='ltr'>salvatus</span> <span class='ocrx_word' id='word_1_369' title='bbox 3513 1890 3602 1939; x_wconf 88' lang='lat' dir='ltr'>est</span> 
     </span>
    </p>
   </div>
   <div class='ocr_carea' id='block_1_51' title="bbox 1955 1964 3600 2039">
    <p class='ocr_par' dir='ltr' id='par_1_51' title="bbox 1955 1964 3600 2039">
     <span class='ocr_line' id='line_1_51' title="bbox 1955 1964 3600 2039; baseline 0.005 -19"><span class='ocrx_word' id='word_1_370' title='bbox 1955 1966 2115 2032; x_wconf 81' lang='lat' dir='ltr'>(Gen.</span> <span class='ocrx_word' id='word_1_371' title='bbox 2153 1981 2290 2029; x_wconf 83' lang='lat' dir='ltr'>xxu,</span> <span class='ocrx_word' id='word_1_372' title='bbox 2326 1965 2431 2034; x_wconf 88' lang='grc'>13).</span> <span class='ocrx_word' id='word_1_373' title='bbox 2466 1964 2705 2019; x_wconf 90' lang='lat' dir='ltr'>Occisus</span> <span class='ocrx_word' id='word_1_374' title='bbox 2737 1969 2827 2020; x_wconf 89' lang='lat' dir='ltr'>est</span> <span class='ocrx_word' id='word_1_375' title='bbox 2860 1970 3041 2032; x_wconf 88' lang='lat' dir='ltr'>Isaac,</span> <span class='ocrx_word' id='word_1_376' title='bbox 3078 1975 3363 2039; x_wconf 90' lang='lat' dir='ltr'>quantum</span> <span class='ocrx_word' id='word_1_377' title='bbox 3400 1973 3471 2025; x_wconf 88' lang='lat' dir='ltr'>ad</span> <span class='ocrx_word' id='word_1_378' title='bbox 3503 1990 3600 2029; x_wconf 90' lang='lat' dir='ltr'>vo-</span> 
     </span>
    </p>
   </div>
   <div class='ocr_carea' id='block_1_52' title="bbox 1956 2050 3604 2131">
    <p class='ocr_par' dir='ltr' id='par_1_52' title="bbox 1956 2050 3604 2131">
     <span class='ocr_line' id='line_1_52' title="bbox 1956 2050 3604 2131; baseline 0.006 -26"><span class='ocrx_word' id='word_1_379' title='bbox 1956 2050 2239 2106; x_wconf 89' lang='lat' dir='ltr'>luntatem</span> <span class='ocrx_word' id='word_1_380' title='bbox 2262 2051 2419 2106; x_wconf 90' lang='lat' dir='ltr'>illius</span> <span class='ocrx_word' id='word_1_381' title='bbox 2441 2052 2721 2123; x_wconf 89' lang='lat' dir='ltr'>pertinuit</span> <span class='ocrx_word' id='word_1_382' title='bbox 2739 2070 2751 2118; x_wconf 92' lang='lat'><strong>;</strong></span> <span class='ocrx_word' id='word_1_383' title='bbox 2772 2054 2980 2109; x_wconf 90' lang='lat' dir='ltr'>deinde</span> <span class='ocrx_word' id='word_1_384' title='bbox 2996 2054 3161 2110; x_wconf 90' lang='lat' dir='ltr'>illum</span> <span class='ocrx_word' id='word_1_385' title='bbox 3187 2058 3483 2113; x_wconf 86' lang='lat' dir='ltr'>redonavit</span> <span class='ocrx_word' id='word_1_386' title='bbox 3505 2078 3604 2131; x_wconf 90' lang='lat' dir='ltr'>pa-</span> 
     </span>
    </p>
   </div>
   <div class='ocr_carea' id='block_1_53' title="bbox 1961 2140 3607 2213">
    <p class='ocr_par' dir='ltr' id='par_1_53' title="bbox 1961 2140 3607 2213">
     <span class='ocr_line' id='line_1_53' title="bbox 1961 2140 3607 2213; baseline 0.007 -20"><span class='ocrx_word' id='word_1_387' title='bbox 1961 2140 2222 2194; x_wconf 68' lang='lat' dir='ltr'>triarchae</span> <span class='ocrx_word' id='word_1_388' title='bbox 2275 2141 2333 2194; x_wconf 90' lang='lat' dir='ltr'>in</span> <span class='ocrx_word' id='word_1_389' title='bbox 2384 2141 2678 2211; x_wconf 88' lang='lat' dir='ltr'>parabola,</span> <span class='ocrx_word' id='word_1_390' title='bbox 2732 2141 2788 2195; x_wconf 92' lang='lat' dir='ltr'>id</span> <span class='ocrx_word' id='word_1_391' title='bbox 2840 2148 2946 2213; x_wconf 89' lang='lat' dir='ltr'>est,</span> <span class='ocrx_word' id='word_1_392' title='bbox 2997 2143 3055 2198; x_wconf 91' lang='lat' dir='ltr'>in</span> <span class='ocrx_word' id='word_1_393' title='bbox 3116 2145 3501 2204; x_wconf 88' lang='lat' dir='ltr'>similitudine</span> <span class='ocrx_word' id='word_1_394' title='bbox 3549 2155 3607 2205; x_wconf 88' lang='lat' dir='ltr'>et</span> 
     </span>
    </p>
   </div>
   <div class='ocr_carea' id='block_1_54' title="bbox 1958 2229 3607 2301">
    <p class='ocr_par' dir='ltr' id='par_1_54' title="bbox 1958 2229 3607 2301">
     <span class='ocr_line' id='line_1_54' title="bbox 1958 2229 3607 2301; baseline 0.007 -18"><span class='ocrx_word' id='word_1_395' title='bbox 1958 2230 2147 2301; x_wconf 88' lang='lat' dir='ltr'>ﬁgura</span> <span class='ocrx_word' id='word_1_396' title='bbox 2165 2230 2452 2300; x_wconf 88' lang='lat' dir='ltr'>passionis</span> <span class='ocrx_word' id='word_1_397' title='bbox 2466 2229 2699 2284; x_wconf 86' lang='lat' dir='ltr'>Christi.</span> <span class='ocrx_word' id='word_1_398' title='bbox 2718 2231 2779 2284; x_wconf 87' lang='lat' dir='ltr'>In</span> <span class='ocrx_word' id='word_1_399' title='bbox 2800 2230 3245 2290; x_wconf 86' lang='lat' dir='ltr'>similitudinem</span> <span class='ocrx_word' id='word_1_400' title='bbox 3266 2237 3422 2291; x_wconf 90' lang='lat' dir='ltr'>enim</span> <span class='ocrx_word' id='word_1_401' title='bbox 3440 2245 3607 2295; x_wconf 91' lang='lat' dir='ltr'>erant</span> 
     </span>
    </p>
   </div>
   <div class='ocr_carea' id='block_1_55' title="bbox 1961 2317 3602 2390">
    <p class='ocr_par' dir='ltr' id='par_1_55' title="bbox 1961 2317 3602 2390">
     <span class='ocr_line' id='line_1_55' title="bbox 1961 2317 3602 2390; baseline 0.005 -17"><span class='ocrx_word' id='word_1_402' title='bbox 1961 2317 2157 2373; x_wconf 90' lang='lat' dir='ltr'>omnia</span> <span class='ocrx_word' id='word_1_403' title='bbox 2183 2336 2195 2383; x_wconf 89' lang='lat'><strong>;</strong></span> <span class='ocrx_word' id='word_1_404' title='bbox 2229 2334 2354 2388; x_wconf 73' lang='lat' dir='ltr'>qua:</span> <span class='ocrx_word' id='word_1_405' title='bbox 2386 2322 2582 2371; x_wconf 88' lang='lat' dir='ltr'>tamen</span> <span class='ocrx_word' id='word_1_406' title='bbox 2615 2319 2936 2389; x_wconf 83' lang='lat' dir='ltr'>agebantur</span> <span class='ocrx_word' id='word_1_407' title='bbox 2966 2321 3023 2375; x_wconf 89' lang='lat' dir='ltr'>in</span> <span class='ocrx_word' id='word_1_408' title='bbox 3054 2322 3375 2390; x_wconf 82' lang='lat' dir='ltr'>Abraham,</span> <span class='ocrx_word' id='word_1_409' title='bbox 3405 2328 3602 2382; x_wconf 71' lang='lat' dir='ltr'>formae</span> 
     </span>
    </p>
   </div>
   <div class='ocr_carea' id='block_1_56' title="bbox 1961 2406 3602 2484">
    <p class='ocr_par' dir='ltr' id='par_1_56' title="bbox 1961 2406 3602 2484">
     <span class='ocr_line' id='line_1_56' title="bbox 1961 2406 3602 2484; baseline 0.005 -23"><span class='ocrx_word' id='word_1_410' title='bbox 1961 2406 2227 2477; x_wconf 71' lang='lat' dir='ltr'>quaedam</span> <span class='ocrx_word' id='word_1_411' title='bbox 2260 2410 2444 2474; x_wconf 89' lang='lat' dir='ltr'>erant,</span> <span class='ocrx_word' id='word_1_412' title='bbox 2478 2422 2607 2476; x_wconf 61' lang='lat' dir='ltr'>quae</span> <span class='ocrx_word' id='word_1_413' title='bbox 2651 2423 2752 2477; x_wconf 80' lang='lat' dir='ltr'>pro</span> <span class='ocrx_word' id='word_1_414' title='bbox 2798 2408 2966 2463; x_wconf 89' lang='lat' dir='ltr'>nobis</span> <span class='ocrx_word' id='word_1_415' title='bbox 2996 2425 3169 2465; x_wconf 91' lang='lat' dir='ltr'>verus</span> <span class='ocrx_word' id='word_1_416' title='bbox 3196 2412 3510 2484; x_wconf 88' lang='lat' dir='ltr'>Abraham,</span> <span class='ocrx_word' id='word_1_417' title='bbox 3544 2416 3602 2469; x_wconf 92' lang='lat' dir='ltr'>id</span> 
     </span>
    </p>
   </div>
   <div class='ocr_carea' id='block_1_57' title="bbox 1960 2493 3603 2567">
    <p class='ocr_par' dir='ltr' id='par_1_57' title="bbox 1960 2493 3603 2567">
     <span class='ocr_line' id='line_1_57' title="bbox 1960 2493 3603 2567; baseline 0.005 -18"><span class='ocrx_word' id='word_1_418' title='bbox 1960 2499 2048 2549; x_wconf 90' lang='lat' dir='ltr'>est</span> <span class='ocrx_word' id='word_1_419' title='bbox 2067 2494 2221 2549; x_wconf 90' lang='lat' dir='ltr'>Deus</span> <span class='ocrx_word' id='word_1_420' title='bbox 2243 2494 2429 2557; x_wconf 89' lang='lat' dir='ltr'>Pater,</span> <span class='ocrx_word' id='word_1_421' title='bbox 2458 2493 2515 2547; x_wconf 92' lang='lat' dir='ltr'>in</span> <span class='ocrx_word' id='word_1_422' title='bbox 2550 2494 2662 2548; x_wconf 85' lang='lat' dir='ltr'>ﬁne</span> <span class='ocrx_word' id='word_1_423' title='bbox 2690 2494 2886 2549; x_wconf 68' lang='lat' dir='ltr'>seaculi</span> <span class='ocrx_word' id='word_1_424' title='bbox 2918 2512 3087 2567; x_wconf 88' lang='lat' dir='ltr'>agere</span> <span class='ocrx_word' id='word_1_425' title='bbox 3119 2498 3385 2555; x_wconf 90' lang='lat' dir='ltr'>debebat.</span> <span class='ocrx_word' id='word_1_426' title='bbox 3420 2503 3603 2558; x_wconf 87' lang='lat' dir='ltr'>Abra-</span> 
     </span>
    </p>
   </div>
   <div class='ocr_carea' id='block_1_58' title="bbox 1961 2583 3604 2659">
    <p class='ocr_par' dir='ltr' id='par_1_58' title="bbox 1961 2583 3604 2659">
     <span class='ocr_line' id='line_1_58' title="bbox 1961 2583 3604 2659; baseline 0.006 -22"><span class='ocrx_word' id='word_1_427' title='bbox 1961 2583 2095 2637; x_wconf 84' lang='lat' dir='ltr'>ham</span> <span class='ocrx_word' id='word_1_428' title='bbox 2121 2584 2335 2654; x_wconf 90' lang='lat' dir='ltr'>quippe</span> <span class='ocrx_word' id='word_1_429' title='bbox 2359 2583 2607 2654; x_wconf 87' lang='lat' dir='ltr'>ﬁguram</span> <span class='ocrx_word' id='word_1_430' title='bbox 2635 2583 2733 2637; x_wconf 93' lang='lat' dir='ltr'>Dei</span> <span class='ocrx_word' id='word_1_431' title='bbox 2758 2583 2944 2639; x_wconf 88' lang='lat' dir='ltr'>Patris</span> <span class='ocrx_word' id='word_1_432' title='bbox 2975 2588 3260 2659; x_wconf 88' lang='lat' dir='ltr'>gestabat,</span> <span class='ocrx_word' id='word_1_433' title='bbox 3289 2590 3445 2645; x_wconf 86' lang='lat' dir='ltr'>Isaac</span> <span class='ocrx_word' id='word_1_434' title='bbox 3473 2608 3604 2647; x_wconf 90' lang='lat' dir='ltr'>vero</span> 
     </span>
    </p>
   </div>
   <div class='ocr_carea' id='block_1_59' title="bbox 1962 2671 3603 2747">
    <p class='ocr_par' dir='ltr' id='par_1_59' title="bbox 1962 2671 3603 2747">
     <span class='ocr_line' id='line_1_59' title="bbox 1962 2671 3603 2747; baseline 0.006 -23"><span class='ocrx_word' id='word_1_435' title='bbox 1962 2674 2211 2741; x_wconf 85' lang='lat' dir='ltr'>ﬁguram</span> <span class='ocrx_word' id='word_1_436' title='bbox 2236 2671 2468 2725; x_wconf 77' lang='lat' dir='ltr'>Christi.</span> <span class='ocrx_word' id='word_1_437' title='bbox 2493 2671 2638 2725; x_wconf 87' lang='lat' dir='ltr'>Nam</span> <span class='ocrx_word' id='word_1_438' title='bbox 2662 2674 2814 2726; x_wconf 90' lang='lat' dir='ltr'>sicut</span> <span class='ocrx_word' id='word_1_439' title='bbox 2834 2673 3123 2728; x_wconf 86' lang='lat' dir='ltr'>Abraham</span> <span class='ocrx_word' id='word_1_440' title='bbox 3151 2678 3410 2747; x_wconf 90' lang='lat' dir='ltr'>unicum,</span> <span class='ocrx_word' id='word_1_441' title='bbox 3434 2685 3490 2734; x_wconf 91' lang='lat' dir='ltr'>et</span> <span class='ocrx_word' id='word_1_442' title='bbox 3519 2680 3603 2733; x_wconf 87' lang='lat' dir='ltr'>di-</span> 
     </span>
    </p>
   </div>
   <div class='ocr_carea' id='block_1_60' title="bbox 1962 2759 3607 2831">
    <p class='ocr_par' dir='ltr' id='par_1_60' title="bbox 1962 2759 3607 2831">
     <span class='ocr_line' id='line_1_60' title="bbox 1962 2759 3607 2831; baseline 0.006 -17"><span class='ocrx_word' id='word_1_443' title='bbox 1962 2760 2174 2814; x_wconf 90' lang='lat' dir='ltr'>lectum</span> <span class='ocrx_word' id='word_1_444' title='bbox 2202 2759 2387 2813; x_wconf 90' lang='lat' dir='ltr'>ﬁlium</span> <span class='ocrx_word' id='word_1_445' title='bbox 2414 2765 2520 2813; x_wconf 92' lang='lat' dir='ltr'>Deo</span> <span class='ocrx_word' id='word_1_446' title='bbox 2551 2760 2846 2815; x_wconf 89' lang='lat' dir='ltr'>victimam</span> <span class='ocrx_word' id='word_1_447' title='bbox 2870 2763 3117 2831; x_wconf 89' lang='lat' dir='ltr'>obtulit;</span> <span class='ocrx_word' id='word_1_448' title='bbox 3153 2765 3233 2819; x_wconf 89' lang='lat' dir='ltr'>ita</span> <span class='ocrx_word' id='word_1_449' title='bbox 3255 2766 3408 2822; x_wconf 89' lang='lat' dir='ltr'>Deus</span> <span class='ocrx_word' id='word_1_450' title='bbox 3435 2768 3607 2824; x_wconf 90' lang='lat' dir='ltr'>Pater</span> 
     </span>
    </p>
   </div>
   <div class='ocr_carea' id='block_1_61' title="bbox 1964 2848 3607 2919">
    <p class='ocr_par' dir='ltr' id='par_1_61' title="bbox 1964 2848 3607 2919">
     <span class='ocr_line' id='line_1_61' title="bbox 1964 2848 3607 2919; baseline 0.005 -16"><span class='ocrx_word' id='word_1_451' title='bbox 1964 2849 2202 2903; x_wconf 89' lang='lat' dir='ltr'>unicum</span> <span class='ocrx_word' id='word_1_452' title='bbox 2224 2848 2432 2902; x_wconf 87' lang='lat' dir='ltr'>Filium</span> <span class='ocrx_word' id='word_1_453' title='bbox 2458 2864 2632 2902; x_wconf 90' lang='lat' dir='ltr'>suum</span> <span class='ocrx_word' id='word_1_454' title='bbox 2657 2866 2757 2919; x_wconf 92' lang='lat' dir='ltr'>pro</span> <span class='ocrx_word' id='word_1_455' title='bbox 2781 2851 2948 2905; x_wconf 91' lang='lat' dir='ltr'>nobis</span> <span class='ocrx_word' id='word_1_456' title='bbox 2969 2852 3243 2909; x_wconf 87' lang='lat' dir='ltr'>omnibus</span> <span class='ocrx_word' id='word_1_457' title='bbox 3266 2857 3523 2911; x_wconf 90' lang='lat' dir='ltr'>tradidit.</span> <span class='ocrx_word' id='word_1_458' title='bbox 3540 2861 3607 2912; x_wconf 87' lang='lat' dir='ltr'>Et</span> 
     </span>
    </p>
   </div>
   <div class='ocr_carea' id='block_1_62' title="bbox 1964 2935 3606 3012">
    <p class='ocr_par' dir='ltr' id='par_1_62' title="bbox 1964 2935 3606 3012">
     <span class='ocr_line' id='line_1_62' title="bbox 1964 2935 3606 3012; baseline 0.005 -21"><span class='ocrx_word' id='word_1_459' title='bbox 1964 2937 2117 2992; x_wconf 89' lang='lat' dir='ltr'>sicut</span> <span class='ocrx_word' id='word_1_460' title='bbox 2140 2938 2297 2991; x_wconf 90' lang='lat' dir='ltr'>Isaac</span> <span class='ocrx_word' id='word_1_461' title='bbox 2325 2936 2447 3006; x_wconf 91' lang='lat' dir='ltr'>ipse</span> <span class='ocrx_word' id='word_1_462' title='bbox 2474 2935 2583 2990; x_wconf 90' lang='lat' dir='ltr'>sibi</span> <span class='ocrx_word' id='word_1_463' title='bbox 2614 2936 2769 3007; x_wconf 84' lang='lat' dir='ltr'>ligna</span> <span class='ocrx_word' id='word_1_464' title='bbox 2792 2940 3077 3009; x_wconf 90' lang='lat' dir='ltr'>portabat,</span> <span class='ocrx_word' id='word_1_465' title='bbox 3104 2943 3320 3012; x_wconf 91' lang='lat' dir='ltr'>quibus</span> <span class='ocrx_word' id='word_1_466' title='bbox 3346 2951 3470 2999; x_wconf 87' lang='lat' dir='ltr'>erat</span> <span class='ocrx_word' id='word_1_467' title='bbox 3502 2963 3606 3000; x_wconf 79' lang='lat' dir='ltr'>im-</span> 
     </span>
    </p>
   </div>
   <div class='ocr_carea' id='block_1_63' title="bbox 1966 3024 3603 3105">
    <p class='ocr_par' dir='ltr' id='par_1_63' title="bbox 1966 3024 3603 3105">
     <span class='ocr_line' id='line_1_63' title="bbox 1966 3024 3603 3105; baseline 0.006 -26"><span class='ocrx_word' id='word_1_468' title='bbox 1966 3025 2269 3097; x_wconf 89' lang='lat' dir='ltr'>ponendus</span> <span class='ocrx_word' id='word_1_469' title='bbox 2287 3041 2298 3089; x_wconf 91' lang='lat'><strong>;</strong></span> <span class='ocrx_word' id='word_1_470' title='bbox 2314 3024 2394 3078; x_wconf 86' lang='lat' dir='ltr'>ita</span> <span class='ocrx_word' id='word_1_471' title='bbox 2407 3024 3087 3097; x_wconf 88' lang='lat' dir='ltr'>etChristusgestabatin</span> <span class='ocrx_word' id='word_1_472' title='bbox 3103 3030 3363 3086; x_wconf 90' lang='lat' dir='ltr'>humeris</span> <span class='ocrx_word' id='word_1_473' title='bbox 3378 3032 3603 3105; x_wconf 89' lang='lat' dir='ltr'>lignum</span> 
     </span>
    </p>
   </div>
   <div class='ocr_carea' id='block_1_64' title="bbox 1966 3114 3604 3185">
    <p class='ocr_par' dir='ltr' id='par_1_64' title="bbox 1966 3114 3604 3185">
     <span class='ocr_line' id='line_1_64' title="bbox 1966 3114 3604 3185; baseline 0.005 -15"><span class='ocrx_word' id='word_1_474' title='bbox 1966 3114 2177 3178; x_wconf 90' lang='lat' dir='ltr'>crucis,</span> <span class='ocrx_word' id='word_1_475' title='bbox 2210 3114 2266 3166; x_wconf 91' lang='lat' dir='ltr'>in</span> <span class='ocrx_word' id='word_1_476' title='bbox 2317 3129 2432 3183; x_wconf 89' lang='lat' dir='ltr'>quo</span> <span class='ocrx_word' id='word_1_477' title='bbox 2480 3117 2605 3167; x_wconf 90' lang='lat' dir='ltr'>erat</span> <span class='ocrx_word' id='word_1_478' title='bbox 2651 3115 3100 3185; x_wconf 84' lang='lat' dir='ltr'>cruciﬁgendus.</span> <span class='ocrx_word' id='word_1_479' title='bbox 3135 3120 3298 3174; x_wconf 89' lang='lat' dir='ltr'>Aries</span> <span class='ocrx_word' id='word_1_480' title='bbox 3344 3127 3435 3177; x_wconf 90' lang='lat' dir='ltr'>est</span> <span class='ocrx_word' id='word_1_481' title='bbox 3473 3140 3604 3180; x_wconf 88' lang='lat' dir='ltr'>caro</span> 
     </span>
    </p>
   </div>
   <div class='ocr_carea' id='block_1_65' title="bbox 1965 3200 3606 3281">
    <p class='ocr_par' dir='ltr' id='par_1_65' title="bbox 1965 3200 3606 3281">
     <span class='ocr_line' id='line_1_65' title="bbox 1965 3200 3606 3281; baseline 0.005 -23"><span class='ocrx_word' id='word_1_482' title='bbox 1965 3201 2200 3258; x_wconf 89' lang='lat' dir='ltr'>Christi.</span> <span class='ocrx_word' id='word_1_483' title='bbox 2228 3202 2386 3255; x_wconf 90' lang='lat' dir='ltr'>Isaac</span> <span class='ocrx_word' id='word_1_484' title='bbox 2407 3200 2637 3255; x_wconf 88' lang='lat' dir='ltr'>oblatus</span> <span class='ocrx_word' id='word_1_485' title='bbox 2660 3206 2768 3267; x_wconf 89' lang='lat' dir='ltr'>est,</span> <span class='ocrx_word' id='word_1_486' title='bbox 2792 3206 2849 3257; x_wconf 85' lang='lat' dir='ltr'>et</span> <span class='ocrx_word' id='word_1_487' title='bbox 2869 3220 2983 3259; x_wconf 89' lang='lat' dir='ltr'>non</span> <span class='ocrx_word' id='word_1_488' title='bbox 3004 3209 3095 3260; x_wconf 89' lang='lat' dir='ltr'>est</span> <span class='ocrx_word' id='word_1_489' title='bbox 3123 3206 3481 3281; x_wconf 84' lang='lat' dir='ltr'>interfectus,</span> <span class='ocrx_word' id='word_1_490' title='bbox 3505 3214 3606 3267; x_wconf 89' lang='lat' dir='ltr'>sed</span> 
     </span>
    </p>
   </div>
   <div class='ocr_carea' id='block_1_66' title="bbox 203 3280 3609 3375">
    <p class='ocr_par' dir='ltr' id='par_1_66' title="bbox 203 3280 3609 3375">
     <span class='ocr_line' id='line_1_66' title="bbox 203 3280 3609 3375; baseline -0 -18"><span class='ocrx_word' id='word_1_491' title='bbox 203 3300 550 3375; x_wconf 66' lang='lat' dir='ltr'>9).Abraha</span> <span class='ocrx_word' id='word_1_492' title='bbox 566 3280 702 3354; x_wconf 74' lang='lat' dir='ltr'>vero</span> <span class='ocrx_word' id='word_1_493' title='bbox 720 3280 957 3353; x_wconf 82' lang='lat' dir='ltr'>econtra</span> <span class='ocrx_word' id='word_1_494' title='bbox 973 3296 1193 3352; x_wconf 89' lang='lat' dir='ltr'>factum</span> <span class='ocrx_word' id='word_1_495' title='bbox 1212 3300 1392 3363; x_wconf 90' lang='lat' dir='ltr'>est,et</span> <span class='ocrx_word' id='word_1_496' title='bbox 1416 3300 1620 3351; x_wconf 87' lang='lat' dir='ltr'>contra</span> <span class='ocrx_word' id='word_1_497' title='bbox 1647 3295 1862 3367; x_wconf 88' lang='lat' dir='ltr'>quippe</span> <span class='ocrx_word' id='word_1_498' title='bbox 1892 3280 1934 3347; x_wconf 85' lang='lat' dir='ltr'>C</span> <span class='ocrx_word' id='word_1_499' title='bbox 1971 3292 2122 3347; x_wconf 88' lang='lat' dir='ltr'>aries</span> <span class='ocrx_word' id='word_1_500' title='bbox 2151 3295 2382 3345; x_wconf 88' lang='lat' dir='ltr'>tantum</span> <span class='ocrx_word' id='word_1_501' title='bbox 2413 3307 2426 3356; x_wconf 92' lang='lat'><strong>;</strong></span> <span class='ocrx_word' id='word_1_502' title='bbox 2469 3291 2549 3343; x_wconf 86' lang='lat' dir='ltr'>ita</span> <span class='ocrx_word' id='word_1_503' title='bbox 2591 3294 2649 3345; x_wconf 89' lang='lat' dir='ltr'>et</span> <span class='ocrx_word' id='word_1_504' title='bbox 2691 3290 2956 3347; x_wconf 86' lang='lat' dir='ltr'>Christus</span> <span class='ocrx_word' id='word_1_505' title='bbox 2989 3293 3046 3347; x_wconf 91' lang='lat' dir='ltr'>in</span> <span class='ocrx_word' id='word_1_506' title='bbox 3079 3296 3350 3365; x_wconf 87' lang='lat' dir='ltr'>passione</span> <span class='ocrx_word' id='word_1_507' title='bbox 3379 3299 3609 3357; x_wconf 89' lang='lat' dir='ltr'>oblatus</span> 
     </span>
    </p>
   </div>
   <div class='ocr_carea' id='block_1_67' title="bbox 209 3384 1861 3464">
    <p class='ocr_par' dir='ltr' id='par_1_67' title="bbox 209 3384 1861 3464">
     <span class='ocr_line' id='line_1_67' title="bbox 209 3384 1861 3464; baseline -0.004 -19"><span class='ocrx_word' id='word_1_508' title='bbox 209 3387 671 3464; x_wconf 88' lang='lat' dir='ltr'>promissionem</span> <span class='ocrx_word' id='word_1_509' title='bbox 702 3386 754 3442; x_wconf 92' lang='lat' dir='ltr'>ei</span> <span class='ocrx_word' id='word_1_510' title='bbox 787 3385 1186 3456; x_wconf 87' lang='lat' dir='ltr'>imperabatur</span> <span class='ocrx_word' id='word_1_511' title='bbox 1212 3393 1277 3438; x_wconf 90' lang='lat' dir='ltr'>ut</span> <span class='ocrx_word' id='word_1_512' title='bbox 1324 3384 1558 3451; x_wconf 88' lang='lat' dir='ltr'>faceret,</span> <span class='ocrx_word' id='word_1_513' title='bbox 1588 3388 1645 3439; x_wconf 90' lang='lat' dir='ltr'>et</span> <span class='ocrx_word' id='word_1_514' title='bbox 1674 3398 1861 3454; x_wconf 89' lang='lat' dir='ltr'>neque</span> 
     </span>
    </p>
   </div>
   <div class='ocr_carea' id='block_1_68' title="bbox 209 3474 1861 3547">
    <p class='ocr_par' dir='ltr' id='par_1_68' title="bbox 209 3474 1861 3547">
     <span class='ocr_line' id='line_1_68' title="bbox 209 3474 1861 3547; baseline -0.004 -12"><span class='ocrx_word' id='word_1_515' title='bbox 209 3480 303 3536; x_wconf 91' lang='lat' dir='ltr'>sic</span> <span class='ocrx_word' id='word_1_516' title='bbox 331 3478 605 3533; x_wconf 86' lang='lat' dir='ltr'>turbatus</span> <span class='ocrx_word' id='word_1_517' title='bbox 635 3480 743 3546; x_wconf 92' lang='lat' dir='ltr'>est,</span> <span class='ocrx_word' id='word_1_518' title='bbox 767 3491 956 3547; x_wconf 91' lang='lat' dir='ltr'>neque</span> <span class='ocrx_word' id='word_1_519' title='bbox 986 3474 1309 3545; x_wconf 88' lang='lat' dir='ltr'>obstupuit,</span> <span class='ocrx_word' id='word_1_520' title='bbox 1336 3489 1438 3529; x_wconf 91' lang='lat' dir='ltr'>nec</span> <span class='ocrx_word' id='word_1_521' title='bbox 1470 3489 1532 3530; x_wconf 90' lang='lat' dir='ltr'>se</span> <span class='ocrx_word' id='word_1_522' title='bbox 1558 3474 1861 3543; x_wconf 90' lang='lat' dir='ltr'>deceptum</span> 
     </span>
    </p>
   </div>
   <div class='ocr_carea' id='block_1_69' title="bbox 213 3562 1860 3634">
    <p class='ocr_par' dir='ltr' id='par_1_69' title="bbox 213 3562 1860 3634">
     <span class='ocr_line' id='line_1_69' title="bbox 213 3562 1860 3634; baseline -0.004 -11"><span class='ocrx_word' id='word_1_523' title='bbox 213 3566 637 3624; x_wconf 87' lang='lat' dir='ltr'>arbitrabatur.</span> <span class='ocrx_word' id='word_1_524' title='bbox 670 3563 785 3620; x_wconf 89' lang='lat' dir='ltr'>Vos</span> <span class='ocrx_word' id='word_1_525' title='bbox 816 3567 1012 3618; x_wconf 89' lang='lat' dir='ltr'>autem</span> <span class='ocrx_word' id='word_1_526' title='bbox 1045 3562 1189 3617; x_wconf 91' lang='lat' dir='ltr'>nihil</span> <span class='ocrx_word' id='word_1_527' title='bbox 1221 3567 1381 3618; x_wconf 81' lang='lat' dir='ltr'>extra</span> <span class='ocrx_word' id='word_1_528' title='bbox 1411 3562 1860 3634; x_wconf 90' lang='lat' dir='ltr'>promissionem</span> 
     </span>
    </p>
   </div>
   <div class='ocr_carea' id='block_1_70' title="bbox 206 3651 1863 3729">
    <p class='ocr_par' dir='ltr' id='par_1_70' title="bbox 206 3651 1863 3729">
     <span class='ocr_line' id='line_1_70' title="bbox 206 3651 1863 3729; baseline -0.004 -17"><span class='ocrx_word' id='word_1_529' title='bbox 206 3655 507 3729; x_wconf 90' lang='lat' dir='ltr'>patimini,</span> <span class='ocrx_word' id='word_1_530' title='bbox 532 3658 591 3709; x_wconf 90' lang='lat' dir='ltr'>et</span> <span class='ocrx_word' id='word_1_531' title='bbox 616 3651 1069 3709; x_wconf 88' lang='lat' dir='ltr'>conturbamini.</span> <span class='ocrx_word' id='word_1_532' title='bbox 1086 3651 1185 3707; x_wconf 86' lang='lat' dir='ltr'>Ille</span> <span class='ocrx_word' id='word_1_533' title='bbox 1209 3668 1340 3707; x_wconf 88' lang='lat' dir='ltr'>vero</span> <span class='ocrx_word' id='word_1_534' title='bbox 1364 3652 1654 3706; x_wconf 88' lang='lat' dir='ltr'>contraria</span> <span class='ocrx_word' id='word_1_535' title='bbox 1675 3667 1863 3722; x_wconf 89' lang='lat' dir='ltr'>repro-</span> 
     </span>
    </p>
   </div>
   <div class='ocr_carea' id='block_1_71' title="bbox 211 3740 1860 3811">
    <p class='ocr_par' dir='ltr' id='par_1_71' title="bbox 211 3740 1860 3811">
     <span class='ocr_line' id='line_1_71' title="bbox 211 3740 1860 3811; baseline -0.005 -10"><span class='ocrx_word' id='word_1_536' title='bbox 211 3743 489 3801; x_wconf 88' lang='lat' dir='ltr'>missioni</span> <span class='ocrx_word' id='word_1_537' title='bbox 519 3742 793 3799; x_wconf 88' lang='lat' dir='ltr'>audiebat</span> <span class='ocrx_word' id='word_1_538' title='bbox 822 3741 895 3796; x_wconf 90' lang='lat' dir='ltr'>ab</span> <span class='ocrx_word' id='word_1_539' title='bbox 927 3742 1131 3796; x_wconf 91' lang='lat' dir='ltr'>eodem</span> <span class='ocrx_word' id='word_1_540' title='bbox 1164 3740 1315 3811; x_wconf 89' lang='lat' dir='ltr'>ipso,</span> <span class='ocrx_word' id='word_1_541' title='bbox 1348 3741 1447 3811; x_wconf 91' lang='lat' dir='ltr'>qui</span> <span class='ocrx_word' id='word_1_542' title='bbox 1496 3740 1597 3794; x_wconf 91' lang='lat' dir='ltr'>illa</span> <span class='ocrx_word' id='word_1_543' title='bbox 1646 3740 1860 3811; x_wconf 90' lang='lat' dir='ltr'>promi-</span> 
     </span>
    </p>
   </div>
   <div class='ocr_carea' id='block_1_72' title="bbox 208 3828 1864 3899">
    <p class='ocr_par' dir='ltr' id='par_1_72' title="bbox 208 3828 1864 3899">
     <span class='ocr_line' id='line_1_72' title="bbox 208 3828 1864 3899; baseline -0.005 -9"><span class='ocrx_word' id='word_1_544' title='bbox 208 3838 393 3899; x_wconf 90' lang='lat' dir='ltr'>serat,</span> <span class='ocrx_word' id='word_1_545' title='bbox 427 3838 484 3888; x_wconf 92' lang='lat' dir='ltr'>et</span> <span class='ocrx_word' id='word_1_546' title='bbox 536 3849 650 3887; x_wconf 90' lang='lat' dir='ltr'>non</span> <span class='ocrx_word' id='word_1_547' title='bbox 697 3831 1178 3887; x_wconf 89' lang='lat' dir='ltr'>conturbabatur.</span> <span class='ocrx_word' id='word_1_548' title='bbox 1217 3830 1372 3897; x_wconf 86' lang='lat' dir='ltr'>Fide,</span> <span class='ocrx_word' id='word_1_549' title='bbox 1405 3830 1616 3899; x_wconf 90' lang='lat' dir='ltr'>inquit,</span> <span class='ocrx_word' id='word_1_550' title='bbox 1652 3828 1864 3883; x_wconf 89' lang='lat' dir='ltr'>obtulit</span> 
     </span>
    </p>
   </div>
   <div class='ocr_carea' id='block_1_73' title="bbox 208 3916 1863 3992">
    <p class='ocr_par' dir='ltr' id='par_1_73' title="bbox 208 3916 1863 3992">
     <span class='ocr_line' id='line_1_73' title="bbox 208 3916 1863 3992; baseline -0.004 -15"><span class='ocrx_word' id='word_1_551' title='bbox 208 3931 252 3977; x_wconf 87' lang='lat' dir='ltr'>A</span> <span class='ocrx_word' id='word_1_552' title='bbox 264 3923 514 3979; x_wconf 90' lang='lat' dir='ltr'>brabam</span> <span class='ocrx_word' id='word_1_553' title='bbox 530 3920 866 3984; x_wconf 88' lang='lat' dir='ltr'>Isaac.Quid</span> <span class='ocrx_word' id='word_1_554' title='bbox 882 3935 1017 3992; x_wconf 91' lang='lat' dir='ltr'>ergo</span> <span class='ocrx_word' id='word_1_555' title='bbox 1030 3920 1056 3973; x_wconf 69' lang='lat'>‘2</span> <span class='ocrx_word' id='word_1_556' title='bbox 1072 3919 1380 3991; x_wconf 89' lang='lat' dir='ltr'>Ignorabat</span> <span class='ocrx_word' id='word_1_557' title='bbox 1390 3923 1535 3973; x_wconf 92' lang='lat' dir='ltr'>Deus</span> <span class='ocrx_word' id='word_1_558' title='bbox 1550 3917 1686 3989; x_wconf 90' lang='lat' dir='ltr'>quia</span> <span class='ocrx_word' id='word_1_559' title='bbox 1699 3916 1863 3973; x_wconf 88' lang='lat' dir='ltr'>fortis</span> 
     </span>
    </p>
   </div>
   <div class='ocr_carea' id='block_1_74' title="bbox 209 4006 1864 4081">
    <p class='ocr_par' dir='ltr' id='par_1_74' title="bbox 209 4006 1864 4081">
     <span class='ocr_line' id='line_1_74' title="bbox 209 4006 1864 4081; baseline -0.005 -12"><span class='ocrx_word' id='word_1_560' title='bbox 209 4017 341 4069; x_wconf 88' lang='lat' dir='ltr'>erat</span> <span class='ocrx_word' id='word_1_561' title='bbox 362 4012 456 4068; x_wconf 91' lang='lat' dir='ltr'>ille</span> <span class='ocrx_word' id='word_1_562' title='bbox 476 4012 581 4079; x_wconf 90' lang='lat' dir='ltr'>vir,</span> <span class='ocrx_word' id='word_1_563' title='bbox 596 4014 652 4066; x_wconf 90' lang='lat' dir='ltr'>et</span> <span class='ocrx_word' id='word_1_564' title='bbox 674 4009 1028 4081; x_wconf 80' lang='lat' dir='ltr'>probabilis?</span> <span class='ocrx_word' id='word_1_565' title='bbox 1046 4010 1232 4073; x_wconf 91' lang='lat' dir='ltr'>Quare</span> <span class='ocrx_word' id='word_1_566' title='bbox 1250 4024 1385 4080; x_wconf 89' lang='lat' dir='ltr'>ergo</span> <span class='ocrx_word' id='word_1_567' title='bbox 1410 4024 1543 4062; x_wconf 91' lang='lat' dir='ltr'>eum</span> <span class='ocrx_word' id='word_1_568' title='bbox 1566 4006 1864 4061; x_wconf 81' lang='lat' dir='ltr'>tentabat‘?</span> 
     </span>
    </p>
   </div>
   <div class='ocr_carea' id='block_1_75' title="bbox 207 4096 1860 4172">
    <p class='ocr_par' dir='ltr' id='par_1_75' title="bbox 207 4096 1860 4172">
     <span class='ocr_line' id='line_1_75' title="bbox 207 4096 1860 4172; baseline -0.005 -15"><span class='ocrx_word' id='word_1_569' title='bbox 207 4103 343 4157; x_wconf 88' lang='lat' dir='ltr'>Non</span> <span class='ocrx_word' id='word_1_570' title='bbox 370 4105 435 4156; x_wconf 94' lang='lat' dir='ltr'>ut</span> <span class='ocrx_word' id='word_1_571' title='bbox 462 4102 587 4172; x_wconf 92' lang='lat' dir='ltr'>ipse</span> <span class='ocrx_word' id='word_1_572' title='bbox 609 4102 1004 4172; x_wconf 88' lang='lat' dir='ltr'>cognosceret,</span> <span class='ocrx_word' id='word_1_573' title='bbox 1029 4098 1128 4152; x_wconf 93' lang='lat' dir='ltr'>sed</span> <span class='ocrx_word' id='word_1_574' title='bbox 1164 4102 1230 4152; x_wconf 91' lang='lat' dir='ltr'>ut</span> <span class='ocrx_word' id='word_1_575' title='bbox 1258 4096 1389 4151; x_wconf 90' lang='lat' dir='ltr'>aliis</span> <span class='ocrx_word' id='word_1_576' title='bbox 1409 4096 1860 4159; x_wconf 88' lang='lat' dir='ltr'>demonstraret,</span> 
     </span>
    </p>
   </div>
   <div class='ocr_carea' id='block_1_76' title="bbox 206 4184 1861 4258">
    <p class='ocr_par' dir='ltr' id='par_1_76' title="bbox 206 4184 1861 4258">
     <span class='ocr_line' id='line_1_76' title="bbox 206 4184 1861 4258; baseline -0.005 -11"><span class='ocrx_word' id='word_1_577' title='bbox 206 4197 267 4247; x_wconf 89' lang='lat' dir='ltr'>et</span> <span class='ocrx_word' id='word_1_578' title='bbox 315 4189 691 4246; x_wconf 86' lang='lat' dir='ltr'>manifestam</span> <span class='ocrx_word' id='word_1_579' title='bbox 724 4189 852 4258; x_wconf 86' lang='lat' dir='ltr'>ejus</span> <span class='ocrx_word' id='word_1_580' title='bbox 883 4185 1287 4241; x_wconf 89' lang='lat' dir='ltr'>fortitudinem</span> <span class='ocrx_word' id='word_1_581' title='bbox 1321 4186 1703 4240; x_wconf 90' lang='lat' dir='ltr'>constitueret</span> <span class='ocrx_word' id='word_1_582' title='bbox 1731 4184 1861 4238; x_wconf 89' lang='lat' dir='ltr'>uni-</span> 
     </span>
    </p>
   </div>
   <div class='ocr_carea' id='block_1_77' title="bbox 201 4272 1862 4336">
    <p class='ocr_par' dir='ltr' id='par_1_77' title="bbox 201 4272 1862 4336">
     <span class='ocr_line' id='line_1_77' title="bbox 201 4272 1862 4336; baseline -0.004 0"><span class='ocrx_word' id='word_1_583' title='bbox 201 4280 419 4336; x_wconf 89' lang='lat' dir='ltr'>versis.</span> <span class='ocrx_word' id='word_1_584' title='bbox 446 4279 507 4333; x_wconf 92' lang='lat' dir='ltr'>In</span> <span class='ocrx_word' id='word_1_585' title='bbox 540 4278 648 4332; x_wconf 92' lang='lat' dir='ltr'>hoc</span> <span class='ocrx_word' id='word_1_586' title='bbox 678 4277 804 4331; x_wconf 91' lang='lat' dir='ltr'>loco</span> <span class='ocrx_word' id='word_1_587' title='bbox 835 4275 1010 4330; x_wconf 91' lang='lat' dir='ltr'>etiam</span> <span class='ocrx_word' id='word_1_588' title='bbox 1038 4273 1293 4329; x_wconf 90' lang='lat' dir='ltr'>ostendit</span> <span class='ocrx_word' id='word_1_589' title='bbox 1322 4290 1559 4329; x_wconf 88' lang='lat' dir='ltr'>causam</span> <span class='ocrx_word' id='word_1_590' title='bbox 1595 4272 1862 4329; x_wconf 87' lang='lat' dir='ltr'>tentatio-</span> 
     </span>
    </p>
   </div>
   <div class='ocr_carea' id='block_1_78' title="bbox 204 4362 1865 4439">
    <p class='ocr_par' dir='ltr' id='par_1_78' title="bbox 204 4362 1865 4439">
     <span class='ocr_line' id='line_1_78' title="bbox 204 4362 1865 4439; baseline -0.005 -14"><span class='ocrx_word' id='word_1_591' title='bbox 204 4386 381 4434; x_wconf 89' lang='lat' dir='ltr'>num,</span> <span class='ocrx_word' id='word_1_592' title='bbox 404 4385 476 4424; x_wconf 91' lang='lat' dir='ltr'>ne</span> <span class='ocrx_word' id='word_1_593' title='bbox 508 4370 781 4439; x_wconf 89' lang='lat' dir='ltr'>putarent</span> <span class='ocrx_word' id='word_1_594' title='bbox 809 4369 1091 4434; x_wconf 90' lang='lat' dir='ltr'>tanquam</span> <span class='ocrx_word' id='word_1_595' title='bbox 1122 4362 1430 4418; x_wconf 88' lang='lat' dir='ltr'>derelictas</span> <span class='ocrx_word' id='word_1_596' title='bbox 1462 4380 1495 4418; x_wconf 87' lang='lat' dir='ltr'>a</span> <span class='ocrx_word' id='word_1_597' title='bbox 1526 4363 1641 4418; x_wconf 92' lang='lat' dir='ltr'>Deo</span> <span class='ocrx_word' id='word_1_598' title='bbox 1673 4362 1771 4416; x_wconf 92' lang='lat' dir='ltr'>ille</span> <span class='ocrx_word' id='word_1_599' title='bbox 1801 4379 1865 4418; x_wconf 90' lang='lat' dir='ltr'>se</span> 
     </span>
    </p>
   </div>
   <div class='ocr_carea' id='block_1_79' title="bbox 204 4451 1862 4531">
    <p class='ocr_par' dir='ltr' id='par_1_79' title="bbox 204 4451 1862 4531">
     <span class='ocr_line' id='line_1_79' title="bbox 204 4451 1862 4531; baseline -0.005 -18"><span class='ocrx_word' id='word_1_600' title='bbox 204 4456 459 4531; x_wconf 90' lang='lat' dir='ltr'>perpeti.</span> <span class='ocrx_word' id='word_1_601' title='bbox 491 4455 547 4510; x_wconf 89' lang='lat' dir='ltr'>Si</span> <span class='ocrx_word' id='word_1_602' title='bbox 581 4454 760 4526; x_wconf 85' lang='lat' dir='ltr'>igitur</span> <span class='ocrx_word' id='word_1_603' title='bbox 788 4453 870 4508; x_wconf 89' lang='lat' dir='ltr'>ita</span> <span class='ocrx_word' id='word_1_604' title='bbox 902 4452 1172 4523; x_wconf 90' lang='lat' dir='ltr'>probatos</span> <span class='ocrx_word' id='word_1_605' title='bbox 1202 4451 1555 4506; x_wconf 86' lang='lat' dir='ltr'>tentationes</span> <span class='ocrx_word' id='word_1_606' title='bbox 1590 4451 1862 4521; x_wconf 89' lang='lat' dir='ltr'>reddunt,</span> 
     </span>
    </p>
   </div>
   <div class='ocr_carea' id='block_1_80' title="bbox 207 4539 1865 4605">
    <p class='ocr_par' dir='ltr' id='par_1_80' title="bbox 207 4539 1865 4605">
     <span class='ocr_line' id='line_1_80' title="bbox 207 4539 1865 4605; baseline -0.005 -3"><span class='ocrx_word' id='word_1_607' title='bbox 207 4551 278 4603; x_wconf 90' lang='lat' dir='ltr'>ut</span> <span class='ocrx_word' id='word_1_608' title='bbox 308 4546 490 4601; x_wconf 87' lang='lat' dir='ltr'>etiam</span> <span class='ocrx_word' id='word_1_609' title='bbox 512 4560 628 4599; x_wconf 92' lang='lat' dir='ltr'>non</span> <span class='ocrx_word' id='word_1_610' title='bbox 654 4542 940 4598; x_wconf 84' lang='lat' dir='ltr'>existente</span> <span class='ocrx_word' id='word_1_611' title='bbox 962 4557 1161 4605; x_wconf 88' lang='lat' dir='ltr'>causa,</span> <span class='ocrx_word' id='word_1_612' title='bbox 1188 4539 1341 4594; x_wconf 89' lang='lat' dir='ltr'>Deus</span> <span class='ocrx_word' id='word_1_613' title='bbox 1370 4543 1568 4593; x_wconf 86' lang='lat' dir='ltr'>tamen</span> <span class='ocrx_word' id='word_1_614' title='bbox 1602 4544 1865 4594; x_wconf 88' lang='lat' dir='ltr'>exerceat</span> 
     </span>
    </p>
   </div>
   <div class='ocr_carea' id='block_1_81' title="bbox 210 4629 1942 4714">
    <p class='ocr_par' dir='ltr' id='par_1_81' title="bbox 210 4629 1942 4714">
     <span class='ocr_line' id='line_1_81' title="bbox 210 4629 1942 4714; baseline -0.005 -23"><span class='ocrx_word' id='word_1_615' title='bbox 210 4652 360 4692; x_wconf 84' lang='lat' dir='ltr'>suos</span> <span class='ocrx_word' id='word_1_616' title='bbox 386 4632 656 4701; x_wconf 90' lang='lat' dir='ltr'>athletas,</span> <span class='ocrx_word' id='word_1_617' title='bbox 683 4630 868 4686; x_wconf 90' lang='lat' dir='ltr'>multo</span> <span class='ocrx_word' id='word_1_618' title='bbox 891 4629 1080 4701; x_wconf 90' lang='lat' dir='ltr'>magis</span> <span class='ocrx_word' id='word_1_619' title='bbox 1102 4645 1202 4684; x_wconf 91' lang='lat' dir='ltr'>vos</span> <span class='ocrx_word' id='word_1_620' title='bbox 1225 4629 1296 4683; x_wconf 93' lang='lat' dir='ltr'>ob</span> <span class='ocrx_word' id='word_1_621' title='bbox 1320 4644 1441 4682; x_wconf 91' lang='lat' dir='ltr'>rem</span> <span class='ocrx_word' id='word_1_622' title='bbox 1465 4632 1675 4683; x_wconf 89' lang='lat' dir='ltr'>cuncta</span> <span class='ocrx_word' id='word_1_623' title='bbox 1696 4645 1864 4699; x_wconf 89' lang='lat' dir='ltr'>opor-</span> <span class='ocrx_word' id='word_1_624' title='bbox 1897 4651 1942 4714; x_wconf 83' lang='lat' dir='ltr'><strong>D</strong></span> 
     </span>
    </p>
   </div>
   <div class='ocr_carea' id='block_1_82' title="bbox 206 4715 1866 4789">
    <p class='ocr_par' dir='ltr' id='par_1_82' title="bbox 206 4715 1866 4789">
     <span class='ocr_line' id='line_1_82' title="bbox 206 4715 1866 4789; baseline -0.005 -10"><span class='ocrx_word' id='word_1_625' title='bbox 206 4729 293 4780; x_wconf 88' lang='lat' dir='ltr'>tet</span> <span class='ocrx_word' id='word_1_626' title='bbox 327 4722 559 4778; x_wconf 86' lang='lat' dir='ltr'>fortiter</span> <span class='ocrx_word' id='word_1_627' title='bbox 586 4720 855 4776; x_wconf 90' lang='lat' dir='ltr'>tolerare.</span> <span class='ocrx_word' id='word_1_628' title='bbox 892 4718 1198 4789; x_wconf 84' lang='lat' dir='ltr'>Eleganter</span> <span class='ocrx_word' id='word_1_629' title='bbox 1229 4715 1563 4787; x_wconf 85' lang='lat' dir='ltr'>exemplum</span> <span class='ocrx_word' id='word_1_630' title='bbox 1596 4717 1758 4771; x_wconf 75' lang='lat' dir='ltr'>bona:</span> <span class='ocrx_word' id='word_1_631' title='bbox 1794 4717 1866 4770; x_wconf 89' lang='lat' dir='ltr'>ﬁ-</span> 
     </span>
    </p>
   </div>
   <div class='ocr_carea' id='block_1_83' title="bbox 211 4805 1865 4883">
    <p class='ocr_par' dir='ltr' id='par_1_83' title="bbox 211 4805 1865 4883">
     <span class='ocr_line' id='line_1_83' title="bbox 211 4805 1865 4883; baseline -0.004 -15"><span class='ocrx_word' id='word_1_632' title='bbox 211 4813 304 4869; x_wconf 91' lang='lat' dir='ltr'>dei</span> <span class='ocrx_word' id='word_1_633' title='bbox 334 4812 406 4867; x_wconf 92' lang='lat' dir='ltr'>ab</span> <span class='ocrx_word' id='word_1_634' title='bbox 437 4810 565 4883; x_wconf 91' lang='lat' dir='ltr'>ipso</span> <span class='ocrx_word' id='word_1_635' title='bbox 588 4808 919 4881; x_wconf 88' lang='lat' dir='ltr'>patriarcha</span> <span class='ocrx_word' id='word_1_636' title='bbox 939 4807 1166 4862; x_wconf 90' lang='lat' dir='ltr'>monuit</span> <span class='ocrx_word' id='word_1_637' title='bbox 1187 4821 1318 4860; x_wconf 90' lang='lat' dir='ltr'>esse</span> <span class='ocrx_word' id='word_1_638' title='bbox 1342 4805 1711 4870; x_wconf 90' lang='lat' dir='ltr'>discendum,</span> <span class='ocrx_word' id='word_1_639' title='bbox 1738 4823 1865 4877; x_wconf 91' lang='lat' dir='ltr'>pro-</span> 
     </span>
    </p>
   </div>
   <div class='ocr_carea' id='block_1_84' title="bbox 209 4893 1869 4968">
    <p class='ocr_par' dir='ltr' id='par_1_84' title="bbox 209 4893 1869 4968">
     <span class='ocr_line' id='line_1_84' title="bbox 209 4893 1869 4968; baseline -0.005 -10"><span class='ocrx_word' id='word_1_640' title='bbox 209 4917 433 4957; x_wconf 88' lang='lat' dir='ltr'>vocans</span> <span class='ocrx_word' id='word_1_641' title='bbox 462 4898 729 4954; x_wconf 88' lang='lat' dir='ltr'>videlicet</span> <span class='ocrx_word' id='word_1_642' title='bbox 770 4915 888 4968; x_wconf 91' lang='lat' dir='ltr'>eos,</span> <span class='ocrx_word' id='word_1_643' title='bbox 916 4897 1014 4968; x_wconf 92' lang='lat' dir='ltr'>qui</span> <span class='ocrx_word' id='word_1_644' title='bbox 1046 4898 1116 4952; x_wconf 93' lang='lat' dir='ltr'>de</span> <span class='ocrx_word' id='word_1_645' title='bbox 1143 4893 1362 4950; x_wconf 82' lang='lat' dir='ltr'>Judaeis</span> <span class='ocrx_word' id='word_1_646' title='bbox 1394 4894 1780 4962; x_wconf 87' lang='lat' dir='ltr'>crediderant,</span> <span class='ocrx_word' id='word_1_647' title='bbox 1804 4900 1869 4949; x_wconf 91' lang='lat' dir='ltr'>ut</span> 
     </span>
    </p>
   </div>
   <div class='ocr_carea' id='block_1_85' title="bbox 213 4982 1867 5062">
    <p class='ocr_par' dir='ltr' id='par_1_85' title="bbox 213 4982 1867 5062">
     <span class='ocr_line' id='line_1_85' title="bbox 213 4982 1867 5062; baseline -0.003 -17"><span class='ocrx_word' id='word_1_648' title='bbox 213 4990 393 5062; x_wconf 87' lang='lat' dir='ltr'>quasi</span> <span class='ocrx_word' id='word_1_649' title='bbox 425 4989 587 5043; x_wconf 71' lang='lat' dir='ltr'>bonas</span> <span class='ocrx_word' id='word_1_650' title='bbox 622 4987 851 5043; x_wconf 90' lang='lat' dir='ltr'>soboles</span> <span class='ocrx_word' id='word_1_651' title='bbox 883 4987 1056 5058; x_wconf 92' lang='lat' dir='ltr'>primi</span> <span class='ocrx_word' id='word_1_652' title='bbox 1106 4990 1165 5041; x_wconf 92' lang='lat' dir='ltr'>et</span> <span class='ocrx_word' id='word_1_653' title='bbox 1215 4982 1454 5038; x_wconf 86' lang='lat' dir='ltr'>maximi</span> <span class='ocrx_word' id='word_1_654' title='bbox 1484 4983 1575 5037; x_wconf 91' lang='lat' dir='ltr'>sui</span> <span class='ocrx_word' id='word_1_655' title='bbox 1608 4985 1867 5055; x_wconf 90' lang='lat' dir='ltr'>parentis</span> 
     </span>
    </p>
   </div>
   <div class='ocr_carea' id='block_1_86' title="bbox 212 5073 1864 5148">
    <p class='ocr_par' dir='ltr' id='par_1_86' title="bbox 212 5073 1864 5148">
     <span class='ocr_line' id='line_1_86' title="bbox 212 5073 1864 5148; baseline -0.004 -13"><span class='ocrx_word' id='word_1_656' title='bbox 212 5082 385 5135; x_wconf 88' lang='lat' dir='ltr'>actus</span> <span class='ocrx_word' id='word_1_657' title='bbox 416 5082 820 5148; x_wconf 84' lang='lat' dir='ltr'>sequerentur.</span> <span class='ocrx_word' id='word_1_658' title='bbox 846 5076 912 5129; x_wconf 90' lang='lat' dir='ltr'>Et</span> <span class='ocrx_word' id='word_1_659' title='bbox 941 5076 1219 5144; x_wconf 83' lang='lat' dir='ltr'>quoniam</span> <span class='ocrx_word' id='word_1_660' title='bbox 1251 5088 1370 5142; x_wconf 88' lang='lat' dir='ltr'>eos,</span> <span class='ocrx_word' id='word_1_661' title='bbox 1401 5088 1472 5126; x_wconf 92' lang='lat' dir='ltr'>ne</span> <span class='ocrx_word' id='word_1_662' title='bbox 1505 5073 1561 5126; x_wconf 92' lang='lat' dir='ltr'>in</span> <span class='ocrx_word' id='word_1_663' title='bbox 1594 5073 1864 5128; x_wconf 86' lang='lat' dir='ltr'>tentatio-</span> 
     </span>
    </p>
   </div>
   <div class='ocr_carea' id='block_1_87' title="bbox 210 5165 1836 5194">
    <p class='ocr_par' dir='ltr' id='par_1_87' title="bbox 210 5165 1836 5194">
     <span class='ocr_line' id='line_1_87' title="bbox 210 5165 1836 5194; baseline 0 0"><span class='ocrx_word' id='word_1_664' title='bbox 210 5167 392 5194; x_wconf 63' lang='grc' dir='ltr'>...ει-...κ</span> <span class='ocrx_word' id='word_1_665' title='bbox 428 5167 735 5194; x_wconf 53' lang='grc' dir='ltr'>ΑΑΩΑΑυ-...ι</span> <span class='ocrx_word' id='word_1_666' title='bbox 794 5169 844 5194; x_wconf 74' lang='grc' dir='ltr'>ηι</span> <span class='ocrx_word' id='word_1_667' title='bbox 892 5168 951 5194; x_wconf 63' lang='grc' dir='ltr'>ιιςῦ</span> <span class='ocrx_word' id='word_1_668' title='bbox 986 5165 1156 5194; x_wconf 67' lang='grc' dir='ltr'>ΩᾹΑΜ</span> <span class='ocrx_word' id='word_1_669' title='bbox 1194 5176 1359 5194; x_wconf 58' lang='lat' dir='ltr'>ouium</span> <span class='ocrx_word' id='word_1_670' title='bbox 1397 5178 1499 5194; x_wconf 57' lang='lat' dir='ltr'>sunt!</span> <span class='ocrx_word' id='word_1_671' title='bbox 1528 5178 1698 5194; x_wconf 74' lang='lat' dir='ltr'><strong>nnnnn</strong></span> <span class='ocrx_word' id='word_1_672' title='bbox 1736 5179 1836 5194; x_wconf 69' lang='lat' dir='ltr'>nun</span> 
     </span>
    </p>
   </div>
   <div class='ocr_carea' id='block_1_88' title="bbox 1972 3378 3214 3451">
    <p class='ocr_par' dir='ltr' id='par_1_88' title="bbox 1972 3378 3214 3451">
     <span class='ocr_line' id='line_1_88' title="bbox 1972 3378 3214 3451; baseline 0.002 -15"><span class='ocrx_word' id='word_1_673' title='bbox 1972 3386 2078 3450; x_wconf 90' lang='lat' dir='ltr'>est,</span> <span class='ocrx_word' id='word_1_674' title='bbox 2114 3379 2214 3435; x_wconf 90' lang='lat' dir='ltr'>sed</span> <span class='ocrx_word' id='word_1_675' title='bbox 2248 3378 2521 3434; x_wconf 89' lang='lat' dir='ltr'>divinitas</span> <span class='ocrx_word' id='word_1_676' title='bbox 2552 3379 2936 3451; x_wconf 89' lang='lat' dir='ltr'>impassibilis</span> <span class='ocrx_word' id='word_1_677' title='bbox 2979 3384 3214 3439; x_wconf 89' lang='lat' dir='ltr'>mansit.</span> 
     </span>
    </p>
   </div>
   <div class='ocr_carea' id='block_1_89' title="bbox 2047 3467 3614 3542">
    <p class='ocr_par' dir='ltr' id='par_1_89' title="bbox 2047 3467 3614 3542">
     <span class='ocr_line' id='line_1_89' title="bbox 2047 3467 3614 3542; baseline 0.012 -25"><span class='ocrx_word' id='word_1_678' title='bbox 2047 3492 2067 3517; x_wconf 76' lang='grc' dir='ltr'><strong><em>α</em></strong></span> <span class='ocrx_word' id='word_1_679' title='bbox 2104 3468 2241 3523; x_wconf 89' lang='lat' dir='ltr'>Fide</span> <span class='ocrx_word' id='word_1_680' title='bbox 2288 3471 2343 3521; x_wconf 91' lang='lat' dir='ltr'>et</span> <span class='ocrx_word' id='word_1_681' title='bbox 2391 3467 2461 3521; x_wconf 90' lang='lat' dir='ltr'>de</span> <span class='ocrx_word' id='word_1_682' title='bbox 2508 3467 2720 3523; x_wconf 89' lang='lat' dir='ltr'>futuris</span> <span class='ocrx_word' id='word_1_683' title='bbox 2768 3469 3060 3526; x_wconf 86' lang='lat' dir='ltr'>benedixit</span> <span class='ocrx_word' id='word_1_684' title='bbox 3108 3473 3287 3542; x_wconf 90' lang='lat' dir='ltr'>Isaac,</span> <span class='ocrx_word' id='word_1_685' title='bbox 3328 3475 3505 3533; x_wconf 88' lang='lat' dir='ltr'>Jacob</span> <span class='ocrx_word' id='word_1_686' title='bbox 3556 3484 3614 3536; x_wconf 90' lang='lat' dir='ltr'>et</span> 
     </span>
    </p>
   </div>
   <div class='ocr_carea' id='block_1_90' title="bbox 1970 3557 3609 3636">
    <p class='ocr_par' dir='ltr' id='par_1_90' title="bbox 1970 3557 3609 3636">
     <span class='ocr_line' id='line_1_90' title="bbox 1970 3557 3609 3636; baseline 0.007 -23"><span class='ocrx_word' id='word_1_687' title='bbox 1970 3560 2142 3613; x_wconf 90' lang='lat' dir='ltr'>Esau.</span> <span class='ocrx_word' id='word_1_688' title='bbox 2172 3579 2200 3607; x_wconf 83' lang='lat'>»</span> <span class='ocrx_word' id='word_1_689' title='bbox 2232 3557 2485 3626; x_wconf 89' lang='lat' dir='ltr'>Futuris,</span> <span class='ocrx_word' id='word_1_690' title='bbox 2510 3574 2625 3611; x_wconf 90' lang='lat' dir='ltr'>non</span> <span class='ocrx_word' id='word_1_691' title='bbox 2658 3557 2921 3613; x_wconf 90' lang='lat' dir='ltr'>futurum</span> <span class='ocrx_word' id='word_1_692' title='bbox 2945 3560 3221 3617; x_wconf 67' lang='lat' dir='ltr'>saeculum</span> <span class='ocrx_word' id='word_1_693' title='bbox 3246 3563 3609 3636; x_wconf 84' lang='lat' dir='ltr'>signiﬁcans,</span> 
     </span>
    </p>
   </div>
   <div class='ocr_carea' id='block_1_91' title="bbox 1970 3645 3610 3719">
    <p class='ocr_par' dir='ltr' id='par_1_91' title="bbox 1970 3645 3610 3719">
     <span class='ocr_line' id='line_1_91' title="bbox 1970 3645 3610 3719; baseline 0.005 -16"><span class='ocrx_word' id='word_1_694' title='bbox 1970 3647 2070 3703; x_wconf 90' lang='lat' dir='ltr'>sed</span> <span class='ocrx_word' id='word_1_695' title='bbox 2104 3648 2299 3701; x_wconf 87' lang='lat' dir='ltr'>futura</span> <span class='ocrx_word' id='word_1_696' title='bbox 2330 3645 2506 3715; x_wconf 84' lang='lat' dir='ltr'>hujus</span> <span class='ocrx_word' id='word_1_697' title='bbox 2538 3646 2756 3712; x_wconf 73' lang='lat' dir='ltr'>seaculi,</span> <span class='ocrx_word' id='word_1_698' title='bbox 2788 3648 2859 3702; x_wconf 91' lang='lat' dir='ltr'>de</span> <span class='ocrx_word' id='word_1_699' title='bbox 2890 3665 3004 3719; x_wconf 92' lang='lat' dir='ltr'>quo</span> <span class='ocrx_word' id='word_1_700' title='bbox 3037 3651 3317 3708; x_wconf 88' lang='lat' dir='ltr'>Dominus</span> <span class='ocrx_word' id='word_1_701' title='bbox 3362 3655 3504 3709; x_wconf 89' lang='lat' dir='ltr'>dicit</span> <span class='ocrx_word' id='word_1_702' title='bbox 3550 3657 3610 3712; x_wconf 92' lang='lat' dir='ltr'>in</span> 
     </span>
    </p>
   </div>
   <div class='ocr_carea' id='block_1_92' title="bbox 1970 3735 3611 3814">
    <p class='ocr_par' dir='ltr' id='par_1_92' title="bbox 1970 3735 3611 3814">
     <span class='ocr_line' id='line_1_92' title="bbox 1970 3735 3611 3814; baseline 0.005 -23"><span class='ocrx_word' id='word_1_703' title='bbox 1970 3735 2317 3807; x_wconf 90' lang='lat' dir='ltr'>Evangelio:</span> <span class='ocrx_word' id='word_1_704' title='bbox 2354 3736 2513 3798; x_wconf 88' lang='lat' dir='ltr'>Quod</span> <span class='ocrx_word' id='word_1_705' title='bbox 2548 3758 2575 3783; x_wconf 88' lang='lat'><strong><em>«</em></strong></span> <span class='ocrx_word' id='word_1_706' title='bbox 2602 3735 2771 3790; x_wconf 89' lang='lat' dir='ltr'>multi</span> <span class='ocrx_word' id='word_1_707' title='bbox 2804 3738 3119 3809; x_wconf 77' lang='lat' dir='ltr'>prophetae,</span> <span class='ocrx_word' id='word_1_708' title='bbox 3144 3745 3201 3795; x_wconf 90' lang='lat' dir='ltr'>et</span> <span class='ocrx_word' id='word_1_709' title='bbox 3233 3758 3399 3814; x_wconf 88' lang='lat' dir='ltr'>reges</span> <span class='ocrx_word' id='word_1_710' title='bbox 3420 3745 3611 3800; x_wconf 84' lang='lat' dir='ltr'>volue-</span> 
     </span>
    </p>
   </div>
   <div class='ocr_carea' id='block_1_93' title="bbox 1972 3824 3615 3899">
    <p class='ocr_par' dir='ltr' id='par_1_93' title="bbox 1972 3824 3615 3899">
     <span class='ocr_line' id='line_1_93' title="bbox 1972 3824 3615 3899; baseline 0.007 -20"><span class='ocrx_word' id='word_1_711' title='bbox 1972 3830 2109 3879; x_wconf 92' lang='lat' dir='ltr'>runt</span> <span class='ocrx_word' id='word_1_712' title='bbox 2140 3825 2332 3878; x_wconf 87' lang='lat' dir='ltr'>videre</span> <span class='ocrx_word' id='word_1_713' title='bbox 2384 3841 2508 3894; x_wconf 72' lang='lat' dir='ltr'>qua:</span> <span class='ocrx_word' id='word_1_714' title='bbox 2565 3840 2665 3878; x_wconf 86' lang='lat' dir='ltr'>vos</span> <span class='ocrx_word' id='word_1_715' title='bbox 2714 3824 2939 3892; x_wconf 90' lang='lat' dir='ltr'>videtis,</span> <span class='ocrx_word' id='word_1_716' title='bbox 2973 3833 3030 3882; x_wconf 92' lang='lat' dir='ltr'>et</span> <span class='ocrx_word' id='word_1_717' title='bbox 3077 3846 3189 3884; x_wconf 91' lang='lat' dir='ltr'>non</span> <span class='ocrx_word' id='word_1_718' title='bbox 3235 3831 3523 3899; x_wconf 91' lang='lat' dir='ltr'>viderunt,</span> <span class='ocrx_word' id='word_1_719' title='bbox 3557 3839 3615 3889; x_wconf 92' lang='lat' dir='ltr'>et</span> 
     </span>
    </p>
   </div>
   <div class='ocr_carea' id='block_1_94' title="bbox 1971 3912 3645 3994">
    <p class='ocr_par' dir='ltr' id='par_1_94' title="bbox 1971 3912 3645 3994">
     <span class='ocr_line' id='line_1_94' title="bbox 1971 3912 3645 3994; baseline 0.005 -26"><span class='ocrx_word' id='word_1_720' title='bbox 1971 3912 2174 3969; x_wconf 88' lang='lat' dir='ltr'>audire</span> <span class='ocrx_word' id='word_1_721' title='bbox 2197 3930 2321 3983; x_wconf 68' lang='lat' dir='ltr'>quae</span> <span class='ocrx_word' id='word_1_722' title='bbox 2348 3912 2589 3977; x_wconf 88' lang='lat' dir='ltr'>auditis,</span> <span class='ocrx_word' id='word_1_723' title='bbox 2611 3918 2667 3966; x_wconf 92' lang='lat' dir='ltr'>et</span> <span class='ocrx_word' id='word_1_724' title='bbox 2698 3930 2811 3967; x_wconf 88' lang='lat' dir='ltr'>non</span> <span class='ocrx_word' id='word_1_725' title='bbox 2838 3915 3150 3970; x_wconf 90' lang='lat' dir='ltr'>audierunt</span> <span class='ocrx_word' id='word_1_726' title='bbox 3173 3918 3324 3989; x_wconf 84' lang='lat' dir='ltr'>(Luc.</span> <span class='ocrx_word' id='word_1_727' title='bbox 3357 3939 3412 3987; x_wconf 86' lang='lat' dir='ltr'>x,</span> <span class='ocrx_word' id='word_1_728' title='bbox 3444 3924 3553 3994; x_wconf 77' lang='grc'>24).</span> <span class='ocrx_word' id='word_1_729' title='bbox 3582 3944 3608 3974; x_wconf 75' lang='grc' dir='ltr'>ι)</span> <span class='ocrx_word' id='word_1_730' title='bbox 3640 3956 3645 3959; x_wconf 65' lang='grc'><strong><em>»</em></strong></span> 
     </span>
    </p>
   </div>
   <div class='ocr_carea' id='block_1_95' title="bbox 1971 4001 3612 4081">
    <p class='ocr_par' dir='ltr' id='par_1_95' title="bbox 1971 4001 3612 4081">
     <span class='ocr_line' id='line_1_95' title="bbox 1971 4001 3612 4081; baseline 0.006 -25"><span class='ocrx_word' id='word_1_731' title='bbox 1971 4004 2029 4057; x_wconf 91' lang='lat' dir='ltr'>Si</span> <span class='ocrx_word' id='word_1_732' title='bbox 2058 4001 2213 4056; x_wconf 90' lang='lat' dir='ltr'>enim</span> <span class='ocrx_word' id='word_1_733' title='bbox 2262 4006 2566 4073; x_wconf 88' lang='lat' dir='ltr'>propterea</span> <span class='ocrx_word' id='word_1_734' title='bbox 2608 4018 2723 4056; x_wconf 91' lang='lat' dir='ltr'>non</span> <span class='ocrx_word' id='word_1_735' title='bbox 2763 4001 3129 4058; x_wconf 83' lang='lat' dir='ltr'>revelabatur</span> <span class='ocrx_word' id='word_1_736' title='bbox 3164 4006 3338 4063; x_wconf 83' lang='lat' dir='ltr'>Filius</span> <span class='ocrx_word' id='word_1_737' title='bbox 3370 4011 3612 4081; x_wconf 90' lang='lat' dir='ltr'>quibus-</span> 
     </span>
    </p>
   </div>
   <div class='ocr_carea' id='block_1_96' title="bbox 1973 4090 3617 4171">
    <p class='ocr_par' dir='ltr' id='par_1_96' title="bbox 1973 4090 3617 4171">
     <span class='ocr_line' id='line_1_96' title="bbox 1973 4090 3617 4171; baseline 0.006 -26"><span class='ocrx_word' id='word_1_738' title='bbox 1973 4092 2129 4157; x_wconf 90' lang='lat' dir='ltr'>dam,</span> <span class='ocrx_word' id='word_1_739' title='bbox 2155 4094 2389 4161; x_wconf 89' lang='lat' dir='ltr'>propter</span> <span class='ocrx_word' id='word_1_740' title='bbox 2411 4090 2811 4144; x_wconf 89' lang='lat' dir='ltr'>inﬁrmitatem</span> <span class='ocrx_word' id='word_1_741' title='bbox 2837 4107 3061 4161; x_wconf 89' lang='lat' dir='ltr'>eorum,</span> <span class='ocrx_word' id='word_1_742' title='bbox 3088 4095 3184 4164; x_wconf 93' lang='lat' dir='ltr'>qui</span> <span class='ocrx_word' id='word_1_743' title='bbox 3214 4112 3345 4150; x_wconf 91' lang='lat' dir='ltr'>eum</span> <span class='ocrx_word' id='word_1_744' title='bbox 3380 4115 3495 4153; x_wconf 90' lang='lat' dir='ltr'>non</span> <span class='ocrx_word' id='word_1_745' title='bbox 3520 4117 3617 4171; x_wconf 88' lang='lat' dir='ltr'>po-</span> 
     </span>
    </p>
   </div>
   <div class='ocr_carea' id='block_1_97' title="bbox 1975 4178 3614 4252">
    <p class='ocr_par' dir='ltr' id='par_1_97' title="bbox 1975 4178 3614 4252">
     <span class='ocr_line' id='line_1_97' title="bbox 1975 4178 3614 4252; baseline 0.005 -18"><span class='ocrx_word' id='word_1_746' title='bbox 1975 4183 2163 4235; x_wconf 83' lang='lat' dir='ltr'>terant</span> <span class='ocrx_word' id='word_1_747' title='bbox 2191 4178 2474 4249; x_wconf 88' lang='lat' dir='ltr'>excipere,</span> <span class='ocrx_word' id='word_1_748' title='bbox 2498 4183 2897 4234; x_wconf 88' lang='lat' dir='ltr'>verumtamen</span> <span class='ocrx_word' id='word_1_749' title='bbox 2930 4178 3047 4235; x_wconf 93' lang='lat' dir='ltr'>illis</span> <span class='ocrx_word' id='word_1_750' title='bbox 3079 4182 3177 4252; x_wconf 91' lang='lat' dir='ltr'>qui</span> <span class='ocrx_word' id='word_1_751' title='bbox 3212 4184 3443 4240; x_wconf 91' lang='lat' dir='ltr'>virtutis</span> <span class='ocrx_word' id='word_1_752' title='bbox 3477 4187 3614 4242; x_wconf 84' lang='lat' dir='ltr'>cha-</span> 
     </span>
    </p>
   </div>
   <div class='ocr_carea' id='block_1_98' title="bbox 1973 4267 3615 4345">
    <p class='ocr_par' dir='ltr' id='par_1_98' title="bbox 1973 4267 3615 4345">
     <span class='ocr_line' id='line_1_98' title="bbox 1973 4267 3615 4345; baseline 0.004 -22"><span class='ocrx_word' id='word_1_753' title='bbox 1973 4269 2141 4323; x_wconf 88' lang='lat' dir='ltr'>ritate</span> <span class='ocrx_word' id='word_1_754' title='bbox 2176 4268 2497 4339; x_wconf 83' lang='lat' dir='ltr'>fulgebant,</span> <span class='ocrx_word' id='word_1_755' title='bbox 2522 4267 2903 4323; x_wconf 83' lang='lat' dir='ltr'>revelabatur.</span> <span class='ocrx_word' id='word_1_756' title='bbox 2928 4268 2997 4323; x_wconf 89' lang='lat' dir='ltr'>Et</span> <span class='ocrx_word' id='word_1_757' title='bbox 3026 4270 3135 4325; x_wconf 91' lang='lat' dir='ltr'>hoc</span> <span class='ocrx_word' id='word_1_758' title='bbox 3166 4273 3339 4328; x_wconf 85' lang='lat' dir='ltr'>etiam</span> <span class='ocrx_word' id='word_1_759' title='bbox 3369 4276 3615 4345; x_wconf 91' lang='lat' dir='ltr'>Aposto-</span> 
     </span>
    </p>
   </div>
   <div class='ocr_carea' id='block_1_99' title="bbox 1973 4356 3616 4435">
    <p class='ocr_par' dir='ltr' id='par_1_99' title="bbox 1973 4356 3616 4435">
     <span class='ocr_line' id='line_1_99' title="bbox 1973 4356 3616 4435; baseline 0.004 -23"><span class='ocrx_word' id='word_1_760' title='bbox 1973 4357 2066 4413; x_wconf 91' lang='lat' dir='ltr'>lus</span> <span class='ocrx_word' id='word_1_761' title='bbox 2099 4356 2256 4427; x_wconf 90' lang='lat' dir='ltr'>dicit,</span> <span class='ocrx_word' id='word_1_762' title='bbox 2290 4356 2428 4427; x_wconf 89' lang='lat' dir='ltr'>quia</span> <span class='ocrx_word' id='word_1_763' title='bbox 2460 4372 2560 4427; x_wconf 88' lang='lat' dir='ltr'>pcr</span> <span class='ocrx_word' id='word_1_764' title='bbox 2590 4356 2762 4410; x_wconf 90' lang='lat' dir='ltr'>ﬁdem</span> <span class='ocrx_word' id='word_1_765' title='bbox 2797 4372 2893 4411; x_wconf 88' lang='lat' dir='ltr'>eos</span> <span class='ocrx_word' id='word_1_766' title='bbox 2925 4358 3220 4416; x_wconf 87' lang='lat' dir='ltr'>benedixit</span> <span class='ocrx_word' id='word_1_767' title='bbox 3252 4362 3447 4419; x_wconf 88' lang='lat' dir='ltr'>futura</span> <span class='ocrx_word' id='word_1_768' title='bbox 3477 4380 3616 4435; x_wconf 72' lang='lat' dir='ltr'>praa~</span> 
     </span>
    </p>
   </div>
   <div class='ocr_carea' id='block_1_100' title="bbox 1972 4444 3615 4525">
    <p class='ocr_par' dir='ltr' id='par_1_100' title="bbox 1972 4444 3615 4525">
     <span class='ocr_line' id='line_1_100' title="bbox 1972 4444 3615 4525; baseline 0.005 -25"><span class='ocrx_word' id='word_1_769' title='bbox 1972 4446 2175 4500; x_wconf 90' lang='lat' dir='ltr'>videns</span> <span class='ocrx_word' id='word_1_770' title='bbox 2203 4463 2216 4513; x_wconf 90' lang='lat'><strong>;</strong></span> <span class='ocrx_word' id='word_1_771' title='bbox 2251 4445 2389 4515; x_wconf 91' lang='lat' dir='ltr'>quia</span> <span class='ocrx_word' id='word_1_772' title='bbox 2424 4450 2482 4499; x_wconf 88' lang='lat' dir='ltr'>et</span> <span class='ocrx_word' id='word_1_773' title='bbox 2510 4444 2688 4499; x_wconf 88' lang='lat' dir='ltr'>Jacob</span> <span class='ocrx_word' id='word_1_774' title='bbox 2721 4446 2966 4516; x_wconf 89' lang='lat' dir='ltr'>ﬁguram</span> <span class='ocrx_word' id='word_1_775' title='bbox 2998 4447 3229 4517; x_wconf 89' lang='lat' dir='ltr'>Christi,</span> <span class='ocrx_word' id='word_1_776' title='bbox 3267 4451 3386 4507; x_wconf 89' lang='lat' dir='ltr'>sive</span> <span class='ocrx_word' id='word_1_777' title='bbox 3418 4452 3615 4525; x_wconf 91' lang='lat' dir='ltr'>populi</span> 
     </span>
    </p>
   </div>
   <div class='ocr_carea' id='block_1_101' title="bbox 1974 4534 3444 4610">
    <p class='ocr_par' dir='ltr' id='par_1_101' title="bbox 1974 4534 3444 4610">
     <span class='ocr_line' id='line_1_101' title="bbox 1974 4534 3444 4610; baseline 0.003 -20"><span class='ocrx_word' id='word_1_778' title='bbox 1974 4534 2288 4590; x_wconf 89' lang='lat' dir='ltr'>Christiani</span> <span class='ocrx_word' id='word_1_779' title='bbox 2319 4535 2603 4604; x_wconf 86' lang='lat' dir='ltr'>gestabat,</span> <span class='ocrx_word' id='word_1_780' title='bbox 2638 4534 2788 4588; x_wconf 85' lang='lat' dir='ltr'>Esau</span> <span class='ocrx_word' id='word_1_781' title='bbox 2820 4551 2949 4590; x_wconf 89' lang='lat' dir='ltr'>vero</span> <span class='ocrx_word' id='word_1_782' title='bbox 2978 4538 3207 4592; x_wconf 90' lang='lat' dir='ltr'>Judaici</span> <span class='ocrx_word' id='word_1_783' title='bbox 3237 4540 3444 4610; x_wconf 77' lang='grc'>(1449).</span> 
     </span>
    </p>
   </div>
   <div class='ocr_carea' id='block_1_102' title="bbox 2047 4621 3616 4701">
    <p class='ocr_par' dir='ltr' id='par_1_102' title="bbox 2047 4621 3616 4701">
     <span class='ocr_line' id='line_1_102' title="bbox 2047 4621 3616 4701; baseline 0.009 -29"><span class='ocrx_word' id='word_1_784' title='bbox 2047 4645 2073 4672; x_wconf 89' lang='grc'>‹‹</span> <span class='ocrx_word' id='word_1_785' title='bbox 2106 4622 2245 4676; x_wconf 89' lang='lat' dir='ltr'>Fide</span> <span class='ocrx_word' id='word_1_786' title='bbox 2274 4621 2451 4676; x_wconf 84' lang='lat' dir='ltr'>Jacob</span> <span class='ocrx_word' id='word_1_787' title='bbox 2483 4621 2757 4688; x_wconf 89' lang='lat' dir='ltr'>moriens,</span> <span class='ocrx_word' id='word_1_788' title='bbox 2794 4622 3057 4693; x_wconf 89' lang='lat' dir='ltr'>singulos</span> <span class='ocrx_word' id='word_1_789' title='bbox 3097 4626 3355 4682; x_wconf 87' lang='lat' dir='ltr'>ﬁliorum</span> <span class='ocrx_word' id='word_1_790' title='bbox 3395 4630 3616 4701; x_wconf 87' lang='lat' dir='ltr'>Joseph</span> 
     </span>
    </p>
   </div>
   <div class='ocr_carea' id='block_1_103' title="bbox 1976 4711 3621 4786">
    <p class='ocr_par' dir='ltr' id='par_1_103' title="bbox 1976 4711 3621 4786">
     <span class='ocr_line' id='line_1_103' title="bbox 1976 4711 3621 4786; baseline 0.004 -18"><span class='ocrx_word' id='word_1_791' title='bbox 1976 4711 2286 4771; x_wconf 85' lang='lat' dir='ltr'>benedixit.</span> <span class='ocrx_word' id='word_1_792' title='bbox 2312 4717 2368 4765; x_wconf 92' lang='lat' dir='ltr'>et</span> <span class='ocrx_word' id='word_1_793' title='bbox 2389 4711 2650 4765; x_wconf 89' lang='lat' dir='ltr'>adoravit</span> <span class='ocrx_word' id='word_1_794' title='bbox 2674 4711 2969 4781; x_wconf 84' lang='lat' dir='ltr'>fastigium</span> <span class='ocrx_word' id='word_1_795' title='bbox 2998 4715 3169 4785; x_wconf 63' lang='lat' dir='ltr'>virga)</span> <span class='ocrx_word' id='word_1_796' title='bbox 3195 4718 3242 4786; x_wconf 90' lang='lat' dir='ltr'>ej</span> <span class='ocrx_word' id='word_1_797' title='bbox 3255 4734 3341 4772; x_wconf 90' lang='lat' dir='ltr'>us.</span> <span class='ocrx_word' id='word_1_798' title='bbox 3368 4740 3396 4766; x_wconf 85' lang='lat'>»</span> <span class='ocrx_word' id='word_1_799' title='bbox 3422 4718 3542 4773; x_wconf 90' lang='lat' dir='ltr'>Imo</span> <span class='ocrx_word' id='word_1_800' title='bbox 3564 4723 3621 4773; x_wconf 90' lang='lat' dir='ltr'>et</span> 
     </span>
    </p>
   </div>
   <div class='ocr_carea' id='block_1_104' title="bbox 1974 4800 3619 4873">
    <p class='ocr_par' dir='ltr' id='par_1_104' title="bbox 1974 4800 3619 4873">
     <span class='ocr_line' id='line_1_104' title="bbox 1974 4800 3619 4873; baseline 0.002 -16"><span class='ocrx_word' id='word_1_801' title='bbox 1974 4802 2099 4873; x_wconf 91' lang='lat' dir='ltr'>ipse</span> <span class='ocrx_word' id='word_1_802' title='bbox 2120 4802 2296 4856; x_wconf 87' lang='lat' dir='ltr'>Jacob</span> <span class='ocrx_word' id='word_1_803' title='bbox 2319 4816 2421 4870; x_wconf 90' lang='lat' dir='ltr'>per</span> <span class='ocrx_word' id='word_1_804' title='bbox 2443 4801 2615 4854; x_wconf 87' lang='lat' dir='ltr'>ﬁdem</span> <span class='ocrx_word' id='word_1_805' title='bbox 2641 4800 2936 4855; x_wconf 84' lang='lat' dir='ltr'>benedixit</span> <span class='ocrx_word' id='word_1_806' title='bbox 2960 4803 3225 4873; x_wconf 91' lang='lat' dir='ltr'>singulos</span> <span class='ocrx_word' id='word_1_807' title='bbox 3249 4804 3503 4861; x_wconf 88' lang='lat' dir='ltr'>ﬁliorum</span> <span class='ocrx_word' id='word_1_808' title='bbox 3520 4807 3619 4861; x_wconf 89' lang='lat' dir='ltr'>Jo-</span> 
     </span>
    </p>
   </div>
   <div class='ocr_carea' id='block_1_105' title="bbox 1977 4888 3621 4963">
    <p class='ocr_par' dir='ltr' id='par_1_105' title="bbox 1977 4888 3621 4963">
     <span class='ocr_line' id='line_1_105' title="bbox 1977 4888 3621 4963; baseline 0.001 -16"><span class='ocrx_word' id='word_1_809' title='bbox 1977 4891 2141 4963; x_wconf 91' lang='lat' dir='ltr'>seph,</span> <span class='ocrx_word' id='word_1_810' title='bbox 2174 4888 2475 4961; x_wconf 87' lang='lat' dir='ltr'>Ephraim,</span> <span class='ocrx_word' id='word_1_811' title='bbox 2504 4893 2559 4943; x_wconf 93' lang='lat' dir='ltr'>et</span> <span class='ocrx_word' id='word_1_812' title='bbox 2590 4889 2941 4953; x_wconf 81' lang='lat' dir='ltr'>Manasscm,</span> <span class='ocrx_word' id='word_1_813' title='bbox 2967 4891 3023 4946; x_wconf 92' lang='lat' dir='ltr'>id</span> <span class='ocrx_word' id='word_1_814' title='bbox 3056 4897 3164 4958; x_wconf 90' lang='lat' dir='ltr'>est,</span> <span class='ocrx_word' id='word_1_815' title='bbox 3190 4894 3338 4948; x_wconf 91' lang='lat' dir='ltr'>duos</span> <span class='ocrx_word' id='word_1_816' title='bbox 3368 4900 3621 4950; x_wconf 88' lang='lat' dir='ltr'>tantum.</span> 
     </span>
    </p>
   </div>
   <div class='ocr_carea' id='block_1_106' title="bbox 1978 4978 3628 5053">
    <p class='ocr_par' dir='ltr' id='par_1_106' title="bbox 1978 4978 3628 5053">
     <span class='ocr_line' id='line_1_106' title="bbox 1978 4978 3628 5053; baseline 0 -16"><span class='ocrx_word' id='word_1_817' title='bbox 1978 4983 2109 5037; x_wconf 91' lang='lat' dir='ltr'>Ideo</span> <span class='ocrx_word' id='word_1_818' title='bbox 2132 4978 2347 5051; x_wconf 90' lang='lat' dir='ltr'>singuli</span> <span class='ocrx_word' id='word_1_819' title='bbox 2377 4979 2670 5045; x_wconf 89' lang='lat' dir='ltr'>dicuntur,</span> <span class='ocrx_word' id='word_1_820' title='bbox 2698 4979 2837 5048; x_wconf 85' lang='lat' dir='ltr'>quia</span> <span class='ocrx_word' id='word_1_821' title='bbox 2869 4996 3355 5053; x_wconf 89' lang='lat' dir='ltr'>unumquemque</span> <span class='ocrx_word' id='word_1_822' title='bbox 3381 4985 3452 5039; x_wconf 91' lang='lat' dir='ltr'>de</span> <span class='ocrx_word' id='word_1_823' title='bbox 3484 4986 3628 5040; x_wconf 92' lang='lat' dir='ltr'>duo-</span> 
     </span>
    </p>
   </div>
   <div class='ocr_carea' id='block_1_107' title="bbox 1978 5067 3637 5139">
    <p class='ocr_par' dir='ltr' id='par_1_107' title="bbox 1978 5067 3637 5139">
     <span class='ocr_line' id='line_1_107' title="bbox 1978 5067 3637 5139; baseline 0 -15"><span class='ocrx_word' id='word_1_824' title='bbox 1978 5072 2087 5125; x_wconf 88' lang='lat' dir='ltr'>bus</span> <span class='ocrx_word' id='word_1_825' title='bbox 2122 5068 2367 5123; x_wconf 88' lang='lat' dir='ltr'>seorsim</span> <span class='ocrx_word' id='word_1_826' title='bbox 2399 5067 2712 5123; x_wconf 84' lang='lat' dir='ltr'>benedixit.</span> <span class='ocrx_word' id='word_1_827' title='bbox 2746 5067 2890 5120; x_wconf 92' lang='lat' dir='ltr'>Nam</span> <span class='ocrx_word' id='word_1_828' title='bbox 2944 5086 3049 5139; x_wconf 88' lang='lat' dir='ltr'>per</span> <span class='ocrx_word' id='word_1_829' title='bbox 3097 5070 3405 5139; x_wconf 85' lang='lat' dir='ltr'>majorem,</span> <span class='ocrx_word' id='word_1_830' title='bbox 3437 5073 3496 5126; x_wconf 92' lang='lat' dir='ltr'>id</span> <span class='ocrx_word' id='word_1_831' title='bbox 3547 5074 3637 5125; x_wconf 90' lang='lat' dir='ltr'>est</span> 
     </span>
    </p>
   </div>
   <div class='ocr_carea' id='block_1_108' title="bbox 1978 5156 3635 5194">
    <p class='ocr_par' dir='ltr' id='par_1_108' title="bbox 1978 5156 3635 5194">
     <span class='ocr_line' id='line_1_108' title="bbox 1978 5156 3635 5194; baseline 0 0"><span class='ocrx_word' id='word_1_832' title='bbox 1978 5177 2080 5194; x_wconf 70' lang='lat' dir='ltr'>non</span> <span class='ocrx_word' id='word_1_833' title='bbox 2111 5159 2415 5194; x_wconf 66' lang='grc' dir='ltr'>Μοηρειοοη</span> <span class='ocrx_word' id='word_1_834' title='bbox 2476 5157 2848 5194; x_wconf 65' lang='lat' dir='ltr'>nrmfirrnrnm:</span> <span class='ocrx_word' id='word_1_835' title='bbox 2880 5156 3064 5194; x_wconf 65' lang='lat' dir='ltr'>vnlnit</span> <span class='ocrx_word' id='word_1_836' title='bbox 3100 5158 3383 5194; x_wconf 77' lang='lat' dir='ltr'>nnnnlnm</span> <span class='ocrx_word' id='word_1_837' title='bbox 3417 5161 3635 5194; x_wconf 75' lang='lat' dir='ltr'>Inrlmn-</span> 
     </span>
    </p>
   </div>
  </div>
