3976 5348
463 314 581 378 807

463 536 763 595 osculatus
789 540 899 601 est,
915 549 1158 605 regnum
1172 530 1406 597 Christi,
1423 532 1578 602 quod
1604 531 1891 601 praescivit
1914 531 1970 584 in
1996 531 2107 602 spi-

464 627 605 688 ritu.
639 625 794 697 quod
845 625 905 679 in
956 624 1068 676 fine
1102 620 1297 675 saeculi
1328 626 1453 675 erat
1487 621 1772 683 futurum,
1806 619 2100 685 adoravit;

463 716 617 787 quod
648 730 749 785 per
772 727 971 767 verum
993 710 1234 781 Joseph,
1258 710 1315 763 id
1338 714 1447 779 est,
1475 708 1782 762 Dominum
1806 708 2102 762 Christum

462 803 579 876 regi
614 801 978 874 praevidebat.
1004 800 1115 855 Seu
1149 798 1454 870 praescivit,
1479 798 1635 868 quod
1666 797 1737 851 de
1770 797 1971 851 eodem
2005 812 2100 867 ge-

462 908 598 946 nere
620 889 722 962 qui
742 891 965 961 virgam
987 888 1149 960 regni
1176 890 1582 957 susceperunt,
1607 889 1811 956 postea
1834 885 2102 940 Christus

461 979 795 1036 nasciturus
814 983 954 1034 erat.
970 976 1071 1031 Vel
1094 977 1247 1031 sicut
1267 974 1361 1029 alii
1386 973 1736 1045 intelligunt,
1754 974 1906 1045 quod
1932 973 2102 1028 nobis

460 1070 565 1125 abs
598 1084 658 1123 re
687 1083 817 1123 esse
843 1066 1091 1131 videtur,
1118 1063 1395 1134 quoniam
1419 1066 1853 1117 resurrecturus
1880 1066 2004 1115 erat
2032 1077 2102 1115 ex

458 1158 724 1228 Ephrem
747 1155 930 1225 (1450)
964 1170 1080 1217 rex,
1115 1152 1212 1223 qui
1245 1156 1445 1222 postea
1474 1166 1651 1221 super
1680 1150 1878 1205 decem
1910 1149 2099 1203 tribu—

460 1248 573 1303 bus
604 1245 900 1317 regnavit;
935 1246 1238 1314 propterea
1268 1242 1569 1296 adorasset
1598 1238 1896 1311 fastigium
1927 1238 2099 1309 virgae

461 1336 489 1393 J
499 1335 701 1407 oseph.

532 1448 561 1475 ‹‹
596 1423 731 1479 Fide
761 1421 975 1492 Joseph
1006 1419 1282 1485 moriens,
1316 1419 1387 1473 de
1439 1417 1793 1489 profectione
1846 1415 2096 1471 ﬂliorum

458 1512 632 1569 Israel
658 1519 1018 1567 memoratus
1042 1513 1221 1573 est,et
1247 1509 1317 1562 de
1339 1507 1571 1563 ossibus
1594 1506 1717 1561 suis
1743 1505 2096 1561 mandavit.»

458 1601 583 1657 Non
610 1601 768 1656 enim
802 1600 945 1654 dixit
972 1597 1209 1669 Joseph,
1247 1596 1385 1668 quia
1419 1612 1510 1650 me
1546 1595 1774 1649 vivente
1804 1594 1952 1648 hanc
1988 1598 2098 1648 ter-

458 1706 583 1746 ram
612 1706 724 1744 non
759 1688 920 1743 dedit
953 1687 1098 1758 patri
1132 1702 1281 1752 meo,
1312 1701 1500 1756 neque
1529 1700 1631 1739 avo
1664 1700 1812 1747 meo,
1847 1699 2097 1753 quorum

456 1778 729 1833 virtutem
751 1775 948 1847 magni
969 1774 1367 1847 pendebat.Nu
1380 1790 1433 1827 m
1454 1774 1598 1827 istos
1613 1772 1821 1843 dignos
1841 1772 1990 1826 factu
2000 1787 2099 1825 rus

457 1871 564 1934 est,
580 1871 645 1921 ut
665 1865 988 1937 percipiant
1008 1880 1133 1935 quas
1156 1863 1239 1917 illi
1257 1862 1415 1933 digni
1439 1867 1579 1916 sunt
1608 1860 1737 1915 facti
1763 1860 2057 1932 percipere
2073 1858 2099 1912 ?

454 1954 608 2010 Nihil
641 1954 851 2009 borum
898 1952 1061 2019 dixit,
1092 1952 1193 2007 sed
1244 1956 1456 2005 cuncta
1503 1950 1774 2020 speravit,
1807 1948 1945 2019 quia
1997 1964 2100 2019 per

453 2045 630 2101 fidem
654 2042 915 2114 prasvidit
938 2058 1063 2113 qum
1090 2042 1285 2095 futura
1306 2028 1489 2095 erant.
1511 2038 1669 2093 Unde
1692 2042 1749 2093 et
1771 2038 1894 2107 ipse
1917 2036 2057 2091 dicit
2082 2053 2094 2090 :

455 2133 731 2189 Visitabit
751 2149 853 2187 vos
879 2133 1028 2185 Deus
1060 2134 1190 2201 post
1222 2129 1438 2183 multos
1465 2127 1614 2195 dies,
1640 2128 1781 2181 ferte
1809 2142 1944 2181 ossa
1971 2140 2102 2179 mea

453 2222 756 2277 vobiscum
788 2219 940 2291 (Gen.
988 2236 1037 2284 ι,
1087 2219 1193 2284 23;
1242 2216 1419 2271 Ιίωθά.
1454 2233 1577 2281 χιιι,
1612 2218 1719 2285 19).
1755 2216 1899 2269 Hinc
1949 2230 2099 2268 nun-

457 2327 632 2383 quam
665 2310 821 2365 enim
853 2310 924 2363 de
974 2308 1099 2362 suis
1139 2305 1374 2360 ossibus
1406 2306 1733 2368 mandaret,
1766 2302 1879 2357 nisi
1928 2301 2101 2374 plena

457 2401 570 2454 fide
600 2401 860 2469 speraret
889 2395 1180 2451 redditum
1214 2410 1415 2448 eorum
1449 2394 1507 2447 in
1538 2397 1752 2448 terram
1787 2391 2097 2462 repromis-

457 2488 658 2543 sionis.
676 2486 799 2544 Non
818 2485 975 2541 enim
995 2483 1139 2554 justi
1161 2499 1359 2536 curam
1377 2482 1659 2553 gerebant
1675 2479 2094 2552 sepulcrorum.

456 2577 581 2632 Non
611 2576 766 2631 enim
798 2574 1080 2629 debemus
1129 2571 1537 2643 pusillanimes
1581 2570 1728 2636 ﬁeri,
1762 2570 2100 2639 ubicunque

454 2664 828 2738 sepeliamur,
856 2662 1104 2717 maxime
1126 2678 1258 2715 cum
1290 2660 1677 2732 plurimorum
1703 2658 1937 2712 fortium
1961 2673 2094 2711 san-

455 2760 682 2810 ctorum
715 2752 1045 2807 nesciamus
1090 2750 1190 2804 ubi
1225 2765 1468 2819 corpora
1497 2764 1697 2803 eorum
1724 2748 1958 2817 jaceant
1988 2745 2096 2799 hu-

458 2849 648 2909 mata;
674 2844 890 2912 quanto
915 2840 1111 2895 minus
1137 2855 1243 2893 nos
1268 2838 1547 2892 debemus
1577 2837 1648 2891 de
1672 2836 1779 2891 hac
1810 2851 1868 2889 re
1895 2850 2098 2889 curam

458 2948 657 3004 gerere
676 2929 704 2984 ?

528 3020 710 3092 (1451)
757 3041 785 3068 ‹‹
817 3018 951 3073 Fide
980 3018 1205 3089 Moyses
1236 3019 1429 3081 natus,
1460 3012 1787 3069 occultatus
1819 3016 1907 3067 est
1936 3028 2099 3066 meu-

462 3110 628 3165 sibus
657 3108 846 3163 tribus
897 3124 933 3161 a
981 3106 1320 3178 parentibus
1353 3104 1499 3169 suis,
1532 3120 1597 3158 eo
1629 3102 1783 3173 quod
1816 3102 2100 3156 vidissent

1478 310 1819 371 ATTONIS
1864 309 2323 371 VERCELLEN
2335 309 2452 371 SIS
2497 308 2847 370 EPlSCOPl
3683 316 3762 377 an

356 434 361 435 γ
465 465 641 521 quam
689 444 953 502 adoravit
1004 444 1206 513 Jacob,
1237 446 1295 498 et
1343 442 1682 498 summitate
1713 441 1895 507 illius,
1929 458 2105 513 quam
2135 456 2187 520 Α
2220 459 2427 513 neque,
2449 458 2585 496 cum
2610 444 2807 513 posset
2828 439 2985 495 ﬁlius
3007 438 3160 512 regis
3180 455 3328 507 esse,
3349 442 3673 513 contempsit,
3691 447 3765 501 sic-

2218 535 2283 585 ut
2330 531 2555 602 Moyses
2604 529 2779 595 fecit;
2835 533 2891 583 et
2943 546 3058 583 non
3110 527 3298 583 solum
3348 532 3671 600 contempsit,
3695 538 3759 590 sed

2215 620 2390 674 etiam
2418 619 2742 689 abnegavit.
2772 617 2923 672 Ccelo
2947 618 3163 689 quippe
3191 619 3504 688 prmposito,
3528 619 3679 675 noluit
3702 625 3764 677 ad-

2216 708 2413 762 mirari
2444 707 2765 779 [Egyptiaci
2798 707 2959 778 regni
2992 706 3495 777 pulchritudinem,
3525 710 3680 780 magis
3701 712 3765 766 eli-

2214 813 2354 867 gens
2389 813 2522 851 cum
2556 796 2770 867 populo
2802 796 2901 850 Dei
2934 795 3138 863 afﬂigi,
3171 796 3347 866 quam
3376 798 3573 866 peccati
3611 798 3764 855 habere

2203 886 2657 956 jucunditatem.
2693 885 2815 940 Non
2846 884 3027 956 afﬂigi
3058 901 3191 939 cum
3223 883 3373 952 aliis,
3404 884 3504 939 hoc
3534 893 3765 956 peccatum

2212 991 2339 1030 esse
2370 975 2611 1046 putavit.
2646 974 2701 1028 Si
2732 973 2911 1046 igitur
2936 973 3031 1028 ille
3063 990 3175 1028 non
3208 972 3387 1044 afﬂigi
3418 972 3649 1029 alacriter
3671 992 3765 1032 cum

2212 1064 2453 1130 ceteris,
2472 1068 2767 1135 peccatum
2788 1062 3518 1133 essejudicavit,quantum
3534 1066 3764 1120 cumulum

2212 1152 2431 1223 peccati
2463 1152 2718 1206 habituri
2764 1157 2955 1221 erunt,
2989 1152 3089 1222 qui
3141 1152 3625 1223 congregationem
3651 1154 3765 1208 dese-

2212 1240 2390 1295 runt?
2416 1240 2530 1296 Vos
2555 1241 2709 1295 enim
2732 1258 2835 1312 pro
2856 1241 3020 1295 vobis
3045 1240 3189 1311 ipsis
3211 1240 3505 1311 patimini;
3528 1240 3611 1295 ille
3629 1246 3765 1297 autem

2211 1345 2327 1384 non
2361 1328 2551 1384 solum
2586 1346 2690 1401 pro
2722 1345 2784 1384 se
2816 1329 2940 1385 solo
2983 1329 3274 1400 aspiciens
3325 1329 3383 1383 in
3431 1331 3769 1386 remuneratio-

2210 1433 2366 1484 nem,
2400 1418 2499 1473 sed
2534 1418 2709 1473 etiam
2751 1434 2853 1488 pro
2900 1416 3031 1472 aliis
3080 1416 3189 1472 hoc
3242 1415 3435 1489 elegit,
3468 1422 3528 1477 ut
3567 1418 3769 1474 cumulus

2211 1506 2493 1562 mercedis
2522 1506 2777 1577 amplius
2805 1510 3091 1563 cresceret
3117 1531 3130 1573 ;
3164 1510 3222 1560 et
3251 1505 3402 1561 ultro
3433 1522 3492 1562 se
3519 1508 3712 1578 projecit
3732 1510 3771 1561 in

2209 1599 2371 1650 tanta
2402 1594 2680 1665 pericula,
2713 1612 2847 1650 cum
2880 1594 2930 1650 ei
2964 1594 3159 1649 liceret
3192 1600 3250 1650 et
3280 1594 3374 1666 pie
3403 1594 3597 1665 vivere,
3623 1602 3669 1649 et
3698 1614 3770 1651 se-

2209 1682 2504 1738 culuribus
2555 1684 2721 1739 bonis
2771 1684 3009 1755 perfrui.
3064 1684 3332 1754 Majores,
3374 1684 3576 1755 inquit,
3604 1685 3774 1740 divitias

2208 1772 2547 1828 existimans
2603 1773 2878 1828 thesauro
2938 1773 3368 1844 Egyptiorum,
3427 1773 3771 1844 improperium

2208 1861 2441 1917 Christi.
2475 1867 2583 1917 Pro
2612 1862 2837 1917 Christo
2859 1863 3043 1933 (1452)
3072 1863 3228 1917 enim
3260 1861 3656 1934 improperium
3682 1880 3771 1918 sus-

2207 1950 2389 2005 tinere
2424 1950 2633 2006 melius
2654 1950 2958 2021 judicavit,
2984 1967 3161 2022 quam
3193 1951 3251 2005 in
3282 1950 3506 2005 deliciis
3528 1968 3654 2005 esse.
3672 1952 3774 2015 Quid

2208 2044 2296 2095 est
2324 2039 2745 2111 improperium
2777 2039 3039 2094 Christi?
3086 2039 3204 2095 Hoc
3244 2044 3354 2106 est,
3389 2039 3552 2110 quale
3576 2040 3779 2094 Christus

2210 2128 2492 2182 sustinuit
2513 2128 2953 2199 improperium,
2970 2127 3141 2199 quale
3162 2146 3263 2183 vos
3286 2145 3443 2183 nunc
3461 2128 3781 2195 sustinetis,et

2210 2218 2365 2287 quod
2412 2233 2515 2287 pro
2554 2217 2781 2272 Christo
2813 2217 3095 2272 sustinuit
3124 2217 3374 2289 Moyses,
3407 2217 3779 2289 improperium.

2210 2306 2556 2375 Rsspuendo
2608 2306 2764 2361 enim
2818 2312 3089 2378 paternos
3135 2323 3383 2369 errores,
3434 2306 3780 2378 improperium

2209 2394 2590 2464 sustinemus,
2611 2396 2764 2449 sicut
2783 2395 2954 2449 etiam
2981 2395 3207 2467 Moyses
3228 2395 3636 2467 improperium
3654 2395 3782 2449 susti-

2211 2484 2402 2553 nebat,
2427 2484 2659 2553 quando
2681 2484 2960 2539 audiebat
2988 2502 3001 2539 :
3041 2508 3060 2531 ι
3090 2484 3365 2556 Nunquid
3402 2485 3703 2539 interimere
3722 2500 3785 2537 me

2207 2572 2313 2641 vis,
2347 2573 2499 2627 sicut
2529 2573 2867 2627 interfecisti
2915 2574 3036 2627 heri
3069 2573 3401 2645 [Egyptium
3422 2574 3450 2627 ?
3480 2594 3506 2624 ι
3554 2572 3717 2643 (Exod.
3743 2588 3783 2639 ιι,

2211 2662 2317 2732 14.)
2346 2662 2458 2715 lloc
2478 2668 2567 2716 est
2590 2662 3003 2733 improperium
3024 2662 3260 2729 Christi,
3275 2663 3512 2734 quando
3532 2663 3783 2734 quisquam

2209 2767 2242 2805 a
2274 2750 2628 2817 domesticis,
2662 2753 2896 2821 quando
2928 2750 3238 2822 quisquam
3271 2752 3345 2806 ab
3376 2753 3461 2807 eis
3500 2753 3690 2824 quibus
3714 2752 3787 2804 be-

2210 2839 2482 2894 neficium
2517 2844 2769 2911 prestat,
2796 2840 3047 2895 sustinet
3077 2841 3523 2912 improperium,
3546 2842 3679 2896 sicut
3702 2841 3787 2910 ipse

2208 2927 2473 2983 Christus
2498 2928 2569 2983 ab
2590 2928 2673 2983 eis
2698 2929 2990 2992 audiebat,
3021 2944 3121 2999 pro
3144 2928 3361 2999 quibus
3385 2928 3789 2999 crucifigebatur,

2209 3016 2485 3072 dicendo:
2518 3038 2546 3067 ‹‹
2567 3016 2618 3071 Si
2640 3016 2819 3071 Filius
2840 3016 2933 3073 Dei
2957 3018 3345 3081 es,descende
3367 3018 3440 3072 de
3465 3016 3787 3086 crucewauh.

2208 3121 2381 3171 xxvn,
2416 3106 2526 3177 40).
2558 3128 2586 3155 ››
2633 3106 2855 3160 Etenim
2890 3106 3113 3176 Moyses
3144 3122 3245 3177 pro
3278 3106 3562 3163 beneficio
3592 3122 3684 3160 suo
3706 3104 3791 3158 hac

460 3198 785 3270 elegantem
818 3196 1120 3265 infantem,
1155 3198 1211 3248 et
1261 3209 1375 3248 non
1423 3192 1749 3246 timuerunt
1793 3189 1946 3261 regis
1976 3190 2099 3244 edi-
2130 3185 2173 3253 C
2212 3194 2561 3264 patiebatur,
2586 3194 2738 3249 sicut
2767 3199 2823 3248 et
2851 3194 3137 3249 Christus.
3164 3193 3310 3248 Hinc
3332 3195 3492 3249 enim
3516 3211 3608 3249 eos
3632 3192 3792 3248 excita-

461 3294 640 3342 ctum.
674 3310 694 3335 ι
732 3286 789 3341 Si
822 3301 936 3340 non
967 3284 1313 3350 timuerunt,
1337 3280 1629 3353 quomodo
1659 3278 2102 3334 custodierunt?

458 3380 539 3434 Ac
569 3376 618 3432 si
651 3392 766 3430 non
793 3372 1148 3439 timuissent,
1174 3371 1256 3425 ita
1286 3370 1403 3425 illis
1432 3374 1753 3441 reputatur.
1779 3368 1941 3423 Unde
1965 3384 2101 3439 ergo

460 3464 555 3520 isti
606 3465 984 3534 speraverunt
1042 3464 1105 3514 ut
1162 3459 1451 3514 salvarent
1510 3475 1777 3528 puerum,
1828 3457 1941 3511 nisi
2000 3473 2102 3527 per

460 3552 634 3608 fidem
649 3551 676 3605 ‘I
691 3550 989 3621 Siquidem
1011 3550 1082 3604 ab
1100 3548 1264 3602 initio
1280 3565 1347 3602 ex
1364 3548 1507 3619 ipsis
1526 3546 1896 3601 incunabulis
1916 3545 2100 3600 multa

458 3645 582 3696 erat
620 3640 782 3710 justo
830 3638 916 3691 illi
960 3637 1154 3691 infusa
1181 3637 1388 3708 gratia,
1422 3653 1536 3691 non
1570 3641 1779 3689 natura
1807 3635 1927 3689 haec
1957 3651 2098 3707 ope-

458 3736 645 3799 rante,
661 3728 814 3800 quod
834 3728 1065 3798 genitus
1078 3732 1167 3781 est
1189 3726 1469 3781 honestus
1492 3725 1832 3793 infantulus,
1850 3726 1951 3780 sed
1975 3742 2100 3797 gra-

457 3819 538 3873 tia
589 3818 808 3877 divina.
842 3833 958 3888 qua
1002 3817 1176 3871 etiam
1233 3816 1539 3870 barbaram
1589 3814 1749 3869 illam
1792 3814 2097 3870 mulierem

456 3907 785 3979 [Egyptiam
816 3905 1102 3970 excitavit,
1138 3910 1201 3958 ut
1230 3909 1469 3972 amaret,
1506 3909 1571 3957 ut
1598 3908 1884 3972 sumuret,
1918 3908 1982 3957 ut
2012 3920 2099 3957 ar-

456 3996 686 4068 riperet.
714 3999 776 4050 In
810 3995 939 4050 istis
959 3994 1117 4049 enim
1149 3994 1292 4048 fides
1323 4010 1436 4047 non
1467 3992 1671 4047 habuit
1699 3993 1971 4048 idoneum
2004 4009 2097 4045 ar-

455 4089 826 4157 gumentum.
852 4084 1012 4148 Quod
1039 4098 1195 4154 ergo,
1220 4088 1277 4136 et
1307 4086 1588 4153 quantum
1618 4086 1759 4148 erat,
1785 4087 1848 4135 ut
1880 4082 1934 4134 in
1968 4082 2095 4152 ipso

453 4173 615 4229 vultu
640 4172 980 4229 crederent?
1010 4171 1121 4226 Sed
1154 4188 1276 4235 vos,
1300 4171 1511 4241 inquit,
1539 4175 1624 4225 tot
1653 4170 1934 4224 habentes
1963 4170 2094 4224 fidei

456 4262 721 4334 pignora,
750 4278 819 4315 ex
847 4259 992 4332 ipsis
1018 4260 1192 4314 rebus
1217 4259 1432 4313 auditis
1458 4259 1695 4325 credite,
1720 4264 1783 4312 ut
1804 4274 1935 4312 cum
1961 4275 2097 4329 gau-

456 4350 550 4406 dio
572 4350 836 4421 rapinam
861 4365 1057 4403 rerum
1080 4348 1435 4419 suscipiatis,
1452 4349 1718 4417 quamvis
1742 4349 1885 4403 ﬁdes
1906 4352 2097 4403 vestra

455 4456 559 4512 per
588 4437 774 4494 multa
804 4443 1069 4508 tempora
1098 4437 1318 4504 tendat,
1350 4436 1501 4491 sicut
1529 4442 1587 4491 et
1614 4437 1927 4507 Abraham,
1956 4438 2096 4509 quia

455 4533 512 4585 et
539 4528 634 4583 isti
669 4544 769 4597 per
799 4527 972 4581 tidem
1006 4543 1119 4581 non
1151 4525 1478 4581 timuerunt
1509 4526 1660 4598 regis
1707 4526 1982 4581 edictum.

531 4639 559 4667 ‹‹
592 4617 730 4671 Fide
777 4616 1006 4687 Moyses
1051 4616 1291 4687 grandis
1338 4616 1529 4671 factus
1573 4617 1804 4688 negavit
1855 4632 1916 4671 se
1967 4631 2095 4671 esse

456 4704 642 4760 ﬁlium
668 4704 798 4758 lilia:
823 4704 1160 4769 Pharaonis,
1182 4705 1367 4776 magis
1391 4704 1611 4776 eligens
1635 4704 1812 4775 affligi
1837 4721 1966 4759 cum
1994 4720 2094 4776 po-

456 4791 594 4866 pulo
610 4792 726 4859 Dei,
744 4810 917 4864 quam
938 4791 1279 4863 temporalis
1302 4793 1518 4864 peccati
1536 4793 2095 4863 haberejucundita-

454 4888 595 4951 tem,
632 4883 880 4951 majores
910 4881 1143 4936 divitias
1172 4882 1469 4937 aestimans
1502 4883 1775 4937 thesauro
1803 4882 2093 4953 Egyptio-

456 4986 609 5039 rum,
642 4969 1061 5041 improperium
1092 4969 1303 5023 Christi
1331 4988 1344 5037 ;
1381 4970 1695 5041 aspiciebat
1725 4971 1882 5024 enim
1916 4971 1973 5023 in
2006 4988 2093 5026 re-

457 5058 941 5113 munerationem.
965 5082 985 5107 »
1017 5058 1322 5129 Tanquam
1347 5059 1393 5114 si
1414 5059 1630 5114 diceret
1650 5060 1721 5114 ad
1741 5076 1859 5125 eos,
1877 5058 2094 5129 quibus

454 5144 577 5200 haec
599 5146 917 5200 scribebat:
949 5145 1157 5201 Nullus
1182 5152 1439 5202 vestrum
1460 5147 1687 5202 dimisit
1712 5146 1905 5203 aulam
1931 5164 2092 5219 rega-

454 5230 591 5302 lem,
624 5236 680 5286 et
707 5232 985 5303 amplam,
1012 5238 1069 5287 et
1097 5233 1334 5302 claram,
1369 5251 1556 5305 neque
1589 5236 1734 5291 tales
1763 5236 2092 5300 thesauros,

2211 3282 2311 3348 vit,
2346 3282 2681 3349 ostendens,
2717 3282 2852 3353 quia
2900 3287 2956 3336 et
3005 3281 3231 3354 Moyses
3262 3284 3467 3338 eadem
3501 3299 3693 3355 passus
3716 3284 3793 3343 est,

2212 3369 2364 3425 sicut
2392 3376 2447 3425 et
2472 3371 2760 3425 Christus.
2788 3372 3124 3427 Patiebatur
3154 3372 3307 3427 enim
3331 3372 3616 3442 Christus,
3638 3374 3796 3425 cuncta

2213 3460 2451 3523 ferebat,
2478 3459 2593 3513 illis
2622 3460 2987 3516 moventibus
3009 3461 3198 3532 capita
3222 3479 3348 3517 sua.
3375 3462 3487 3517 Sed
3521 3476 3690 3532 neque
3715 3456 3793 3511 ful-

2209 3564 2354 3619 gura
2374 3549 2696 3616 emittebat,
2722 3566 2909 3621 neque
2930 3552 3193 3621 seipsum
3214 3550 3401 3605 voluit
3422 3550 3639 3617 ulcisci,
3659 3553 3711 3603 ut
3727 3561 3797 3600 no-

2210 3637 2299 3693 bis
2330 3637 2658 3709 exemplum
2701 3638 3051 3694 humilitatis
3084 3644 3457 3695 monstraret.

2286 3746 2311 3777 I
2348 3728 2479 3782 Fide
2512 3727 2744 3799 reliquit
2764 3731 3096 3800 Egyptum,
3122 3746 3234 3783 non
3268 3729 3491 3784 veritus
3511 3727 3795 3785 animosita-

2206 3819 2322 3870 tem
2358 3816 2510 3887 regis
2541 3834 2554 3871 :
2588 3816 2876 3871 invisibile
2906 3816 3083 3884 enim,
3118 3822 3399 3889 tanquam
3433 3819 3630 3873 videns
3656 3812 3794 3871 susti-

2208 3904 2357 3959 nuit.
2380 3928 2407 3954 ››
2433 3906 2675 3961 Proinde
2696 3906 2871 3960 etiam
2890 3907 3041 3976 quod
3065 3905 3122 3960 in
3149 3907 3344 3977 fugam
3368 3922 3573 3961 versus
3587 3910 3682 3970 est,
3697 3900 3795 3957 ﬁdei

2207 3994 2333 4048 fuit.
2351 3995 2511 4059 Quod
2536 4011 2672 4066 ergo
2700 4011 2811 4049 non
2838 3994 3402 4065 permansit,inquit,
3422 4013 3496 4050 ne
3517 4012 3577 4050 se
3600 3996 3650 4048 in
3672 4008 3795 4063 aper-

2205 4086 2330 4136 tum
2355 4083 2741 4154 praecipitaret
2759 4083 3112 4154 periculum;
3144 4085 3282 4155 quia
3301 4084 3547 4155 hocjam
3568 4079 3799 4138 tentantis

2206 4174 2360 4224 esset
2378 4169 2601 4225 insilire
2629 4171 2684 4224 in
2711 4171 2903 4226 medio
2927 4171 3190 4243 periculi,
3213 4176 3268 4227 et
3293 4172 3505 4237 dicere,
3532 4172 3797 4225 Videamus

2206 4258 2255 4313 si
2290 4275 2381 4315 me
2413 4258 2617 4314 liberet
2649 4264 2837 4316 Deus:
2872 4260 2980 4315 hoc
3010 4260 3185 4316 etiam
3212 4260 3439 4317 Christo
3469 4261 3613 4316 dixit
3638 4259 3797 4313 diabo-

2205 4348 2334 4403 lus:
2370 4371 2396 4397 (ι
2431 4349 2594 4403 Mitte
2623 4353 2678 4404 te
2709 4350 3315 4419 deorsum(Matth.1v,
3346 4351 3418 4418 6;
3454 4355 3581 4405 Luc.
3607 4366 3673 4416 iv,
3694 4347 3755 4415 9).
3779 4364 3797 4389 ι·

2204 4439 2453 4494 Intueris
2475 4440 2613 4510 quia
2643 4439 2748 4493 hoc
2774 4439 3126 4494 diabolicum
3161 4444 3269 4506 est,
3295 4444 3359 4494 ut
3388 4452 3727 4511 supervacue
3750 4448 3799 4487 ac

2204 4528 2495 4601 superﬂue
2512 4529 2562 4583 si
2581 4529 2893 4600 quisquam
2914 4544 2977 4584 se
2992 4529 3050 4582 in
3070 4528 3803 4600 periculumjaciat,tentare

2208 4622 2381 4673 Deum
2408 4617 2456 4674 si
2483 4618 2683 4673 salvet.
2699 4618 2925 4672 Etenim
2949 4634 3075 4673 esse
3087 4618 3214 4688 jam
3237 4616 3352 4673 illis
3374 4619 3444 4673 ad
3476 4616 3715 4688 regimen
3734 4626 3804 4665 eo-

2205 4723 2335 4761 rum
2386 4723 2498 4761 non
2552 4710 2795 4777 poterat,
2829 4706 2909 4759 ita
2938 4706 3164 4777 ingrate
3194 4706 3425 4761 afﬂictis
3457 4705 3593 4774 illis,
3626 4700 3802 4775 quibus

2204 4800 2366 4850 tanta
2396 4796 2761 4867 praestiterat.
2792 4795 3047 4850 Stultum
3081 4795 3296 4868 quippe
3326 4800 3466 4861 erat,
3500 4800 3557 4851 et
3580 4795 3801 4848 insessa-

2205 4888 2329 4938 tum
2365 4900 2703 4955 permanere
2745 4882 2882 4937 illic.

2279 4996 2299 5022 ιι
2334 4973 2470 5026 Fide
2499 4972 2807 5027 celebravit
2846 4973 3066 5028 Pascha
3111 4990 3179 5030 ex
3226 4972 3531 5045 sanguinis
3562 4968 3804 5025 effusione

2203 5061 2407 5132 (1453),
2442 5078 2512 5117 ne
2546 5062 2645 5133 qui
2684 5063 2948 5117 vastabat
2996 5062 3309 5134 primitiva,
3345 5065 3604 5133 tangeret
3655 5073 3757 5114 eos.
3784 5074 3804 5099 ν

2202 5149 2459 5204 Plurima
2490 5150 2645 5205 idem
2678 5150 3009 5221 Apostolus,
3046 5152 3196 5206 inter
3246 5152 3372 5223 ipsa
3401 5167 3530 5220 qua;
3561 5145 3804 5218 loquitur,

2204 5238 2351 5292 solet
2373 5239 2790 5310 argumentari,
2818 5246 2875 5294 et
2897 5241 3114 5295 densus
3140 5246 3231 5295 est
3251 5241 3310 5295 in
3334 5237 3669 5296 sententiis:
3700 5228 3803 5287 talis

2498 5332 2543 5348 _A
2577 5328 2787 5348 n__'__'a._
2866 5346 2873 5348 _
3006 5329 3040 5348 ι’
3086 5345 3095 5348 -
3156 5329 3222 5348 ,ι’
3318 5330 3429 5348 ‘Y__
3480 5324 3798 5348 -L_-_)-n‘ia
