3976 5348
201 239 336 300 809

805 238 1215 300 EXPOSI'I‘IO
1263 238 1339 297 ΙΝ
1386 237 1811 299 EPISTOLAS
1856 233 2318 298 PAULL—IN
2363 240 2614 301 EPIST.
2658 241 2761 300 AD
2808 240 3041 301 HEBR.

3506 242 3626 303 810

202 370 526 425 verborum
559 386 775 441 paucas
805 372 1063 427 continet
1094 371 1430 435 sententias,
1455 370 1555 426 sed
1588 372 1645 424 in
1680 371 1862 424 brevi-
1894 370 1948 436 Α
1978 370 2107 438 quis
2140 370 2297 426 tubis
2329 372 2645 428 insonaret.
2679 374 2790 428 Sed
2822 372 2965 428 ﬁdes
3004 372 3201 428 omnia
3226 372 3395 429 valet.
3428 374 3626 446 Neque

202 465 335 514 tate
365 459 672 514 verborum
705 476 983 531 magnum
1031 462 1223 527 habet,
1243 466 1300 515 et
1343 460 1664 530 plurimum
1696 460 1862 513 intel—

200 546 456 602 lectum.
490 551 567 602 Ac
599 548 644 602 si
676 548 794 603 illis
846 550 1059 603 diceret
1091 566 1103 602 :
1138 548 1193 601 Si
1227 550 1469 620 sanguis
1516 549 1770 619 agninos
1805 547 1864 601 in

202 636 411 690 medio
433 636 855 708 .‘Egyptiorum,
880 644 936 691 et
957 637 1014 691 in
1049 642 1210 691 tanta
1230 637 1623 701 devastatione
1656 636 1866 692 illaesos

198 727 466 780 servavit
494 725 727 780 Judaeos
770 726 958 798 (Exod.
984 727 1181 796 x11,7),
1212 726 1394 780 multo
1446 725 1699 795 amplius
1750 724 1863 780 sal-

196 814 375 868 vabit
408 832 540 881 nos;
578 832 689 869 non
723 820 937 886 postes,
973 815 1072 869 sed
1108 814 1332 868 animas
1366 820 1615 869 nostras.
1650 814 1868 868 Timuit

195 902 372 957 enim
404 903 572 957 illum
598 904 939 974 sanguinem
968 904 1211 974 angelus
1240 922 1251 960 :
1278 904 1495 957 sciebat
1516 904 1670 958 enim
1693 905 1865 973 cujus

194 998 340 1046 erat
370 998 571 1065 typus;
621 993 943 1063 pertimuit,
978 993 1335 1047 Dominicmn
1373 999 1616 1046 mortem
1653 992 1862 1047 intelli-

194 1096 360 1152 gens
395 1099 406 1135 :
443 1088 745 1153 propterea
777 1099 891 1135 non
923 1082 1113 1153 tetigit
1156 1087 1371 1153 postes,
1412 1082 1680 1152 quamvis
1712 1082 1863 1151 quod

194 1170 414 1239 ﬁebat,
439 1187 554 1225 non
578 1176 748 1237 esset,
767 1171 864 1225 sed
893 1171 1047 1241 quod
1072 1187 1173 1241 per
1194 1170 1333 1223 illud
1363 1171 1862 1240 prazligurabatur,

191 1275 497 1330 magnum
549 1265 688 1314 erat.
733 1259 895 1325 Quod
942 1259 1099 1313 enim
1148 1258 1340 1325 fiebat,
1388 1258 1695 1329 sanguinis
1744 1264 1867 1313 erat

188 1348 450 1413 effusio;
486 1349 641 1419 quod
674 1354 868 1402 autem
910 1348 1410 1419 pretigurabatur,
1434 1348 1617 1413 salus,
1643 1354 1697 1400 et
1727 1365 1865 1401 con-

188 1437 424 1503 clusio,
448 1443 504 1492 et
527 1436 837 1509 prohibitio
861 1436 1225 1507 perditionis,
1248 1437 1465 1491 scilicet
1487 1437 1738 1490 educens
1760 1454 1865 1490 nos

193 1527 273 1579 de
308 1526 587 1598 Egypto,
610 1525 718 1579 hoc
740 1530 849 1589 est,
874 1526 1125 1578 tenebris
1152 1524 1507 1579 idololatriae.
1533 1524 1647 1579 Vos
1670 1530 1864 1579 autem

196 1613 405 1685 ipsius
429 1614 558 1684 agni
583 1613 861 1669 habentes
884 1613 1253 1684 sanguinem,
1279 1630 1391 1667 non
1416 1613 1862 1668 confundimini.

197 1702 542 1757 Induamur
589 1704 745 1758 enim
800 1704 1156 1771 arma(llom.
1184 1720 1306 1768 xm,
1334 1702 1438 1773 l2),
1464 1702 1573 1757 hoc
1622 1706 1729 1769 est,
1765 1701 1863 1757 illo
1897 1738 1944 1801 Β

196 1790 529 1859 sacriﬁcio;
550 1792 689 1863 quia
711 1792 811 1863 qui
827 1795 1042 1858 vastat,
1059 1792 1115 1844 in
1142 1792 1431 1863 profunda
1453 1796 1615 1846 nocte
1639 1791 1862 1845 circuit.

196 1883 447 1935 Intuere
501 1880 680 1951 igitur
709 1880 1000 1951 quomodo
1032 1880 1364 1951 disputans,
1392 1879 1595 1935 volens
1625 1897 1721 1935 eos
1754 1882 1863 1935 sub

196 1970 522 2024 occasione
550 1968 899 2023 hortationis
923 1968 1231 2035 instruere,
1256 1970 1498 2040 sanguis
1520 1971 1690 2039 cujus
1721 1971 1861 2041 ﬁgu-

195 2076 362 2127 ram,
387 2063 443 2114 et
466 2062 669 2130 typum
697 2050 1017 2112 habuisset.
1042 2058 1339 2130 Sanguine
1364 2058 1497 2130 agni
1529 2057 1866 2114 illiniuntur

198 2147 613 2204 Israelitarum
648 2152 863 2218 postes,
889 2164 960 2202 ne
990 2150 1247 2202 vastator
1268 2146 1514 2219 angelus
1538 2148 1751 2203 audeat
1780 2148 1863 2203 in-

197 2238 361 2292 ferre
394 2236 740 2309 perniciem;
768 2236 1078 2307 signantur
1107 2235 1272 2308 signo
1299 2236 1612 2290 Dominicis
1636 2236 1862 2307 passio-

198 2326 300 2381 nis
335 2327 397 2380 in
429 2324 717 2380 frontibus
743 2323 939 2379 ﬁdeles
962 2324 1159 2395 populi
1186 2325 1257 2379 ad
1280 2324 1524 2380 tutelam
1550 2325 1779 2394 salutis,
1799 2331 1863 2380 ut

196 2414 261 2468 hi
300 2414 413 2469 soli
446 2416 518 2469 ab
550 2414 788 2468 interitu
816 2412 1156 2481 liberentur,
1187 2413 1286 2485 qui
1317 2430 1520 2469 cruore
1550 2414 1860 2469 Dominicis

197 2503 506 2574 passionis
556 2503 752 2568 corde,
785 2508 840 2557 et
888 2504 1074 2557 fronte
1106 2502 1319 2574 signati
1352 2508 1510 2570 sunt,
1536 2504 1635 2574 qui
1684 2503 1859 2558 etiam

196 2610 302 2648 ore
351 2591 676 2665 loquuntur
708 2608 719 2645 :
751 2613 776 2639 «
808 2590 1114 2661 Signatum
1147 2596 1233 2645 est
1284 2608 1457 2661 super
1509 2609 1614 2646 nos
1662 2592 1859 2646 lumen

186 2681 407 2736 vultus
432 2682 539 2750 tui,
563 2679 805 2735 Domine
828 2679 1007 2748 (Psal.
1034 2695 1110 2742 1v,
1135 2679 1250 2749 7).»
1276 2678 1435 2733 Unde
1456 2684 1514 2733 et
1536 2680 1861 2750 appellatur

180 2772 326 2842 ipsa
374 2767 717 2825 solemnitas
746 2766 932 2837 phase,
957 2766 1111 2836 quod
1145 2783 1251 2820 nos
1300 2766 1613 2821 transitum
1647 2785 1857 2838 possu-

185 2876 337 2913 mus
372 2873 598 2924 vocare,
622 2872 688 2910 eo
718 2856 871 2926 quod
913 2855 982 2909 de
1027 2855 1324 2925 pejoribus
1355 2854 1425 2907 ad
1460 2854 1701 2910 meliora
1731 2872 1858 2927 per-

188 2951 437 3017 gentes,
472 2945 838 2999 tenebrosam
871 2947 1183 3015 ngyptum
1218 2942 1714 3014 derelinquamus.

267 3057 298 3083 ‹‹
340 3033 483 3088 Fide
519 3032 881 3087 transierunt
931 3049 1089 3086 mare
1138 3033 1419 3097 Rubrum,
1452 3037 1725 3102 tanquam
1758 3051 1862 3106 per

186 3123 435 3180 aridam
495 3127 757 3177 terram:
805 3122 959 3191 quod
1018 3121 1233 3191 experti
1282 3121 1552 3193 .rEgyptii,
1602 3105 1856 3178 devorati
1889 3105 1931 3171 (ἶ

188 3216 367 3268 sunt.
394 3234 416 3263 ι
448 3210 939 3281 Contemplamini
967 3210 1106 3281 quia
1136 3209 1352 3281 ubique
1384 3211 1527 3266 ﬁdes
1558 3212 1857 3267 ratiocina-

190 3302 397 3358 tiones
429 3300 720 3355 humanas
752 3299 996 3365 excedit,
1018 3304 1074 3353 et
1105 3298 1528 3365 inﬁrmitatem,
1552 3304 1727 3371 atque
1757 3301 1857 3355 hu-

194 3389 519 3445 militatem
550 3388 858 3443 hominum
890 3392 1145 3459 superat.
1173 3386 1471 3442 Credendo
1497 3388 1651 3443 enim
1682 3389 1857 3445 etiam

194 3478 500 3551 supplicia
524 3476 982 3532 declinaverunt.
1009 3476 1088 3530 Ex
1114 3475 1221 3531 hoc
1243 3476 1401 3531 enim
1430 3477 1735 3533 manifeste
1766 3496 1860 3550 ap-

197 3567 407 3640 paruit
430 3582 642 3637 aquam
665 3565 959 3635 esse,quia
983 3564 1065 3618 illi
1088 3566 1384 3619 venientes
1418 3566 1674 3637 absorpti
1698 3574 1855 3622 sunt.

199 3657 283 3711 Ex
315 3656 431 3711 hoc
462 3654 735 3727 apparuit
758 3670 869 3707 non
899 3668 1027 3707 esse
1061 3652 1389 3723 phantasia,
1414 3654 1514 3707 sed
1546 3672 1741 3709 rerum
1776 3673 1860 3711 ve-

202 3745 373 3814 ritas,
398 3744 539 3816 quia
569 3742 787 3814 experti
810 3741 1057 3813 lEgypti,
1082 3742 1337 3796 devorati
1370 3746 1530 3796 sunt.
1556 3745 1632 3797 Ac
1666 3744 1711 3797 si
1746 3744 1862 3799 illis

202 3832 671 3904 diceret,quibus
696 3830 801 3885 hoc
825 3830 1148 3886 scribebat:
1173 3830 1236 3884 In
1260 3835 1486 3884 tantum
1507 3832 1661 3885 enim
1690 3834 1860 3887 ﬁdem

203 3926 405 3977 tenere
441 3921 744 3986 debemus,
780 3925 844 3974 ut
875 3919 1107 3991 quando
1141 3918 1197 3972 in
1231 3919 1639 3989 desperatione
1669 3920 1865 3991 aliqua

203 4011 447 4065 animus
478 4015 677 4065 noster
701 4009 965 4077 fluctuat,
989 4012 1129 4061 tunc
1152 4024 1385 4078 quoque
1409 4008 1540 4062 ﬁdei
1574 4009 1781 4076 simus,
1804 4016 1866 4064 ut

202 4098 563 4155 liberemur:
597 4116 662 4152 ac
694 4098 743 4152 si
777 4113 961 4167 usque
993 4097 1061 4150 ad
1097 4102 1342 4151 mortem
1374 4097 1699 4167 veniamus,
1720 4116 1783 4153 ac
1815 4100 1863 4153 si

201 4188 270 4242 de
304 4188 483 4243 nobis
530 4188 600 4241 ab
635 4186 911 4241 omnibus
944 4186 1305 4255 desperetur.
1340 4190 1477 4239 tunc
1527 4187 1699 4241 ﬁdem
1736 4188 1866 4259 plus

205 4275 457 4332 ﬁrmiter
490 4282 816 4331 teneamus.
842 4277 1115 4339 Quanam
1144 4291 1277 4345 spes
1305 4279 1529 4343 poterat
1555 4292 1681 4331 esse
1711 4276 1868 4331 illis?

209 4362 569 4420 Circumdati
601 4365 755 4419 enim
792 4363 1073 4433 undique,
1103 4363 1150 4416 si
1199 4362 1412 4417 vellent
1439 4364 1654 4434 fugere,
1680 4371 1779 4419 aut
1809 4367 1866 4420 in

1976 461 2391 530 consequentia
2423 462 2541 516 ulla
2568 479 2783 526 rerum,
2808 478 2995 534 neque
3022 466 3247 517 natura:
3274 462 3398 535 lege
3429 464 3627 518 omnia

1980 550 2315 619 permutari,
2342 553 2438 604 sed
2492 558 2727 622 propter
2774 568 2937 623 spem
2968 556 3180 607 cuncta
3209 552 3354 607 ﬁeri.
3380 552 3625 607 Proinde

1976 636 2150 691 etiam
2214 638 2306 691 hic
2367 644 2597 709 prOpter
2646 656 2807 711 spem
2858 645 3068 695 cuncta
3115 640 3626 696 ﬁunt.Confirmat

1976 726 2131 780 enim
2155 727 2466 796 Apostolus
2484 744 2719 782 sursum
2743 734 2914 799 atque
2938 729 3379 802 deorsum,quia
3397 734 3626 802 oportet

1977 816 2207 869 credere
2239 833 2338 886 spe
2356 816 2593 881 futuris.
2615 816 2861 871 Proinde
2884 822 3001 872 tam
3035 817 3272 889 longum
3297 818 3477 874 istum
3502 834 3622 874 ser-

1978 921 2209 958 monem
2245 905 2470 958 monuit
2509 906 2822 960 ostendens
2872 907 3023 975 quod
3076 924 3189 961 non
3226 924 3401 974 nunc,
3427 908 3527 963 sed
3557 923 3625 962 ex

1976 992 2144 1047 initio
2177 994 2374 1049 omnia
2405 993 2686 1048 miracula
2714 1012 2816 1065 per
2846 995 3021 1049 ﬁdem
3053 990 3543 1067 impetratisunt,
3570 1001 3625 1051 et

1978 1082 2249 1152 perfecta.
2275 1082 2617 1153 Figuraliter
2636 1082 2867 1138 Jericho
2892 1084 3179 1138 mundum
3203 1085 3515 1155 signiﬁcat.
3533 1086 3626 1141 Je-

1977 1170 2137 1224 richo
2154 1176 2347 1224 autem
2370 1187 2470 1242 per
2491 1171 3026 1241 interpretationem
3052 1172 3191 1227 luna
3212 1172 3444 1228 dicitur.
3465 1174 3627 1228 Luna

1975 1275 2107 1313 vero
2142 1259 2347 1313 mundi
2398 1259 2575 1329 hujus
2616 1260 2867 1331 speciem
2898 1264 3081 1327 tenet;
3119 1262 3257 1332 quia
3306 1261 3458 1319 sicut
3488 1262 3628 1317 luna

1977 1347 2294 1401 menstruis
2346 1348 2835 1418 completionibus
2868 1349 3081 1417 deﬁcit,
3114 1349 3192 1404 ita
3222 1350 3315 1405 hic
3367 1351 3625 1406 mundus

1976 1436 2046 1489 ad
2075 1436 2481 1491 conflationem
2507 1442 2835 1508 temporum
2864 1454 3125 1505 currens,
3151 1439 3509 1509 quotidianis
3531 1440 3626 1495 de-

1977 1524 2221 1579 fectibus
2254 1526 2440 1579 cadet.
2479 1527 2539 1579 In
2590 1541 2723 1579 arca
2753 1541 2884 1579 vero
2932 1524 3186 1581 Ecclesia
3216 1526 3530 1597 ﬁguratur;
3562 1525 3622 1582 in

1974 1613 2135 1668 tubis
2166 1617 2361 1669 autem
2389 1614 2573 1681 aereis,
2597 1613 3004 1684 praedicatores
3026 1614 3203 1671 fortes
3232 1615 3619 1687 accipiuntur.

1976 1703 2133 1757 Hanc
2165 1719 2300 1774 ergo
2350 1703 2553 1758 urbem
2582 1702 2812 1758 Jericho
2845 1703 3052 1759 diebus
3099 1708 3321 1775 septem
3372 1705 3622 1761 ferentes

1975 1808 2169 1847 arcam
2204 1791 2500 1862 Israelitae,
2526 1792 2701 1847 amcis
2723 1792 2879 1847 tubis
2903 1792 3311 1865 clangentihus
3330 1793 3620 1865 circuunt,

1976 1888 2031 1937 et
2063 1882 2213 1935 muri
2249 1881 2375 1950 ejus
2406 1898 2509 1951 per
2538 1897 2682 1934 arces
2724 1881 3110 1951 praesentiam,
3136 1885 3311 1953 atque
3339 1898 3623 1938 arearum

1974 1972 2251 2026 tubarum
2287 1970 2480 2024 sonitu
2516 1970 2754 2036 cadunt,
2785 1970 2921 2041 quia
2953 1969 3011 2024 in
3043 1970 3149 2025 hoc
3180 1972 3624 2043 tempore,quod

1975 2064 2198 2131 septem
2232 2058 2459 2113 dierum
2512 2057 2919 2114 vicissitudine
2948 2057 3222 2129 volvitur,
3254 2060 3395 2115 dum
3447 2060 3627 2116 fertur

1974 2165 2128 2217 arca,
2162 2148 2218 2201 id
2251 2150 2361 2214 est,
2389 2147 2531 2201 dum
2561 2148 2762 2202 orbem
2794 2151 3081 2202 terrarum
3112 2147 3402 2203 circuiens
3433 2163 3623 2204 move-

1972 2242 2069 2291 tur
2090 2234 2365 2302 Ecclesia,
2391 2236 2459 2289 ad
2496 2235 2935 2306 praedicantium
2963 2251 3149 2303 voces,
3175 2236 3345 2307 quasi
3365 2237 3437 2293 ad
3459 2236 3625 2293 tuba-

1974 2342 2103 2380 rum
2140 2324 2420 2387 sonitum,
2446 2324 2599 2378 muri
2627 2322 2878 2390 Jericho,
2906 2323 2964 2378 id
2996 2328 3105 2393 est,
3128 2324 3282 2380 elata
3306 2325 3533 2393 mundi,
3557 2341 3622 2381 ac

1973 2414 2225 2484 superba
2272 2410 2630 2467 inﬁdelitatis
2681 2411 2981 2467 obstacula
3029 2415 3328 2480 corruunt,
3351 2412 3533 2468 donec
3561 2412 3621 2467 in

1976 2505 2085 2557 [ine
2120 2508 2447 2571 temporum
2473 2518 2632 2556 mors
2654 2500 2973 2556 novissima
3000 2501 3240 2557 inimica
3262 2502 3617 2558 destruatur.

1972 2590 2189 2644 Deinde
2221 2592 2603 2660 augmentum
2636 2587 2773 2642 facit
2811 2587 3245 2657 consolationis,
3268 2594 3325 2645 et
3352 2590 3618 2646 exhorta-

1972 2679 2148 2732 tionis
2181 2694 2329 2742 suae;
2363 2676 2432 2730 ad
2466 2692 2746 2746 personas
2779 2676 3045 2732 inﬁrmas
3074 2678 3373 2749 deponens
3404 2678 3617 2734 oratio-

1973 2784 2128 2821 nem.
2154 2766 2223 2820 Ut
2253 2766 2409 2820 enim
2433 2764 2810 2821 admirabiles
2838 2781 3097 2837 persons:
3129 2767 3249 2822 haec
3270 2767 3496 2822 fortiter
3524 2784 3621 2839 pa-

1972 2860 2250 2920 terentur,
2278 2852 2491 2907 mirum
2526 2853 2671 2907 satis
2712 2870 2826 2907 non
2869 2858 2984 2921 est;
3020 2855 3157 2925 quia
3184 2872 3318 2911 vero
3346 2856 3621 2912 meretrix

1973 2942 2185 2997 mulier
2230 2942 2309 2995 ita
2340 2939 2588 2995 ﬁdeliter
2617 2940 2883 3008 credidit,
2909 2941 2965 2995 in
3002 2941 3109 2997 hoc
3138 2942 3303 2997 vobis
3353 2942 3619 3000 mirabile

1969 3031 2301 3103 exemplum
2334 3033 2724 3083 monstratum
2757 3034 2863 3084 est.
2899 3030 3175 3102 Sequitur
3206 3047 3219 3085 ;

2048 3141 2069 3169 ι
2097 3120 2233 3174 Fide
2260 3118 2459 3172 Rahab
2484 3118 2756 3173 meretrix
2777 3135 2892 3173 non
2924 3118 3098 3190 periit
3118 3134 3253 3174 cum
3276 3119 3615 3189 incredulis,

1967 3209 2259 3281 excipiens
2291 3206 2685 3279 exploratores
2733 3223 2867 3263 cum
2915 3224 3056 3279 pace
3085 3208 3268 3279 (Iosue
3287 3226 3350 3280 ιι,
3372 3210 3446 3281 3).
3479 3233 3507 3260 »
3535 3212 3615 3266 Ac

1968 3300 2018 3355 si
2048 3302 2314 3371 patenter
2343 3297 2500 3351 dicat
2524 3314 2536 3351 :
2565 3297 2758 3367 Turpe
2788 3300 2876 3352 est
2904 3296 3083 3366 enim,
3106 3299 3156 3352 si
3188 3298 3490 3354 meretrice
3519 3299 3613 3354 in-

1971 3387 2255 3443 ﬁdeliores
2286 3384 2448 3440 estis.
2474 3383 2577 3439 Illa
2614 3388 2842 3439 tantum
2894 3384 3163 3441 homines
3212 3386 3432 3442 audivit
3462 3404 3611 3442 nun-

1969 3478 2201 3545 tiantes,
2225 3479 2283 3531 et
2306 3473 2611 3529 confestim
2634 3473 2912 3540 credidit;
2934 3490 3035 3530 vos
3061 3480 3255 3530 autem
3279 3491 3394 3530 non
3418 3474 3609 3531 solum

1969 3564 2237 3621 homines
2262 3562 2499 3628 auditis,
2519 3563 2617 3617 sed
2645 3560 2817 3616 etiam
2841 3579 3008 3618 voces
3030 3564 3609 3636 prophetarumquos

1972 3672 2073 3727 per
2096 3670 2267 3709 omne
2294 3652 2617 3709 Sabbatum
2642 3650 2937 3722 leguntur.
2964 3651 3109 3707 Nam
3133 3653 3309 3707 etiam
3333 3653 3392 3707 in
3419 3653 3621 3709 Rahab

1972 3744 2211 3799 effectus
2254 3740 2386 3795 ﬁdei
2430 3744 2779 3794 consecutus
2820 3745 2940 3806 est;
2971 3739 3246 3795 omnibus
3274 3740 3490 3813 quippe
3520 3758 3619 3813 pe-

1974 3831 2279 3887 reuntibus
2311 3828 2441 3889 sola,
2460 3829 2679 3882 salvata
2701 3831 2807 3881 est.
2831 3827 2953 3881 Non
2981 3827 3127 3881 dixit
3150 3830 3303 3899 apud
3328 3846 3389 3885 se
3410 3829 3623 3901 ipsam,

1976 3938 2079 3976 nec
2111 3936 2212 3991 per
2243 3918 2525 3973 rationem
2560 3914 2903 3970 ratiocinata
2932 3920 3023 3971 est
3056 3936 3069 3969 :
3104 3917 3250 3980 Quia
3279 3934 3413 3972 cum
3444 3918 3627 3989 pluri-

1975 4010 2085 4065 bus
2116 4025 2234 4074 ero,
2261 4023 2401 4061 num
2435 4021 2539 4076 ego
2574 4002 2717 4075 ipsis
2750 4003 3091 4075 prudentior
3116 4021 3242 4059 esse
3274 4021 3513 4076 possum
3542 4023 3629 4062 sa-

1977 4098 2275 4170 pientibus
2297 4095 2456 4159 viris,
2475 4093 2571 4165 qui
2598 4110 2711 4147 non
2732 4093 2995 4162 credunt,
3012 4098 3068 4148 et
3087 4110 3191 4165 ego
3214 4093 3483 4149 credam?
3500 4094 3626 4151 Non

1977 4186 2172 4242 taliter
2194 4184 2487 4255 cogitavit,
2511 4182 2611 4237 sed
2636 4181 2881 4236 credidit
2902 4181 3073 4238 dictis
3094 4184 3478 4256 eorum,quod
3502 4201 3629 4256 pos-

1978 4282 2109 4330 sent
2140 4274 2239 4329 illa
2263 4272 2616 4342 contingere.
2644 4271 2846 4325 Rahab
2868 4287 2999 4326 vero
3033 4277 3235 4344 typum
3258 4276 3416 4328 tenet
3436 4273 3627 4330 Eccle-

1980 4365 2103 4430 sive,
2130 4380 2255 4434 qua;
2290 4364 2360 4415 de
2401 4360 2708 4425 extraneis,
2733 4364 2903 4428 atque
2943 4360 3147 4416 alienis
3185 4362 3459 4432 gentibus
3489 4379 3633 4418 con-

214 4467 371 4509 mare
406 4459 576 4510 erant
624 4451 893 4524 perituri,
919 4456 1020 4506 aut
1054 4452 1111 4504 in
1146 4468 1357 4506 manus
1405 4453 1703 4523 [Egyptias
1734 4454 1877 4509 inci-
1910 4469 1957 4533 ι)
1990 4455 2228 4525 gregata
2260 4454 2375 4516 est;
2412 4465 2536 4519 qua:
2570 4452 2737 4503 antea
2765 4449 2962 4505 vivens
2996 4451 3055 4505 in
3088 4449 3393 4505 desideriis
3422 4450 3635 4521 carnis,

217 4540 433 4611 derent,
460 4544 561 4597 sed
616 4558 717 4613 per
764 4541 939 4595 ﬁdem
987 4543 1197 4593 cuncta
1228 4539 1508 4594 vicerunt.
1563 4541 1623 4594 Id
1681 4542 1877 4613 ipsum

219 4644 373 4685 mare
406 4631 538 4687 istis
570 4636 658 4685 est
707 4629 954 4685 oblitum
989 4633 1208 4683 natura:
1241 4645 1379 4696 suae,
1411 4628 1529 4683 illis
1579 4635 1873 4687 armatum

220 4723 303 4771 est
332 4721 612 4775 adversus
635 4736 750 4773 eos.
778 4717 989 4789 Typice
1017 4722 1236 4784 autem,
1262 4718 1405 4788 quid
1440 4734 1543 4788 per
1576 4736 1733 4776 mare
1766 4722 1877 4776 Ru-

222 4805 408 4879 brum,
445 4808 559 4864 nisi
592 4808 953 4879 baptismum
996 4810 1083 4860 est
1110 4805 1325 4860 Christi
1358 4806 1643 4878 sanguine
1674 4826 1873 4865 conse-

224 4899 480 4953 cratum?
526 4897 731 4951 Hostes
784 4899 1092 4966 sequentes
1139 4911 1272 4949 cum
1327 4912 1477 4967 rege,
1506 4896 1605 4966 qui
1652 4916 1684 4953 a
1715 4904 1875 4971 tergo

225 4986 571 5053 moriuntur,
608 4989 845 5056 peccata
894 4989 1033 5039 sunt
1084 4984 1396 5056 praeterita,
1427 5003 1553 5057 quae
1586 4987 1875 5056 delentur,

228 5074 278 5123 et
308 5073 593 5141 diabolus,
627 5076 723 5147 qui
774 5074 833 5127 in
886 5072 1132 5142 spiritali
1184 5073 1479 5143 baptismo
1531 5078 1875 5136 suffocatur.

226 5157 492 5217 Premunt
524 5162 756 5233 quidem
783 5160 1061 5231 [Egyptin
1096 5166 1333 5233 urgent,
1358 5164 1586 5221 instant
1616 5172 1874 5238 peccata,

229 5248 318 5301 sed
354 5267 537 5321 usque
568 5252 638 5305 ad
670 5264 904 5323 aquam.

1991 4538 2389 4596 fornicabatur
2445 4538 2503 4591 in
2558 4535 2747 4603 idolis,
2782 4537 2851 4590 ad
2886 4554 3069 4609 quam
3128 4536 3412 4591 Dominus
3465 4537 3639 4593 Jesus

1986 4627 2274 4687 Christus.
2292 4626 2360 4681 ad
2389 4624 2735 4680 scrutandos
2759 4641 2958 4685 mores
2986 4624 3299 4688 hominum
3321 4624 3434 4678 duo
3451 4624 3646 4680 Testa-

1987 4720 2183 4772 menta
2213 4714 2440 4769 direxit.
2466 4714 2610 4769 Nam
2645 4712 2794 4778 ideo,
2819 4716 2887 4767 ut
2927 4709 3306 4783 credentium
3335 4710 3531 4780 ﬁdem,
3551 4715 3655 4765 aut

1987 4804 2289 4862 rebellium
2340 4803 2719 4874 pervicaciam
2770 4800 3047 4878 plenius
3097 4795 3504 4864 comvrobntet,
3533 4802 3665 4850 ante

1986 4896 2301 4951 adventum
2328 4892 2539 4961 judicii
2584 4891 2696 4959 sui,
2732 4896 2921 4962 quasi
2974 4883 3379 4975 “gemmea
3406 4880 3571 4951 duos,
3591 4882 3674 4934 le-

1985 5001 2141 5057 gem,
2174 4988 2232 5036 et
2259 4981 2634 5053 Evangelium
2665 4980 3089 5068 destinavu.
3297 5052 3337 5068 Α
3372 5048 3421 5068 ,Α
3459 5067 3476 5068 ﬂ
3530 5056 3538 5068 ι
3579 5053 3588 5062 .

2060 5074 2185 5127 Huc
2215 5086 2401 5139 usque
2421 5048 2687 5127 narravit
2714 5070 2783 5123 de
2816 5048 3345 5163 Ιεείζίβὶοτῗθεῖ
3368 5048 3431 5163 (ξ
3457 5053 3707 5163 Pultibus

1988 5158 2273 5231 antiquis,
2307 5163 2363 5211 et
2402 5160 2474 5214 de
2516 5172 2850 5217 successore
2883 5135 3188 5252 iijysi
3236 5140 3363 5233 3°?“
3384 5135 3722 5192 “WE-“um

1988 5254 2257 5309 dicturus
2279 5252 2367 5301 est
2389 5248 2782 5320 dejudicibus
2808 5238 3130 5343 Isrgél"
3160 5238 3741 5343 nominaromm‘er‘n:

3219 5324 3269 5348 ε..
3320 5311 3407 5348 nni
3452 5327 3546 5348 non
3586 5310 3749 5348 ﬁdem
