3976 5348
408 366 518 425 811

1430 346 1768 409 ATTONIS
1814 338 2394 406 VERCELLENSIS
2440 331 2794 395 EPISCOPI
3696 314 3766 374 8!

408 497 777 552 enarranten.
799 516 821 547 ι
862 488 1066 547 Deﬁcit
1108 485 1263 543 enim
1296 499 1388 539 me
1436 486 1665 553 tempus
1696 475 2054 533 destinatum
2085 476 2139 540 Α
2170 470 2280 526 fuit
2308 473 2441 525 ante
2472 471 2547 523 te.
2575 489 2602 516 ››
2629 463 2791 530 Quod
2816 463 2943 535 jam
2992 460 3051 515 in
3082 454 3313 514 Christo
3343 450 3659 525 impletum
3699 461 3814 502 esse

410 585 484 642 ad
514 583 884 641 scribendam
914 576 1221 653 epistolam
1252 590 1266 630 :
1294 573 1426 639 hoc,
1449 570 1604 643 quod
1634 569 1691 623 in
1725 566 1896 623 corde
1928 578 2054 635 pro-

412 672 604 746 posui,
634 688 737 729 seu
768 668 1074 726 historiam
1104 664 1396 720 narrando
1425 662 1496 717 de
1525 658 1800 731 operibus
1827 669 2050 718 eorum,

411 763 512 819 sed
544 762 720 817 ﬁnem
752 759 971 814 faciens
993 757 1053 811 in
1076 752 1461 820 meretricem,
1484 754 1542 805 et
1563 749 1623 802 in
1646 742 2053 802 verecundiam

411 851 496 908 eis
528 848 784 907 excitans
824 846 1166 920 qualitatem
1206 857 1486 916 personae,
1510 854 1625 893 non
1649 836 1775 907 jam
1807 832 2054 887 delecta-

409 945 507 996 tur
535 938 916 996 historiarum
942 929 1514 990 commemoratione.
1540 925 1635 981 Ne’
1651 923 1917 978 videatur
1945 936 2057 973 ser-

411 1043 645 1084 monem
668 1042 842 1083 suum
874 1022 1162 1098 protelare
1189 1025 1385 1076 tamen
1410 1034 1525 1072 non
1556 1031 1623 1070 ea
1644 1012 1933 1083 explanat,
1955 1008 2051 1063 sed

409 1115 717 1189 percurrit,
733 1114 1025 1186 sapienter
1042 1110 1207 1167 valde
1229 1112 1547 1177 utrumque
1572 1103 1814 1163 faciens,
1832 1104 1888 1153 et
1910 1104 2055 1153 tem-

413 1220 525 1277 pus
555 1203 806 1276 fugiens,
828 1206 887 1258 et
916 1200 1265 1256 densitatem
1298 1194 1718 1253 sententiarum
1753 1205 1868 1242 non
1900 1186 2057 1242 aufe-

412 1310 567 1350 rens.
612 1275 813 1364 Neque
865 1289 1022 1347 enim
1079 1287 1317 1344 omnino
1370 1282 1575 1348 tacuit,
1616 1295 1804 1350 neque
1860 1275 2059 1330 dicens

413 1382 696 1443 molestus
718 1381 955 1436 effectus
974 1382 1096 1447 est;
1118 1381 1435 1447 utrumque
1455 1371 1612 1428 enim
1637 1368 1793 1424 facit.
1809 1364 1917 1429 Qui
1933 1364 2057 1433 jam

413 1469 670 1528 credenti
696 1467 1062 1541 longitudine
1083 1463 1372 1522 sermonis
1401 1459 1689 1516 molestus
1717 1471 1844 1511 esse
1869 1452 2061 1509 volue-

412 1559 508 1630 rit,
531 1558 865 1634 opinionem
930 1553 1271 1612 ambitionis
1300 1549 1575 1614 incurrit;
1629 1548 1853 1617 oportet
1904 1542 2059 1598 enim

413 1647 651 1707 utilitati
683 1645 1010 1721 prospicere
1040 1648 1098 1700 et
1126 1640 1403 1714 coaptari.

488 1760 517 1788 ‹‹
548 1743 626 1793 De
674 1737 930 1807 Gedeon,
981 1732 1222 1804 Barach,
1269 1736 1535 1799 Samson,
1577 1724 1812 1798 Jephte,
1855 1720 2057 1785 David,

2168 575 2489 615 CBPDlmUS.

2242 672 2262 697 α
2298 647 2729 703 Obturaverunt
2766 659 2868 697 ora
2909 639 3169 703 leonum,
3202 631 3614 690 exstinxerunt
3642 626 3809 697 impe-

2163 741 2291 793 tum
2321 736 2496 807 ignis.
2526 758 2552 783 »

2246 846 2267 875 ι
2302 804 2734 881 Obturaverunt
2776 836 2877 876 ora
2922 817 3158 871 leonum
3189 835 3217 863 »
3260 829 3361 885 per
3391 808 3595 872 ﬁdem,
3622 809 3691 860 ut
3718 804 3813 859 Da-

2166 916 2281 971 niel
2313 932 2429 980 xxv,
2462 915 2552 980 39,
2601 916 2843 966 Samson
2878 908 3025 978 (Iud.
3052 921 3168 973 xxv,
3199 902 3276 974 6),
3309 906 3366 955 et
3402 896 3580 953 David
3616 896 3668 966 (Ι
3700 895 3813 962 Reg.

2164 1023 2277 1062 xvn
2290 1047 2303 1071 ,
2337 1004 2552 1069 34-37).

2239 1135 2265 1161 ‹‹
2302 1110 2719 1174 Exstinxerunt
2764 1105 3048 1175 impetum
3104 1099 3278 1171 ignis,
3308 1121 3328 1149 ι
3368 1112 3473 1166 per
3521 1093 3726 1155 fidem,
3767 1094 3822 1146 ut

2169 1205 2284 1255 tres
2331 1197 2493 1271 pueri
2543 1196 2603 1250 in
2651 1193 2879 1250 camino
2910 1190 3064 1261 ignis
3099 1189 3258 1261 (Dan.
3293 1202 3376 1249 Ill,
3408 1183 3522 1251 93).
3562 1178 3698 1235 Haec
3744 1183 3822 1233 est

2171 1290 2335 1359 fides,
2356 1291 2420 1342 ut
2451 1301 2583 1341 cum
2616 1300 2708 1338 res
2740 1281 2912 1337 nobis
2944 1283 3002 1333 in
3034 1274 3395 1333 contrarium
3428 1272 3669 1336 exeunt,
3690 1272 3822 1322 tunc

2169 1356 2498 1441 credamus,
2533 1373 2672 1446 quia
2719 1370 2864 1426 nihil
2906 1366 3262 1425 contrarium
3313 1363 3535 1419 factum
3586 1361 3692 1424 est,
3727 1356 3824 1412 sed

2170 1469 2383 1522 cuncta
2411 1460 2832 1533 consequentia
2857 1456 3142 1514 ordinata.

2248 1596 2267 1622 υ
2303 1572 2723 1643 Effugaverunt
2749 1566 2929 1623 aciem
2956 1561 3158 1636 gladii,
3183 1556 3612 1616 convaluerunt
3642 1552 3714 1606 de
3744 1551 3825 1606 in-

2171 1662 2467 1725 ﬁrmitate,
2493 1660 2673 1714 fortes
2704 1654 2841 1711 facti
2867 1657 3007 1711 sunt
3031 1652 3090 1706 in
3120 1648 3497 1715 bello,castra
3524 1644 3826 1696 verterunt

2171 1756 2525 1807 exterorum.
2558 1771 2585 1797 »
2618 1745 3031 1818 Effugaverunt
3062 1739 3247 1796 aciem
3277 1734 3455 1809 gladii
3492 1748 3602 1805 per
3631 1730 3822 1794 fidem,

415 1825 652 1885 samuel
682 1830 740 1882 et
759 1823 1082 1914 prqphetis’
1102 1821 1202 1894 qui
1222 1836 1324 1893 per
1343 1819 1518 1914 ﬁdem
1540 1818 1803 1914 Vifﬁfu‘ft
1824 1827 2060 1914 régna":
2092 1850 2139 1914 Β
2170 1841 2229 1895 id
2261 1844 2370 1910 est,
2424 1854 2604 1909 supra
2652 1836 2777 1906 jam
2837 1831 2977 1889 dicti
3033 1827 3237 1896 David,
3267 1842 3373 1881 seu
3430 1822 3699 1883 Gedeon,
3731 1834 3826 1874 seu

416 1915 578 1981 Quod
611 1930 817 1971 omnes
844 1913 902 1968 in
933 1925 1244 1969 commune
1272 1910 1604 1971 narrantur,
1630 1903 1775 1960 illud
1797 1906 1885 1957 est
1902 1900 2056 1972 quod

414 2001 785 2077 singulorum
815 2017 992 2075 opera
1018 2000 1220 2057 eadem
1244 1998 1356 2053 ﬁde
1387 2000 1516 2052 acta
1544 2000 1702 2061 sunt,
1729 2009 1844 2064 qua
1875 1995 1932 2045 et
1960 1988 2057 2043 isti

414 2108 517 2164 per
569 2092 743 2148 fidem
803 2089 1076 2146 similiter
1126 2088 1410 2144 vicerunt.
1464 2081 1749 2156 Regnavit
1802 2080 2056 2144 Gedeon,

413 2168 650 2255 signum
689 2178 1025 2251 accipiendo
1074 2177 1136 2232 in
1184 2174 1394 2231 vellere
1445 2173 1516 2228 ad
1573 2166 2059 2244 prosternendum

414 2271 596 2326 Zebee
624 2272 682 2325 et
708 2267 983 2325 Salmana
1014 2265 1157 2339 (Iud.
1191 2281 1312 2331 vm,
1347 2263 1458 2332 40).
1494 2259 1730 2323 Barach,
1764 2258 1834 2312 ad
1863 2260 2057 2312 conte-

416 2358 665 2415 rendum
692 2356 974 2426 Sisaram,
1000 2359 1057 2409 et
1084 2369 1288 2409 omnes
1318 2366 1526 2407 currus
1556 2349 1683 2419 ejus
1714 2346 1862 2418 (Iud.
1897 2362 1971 2409 xv,
2004 2347 2059 2407 6,

418 2438 506 2517 15,
539 2446 629 2511 16,
656 2446 770 2513 21).
794 2444 1044 2499 Samson
1091 2439 1287 2513 plures
1336 2436 1736 2493 interﬁciendo
1785 2427 2065 2498 moriens,

418 2550 596 2608 quam
627 2537 762 2589 ante
796 2532 960 2588 vivus
991 2530 1283 2586 occiderat
1328 2527 1470 2593 (Iud.
1520 2543 1636 2593 xv1,
1677 2524 1786 2595 30).
1831 2522 2060 2595 Jephte,

416 2621 734 2697 pugnando
785 2624 987 2677 contra
1042 2618 1195 2674 ﬁlios
1250 2622 1525 2681 Ammon,
1558 2619 1614 2670 et
1654 2614 1835 2669 ﬁliam
1894 2627 2062 2665 suam

418 2711 711 2793 offerendo
758 2710 904 2783 (Iud.
947 2726 1025 2773 x1,
1070 2709 1182 2777 30).
1232 2706 1435 2776 David,
1486 2703 1801 2761 occidendo
1852 2700 2061 2756 Philis-

416 2790 658 2867 thaaum,
689 2804 748 2856 et
785 2799 844 2854 in
888 2796 1402 2872 repromissionem
1433 2792 1769 2865 accipiendo
1800 2792 1870 2846 de
1899 2789 2063 2845 Chri-

419 2893 601 2963 sto(1
647 2878 779 2961 Reg.
812 2905 951 2955 xvn,
980 2888 1095 2955 50).
1128 2883 1382 2949 Samuel,
1432 2883 1492 2937 in
1537 2880 1850 2937 occidendo
1902 2880 2064 2950 Agag

416 2994 614 3055 regem
642 2976 916 3034 Amalech
948 2977 992 3049 (ι
1020 2977 1153 3048 Reg.
1185 2991 1276 3041 xv,
1306 2971 1422 3044 33).

490 3054 519 3119 (ὲ
552 3066 796 3147 Ορθνειὶί¹
841 3070 983 3123 sunt
1030 3062 1326 3136 justitiam
1370 3078 1432 3116 »ε
1469 3059 1610 3132 quia
1665 3058 1819 3130 quod
1875 3054 2061 3112 credi.

416 3160 654 3224 derunt,
684 3172 856 3230 opere
898 3153 1334 3227 compleverunt
1365 3169 1377 3206 :
1411 3173 1438 3200 ‹‹
1472 3148 1666 3220 adepti
1718 3147 1874 3203 enim
1925 3148 2064 3201 sunt

416 3245 922 3329 repromissiones,
969 3265 999 3294 »
1039 3242 1178 3315 quia
1224 3243 1567 3297 meruerunt
1613 3236 1729 3292 illis
1777 3235 2060 3308 promitti.

418 3325 549 3405 seu,
599 3335 796 3408 adepti
851 3337 990 3390 Sunt
1046 3329 1551 3403 repromissiones,
1595 3326 1736 3398 quia
1781 3341 1913 3380 eum
1965 3325 2061 3395 ju-

419 3425 730 3498 rejurando
789 3438 1137 3495 responsum
1196 3419 1513 3491 accepisset
1565 3414 1947 3485 David,quod
1996 3430 2064 3468 ex

419 3515 549 3593 ipso
578 3513 903 3571 secundum
933 3526 1167 3566 carnem
1190 3507 1455 3562 Christus
1486 3507 1719 3561 futurus
1749 3508 1921 3570 esset,
1947 3520 2061 3559 non

423 3604 729 3670 dubitavit,
760 3602 863 3657 sed
921 3597 1186 3656 credidit.
1219 3596 1313 3652 Sic
1369 3595 1525 3651 enim
1583 3595 1865 3665 scriptum
1925 3596 2059 3648 est:

427 3712 450 3743 α
480 3693 706 3748 Juravit
743 3690 1025 3747 Dominus
1069 3686 1245 3743 David
1278 3685 1596 3753 veritatem,
1630 3690 1686 3739 et
1716 3700 1831 3745 non
1878 3682 2061 3754 pcnni-

417 3782 565 3840 tebit
612 3797 748 3838 eum
782 3796 795 3836 :
829 3796 900 3837 ex
945 3779 1139 3834 fructu
1194 3774 1414 3832 ventris
1470 3774 1556 3828 tui
1614 3788 1829 3846 ponam
1887 3788 2064 3844 super

417 3870 619 3937 sedem
675 3885 865 3926 meam
896 3867 1151 3940 (1454).»
1183 3866 1253 3920 Et
1303 3863 1441 3920 alibi
1494 3879 1566 3919 ;‹‹
1627 3861 1818 3918 Semel
1862 3856 2057 3934 juravi

414 3960 478 4019 in
524 3964 726 4020 sancto
775 3974 926 4030 meo,
950 3958 1001 4014 si
1035 3955 1213 4013 David
1245 3954 1496 4010 mentiar
1527 3971 1538 4009 :
1564 3946 1775 4008 lsemen
1823 3955 1951 4025 ejus
2001 3955 2059 4010 in

413 4054 693 4108 aeternum
757 4048 1033 4104 manebit.
1094 4050 1162 4101 Et
1211 4045 1380 4102 sedes
1438 4044 1587 4113 ejus,
1646 4043 1798 4097 sicut
1854 4042 1939 4098 sol
1999 4044 2056 4098 in

410 4144 727 4213 conspectu
783 4154 911 4194 meo
968 4135 1142 4208 (Psal.
1193 4150 1464 4197 Lxxxvm,
1519 4132 1608 4200 36,
1658 4132 1769 4201 37).
1801 4153 1828 4181 ››
1874 4133 1942 4186 Et
2000 4133 2057 4186 in

408 4228 894 4301 Paralipomenon
945 4226 992 4293 Ι,
1041 4242 1181 4290 xvu,
1229 4223 1497 4277 11-13;‹‹
1528 4221 1597 4274 Et
1653 4220 1782 4287 erit,
1842 4214 2055 4292 inquit,

409 4332 546 4372 cum
577 4314 852 4388 completi
894 4313 1111 4369 fuerint
1148 4311 1271 4366 dies
1321 4310 1428 4375 tui,
1463 4313 1519 4364 et
1566 4307 1873 4363 dormieris
1921 4326 2054 4364 cum

409 4404 672 4478 patribus
728 4403 879 4470 tuis,
939 4401 1235 4457 suscitabo
1294 4414 1493 4454 semen
1563 4402 1729 4453 tuum
1791 4402 1924 4469 post
1978 4404 2055 4463 te,

410 4493 568 4569 quod
601 4492 932 4566 egredietur
960 4491 1031 4546 de
1080 4495 1245 4545 utero
1272 4493 1396 4555 tuo,
1428 4491 1485 4547 et
1513 4487 1758 4542 ﬁrmabo
1811 4503 2051 4559 regnum

409 4599 538 4655 ejus
583 4602 600 4638 :

407 4688 654 4746 regnum
688 4673 816 4743 ejus
846 4671 905 4725 in
951 4669 1395 4741 sempiternum.
1429 4669 1545 4740 Ego
1596 4684 1692 4723 ero
1742 4667 1795 4721 ei
1842 4666 1899 4720 in
1953 4684 2051 4738 pa-

403 4764 512 4828 tre,
545 4766 604 4817 et
634 4760 758 4833 ipse
811 4759 920 4815 erit
972 4757 1118 4813 mihi
1171 4758 1230 4811 in
1281 4756 1398 4811 ﬁlio
1433 4774 1445 4811 :
1482 4760 1537 4811 et
1593 4755 2052 4810 misericordiam

406 4865 600 4907 meam
632 4866 749 4905 non
779 4850 1039 4905 auferam
1071 4848 1142 4902 ab
1174 4862 1260 4913 eo,
1295 4846 1448 4901 sicut
1479 4844 1693 4900 abstuli
1727 4844 1799 4899 ab
1832 4859 1917 4910 eo,
1952 4844 2051 4915 qui

478 4956 662 5028 (1454)
697 4956 846 5011 Psal.
875 4971 1067 5019 cxxxr,
1099 4954 1123 5006 1
1135 4954 1202 5028 _1_:
1224 4953 1441 5007 Iuravit
1475 4952 1747 5028 Dominus
1770 4951 1947 5004 David
1968 4968 2053 5028 ve-

651 4584 776 4655 ipse
831 4579 1141 4637 aedificabit
1195 4578 1339 4634 mihi
1396 4578 1659 4648 domum,
1693 4582 1751 4632 et
1804 4576 2051 4632 ﬁrmabo
2086 4579 2133 4644 D

2170 1929 2264 1984 alii
2301 1906 2558 1999 plurimi,
2584 1924 2739 1997 quod
2773 1923 3013 1994 longum
3035 1923 3126 1975 est
3144 1928 3511 1981 enumerare,
3538 1926 3700 1983 quos
3722 1906 3824 1963 sci-

2172 2034 2303 2073 mus
2364 2033 2464 2089 per
2492 2016 2668 2070 ﬁdem
2724 2012 2902 2068 fortes
2944 2008 3128 2065 fuisse
3185 2005 3245 2060 in
3302 2001 3484 2067 bello,
3517 2004 3580 2055 et
3639 2001 3826 2053 castra

2169 2085 2411 2162 vertisse
2439 2105 2512 2160 de
2541 2102 2752 2159 exteris
2776 2099 3069 2173 gentibus.
3094 2092 3533 2151 Convaluerunt
3567 2088 3645 2143 de
3676 2085 3826 2141 inﬁr-

2172 2196 2371 2250 mitate
2402 2211 2504 2265 per
2535 2193 2731 2257 ﬁdem,
2762 2191 2917 2246 sicut
2943 2184 3221 2243 Ezechias
3251 2183 3347 2254 (IV
3376 2181 3509 2249 Reg.
3541 2194 3646 2247 xx,
3674 2176 3732 2243 5,
3760 2176 3826 2243 6}.

2171 2285 2368 2339 Fortes
2400 2283 2534 2338 facti
2580 2285 2718 2337 sunt
2746 2279 2803 2333 in
2837 2276 3011 2343 bello,
3046 2278 3112 2329 ut
3155 2271 3338 2327 Judas
3368 2272 3429 2325 et
3458 2268 3687 2322 fratres
3712 2265 3828 2334 ejus

2172 2374 2375 2444 (1455).
2435 2392 2456 2421 ι
2514 2374 2879 2440 Acceperunt
2933 2364 3209 2420 mulieres
3267 2361 3339 2415 de
3398 2353 3828 2414 resurrectione

2166 2466 2435 2518 mortuos
2483 2477 2640 2516 suos.
2669 2481 2695 2507 η
2730 2457 2809 2512 Ea
2855 2454 3276 2511 commemorat
3324 2445 3676 2520 Apostolus,
3708 2458 3826 2513 qua

2173 2568 2275 2624 per
2303 2550 2487 2606 Eliam
2528 2553 2587 2604 et
2633 2546 2891 2602 Eliseum
2920 2544 3222 2607 venerunt,
3255 2537 3356 2610 qui
3388 2551 3497 2624 per
3528 2534 3712 2588 ﬁdem
3742 2547 3828 2587 ro-

2171 2620 2289 2713 gati
2322 2644 2480 2710 sunt,
2507 2642 2569 2692 ut
2618 2633 2932 2707 Apostolus
2964 2629 3252 2694 meminit,
3286 2627 3357 2681 ab
3404 2622 3530 2678 illis
3568 2620 3826 2677 mulieri-

2172 2731 2304 2797 bus,
2357 2736 2420 2783 ut
2461 2726 2817 2782 suscitarent
2876 2724 3139 2778 mortuos
3188 2731 3411 2772 eorum.
3465 2711 3631 2766 Elias
3678 2708 3826 2764 enim

2173 2815 2476 2874 suscitavit
2530 2814 2717 2869 ﬁlium
2759 2812 2946 2867 viduae
3002 2809 3214 2864 Jonam
3247 2802 3435 2876 (1456)
3468 2800 3533 2856 in
3586 2800 3831 2869 Sarepta

2174 2907 2444 2976 Sidoniae,
2477 2908 2534 2961 et
2561 2901 2768 2958 detulit
2797 2900 2964 2955 illum
2998 2895 3173 2953 matri
3204 2910 3354 2960 suae;
3387 2897 3447 2946 et
3476 2888 3738 2944 Eliseus
3766 2887 3828 2940 ti-

2172 2995 2318 3051 lium
2348 2992 2712 3050 Sunamitem
2747 2990 2838 3062 (IV
2864 2990 2990 3058 Reg.
3025 3004 3098 3052 1v,
3136 2984 3248 3056 35).

2252 3123 2274 3151 κ
2318 3101 2427 3157 Alii
2489 3106 2683 3156 autem
2742 3095 2978 3153 distenti
3039 3097 3197 3159 sunt,
3260 3105 3374 3144 non
3435 3084 3830 3158 suscipientes

2094 3213 2137 3277 ο
2177 3191 2635 3263 redemptionem
2667 3192 2732 3242 ut
2760 3185 3056 3242 meliorem
3089 3179 3417 3237 invenirent
3445 3173 3835 3231 resumatis-

2178 3298 2332 3336 nem.
2361 3262 2391 3329 ›έ
2421 3278 2690 3342 Distenti,
2722 3277 2780 3331 id
2829 3280 2936 3342 est,
2968 3270 3210 3338 extensi,
3260 3267 3371 3323 hoc
3414 3272 3527 3335 est,
3560 3263 3625 3317 in
3677 3262 3834 3334 ligno

2173 3370 2363 3427 crucis
2429 3386 2532 3441 per
2598 3368 2743 3421 ﬁnes
2807 3360 3072 3429 extensi;
3126 3375 3250 3428 seu,
3311 3360 3378 3411 ut
3431 3352 3533 3408 alii
3606 3352 3832 3418 dicunt,

2173 3459 2546 3513 incurvantes
2594 3453 2993 3511 summitatem
3044 3449 3342 3514 arborum,
3374 3449 3431 3499 et
3477 3458 3625 3498 ossa
3671 3456 3834 3495 mar-

2172 3553 2364 3619 tyrum
2422 3546 2820 3600 distendentes
2877 3557 2944 3596 ac
2997 3538 3455 3608 disrumpentes,
3516 3529 3663 3602 quia
3721 3527 3830 3600 ipsi

2174 3634 2479 3708 praesentia
2504 3634 2893 3705 despexerunt
2938 3633 2995 3685 et
3044 3624 3509 3697 redemptionem
3543 3624 3828 3676 aeternam

2174 3724 2614 3796 concupierunt.

2251 3852 2278 3884 «ι
2305 3830 2414 3887 Alii
2444 3846 2578 3886 vero
2610 3826 2890 3898 ludibria,
2914 3834 2968 3881 et
3016 3823 3257 3880 verbera
3301 3817 3547 3891 experti,
3587 3816 3835 3888 insuper

2171 3926 2227 3977 et
2272 3919 2503 3975 vincula
2551 3923 2607 3973 et
2653 3931 2990 3972 carceres.»
3023 3912 3153 3968 Haec
3202 3909 3507 3981 aliquanta
3557 3906 3618 3960 in
3668 3905 3832 3961 Iere-

2172 4010 2289 4065 mia
2317 4015 2374 4064 et
2415 4008 2473 4062 in
2523 4008 2699 4062 Amos
2753 4004 3003 4076 legimus
3061 3999 3399 4070 adimpleta.
3452 3996 3539 4052 Ita
3593 3995 3667 4051 de
3716 3992 3833 4059 his,

2170 4115 2271 4153 seu
2328 4098 2398 4151 de
2445 4095 2575 4150 aliis
2632 4094 2825 4149 taliter
2882 4091 3145 4148 scribens
3202 4086 3543 4159 Apostolus,
3576 4080 3834 4155 qualiter

2170 4187 2357 4242 solent
2389 4187 2457 4240 de
2505 4184 2637 4241 aliis
2670 4182 2950 4247 accidere,
2983 4178 3200 4252 quibus
3249 4172 3406 4231 mala
3451 4172 3829 4244 inﬂiguntur.

2168 4276 2337 4332 Prius
2367 4274 2525 4330 enim
2569 4272 2849 4328 deludent
2886 4286 3006 4340 eos,
3040 4267 3197 4323 unde
3242 4268 3301 4320 et
3344 4261 3619 4318 delubris
3649 4259 3828 4325 dicta,

2168 4370 2223 4421 et
2272 4368 2585 4437 postquam
2635 4360 2920 4417 verberati
2968 4356 3204 4422 fuerint,
3245 4359 3310 4410 ut
3354 4350 3632 4407 Michaaas
3665 4366 3701 4405 a
3728 4348 3833 4404 Se-

2169 4456 2331 4510 decia
2361 4455 2466 4524 (III
2495 4458 2617 4523 Reg.
2655 4466 2792 4517 xxn,
2824 4450 2939 4515 24),
2970 4449 3303 4518 sequuntur
3347 4441 3585 4496 vincula
3608 4444 3669 4495 et
3699 4455 3831 4494 car-

2166 4559 2325 4599 ceres
2356 4540 2564 4612 (Ibid).

2240 4673 2260 4698 ι
2291 4647 2555 4718 Lapiduti
2585 4648 2746 4716 sunt,
2771 4644 2911 4700 secti
2945 4646 3101 4708 sunt,
3134 4638 3343 4697 tentati
3376 4639 3541 4702 sunt,
3574 4635 3637 4690 in
3676 4634 3830 4690 occi-

2166 4739 2328 4795 sione
2359 4733 2535 4809 gladii
2570 4732 2783 4789 mortui
2829 4736 2988 4787 sunt.
3014 4753 3041 4780 ››
3078 4726 3342 4800 Lapidati
3374 4729 3540 4795 sunt,
3575 4728 3642 4778 ut
3669 4726 3831 4777 Iere-

2164 4827 2312 4882 mias
2372 4824 2579 4898 (1457),
2631 4821 2860 4878 Naboth
2913 4821 3012 4892 (III
3060 4821 3181 4888 Reg.
3235 4833 3347 4885 xxx,
3402 4812 3515 4885 13),
3569 4829 3677 4868 seu
3719 4811 3829 4865 Za-

2164 4935 2291 4989 bum
2321 4934 2541 4987 Domini
2573 4933 2633 4985 in
2661 4946 2751 4985 ore
2781 4932 2873 4983 tuo
2902 4942 3090 4982 verum
3115 4929 3213 4979 est.
3247 4920 3425 4977 Filius
3456 4919 3622 4975 enim
3657 4921 3828 4973 Ama-

404 5010 658 5110 filix-tem;
678 5031 728 5082 et
754 5044 864 5082 non
909 5024 1275 5110 frustrnbitur
1302 5040 1462 5087 eam;
1501 5023 1572 5075 de
1620 5025 1807 5091 fructu
1849 5024 2053 5075 ventris
2160 5022 2246 5077 thi
2277 5023 2457 5077 Jonas
2507 5019 2749 5085 dicitur;
2790 5015 2997 5071 Amath
3032 5032 3161 5069 vero
3203 5010 3484 5067 Hebraice
3532 5011 3829 5062 veritatem

1479 5095 1516 5110 Α
1785 5092 1922 5110 γΑμε
2002 5093 2043 5110 -_
2314 5099 2322 5110 .
2390 5098 2427 5110 η
2494 5092 2507 5110 ι
2586 5109 2591 5110 ,
2639 5088 2895 5110 -,_:_:_.__
2944 5087 3066 5110 με)-
3124 5084 3313 5110 ,λεηηη
3370 5081 3797 5110 υςηνιηηυη-ηηηη

403 5100 490 5152 tui
541 5114 744 5168 ponam
797 5096 1192 5168 superisedem
1244 5099 1415 5168 tuom,
1477 5081 1630 5158 Qum.
1679 5092 2052 5168 repromissio
2162 5099 2351 5168 sonat.
2387 5098 2463 5147 De
2494 5092 2603 5168 hac
2630 5081 2901 5160 Opinione
2944 5087 3069 5168 vide
3120 5084 3315 5168 divu'm
3367 5081 3825 5168 Hieronymum,

402 5170 456 5223 II
482 5163 608 5236 Reg.
636 5185 737 5234 vn,
770 5171 837 5224 12
863 5163 1254 5240 potissimum
1304 5164 1534 5236 legitur,
1568 5169 1624 5218 et
1671 5163 2045 5233 sequentibus

404 5240 612 5293 versic.

477 5308 659 5348 MARS)
699 5310 931 5348 Μειρῆηῆ
986 5325 1049 5348 nr
1113 5324 1245 5348 nnm
1292 5305 1513 5348 nminriq
1562 5304 1851 5348 nanifihng
1898 5303 2044 5348 eius-

2161 5166 2383 5235 praefat.
2443 5168 2501 5216 in
2554 5149 2785 5235 Jonam,
2830 5160 3048 5231 pseudo
3109 5155 3418 5235 e_pi_ph:,et
3477 5149 3828 5235 Do‘rpth.‘de

2164 5220 2350 5290 inerte
2380 5242 2435 5289 et
2462 5235 2577 5287 vita
2598 5220 3056 5303 proph.,.qumst_.
3083 5220 3159 5281 ad
3176 5220 3437 5303 A'ntioch.
3468 5237 3526 5291 q.
3554 5220 3828 5303 (ξριτια-

2161 5324 2331 5348 nnam
2364 5305 2545 5348 qnnrii
2586 5290 2905 5348 Ᾰῒὴιῖηηέῆἱῖ-
2935 5305 3002 5348 At
3026 5299 3206 5348 Jonas
3236 5296 3345 5348 sub
3376 5290 3541 5348 JOBS.
3568 5299 3630 5346 et
3658 5290 3826 5345 JBI‘O'
