3976 5348
161 391 275 452 813

736 390 1153 451 EXPOSITIO
1197 392 1273 451 ΙΝ
1320 392 1749 453 EPISTULAS
1796 391 2155 451 PAULL—
2186 392 2263 451 ΙΝ
2308 391 2550 452 EPlS'l‘.
2598 392 2698 451 AD
2742 392 2979 453 HEBR.

3442 394 3561 452 8M

161 520 623 589 charias(11158).
668 522 815 576 Secti
871 525 1028 592 sunt,
1087 526 1153 577 ut
1211 523 1318 577 fuit
1368 523 1549 578 Isaias
1595 521 1798 591 (1459).
1838 523 1891 587 Α
1924 520 2113 576 luncis
2132 522 2265 577 etin
2286 524 2550 579 cavernis
2577 522 3026 578 terrae.»Eliam
3056 522 3217 591 dicit,
3246 539 3347 579 seu
3396 529 3562 580 ciete-

162 609 386 665 Tentati
406 614 563 678 sunt,
588 609 643 662 id
668 610 1031 681 est,probati,
1060 612 1455 677 utAbraham,
1504 616 1560 665 et
1601 609 1800 664 Jacob.

161 700 221 754 1n
253 698 542 753 occisione
572 698 749 768 gladii
802 700 1019 754 mortui
1052 705 1209 765 sunt,
1243 706 1308 755 ut
1346 701 1512 756 Urias
1564 700 1631 771 (II
1672 701 1801 767 Reg.

163 804 222 855 II,
263 788 380 857 24),
437 792 494 842 et
539 787 732 843 Josias
790 789 883 855 (IV
936 790 1061 857 Reg.
1126 807 1285 857 xxm,
1344 790 1449 857 29;
1512 790 1560 844 11
1612 789 1801 843 Paral.

159 893 326 943 xxxv,
354 876 464 946 23).
501 877 570 931 Et
602 879 720 932 haec
742 876 940 932 omnia
961 894 1063 948 per
1094 878 1265 933 ﬁdem
1299 879 1455 949 passi
1478 877 1804 949 despicien-

162 971 246 1021 tes
262 964 665 1036 praesentia,ut
680 967 750 1020 ad
765 982 1018 1036 superna
1040 966 1421 1021 elevarentur.
1444 971 1564 1020 Duo
1588 966 1806 1037 quippe

161 1058 301 1110 sunt
332 1054 614 1109 miracula
646 1053 781 1108 ﬁdei
807 1070 819 1108 :
855 1054 993 1126 quia
1022 1060 1078 1109 et
1106 1054 1357 1125 imperat
1379 1071 1593 1126 magna
1626 1057 1681 1108 et
1703 1070 1802 1125 pa-

160 1144 308 1199 titur
336 1144 573 1214 magna,
595 1147 653 1197 et
675 1142 821 1196 nihil
857 1146 1089 1213 reputat
1121 1143 1261 1214 pati.

228 1256 254 1281 (ι
278 1231 710 1288 Circumierunt
731 1231 789 1285 in
814 1230 1065 1299 melotis,
1094 1236 1149 1286 et
1172 1233 1230 1286 in
1262 1231 1513 1302 pellibus
1528 1231 1803 1303 caprinis,

157 1324 420 1392 egentes,
452 1319 794 1391 angustiati,
826 1319 1049 1374 afﬂicti.
1071 1340 1099 1369 »
1124 1320 1187 1373 In
1210 1320 1319 1375 hoc
1343 1319 1467 1375 loco
1494 1320 1673 1375 Eliam
1703 1321 1805 1373 de-

156 1410 376 1464 bemus
406 1407 750 1480 intelligere.
786 1408 987 1478 Ipsum
1020 1408 1235 1480 quippe
1268 1408 1568 1464 insinuat:
1606 1414 1659 1463 et
1692 1425 1806 1463 non

158 1497 354 1553 solum
386 1496 576 1563 illum,
609 1497 711 1551 sed
739 1500 796 1550 et
826 1496 992 1561 alios,
1026 1497 1123 1568 qui
1156 1496 1350 1551 taliter
1395 1501 1655 1567 egerunt,
1708 1498 1807 1567 qui

156 1587 365 1643 afﬂicti
418 1586 678 1657 undique
733 1587 1011 1656 penuriis,
1064 1591 1119 1641 et
1176 1585 1662 1641 tribulationibus
1706 1604 1807 1640 an-

156 1675 430 1748 gustiati,
464 1678 701 1746 egentes
730 1673 947 1745 inopia,
984 1683 1047 1728 ut
1102 1675 1171 1729 ad
1232 1674 1589 1729 desiderium
1645 1679 1807 1729 teter-

156 1781 375 1820 norum
405 1765 735 1835 potuissent
767 1780 868 1834 per
897 1765 1273 1818 afﬁictionem
1308 1764 1656 1835 pertingere.
1692 1765 1807 1819 Me-

155 1855 314 1908 lotes
357 1852 559 1908 dicunt
598 1852 799 1923 aliqui,
854 1853 951 1924 qui
1004 1870 1119 1907 uno
1171 1853 1352 1907 latere
1400 1854 1808 1907 tantummodo
1842 1892 1887 1953 B

158 1943 437 2009 pendeat,
472 1958 539 1996 ex
572 1940 819 2011 pellibus
850 1942 1057 2008 factus,
1092 1945 1158 1994 ut
1188 1940 1459 1995 monachi
1493 1941 1548 1993 in
1572 1940 1811 2011 {Egypto

164 2031 488 2085 utebantur
518 2030 726 2100 (1460),
760 2027 993 2099 qualem
1030 2028 1183 2083 Elias
1218 2045 1450 2099 quoque
1475 2029 1689 2099 legitur
1719 2030 1815 2085 ha-

162 2121 371 2175 buisse
400 2120 500 2189 (IV
528 2119 654 2188 Reg.
705 2134 745 2183 ι,
776 2120 850 2189 8).

238 2231 267 2260 ‹‹
302 2208 528 2274 Quibus
554 2208 767 2279 dignus
798 2224 911 2262 non
963 2212 1087 2262 erat
1146 2207 1425 2262 mundus.
1456 2229 1480 2254 ››
1531 2207 1813 2261 Mundum

164 2313 428 2369 namque
461 2297 566 2351 hoc
598 2297 655 2350 in
688 2295 812 2350 loco
845 2295 987 2350 dicit
1044 2295 1313 2351 homines
1363 2294 1568 2350 mundi
1621 2311 1816 2349 amore

163 2387 465 2457 deceptos,
491 2390 665 2456 atque
692 2383 1027 2438 inhaarendo
1050 2388 1324 2438 creaturae
1350 2385 1420 2439 ab
1447 2384 1818 2455 agnoscenda

163 2474 462 2530 Creatoris
493 2474 582 2528 sui
626 2474 933 2543 majestate
962 2471 1228 2527 reﬂexos.
1270 2473 1349 2527 De
1382 2489 1497 2542 quo
1528 2472 1639 2527 alio
1691 2471 1815 2526 loco

165 2562 314 2617 dicit
342 2580 354 2617 :
391 2585 418 2611 ‹‹
443 2567 607 2616 Nunc
628 2562 895 2633 princeps
928 2562 1105 2631 hujus
1128 2562 1333 2615 mundi
1366 2562 1632 2631 ejiciatur
1662 2561 1816 2615 foras

164 2654 464 2721 (Joan.xn,
499 2651 608 2721 31).
634 2673 659 2700 ››
687 2650 954 2706 Ostendit
984 2650 1138 2704 enim
1171 2650 1467 2705 diabolum
1493 2651 1816 2721 principem

161 2757 302 2795 esse
335 2744 702 2812 peccatorum
734 2738 1059 2805 hominum,
1095 2754 1208 2792 non
1246 2742 1645 2792 creaturarum
1695 2738 1815 2792 Dei.

164 2831 237 2884 Et
270 2829 746 2900 quotiescunque
770 2826 977 2880 mundi
1012 2827 1198 2897 ﬁgura
1224 2827 1282 2878 in
1316 2824 1472 2879 mala
1531 2825 1819 2896 signiﬁca-

156 2917 331 2972 tione
356 2917 609 2988 ponitur,
644 2914 897 2970 ostendit
927 2914 1129 2968 mundi
1178 2913 1355 2968 istius
1405 2917 1715 2979 amatores,
1766 2917 1819 2968 et

154 3023 284 3062 non
324 3006 449 3060 Dei.
482 3004 647 3058 Absit
667 3003 845 3067 enim,
882 3008 945 3057 ut
978 3003 1287 3058 credamus
1315 3019 1448 3057 eum
1495 3002 1818 3074 principem

150 3110 294 3150 esse
334 3092 486 3159 cmli,
521 3097 577 3147 et
607 3096 770 3147 terrae
803 3096 858 3146 et
899 3096 1296 3146 creaturarum
1357 3091 1642 3155 omnium,
1694 3107 1818 3161 quas

144 3181 525 3257 generaliter
537 3181 989 3236 mundinomine
1012 3180 1398 3251 appellantur.
1423 3180 1602 3234 Totus
1624 3180 1821 3250 itaque

1921 627 2015 665 ros
2049 610 2193 665 alios
2229 611 2328 681 qui
2364 628 2463 681 per
2491 613 2740 682 deserta,
2760 616 2815 667 et
2841 613 2950 667 sub
2972 616 3127 667 terra
3148 615 3203 666 et
3224 611 3283 667 in
3299 613 3561 669 cavernis

1917 704 2084 753 terra:
2121 702 2373 753 fuerunt.

1988 810 2013 836 ‹‹
2051 788 2119 841 Et
2142 787 2201 841 hi
2222 803 2425 843 omnes
2458 789 2793 845 testimonio
2815 789 2947 845 ﬁdei
2969 790 3218 861 probati,
3245 806 3361 845 non
3392 806 3561 847 acce-

1919 880 2127 946 perunt
2152 876 2687 947 repromissionem,
2722 878 2837 933 Deo
2869 895 2971 950 pro
3003 879 3173 934 nobis
3204 878 3417 935 melius
3450 878 3557 934 ali-

1918 964 2057 1034 quid
2089 964 2450 1035 providente,
2487 982 2558 1021 ne
2590 966 2715 1021 sine
2744 968 2913 1021 nobis
2932 973 3502 1024 consummarentur.
3529 991 3559 1018 »

1916 1052 2020 1116 Qui
2056 1070 2280 1123 omnes,
2314 1054 2427 1109 nisi
2457 1054 2728 1125 superius
2768 1055 3093 1123 memorati,
3145 1072 3389 1127 quoram
3436 1060 3560 1112 tam

1917 1141 2072 1196 clara
2102 1147 2158 1196 et
2185 1141 2501 1198 laudabilis
2531 1144 2677 1198 ﬁdes
2700 1147 3157 1199 commemorata
3206 1148 3316 1213 est,
3349 1144 3407 1200 id
3454 1150 3559 1215 est,

1920 1230 2081 1301 Abel,
2117 1230 2375 1297 Hencch,
2409 1236 2544 1302 Noe,
2574 1232 2840 1298 Abrahae,
2884 1232 3060 1300 Saraa,
3121 1233 3304 1300 Isaac,
3356 1234 3559 1301 Jaccb,

1916 1318 2155 1389 Joseph,
2193 1319 2429 1391 Moysis,
2458 1320 2852 1375 Israelitarum
2887 1337 3047 1376 mare
3104 1320 3561 1391 transeuntium,

1916 1406 2111 1470 Josue,
2148 1406 2371 1475 Rahab,
2408 1408 2649 1478 Barach,
2685 1409 2954 1479 Samson,
2978 1408 3206 1480 Jephte,
3230 1409 3432 1481 David,
3456 1410 3559 1465 Sa-

1920 1496 2075 1550 muel
2109 1501 2163 1550 et
2192 1496 2632 1567 prophetarum,
2668 1497 2767 1567 qui
2826 1497 3061 1551 fuerunt
3119 1496 3221 1551 ﬁlii
3281 1497 3404 1563 Dei,
3464 1497 3566 1553 lux

1922 1584 2148 1650 mundi,
2184 1584 2265 1639 sal
2298 1590 2483 1651 terrm,
2518 1585 2695 1639 stellae
2728 1586 3104 1655 ﬁrmamenti,
3138 1587 3351 1642 terreni
3375 1586 3565 1641 homi-

1921 1686 2023 1724 nes
2055 1675 2111 1724 et
2142 1670 2404 1725 caelestes
2436 1671 2646 1742 angeli,
2677 1672 2791 1725 vivi
2850 1671 3073 1743 lapides
3132 1676 3188 1727 et
3246 1672 3564 1745 splendida:

1922 1760 2271 1831 margaritae,
2304 1776 2554 1829 quorum
2587 1777 2761 1831 opera
2791 1777 2918 1830 quae
2946 1766 3210 1832 egerunt,
3244 1762 3422 1817 ﬁdem
3464 1778 3563 1817 eo-

1923 1866 2049 1903 rum
2085 1848 2539 1921 testantur,quia
2565 1851 2785 1920 absque
2810 1850 3300 1921 ﬁdeimpossibile
3325 1855 3447 1907 erat
3468 1868 3567 1907 eos

1924 1938 2147 2009 placere
2178 1937 2293 1993 Deo
2313 1939 2340 1990 ἰ)
2370 1938 2479 1992 Sed
2515 1943 2709 1991 tamen
2742 1938 2969 2009 probati
3000 1939 3431 2007 tantummodo,
3477 1956 3564 1994 re-

1925 2025 2365 2097 promissioncm
2402 2043 2515 2081 non
2549 2031 2916 2097 acceperunt.
2950 2026 3113 2081 Dicet
3142 2044 3276 2098 ergo
3309 2027 3561 2097 aliquis:

1926 2116 2071 2181 Quid
2105 2115 2188 2169 eis
2227 2114 2443 2185 profuit
2498 2114 2745 2170 servisse
2802 2120 2937 2182 Deo,
2998 2117 3046 2171 si
3100 2116 3383 2171 hactenus
3441 2114 3567 2171 sine

1927 2204 2163 2275 pragmio
2195 2203 2581 2274 permanent?
2602 2203 2786 2258 Absit.
2812 2204 3052 2259 Auferat
3072 2203 3179 2259 hoc
3206 2222 3239 2259 a
3266 2204 3563 2261 mentibus

1926 2291 2390 2347 Christianorum
2431 2291 2713 2347 Dominus
2739 2292 2892 2348 Deus
2922 2296 3141 2359 noster,
3176 2298 3242 2348 ut
3263 2293 3571 2349 credamus

1926 2397 2024 2435 eos
2047 2380 2170 2434 sine
2190 2380 2428 2450 praemio
2451 2396 2813 2451 permanere,
2829 2381 3008 2451 quiad
3019 2380 3131 2436 huc
3145 2381 3377 2436 mortali
3399 2396 3573 2438 carne

1927 2468 2273 2523 circumdati
2304 2485 2584 2540 magnum
2605 2469 2910 2540 praemium
2936 2474 3318 2541 perceperunt
3337 2469 3573 2525 videndi

1927 2563 1983 2611 et
2012 2558 2395 2627 cognoscendi
2432 2557 2636 2612 Deum.
2662 2558 2924 2629 Denique
2956 2559 3091 2613 audi
3112 2559 3254 2629 quid
3278 2559 3347 2614 de
3371 2557 3486 2614 illis
3512 2559 3571 2613 in

1927 2646 2271 2717 Apocalypsi
2300 2664 2377 2714 v1,
2412 2647 2545 2700 9-11
2583 2647 2866 2717 scriptum
2900 2646 3013 2701 sit:
3045 2646 3226 2701 «Vidi
3251 2648 3361 2703 sub
3387 2646 3571 2703 altare

1929 2734 2155 2789 animas
2187 2734 2623 2789 interfectorum
2655 2740 2891 2806 propter
2917 2736 3162 2790 verbum
3192 2736 3314 2806 Dei,
3347 2740 3404 2791 et
3453 2738 3571 2792 cla-

1931 2824 2170 2878 mabant
2199 2838 2335 2877 voce
2366 2839 2600 2895 magna,
2624 2824 2882 2878 dicentes
2909 2822 3278 2895 :Usquequo,
3305 2824 3571 2897 Domine,

1929 2912 2194 2981 [sanctus
2224 2916 2280 2964 et
2309 2916 2498 2977 verus]
2534 2928 2646 2965 non
2669 2911 2920 2981 judicas,
2954 2916 3011 2967 et
3037 2911 3299 2968 vindicas
3331 2914 3569 2986 sangui-

1930 3015 2064 3053 nem
2099 3004 2362 3054 nostrum
2386 3000 2455 3053 de
2482 2999 2572 3054 his
2596 3000 2693 3071 qui
2718 3000 2983 3055 habitant
3010 3000 3067 3055 in
3098 3001 3289 3056 terra?
3318 3002 3385 3057 Et
3416 3003 3567 3058 data!

1931 3093 2070 3142 sunt
2099 3086 2216 3142 illis
2240 3086 2484 3159 singula:
2516 3087 2674 3142 stolae
2698 3088 2861 3159 albae,
2895 3094 2952 3143 et
2981 3090 3182 3144 datum
3243 3091 3426 3162 (1461)
3486 3095 3576 3146 est

1930 3175 2046 3231 illis
2080 3180 2143 3231 ut
2174 3177 2603 3246 requiescerent
2631 3180 2866 3248 tempus
2897 3178 3085 3232 adhuc
3115 3178 3434 3247 modicum,
3468 3180 3572 3235 do-

144 3253 435 3327 mundus
472 3270 649 3325 servit
677 3287 782 3325 suo
839 3270 1114 3339 Creatori,
1165 3287 1279 3324 non
1330 3269 1661 3340 deceptori;
1713 3268 1819 3324 Re-
1853 3253 1894 3318 C
1934 3282 2038 3319 nec
2072 3265 2385 3336 impleatur
2417 3282 2697 3321 numerus
2760 3282 3172 3322 conservorum
3223 3272 3279 3322 et
3330 3269 3575 3323 fratrum

144 3360 488 3431 demptori,
522 3376 638 3413 non
694 3359 1116 3429 interemptori,
1149 3364 1204 3413 et
1242 3358 1463 3429 regitur
1510 3358 1819 3429 dispensa-

148 3451 328 3505 tione
392 3448 611 3513 divina,
672 3464 786 3502 non
848 3446 1069 3501 inimici
1126 3446 1381 3502 versutia
1439 3446 1817 3510 subvertitur,

155 3541 413 3612 propter
435 3537 704 3591 homines
726 3536 910 3607 partis
932 3534 1109 3599 illius,
1128 3537 1227 3607 qui
1251 3535 1485 3607 pr0pria
1502 3534 1817 3601 voluntate,

161 3644 290 3683 non
330 3625 679 3681 necessitate
710 3625 909 3696 aliqua
940 3640 1002 3679 se
1034 3624 1624 3695 subjiciuntdiabolo.
1662 3624 1820 3679 Unde

158 3722 219 3772 et
253 3715 420 3769 idem
452 3713 771 3786 Apostolus
806 3713 919 3767 alio
950 3712 1074 3767 loco
1128 3714 1242 3769 ait:
1278 3736 1306 3763 «
1340 3714 1466 3768 Non
1515 3717 1604 3768 est
1654 3712 1821 3767 nobis

160 3804 510 3861 colluctatio
570 3804 848 3858 adversus
907 3818 1139 3857 carnem
1196 3807 1250 3856 et
1308 3802 1674 3873 sanguinem,
1720 3802 1820 3856 sed

161 3895 462 3951 adversus
493 3891 701 3946 mundi
732 3890 912 3961 hujus
944 3893 1278 3960 potestates,
1302 3894 1359 3943 et
1383 3892 1633 3944 rectores
1663 3893 1822 3944 tene-

161 3983 421 4037 brarum
446 3980 654 4035 harum
678 3980 890 4050 (Ephes.
912 3996 991 4045 vr,
1016 3980 1040 4032 1
1087 3978 1138 4049 );
1167 4002 1194 4028 ››
1218 3978 1273 4032 id
1300 3982 1407 4041 est,
1432 3981 1823 4043 peccatorum,

164 4071 270 4143 qui
308 4071 373 4125 in
407 4068 668 4124 tenebris
698 4071 939 4123 manent
967 4066 1315 4138 iniquitatis.
1380 4067 1551 4122 Recte
1609 4066 1827 4121 talibus

167 4177 292 4215 non
327 4162 424 4213 est
456 4157 669 4229 dignus
700 4157 976 4212 mundus.
1016 4156 1155 4209 Hinc
1184 4160 1271 4211 est
1330 4156 1482 4227 quod
1544 4155 1827 4211 Dominus

164 4248 319 4304 dicit
353 4247 420 4302 in
454 4246 790 4317 Evangelio:
839 4246 947 4300 «Si
982 4246 1239 4299 mundus
1291 4262 1393 4300 vos
1439 4244 1580 4311 odit,
1627 4245 1831 4299 scitate

166 4338 317 4409 quia
353 4352 452 4390 me
504 4334 757 4406 priorem
811 4334 975 4387 vobis
1034 4335 1166 4388 odio
1223 4334 1445 4387 habuit.
1501 4334 1644 4397 Quia
1698 4350 1831 4388 vero

167 4427 242 4481 de
277 4424 515 4481 mundo
540 4440 652 4485 non
687 4422 847 4488 estis,
883 4422 983 4476 sed
1016 4438 1120 4492 ego
1152 4421 1294 4492 elegi
1329 4438 1427 4476 vos
1462 4423 1532 4475 de
1589 4423 1831 4487 mundo,

167 4520 500 4587 propterea
530 4512 651 4566 odit
679 4528 780 4569 vos
812 4512 1070 4565 mundus
1100 4511 1275 4581 (Joan.
1307 4528 1399 4579 xv,
1436 4512 1541 4580 18).
1575 4530 1601 4561 ι»
1665 4510 1834 4565 Tales

1930 3371 2152 3409 eorum.
2189 3378 2213 3403 ››
2248 3354 2523 3426 Singulas
2556 3355 2728 3409 modo
2760 3353 2942 3411 stolas
2970 3356 3189 3411 habent
3214 3357 3425 3431 animas
3448 3374 3577 3412 san-

1931 3448 2156 3498 ctorum
2187 3444 2256 3498 de
2283 3460 2391 3498 sua
2417 3444 2586 3498 beata
2617 3443 3057 3500 immortalitate
3089 3447 3449 3518 gaudentes;
3487 3461 3575 3502 re-

1932 3532 2310 3603 surgentibus
2342 3533 2704 3603 corporibus,
2728 3533 2900 3604 juxta
2933 3535 3164 3605 Isaiam,
3197 3534 3257 3589 in
3289 3539 3443 3590 terra
3466 3552 3574 3591 sua

1931 3621 2188 3691 duplicia
2219 3620 2602 3692 possidebunt
2631 3624 2784 3689 (Isai.
2821 3639 2929 3689 LXI,
2961 3624 3038 3694 7).
3074 3623 3243 3678 Modo
3271 3640 3404 3679 vero
3457 3641 3573 3680 non

1931 3709 2285 3765 desiderium
2315 3710 2759 3766 resurrectionis
2790 3711 2873 3766 eis
2895 3711 3194 3780 abnuitur,
3214 3713 3314 3768 sed
3340 3712 3572 3769 excolli-

1932 3799 2254 3870 gendorum
2288 3799 2533 3852 fratrum
2558 3804 2873 3870 augmento
2897 3800 3183 3855 differtur.
3198 3801 3343 3857 Nam
3366 3806 3424 3858 et
3442 3803 3573 3874 ipsa

1932 3887 2263 3941 animarum
2297 3885 2495 3940 laetitia
2526 3890 2716 3957 potest
2745 3886 2911 3942 stolis
2943 3886 3092 3943 albis
3122 3890 3382 3961 ﬁgurari,
3438 3907 3573 3948 cum

1936 3975 2181 4030 Domino
2212 3973 2500 4029 revelante
2537 3975 2845 4030 didicerint
2899 3980 2955 4030 et
3011 3977 3224 4049 impios
3281 3979 3339 4034 in
3398 3981 3574 4036 ﬁnem

1937 4063 2585 4134 damnandos,etusque
2609 4064 2677 4118 ad
2694 4064 2869 4119 ﬁnem
2894 4065 3087 4119 saeculi
3111 4066 3329 4122 multos
3351 4085 3457 4124 suo
3475 4087 3583 4124 nu-

1940 4170 2099 4208 mero
2132 4168 2235 4224 per
2264 4152 2604 4224 martyrium
2630 4170 2758 4209 esse
2780 4155 3107 4211 sociandos.
3128 4161 3315 4227 Atque
3334 4157 3394 4211 in
3418 4150 3580 4212 cater-

1941 4260 2017 4297 na
2046 4242 2330 4297 charitate
2362 4242 2603 4314 profusi,
2639 4243 2975 4299 maluerunt
3026 4248 3135 4300 hac
3186 4247 3583 4303 consolatione

1943 4331 2197 4387 contenti
2231 4348 2331 4402 pro
2365 4331 2690 4402 supplendo
2724 4334 2969 4389 fratrum
3002 4351 3266 4403 numero,
3300 4336 3585 4393 hactenus

1947 4438 2052 4475 sua
2074 4421 2272 4474 differe
2306 4421 2540 4491 gaudia.

2018 4510 2200 4580 (1462)
2232 4512 2362 4562 CAP.
2397 4509 2540 4579 XII.)
2566 4532 2592 4558 «
2626 4510 2876 4582 Ideoque
2916 4516 2973 4567 et
3030 4530 3135 4568 nos
3194 4518 3422 4570 tantam
3482 4516 3590 4570 ha-

172 4604 342 4659 enim
384 4601 668 4670 mnndus,
704 4600 758 4653 id
793 4604 901 4667 est,
932 4598 1201 4654 homines
1226 4599 1428 4653 mundi
1454 4615 1567 4653 non
1591 4604 1839 4669 possunt
1871 4619 1915 4682 D
1948 4596 2497 4667 bentesimpcsitam
2523 4599 2737 4653 nubem
2766 4599 3400 4671 testium,deponentes
3421 4620 3591 4659 omne

176 4692 479 4761 accipere,
513 4688 651 4759 quia
680 4688 842 4759 digni
875 4704 990 4742 non
1024 4692 1179 4743 sunt.
1215 4688 1495 4742 Inimicus
1514 4705 1625 4742 non
1650 4692 1841 4758 potest

174 4781 495 4850 suscipere
514 4777 1230 4845 conciliatum,damnatus
1253 4776 1841 4848 salvatum,inquina-

179 4876 283 4926 tus
320 4868 698 4924 mundatum.

259 4981 289 5008 «
325 4958 397 5011 In
431 4954 853 5011 solitudinibus
884 4960 1164 5026 errantes,
1192 4954 1251 5008 in
1278 4955 1598 5023 montibus,
1634 4958 1690 5009 et
1712 4972 1843 5027 spe-

184 5099 468 5144 nrnhnta-
505 5101 560 5144 et.
591 5097 956 5144 Hebraeorum
982 5095 1298 5144 traditione
1320 5098 1581 5144 suffulta-
1607 5098 1667 5144 V.
1688 5097 1840 5144 Ter-th

1952 4686 2201 4757 pondus,
2236 4690 2292 4739 et
2322 4684 2715 4741 circumstans
2748 4704 2854 4741 nos
2887 4696 3211 4759 peccatum,
3244 4707 3346 4762 per
3376 4692 3597 4763 patien-

1954 4775 2097 4829 tiam
2133 4790 2439 4829 curramus
2473 4774 2543 4828 ad
2577 4775 2943 4846 propositum
2993 4777 3164 4833 nobis
3224 4783 3538 4836 certamen.
3568 4800 3598 4829 »

1953 4865 2155 4919 Testes
2176 4862 2269 4917 hic
2295 4863 2657 4933 patriarchas
2688 4869 2744 4919 et
2775 4865 3225 4936 prophetas,vel
3242 4866 3443 4925 ﬁdeles
3470 4885 3607 4926 san-

1954 4958 2079 5009 ctos
2105 4950 2380 5024 appellat,
2416 4970 2518 5025 pro
2553 4952 2861 5008 altitudine
2894 4961 2952 5012 et
2981 4953 3618 5015 multitudinemerito-

2034 5095 2216 5144 (1459)
2249 5094 2455 5144 Oninin
2487 5100 2545 5144 et
2572 5094 2811 5144 traditio
2833 5093 3635 5144 Hehrmnrum.ChriaHnno-
