3976 5348
362 374 480 437 819

1379 373 1717 435 ΑΤΤΟΝ18
1761 370 2348 435 VERCELLENSIS
2394 374 2746 437 EPISGOPI
2825 436 2859 465 δ

3648 372 3761 435 830

362 506 450 563 illi
466 507 781 580 quidemin
803 510 1066 580 tempore
1092 523 1412 579 paucorum
1433 505 1587 562 dictu
1600 506 2006 573 m,secundum
2036 507 2093 571 Α
2123 512 2346 562 rnatum
2378 508 2574 575 fuerit,
2608 508 2812 593 reddet
2840 508 3095 564 fructum
3110 508 3377 579 justitiae,
3398 505 3460 562 id
3492 509 3765 577 est,prae-

362 597 726 654 voluntatem
753 614 923 653 suam
946 597 1291 652 erudiebant
1308 613 1413 651 nos
1439 621 1453 663 ;
1485 596 1580 650 hic
1603 599 1797 649 autem
1826 594 1896 649 ad
1928 594 2008 659 id,

368 688 523 759 quod
552 686 693 743 utile
713 690 802 743 est
822 686 879 740 in
901 686 1231 757 recipiendo
1257 684 1777 741 sanctiﬁcationem
1802 684 1947 754 ejus.
1984 704 2011 730 »

368 776 431 832 Si
461 775 617 831 enim
665 779 857 847 patres
888 775 1152 831 carnales
1185 775 1289 829 ﬁlii
1334 781 1685 840 reverentur,
1721 772 2013 843 quomodo

370 866 597 925 Patrem
629 863 922 921 caelestem
953 882 1068 920 non
1093 863 1471 919 revereamini
1492 863 1519 916 ‘P
1552 863 1674 917 Non
1706 862 1863 916 enim
1896 861 2016 915 dis-

370 954 624 1011 cretione
654 970 915 1025 personae
950 956 1099 1009 inter
1143 970 1241 1008 eos
1271 957 1499 1007 tantum
1534 957 1621 1007 est
1667 950 2016 1017 ditferentia,

372 1044 527 1116 quod
568 1042 663 1097 isti
696 1042 929 1108 terreni,
960 1042 1056 1096 ille
1107 1042 1357 1097 caelestis
1392 1046 1499 1107 est,
1534 1041 1635 1095 sed
1685 1040 1859 1094 etiam
1891 1039 2020 1110 ipsa

372 1133 699 1189 causa.Non
718 1132 873 1187 enim
896 1131 955 1186 in
979 1132 1244 1186 eamdem
1268 1128 1623 1200 causam,vel
1648 1130 1719 1184 ad
1748 1146 1837 1183 res
1860 1128 2019 1199 ipsas

374 1220 670 1294 spiritales
699 1220 1068 1286 erudiebant,
1103 1220 1201 1275 sed
1252 1220 1321 1273 ad
1356 1220 1507 1290 quod
1560 1219 1644 1273 eis
1674 1218 2017 1283 videbatur;

373 1311 483 1367 hoc
514 1315 625 1375 est,
644 1308 1002 1365 voluntatem
1023 1326 1211 1375 suam,
1229 1308 1703 1378 desideriumque
1726 1305 2021 1377 complen-

375 1403 484 1455 tes.
516 1397 607 1453 Illi
637 1403 831 1454 autem
866 1399 992 1454 ideo
1026 1415 1146 1463 vos,
1178 1396 1856 1468 inquit,erudiebant,ut
1880 1394 2023 1464 ipsis

376 1487 584 1544 essetis
607 1487 799 1556 utiles,
824 1486 1139 1559 aliquando
1172 1486 1437 1541 fortassis
1460 1486 1632 1540 etiam
1659 1484 1782 1538 sine
1806 1500 1983 1537 causa
2007 1500 2022 1547 ;

378 1595 494 1633 non
526 1576 681 1632 enim
713 1577 770 1631 in
798 1577 1073 1632 omnibus
1099 1575 1368 1631 voluntas
1404 1574 1637 1629 illorum
1672 1572 1835 1627 utilis
1881 1576 2020 1626 erat.

378 1668 490 1723 Iste
513 1669 710 1721 autem
732 1666 804 1720 ad
828 1664 995 1719 utilia
1018 1682 1125 1720 nos
1146 1664 1421 1725 instituit,
1444 1662 1656 1731 erudit,
1682 1661 1947 1732 castigat,
1965 1665 2029 1714 ut

379 1772 487 1811 nos
518 1754 731 1809 efficiat
779 1769 1021 1810 suorum
1076 1751 1454 1824 receptabiles
1505 1767 1840 1806 munerum.
1875 1750 2025 1804 Dum

381 1844 538 1901 enim
569 1846 841 1915 parentes
880 1841 1140 1897 carnales
1189 1842 1259 1896 ad
1292 1847 1524 1912 tempus
1557 1841 1726 1895 breve
1756 1855 1864 1894 nos
1894 1854 2025 1892 eru-
2061 1873 2109 1937 B

383 1932 576 1999 diunt,
622 1935 841 2003 quanto
892 1931 1081 2002 magis
1126 1934 1358 1985 Creator
1407 1933 1604 1984 noster
1634 1929 1704 1983 ad
1758 1928 1838 1995 id,
1873 1928 2029 1998 quod

384 2020 548 2088 utile,
580 2024 637 2075 et
664 2019 984 2091 perfectum
1007 2023 1119 2084 est,
1143 2023 1207 2073 ut
1235 2017 1588 2091 recipiamus
1619 2015 2030 2072 sanctificatio-

385 2125 519 2166 nem
549 2109 697 2180 ejus,
731 2109 839 2163 hoc
870 2113 977 2175 est,
1014 2107 1367 2163 munditiam
1401 2108 1550 2178 ejus,
1583 2110 1647 2160 ut
1684 2105 1893 2177 dignos
1926 2121 2032 2158 nos

388 2199 500 2256 sibi
522 2196 737 2255 efficiat
755 2198 783 2253 ?
812 2196 1133 2269 Disciplina
1150 2214 1285 2269 ergo
1307 2196 1677 2268 participatio
1700 2193 2032 2250 sanctitatis

386 2292 476 2345 est
504 2305 516 2355 ;
549 2285 807 2343 excludit
822 2285 976 2341 enim
999 2285 1369 2341 saecularium
1394 2301 1589 2340 rerum
1614 2300 1804 2338 mores
1827 2282 2033 2352 (1465),

387 2375 713 2448 spiritalem
736 2376 808 2430 ad
839 2391 901 2431 se
918 2374 1167 2447 gratiam
1193 2373 1495 2444 pertrahit.
1517 2372 1574 2427 Si
1598 2371 2035 2427 consideremus

379 2466 599 2537 justos,
632 2464 827 2519 cuncti
857 2480 960 2535 per
987 2461 1395 2517 tribulationes
1429 2461 1783 2517 claruerunt.

459 2577 487 2605 ‹‹
520 2553 725 2609 Omnis
770 2556 966 2608 autem
1014 2550 1347 2621 disciplina,
1380 2550 1441 2604 in
1490 2548 1760 2620 praesenti
1795 2547 2033 2618 quidem

384 2643 617 2699 videtur
633 2658 747 2699 non
767 2658 896 2697 esse
922 2641 1141 2713 gaudii,
1167 2642 1265 2696 sed
1289 2640 1554 2695 mczroris
1580 2663 1593 2692 :
1619 2642 1819 2711 postea
1841 2642 2035 2693 autem

386 2732 641 2788 fructum
680 2731 1123 2803 pacatissimum
1173 2728 1501 2784 exercitatis
1532 2744 1633 2799 per
1661 2743 1811 2794 eam,
1846 2725 2038 2781 reddit

378 2820 643 2892 justitim.
679 2842 700 2869 ι
736 2818 961 2887 Omnis,
986 2818 1199 2889 inquit,
1234 2817 1568 2888 disciplina,
1594 2821 1649 2871 ct
1679 2815 1960 2879 humana,
1983 2818 2039 2869 et

387 2908 692 2982 spiritalis,
724 2912 865 2963 tunc
906 2907 1139 2979 quando
1169 2907 1382 2979 agitur,
1418 2923 1533 2961 non
1580 2905 1811 2961 videtur
1840 2904 2036 2975 gaudii

389 3015 541 3065 esse,
567 2999 667 3054 sed
693 2996 981 3052 maeroris.
1009 2997 1142 3052 Ideo
1173 3000 1367 3051 autem
1393 2994 1543 3050 hanc
1575 3010 1808 3049 omnem
1832 2998 1888 3047 et
1919 2992 2038 3063 spi-

392 3072 643 3152 ritalem,
672 3089 728 3142 et
758 3085 1080 3140 humanam
1108 3083 1480 3155 disciplinam
1504 3086 1688 3150 vocat,
1714 3080 1853 3153 quia
1875 3079 2041 3151 quid-

393 3176 534 3249 quid
558 3175 789 3241 dicitur,
814 3173 1125 3246 disciplina
1141 3177 1409 3239 vocatur;
1434 3171 1661 3227 videtur
1677 3170 1832 3225 enim
1856 3185 1885 3223 e
1908 3184 2040 3222 con—

2123 596 2329 651 mium.
2363 597 2469 661 Qui
2502 598 2658 654 enim
2690 599 2987 653 seminant
3009 598 3064 653 in
3097 597 3390 668 lacrymis,
3423 596 3486 650 in
3517 594 3763 650 exsulta-

2124 685 2281 740 tione
2327 692 2549 741 metent
2597 688 2767 759 (Psal.
2821 704 2979 753 cxxv,
3014 689 3090 759 5).
3142 686 3603 742 Pacatissimum
3655 684 3765 737 fru-

2125 779 2306 842 ctum,
2323 775 2431 830 boc
2454 782 2561 843 est,
2577 776 3001 848 gratissimum.
3019 776 3266 831 Proinde
3286 779 3517 845 oportet
3539 789 3767 844 sperare

2128 863 2369 919 meliora
2397 865 2456 919 in
2481 866 2655 920 ﬁnem
2692 884 2703 920 :
2739 882 2874 920 nam
2897 871 2954 920 et
2983 865 3041 919 in
3076 865 3385 920 arboribus
3407 868 3611 918 cortex
3634 878 3772 933 pene

2128 970 2359 1024 semper
2388 972 2646 1021 amarus,
2679 959 2734 1009 et
2782 971 2953 1026 asper
2982 959 3072 1009 est
3104 972 3117 1009 :
3152 956 3379 1008 fructus
3406 959 3608 1007 tamen
3643 952 3774 1021 ipsi,

2130 1043 2411 1097 suavitate
2435 1043 2681 1113 jucundi
2714 1049 2872 1098 sunt.
2908 1045 2977 1098 Et
3006 1043 3105 1114 qui
3156 1060 3357 1098 amara
3386 1042 3604 1096 bibunt
3629 1042 3775 1094 anti-

2130 1131 2579 1203 dota,patienter
2595 1133 2789 1187 ferunt
2809 1133 3122 1202 quamdam
3141 1131 3395 1203 primum
3424 1129 3779 1198 molestiam,

2131 1226 2187 1275 et
2218 1226 2359 1276 tunc
2390 1238 2630 1276 sensum
2655 1221 2982 1293 percipiunt
3004 1222 3323 1293 sospitatis.
3348 1220 3403 1274 Si
3439 1220 3623 1291 igitur
3645 1218 3781 1272 talia

2134 1327 2366 1381 sperare
2390 1310 2683 1382 competit,
2699 1312 2853 1382 quod
2886 1310 3116 1381 doletis,
3138 1312 3292 1381 quod
3316 1310 3623 1364 tristitiam
3642 1307 3781 1360 tole-

2134 1399 2312 1465 ratis;
2369 1399 2521 1453 circa
2569 1400 2811 1454 meliora
2860 1398 3128 1469 deﬁcitis,
3187 1416 3311 1469 qua
3362 1414 3467 1452 vos
3516 1397 3783 1451 convenit

2135 1488 2444 1542 sustinere.
2527 1488 2827 1543 Sustinere
2903 1489 3057 1543 enim
3133 1487 3376 1542 debetis.
3440 1486 3569 1540 Non
3626 1485 3783 1539 enim

2135 1583 2361 1647 oportet
2391 1578 2545 1631 circa
2576 1576 3007 1631 tribulationem
3041 1577 3121 1631 ita
3149 1575 3512 1644 mollescere,
3540 1574 3644 1630 sed
3674 1575 3785 1629 for-

2139 1666 2271 1720 titer
2300 1665 2564 1721 tolerare.
2599 1667 2739 1720 Inde
2768 1670 2856 1721 est
2885 1665 3061 1735 enim,
3099 1666 3253 1736 quod
3306 1665 3364 1718 in
3398 1664 3787 1735 sequentibus

2137 1760 2352 1810 narrat.

2210 1867 2236 1893 ‹‹
2271 1849 2511 1915 Propter
2545 1845 2698 1915 quod
2731 1844 3011 1899 remissas
3033 1860 3268 1909 manus,
3291 1848 3348 1898 et
3377 1841 3577 1898 soluta
3609 1842 3792 1910 (1466}

2141 1949 2331 2005 genua
2361 1932 2587 2004 erigite.
2619 1939 2675 1988 et
2712 1949 2953 2005 gressus
3002 1937 3189 1987 rectos
3222 1932 3389 1987 facite
3419 1931 3679 2002 pedibus
3710 1946 3795 1983 ve~

2142 2022 2301 2089 stris,
2338 2027 2402 2076 ut
2453 2040 2567 2077 non
2602 2022 2940 2078 claudicans
2985 2023 3117 2093 quis
3148 2025 3317 2092 erret,
3352 2020 3547 2091 magis
3601 2024 3794 2073 autem

2144 2117 2402 2168 sanetur.
2440 2134 2466 2161 »
2499 2111 2740 2184 Pr0pter
2771 2112 3021 2182 quod,id
3053 2110 3318 2182 est,quia
3348 2114 3594 2181 propter
3624 2108 3795 2162 disci-

2143 2201 2366 2273 plinam
2400 2201 2684 2256 mercedis
2733 2199 3039 2271 przsmium
3084 2199 3366 2267 redditur,
3401 2202 3459 2253 et
3510 2196 3794 2268 gaudium

2145 2290 2545 2360 subsequitur,
2578 2290 2860 2345 debemus
2888 2305 3128 2361 gressus
3156 2292 3343 2343 rectos
3372 2288 3591 2349 facere,
3621 2289 3681 2339 et
3712 2300 3795 2339 so-

2144 2377 2270 2433 luta
2297 2395 2488 2451 genua
2517 2379 2754 2450 erigere.
2779 2379 2840 2433 In
2874 2378 2982 2432 hoc
3013 2377 3139 2432 loco
3171 2375 3574 2431 haesitationes
3594 2389 3795 2429 eorum

2146 2468 2335 2538 tangit
2366 2483 2380 2523 :
2415 2472 2472 2521 et
2497 2468 2627 2523 ideo
2669 2467 2873 2539 tangit,
2908 2471 2967 2522 ut
3004 2466 3131 2521 sine
3162 2464 3276 2520 illis
3321 2462 3797 2520 haesitationibus

2145 2561 2595 2627 perseverarent.
2631 2556 2687 2611 Si
2720 2556 2877 2611 enim
2908 2556 2980 2610 ad
3031 2554 3401 2610 dilectionem
3432 2552 3696 2623 pertinet
3725 2552 3800 2605 di-

2147 2644 2413 2715 sciplina,
2448 2649 2512 2699 ut
2560 2660 2738 2715 supra
2786 2642 3042 2699 ostendit
3072 2641 3407 2714 Apostolus,
3438 2646 3565 2695 tam
3619 2657 3690 2695 ex
3721 2655 3798 2693 re-

2148 2735 2279 2805 bus,
2313 2750 2491 2805 quam
2532 2750 2600 2788 ex
2644 2732 2838 2788 verbis
2872 2749 2885 2786 :
2919 2735 2976 2787 et
3006 2731 3054 2786 si
3086 2732 3147 2785 in
3179 2730 3293 2786 ﬁne
3341 2729 3564 2801 recepit
3598 2728 3797 2784 melio-

2146 2840 2269 2879 rem
2302 2823 2506 2894 (1467),
2537 2838 2717 2893 quare
2762 2819 3150 2876 dissolvimini
3175 2822 3197 2875 Ρ
3223 2820 3412 2883 Quare
3460 2834 3583 2873 non
3618 2823 3803 2873 rectos

2149 2929 2388 2985 gressus
2421 2912 2665 2983 pedibus
2687 2910 2895 2966 vestris
2918 2910 3107 2964 facitis
3128 2910 3155 2963 ?
3180 2913 3296 2964 Hoc
3318 2907 3475 2962 enim
3504 2907 3595 2961 illi
3630 2906 3803 2978 patie-

2146 3003 2383 3067 bantur,
2417 3001 2517 3071 qui
2548 3000 2951 3071 desperatione
2972 2998 3410 3063 deﬁcicbant,et
3440 3012 3546 3067 spe
3575 2997 3803 3050 futuro-

2151 3108 2279 3145 rum
2330 3089 2492 3144 nulla
2544 3087 2965 3145 solidabantur.
2998 3091 3189 3151 Recte,
3231 3086 3443 3157 inquit,
3476 3084 3799 3148 ambulate,

2152 3196 2257 3235 nec
2286 3178 2633 3234 claudicatio
2654 3178 2785 3249 plus
2811 3180 3121 3243 accrescat,
3137 3177 3237 3231 sed
3264 3174 3460 3246 potius
3482 3174 3557 3229 ad
3581 3178 3801 3229 statum

392 3239 568 3321 trario
598 3262 744 3319 illud
776 3239 890 3318 non
921 3239 1048 3318 esse
1078 3261 1404 3333 disciplina,
1433 3260 1587 3330 quod
1620 3258 1950 3330 gaudentis,
1983 3261 2040 3311 et
2071 3239 2112 3305 Ο
2152 3268 2467 3341 pristinum
2514 3239 2832 3323 τθνοξθιυιι,
2886 3239 3185 3322 Πθωίεέθε
3234 3239 3471 3327 ώδηυε,
3503 3268 3563 3318 ει
3617 3262 3805 3317 solum

394 3352 775 3426 malignantis
806 3351 1001 3406 animo
1033 3351 1115 3405 ﬁt.
1150 3355 1215 3405 In
1248 3348 1558 3420 disciplina
1578 3348 1733 3403 enim
1765 3346 2037 3418 spiritali,

391 3442 555 3514 prius
585 3440 825 3497 tristitia
844 3444 1034 3507 est,ut
1055 3438 1255 3493 laetitia
1288 3442 1567 3505 sequatur
1588 3454 1599 3491 :
1623 3437 1681 3490 in
1712 3434 2041 3506 iniquitatis

389 3547 521 3587 vero
553 3529 792 3595 scelere,
818 3528 982 3600 prius
1015 3527 1292 3599 gaudium
1319 3530 1428 3591 est,
1454 3531 1511 3580 et
1542 3525 1752 3579 deinde
1780 3524 2043 3592 sequitur

390 3618 654 3676 tristitia.
680 3619 743 3673 In
766 3618 879 3672 ista
901 3617 1091 3687 prima
1113 3620 1201 3671 est
1221 3614 1575 3685 voluptas,et
1597 3612 1862 3684 sequitur
1883 3612 2044 3682 aegri-

390 3709 532 3764 tudo
559 3724 571 3762 :
595 3707 657 3762 in
684 3706 804 3772 illa,
829 3704 1019 3775 prima
1040 3708 1128 3759 est
1150 3704 1447 3773 maestitia,
1472 3706 1528 3757 et
1550 3701 2042 3772 tuncjucunditas

392 3798 751 3869 procreatur.
784 3794 891 3847 Sed
922 3792 1023 3846 illa
1053 3796 1141 3846 est
1171 3792 1465 3862 sectanda,
1490 3806 1623 3845 cum
1657 3790 1912 3860 primum
1944 3788 2045 3842 ali-

397 3884 530 3956 quis
562 3882 960 3947 contristatur,
996 3884 1051 3936 et
1080 3884 1281 3951 postea
1326 3879 1541 3952 gaudio
1592 3878 1912 3950 perfruitur
1943 3895 1954 3931 :
1990 3882 2046 3932 et

398 3972 501 4028 illa
530 3970 865 4043 rejicienda,
886 3986 1020 4023 cum
1052 3970 1240 4041 primo
1262 3969 1570 4041 gaudetur,
1602 3972 1805 4037 postea
1828 3967 1885 4020 in
1908 3983 2044 4020 moe-

399 4077 589 4118 rorem
622 4058 917 4116 inciditur.
952 4060 1013 4113 In
1061 4058 1305 4130 spiritali
1344 4057 1498 4112 enim
1529 4055 1860 4127 disciplina,
1894 4072 2045 4109 sem-

400 4167 503 4223 per
521 4148 863 4221 jucunditas
894 4152 983 4203 est
1016 4147 1086 4202 de
1118 4147 1473 4217 sempiterno
1512 4145 1748 4217 gaudio,
1781 4142 2047 4214 quamvis

398 4237 772 4295 tribulatione
832 4236 1127 4308 affligatur
1169 4253 1181 4289 :
1236 4234 1389 4290 sicut
1445 4235 1503 4288 in
1555 4233 1665 4289 alio
1718 4232 1843 4287 loco
1893 4232 2043 4285 idem

401 4327 669 4402 egregius
700 4325 1045 4396 praedicator
1062 4325 1145 4378 ait
1175 4339 1186 4375 :
1222 4346 1247 4372 ‹‹
1279 4322 1614 4377 Gloriamur
1643 4321 1699 4374 in
1728 4319 2048 4373 tribulatio-

400 4416 576 4470 nibus
606 4414 779 4484 (Rom.
802 4430 856 4481 v,
881 4413 955 4483 3).
979 4434 1005 4459 »
1028 4412 1090 4465 In
1114 4412 1227 4465 ista
1257 4411 1411 4464 enim
1436 4410 1608 4465 timor
1631 4409 1839 4462 futurm
1869 4407 2047 4461 tristi-

400 4503 493 4558 tiae
524 4518 779 4575 praesens
810 4500 1092 4570 gaudium
1126 4500 1488 4553 devenustat.
1516 4500 1574 4552 In
1597 4498 1697 4552 illa
1726 4497 1882 4552 enim
1916 4514 2049 4568 spes

2149 3374 2339 3430 genua
2382 3357 2624 3411 mandat
2655 3356 2894 3427 erigere,
2930 3359 2993 3410 ut
3042 3354 3222 3410 Isaias
3247 3355 3329 3408 ait
3359 3370 3372 3407 :
3413 3372 3441 3403 α
3473 3352 3805 3407 Confortate

2150 3464 2362 3502 manus
2402 3445 2742 3515 dissolutas,
2770 3449 2828 3500 et
2876 3461 3067 3516 genua
3097 3442 3315 3497 debilia
3345 3442 3621 3496 roborate
3655 3441 3801 3511 (Isai.

2149 3553 2314 3599 xxxv,
2338 3535 2413 3603 3).
2450 3556 2477 3582 »
2500 3534 2747 3589 Gressus
2772 3532 3039 3602 rectos,id
3071 3536 3178 3597 est,
3214 3547 3451 3587 sensus:
3483 3529 3647 3584 unde
3668 3528 3805 3583 dicit

2152 3624 2472 3695 Propheta:
2502 3645 2529 3673 ι(
2554 3622 2710 3677 Beati
2743 3620 3105 3677 immaculati
3129 3621 3187 3674 in
3219 3620 3332 3686 via,
3357 3619 3459 3690 qui
3492 3618 3805 3673 ambulant

2154 3715 2210 3767 in
2270 3712 2395 3783 lege
2464 3711 2691 3765 Domini
2746 3712 2914 3777 (Psal.
2974 3726 3167 3775 cxvm,
3232 3708 3304 3779 1).
3367 3730 3394 3757 ››
3456 3707 3588 3762 Non
3652 3705 3801 3760 clau-

2154 3802 2375 3867 dicans,
2410 3806 2473 3855 ut
2504 3800 2614 3854 alio
2646 3799 2770 3855 loco
2800 3799 2943 3853 dicit
2976 3816 2987 3853 :
3028 3818 3054 3849 α
3085 3798 3233 3863 Quid
3265 3795 3619 3851 claudicatis
3652 3795 3797 3850 inter

2157 3907 2267 3944 me.
2297 3894 2353 3944 et
2384 3889 2518 3943 Baal
2539 3889 2565 3942 ?
2600 3911 2626 3938 ››
2658 3890 2754 3957 (III
2785 3890 2909 3957 Reg.
2942 3904 3103 3954 xvm,
3135 3886 3249 3953 21.)
3274 3885 3459 3956 Magis
3491 3890 3699 3939 autem
3730 3900 3806 3938 sa-

2156 3984 2327 4034 netur
2357 3996 2368 4033 :
2402 3996 2468 4032 ac
2500 3976 2549 4033 si
2600 3978 2757 4032 dicat
2790 3995 2801 4032 :
2836 3977 2944 4042 Qui
2992 3992 3106 4031 non
3159 3974 3342 4029 credit
3388 3978 3569 4043 recte,
3602 3972 3805 4027 melius

2156 4073 2263 4134 est,
2298 4072 2362 4122 ut
2411 4066 2663 4131 ﬁrmius,
2698 4070 2753 4119 et
2804 4064 3070 4119 tenacius
3122 4063 3365 4118 credat:
3414 4066 3480 4117 ut
3530 4062 3803 4117 omnibus

2157 4156 2348 4209 modis
2380 4152 2822 4224 consequamini
2859 4152 3231 4208 medicinam.

2238 4266 2263 4295 α
2294 4244 2499 4298 Pacem
2533 4242 2849 4312 sequimini
2893 4258 3026 4296 cum
3058 4239 3353 4300 omnibus,
3388 4243 3444 4292 et
3488 4238 3805 4293 sanctimo«

2162 4334 2342 4399 niam,
2374 4333 2500 4386 sine
2533 4349 2648 4401 qua
2674 4347 2840 4385 nemo
2871 4329 3087 4384 videbit
3117 4329 3322 4384 Deum.
3342 4350 3367 4377 ››
3392 4326 3661 4382 Plurima
3681 4327 3804 4398 qui-

2160 4424 2289 4477 dem
2324 4439 2387 4475 su
2400 4428 2615 4492 nt,quaa
2640 4418 3445 4487 formam,discretionemque
3469 4415 3805 4471 Christiani-

2159 4514 2294 4566 tatis
2341 4511 2659 4565 ostendunt
2702 4527 2713 4563 :
2769 4511 2868 4563 sed
2921 4508 3052 4579 plus
3098 4507 3393 4574 omnibus,
3451 4522 3519 4560 ac
3572 4504 3801 4566 melius,

400 4592 608 4647 futurae
654 4588 1050 4660 jucunditatis
1098 4588 1353 4643 detrahit
1408 4586 1678 4658 praesenti
1730 4585 2045 4650 tristitiam,
2078 4605 2125 4668 Β
2158 4599 2459 4655 obarmatis
2510 4603 2723 4653 mutum
2770 4600 3034 4665 umectus,
3067 4600 3123 4649 et
3166 4612 3294 4666 pax,
3326 4612 3449 4663 qua,
3499 4593 3801 4650 hominum

402 4679 530 4743 Noli
578 4679 734 4735 enim
776 4675 1020 4742 tristari,
1053 4676 1099 4731 si
1134 4693 1265 4731 cum
1318 4675 1447 4747 ipsa
1475 4675 1789 4747 disciplina
1834 4674 2050 4744 injuria

405 4769 483 4824 sit
513 4785 526 4822 :
562 4769 785 4823 fructus
801 4770 997 4822 tamen
1024 4766 1228 4820 reddet
1250 4764 1539 4819 dulciores
1566 4782 1577 4819 :
1605 4770 1807 4836 postea
1829 4769 2048 4828 autem,

405 4857 620 4930 inquit,
651 4857 906 4912 fructum
938 4854 1382 4926 pacatissimum
1415 4854 1744 4908 exercitatis
1766 4869 1867 4924 per
1898 4869 2049 4918 eam,

410 4944 875 5017 reddetjustitia:
908 4959 920 4999 :
958 4961 1075 4998 non
1106 4944 1383 5013 fructum,
1408 4943 1508 4997 sed
1545 4942 1843 4997 Fructuum
1877 4942 2055 4995 abun-

407 5035 667 5091 dantiam
714 5049 1107 5090 numerosam.
1163 5032 1268 5094 Qui
1319 5049 1420 5103 per
1459 5048 1584 5085 cam
1637 5030 2052 5085 exercitantur.

407 5124 559 5179 Bene
587 5122 743 5178 enim
776 5122 938 5188 dixit,
966 5120 1065 5193 qui
1092 5138 1192 5191 per
1214 5139 1340 5175 eam
1367 5119 1775 5187 exercitantur,
1811 5118 1917 5171 hoc
1947 5124 2054 5186 est,

405 5211 505 5262 cui
564 5209 815 5262 tolerant
867 5209 1118 5262 nlurimo
1170 5213 1431 5262 tempore
1494 5208 1799 5262 patienter.
1854 5206 2060 5260 Postea

2159 4689 2333 4744 corda
2364 4687 2675 4743 consociat.
2727 4688 3035 4756 Propterea
3083 4684 3260 4739 etiam
3308 4683 3577 4738 Christus
3616 4682 3797 4736 dixit:

2165 4800 2192 4829 ‹‹
2225 4779 2430 4832 Pacem
2466 4793 2655 4831 meam
2705 4777 2778 4830 do
2808 4775 2969 4829 vobis
2999 4775 3180 4846 (Ιοιι-η.
3213 4790 3331 4839 xxv,
3359 4772 3472 4841 27}.
3505 4794 3532 4822 ››
3590 4772 3656 4826 Et
3706 4772 3801 4823 ite-

2166 4884 2339 4922 rum:
2376 4887 2397 4916 ε
2436 4867 2496 4921 In
2529 4866 2638 4919 hoc
2685 4869 3036 4935 cognoscent
3082 4879 3305 4931 omnes,
3351 4861 3489 4931 quia
3536 4857 3801 4931 discipuli

2166 4955 2279 5010 mei
2312 4955 2489 5009 estis:
2526 4955 2573 5008 si
2618 4953 2934 5008 dilexeritis
2973 4952 3217 5007 invicem
3270 4952 3449 5021 (Joan.
3480 4966 3607 5016 xm,
3639 4950 3749 5015 35).
3776 4968 3798 4995 π

2168 5046 2475 5115 Propterea
2504 5042 2677 5098 etiam
2730 5041 3044 5113 Apostolus
3077 5058 3088 5094 :
3125 5042 3353 5109 Pacem,
3387 5039 3603 5110 inquit,
3632 5042 3801 5093 secta-

2169 5135 2310 5187 mini
2344 5149 2476 5187 cum
2509 5132 2804 5200 omnibus,
2839 5138 2894 5186 et
2944 5128 3397 5184 sanctimoniam
3429 5128 3498 5198 (ll
3530 5130 3656 5183 Cor.
3688 5141 3801 5188 mi,

2169 5223 2256 5262 Hi
2308 5222 2414 5262 lum
2444 5224 2531 5262 pet
2586 5237 2824 5262 nnrnnrn
2879 5224 2935 5262 at
2965 5219 3196 5262 Qniritn.
3234 5222 3297 5262 nt
3352 5240 3381 5262 ι(
3416 5217 3567 5262 hnnti
3595 5214 3800 5262 mundo
