3976 5348
237 315 345 374 821

808 313 1218 377 EXPOSITIO
1263 315 1342 376 IN
1386 315 1808 377 EPISTOLAS
1857 316 2118 377 PAULI.
2153 348 2226 360 ——
2259 317 2336 376 IN
2381 317 2632 379 EPIST.
2679 318 2782 377 AD
2828 316 3063 377 HEBR.

3519 314 3638 386 822

236 447 366 504 Sine
397 462 534 519 qua,
567 446 625 503 id
677 451 786 514 est,
820 447 945 504 sine
991 464 1129 520 pace
1160 453 1214 502 et
1261 449 1668 515 sanctimonia,
1703 465 1870 504 nemo
1901 449 1956 515 Α
1985 466 2088 521 per
2116 450 2460 521 patientiam
2491 450 2710 506 exstitit
2740 450 2986 523 primus,
3018 447 3115 504 ille
3145 463 3277 504 vero
3309 463 3412 520 per
3451 446 3636 520 negli-

233 535 444 591 videbit
475 536 676 592 Deum.

300 646 327 674 ‹‹
359 625 834 696 Contemplantes
863 642 932 681 ne
965 626 1095 697 quis
1128 627 1277 681 desit
1298 626 1494 698 gratim
1526 626 1624 681 Dei
1654 645 1704 694 ;››
1728 626 1879 680 sicut

231 715 286 768 in
327 714 685 784 quibusdam
743 715 1041 769 codicibus
1093 715 1340 770 habetur
1392 718 1594 787 (14155).
1646 717 1752 769 Sed
1809 734 1877 769 ne

228 803 356 876 quis
389 804 541 858 desit
572 804 769 875 gratiae
792 804 1005 869 Dei,sic
1037 821 1170 859 cum
1202 805 1285 859 eis
1308 804 1873 875 loquitur,tanquam

227 907 355 946 cum
407 891 496 946 his
548 892 644 963 qui
700 908 828 946 cum
878 909 1120 947 numero
1151 900 1208 947 et
1256 894 1534 948 comitatu
1587 893 1874 948 viatorum

226 981 398 1052 longa
430 980 642 1036 itinera
674 987 973 1052 permeant
1002 981 1204 1048 ;veluti
1237 982 1284 1036 si
1316 982 1874 1037 diceretzAttendite

223 1069 386 1125 vobis
418 1086 488 1124 ne
520 1071 652 1141 quis
702 1075 958 1126 vestrum
991 1076 1306 1126 remaneat.
1340 1071 1461 1126 Non
1498 1072 1600 1127 hoc
1645 1077 1871 1126 tantum

225 1159 482 1229 requiro,
518 1163 580 1213 ut
610 1175 711 1213 vos
743 1159 850 1213 soli
879 1160 1350 1230 perveniatis,sed
1387 1161 1561 1214 etiam
1597 1165 1660 1214 ut
1693 1160 1872 1230 inspi-

218 1247 387 1304 ciatis
418 1250 767 1315 et-caeteros,
803 1265 874 1303 ne
907 1248 1540 1319 quis,inquit,vestrum
1575 1249 1717 1303 detit
1748 1266 1874 1320 gra-

216 1338 300 1392 tia:
337 1337 464 1393 Dei.
499 1337 757 1393 Gratiam
793 1337 892 1392 Dei
925 1337 1067 1393 dicit
1097 1338 1870 1408 iidem,spem,charitatem,

213 1430 266 1483 et
292 1426 584 1498 optimam
618 1427 1257 1482 conversationem.Seu
1293 1429 1479 1498 gratia
1509 1428 1608 1482 Dei
1640 1433 1728 1482 est
1755 1445 1871 1498 qua

213 1515 383 1571 nobis
417 1515 714 1570 donantur
745 1522 999 1588 peccata,
1035 1521 1100 1571 ut
1126 1517 1567 1572 reconciliemur
1599 1517 1732 1582 Deo,
1761 1535 1871 1588 pax

216 1609 412 1660 autem
447 1621 564 1676 qua
589 1604 1034 1659 reconciliamur
1065 1605 1178 1660 Deo
1212 1605 1629 1675 (1-109).Omnia
1654 1606 1869 1678 quippe

219 1694 308 1749 Dei
343 1698 490 1748 sunt
540 1693 759 1765 gratias.
822 1694 934 1748 Nec
994 1695 1154 1772 dicas
1213 1694 1352 1766 quia
1411 1712 1564 1749 unus
1621 1701 1707 1749 est
1767 1695 1868 1766 qui

1990 539 2243 609 gentiam
2279 545 2626 610 postremus.
2663 541 2728 594 Et
2757 539 2906 609 ideo,
2941 541 3229 610 quantum
3263 536 3334 591 ad
3366 537 3636 609 praefigu-

1990 629 2270 682 rationem
2321 627 2588 699 pertinet,
2621 628 2915 700 primitiva
2965 632 3166 682 nostra
3196 629 3356 691 sunt,
3389 642 3502 680 non
3534 624 3636 680 Ju-

1990 717 2526 772 deeorum.Videtur
2555 718 2709 772 enim
2743 718 2885 772 mihi
2921 717 3052 788 quia
3086 715 3376 785 signiﬁcat
3408 713 3637 787 aliquos

1988 805 2136 861 inter
2169 806 2296 860 illos
2327 806 2425 876 qui
2459 807 2568 861 sub
2600 806 2707 860 hoc
2740 806 2874 860 vitio
2919 804 3315 860 fornicationis
3345 804 3632 874 iacebant,

1987 912 2133 966 quos
2160 901 2353 950 tamen
2375 895 2604 968 publice
2625 895 2856 950 nolebat
2878 911 3120 966 arguere
3137 913 3148 962 ;
3164 894 3263 950 sed
3285 894 3452 965 fingit
3472 893 3634 965 igno-

1987 986 2198 1054 rantia,
2236 989 2436 1055 postea
2468 1002 2618 1053 vero,
2653 984 2700 1038 si
2733 984 3148 1055 perstitissent,
3181 987 3318 1037 tunc
3341 983 3464 1054 jam
3499 999 3634 1037 con-

1984 1075 2204 1128 veniret
2237 1073 2711 1144 increpare.Inde
2742 1077 2831 1127 est
2861 1071 3017 1126 enim
3051 1071 3206 1143 quod
3238 1072 3296 1126 in
3329 1071 3635 1144 sequentia

1984 1162 2162 1231 hujus
2210 1161 2475 1232 Epistolas
2517 1162 2695 1231 (Hebr.
2748 1178 2870 1227 xm,
2921 1161 2972 1228 li)
3019 1161 3204 1214 dicit:
3238 1160 3634 1216 Fornicatores

1984 1250 2162 1315 enim,
2195 1249 2806 1318 adulterosjudicabit
2837 1249 3010 1304 Deus.
3045 1248 3113 1304 Et
3143 1249 3201 1302 in
3235 1249 3424 1321 capite
3454 1249 3634 1320 hujus

1983 1338 2306 1393 sententim:
2332 1343 2539 1392 Pacem
2571 1337 2884 1409 sequimini
2918 1342 2973 1391 et
3003 1337 3630 1392 sanctimoniam.Esau

1979 1445 2111 1483 vero
2170 1427 2297 1482 ideo
2357 1427 2764 1482 fornicatorem
2819 1430 3242 1482 commemorat
3298 1425 3630 1498 Apostolus,

1981 1517 2118 1588 quia
2149 1521 2350 1573 contra
2398 1516 2756 1572 voluntatem
2813 1515 2993 1587 patris
3027 1531 3234 1570 uxores
3275 1513 3631 1586 alienigenas

1980 1606 2161 1662 duxit.

2051 1720 2076 1745 ‹‹
2112 1695 2322 1750 Scitote
2355 1695 2510 1750 enim
2543 1693 2821 1765 quoniam
2854 1698 2912 1749 et
2942 1698 3142 1766 postea
3171 1691 3414 1766 cupiens
3445 1691 3628 1746 hare-

215 1780 404 1854 periit.
469 1782 700 1837 Etenim
762 1786 995 1853 propter
1054 1799 1235 1837 unum
1297 1787 1565 1838 mortuus
1623 1789 1729 1838 est.
1783 1784 1864 1839 Tu
1897 1818 1946 1884 B
1977 1786 2163 1839 ditare
2195 1782 3033 1855 benedictionem,reprobatus
3064 1786 3188 1849 est;
3224 1799 3340 1837 non
3370 1780 3632 1836 animin-

213 1887 343 1940 ergo
383 1869 652 1943 negligis,
686 1878 920 1943 propter
951 1888 1124 1941 quem
1158 1871 1428 1926 Christus
1470 1872 1745 1944 dignatus
1777 1878 1864 1928 est

216 1961 388 2015 mori.

283 2071 304 2097 ι
347 2048 842 2120 Contemplantes.
899 2070 926 2096 ››

211 2141 563 2202 scrutantes,
595 2142 652 2191 et
697 2137 1017 2202 visitantes,
1048 2141 1104 2191 et
1136 2143 1536 2207 agnoscentes,

211 2226 377 2280 radix
403 2225 810 2282 amaritudinis
842 2242 1079 2280 sursum
1110 2225 1449 2296 germinans
1482 2226 1780 2297 impediat,
1807 2230 1861 2280 et

211 2330 312 2386 per
358 2314 519 2370 illam
564 2315 949 2386 inquinentur
995 2313 1184 2370 multi.
1234 2337 1262 2364 »
1310 2315 1437 2371 Non
1487 2314 1640 2370 enim
1693 2315 1858 2380 dixit,

1570 2160 1597 2186 ‹‹
1633 2155 1700 2192 ne
1746 2155 1862 2208 qua

1975 1873 2135 1929 venit
2165 1872 2514 1944 paenitentia
2565 1871 2782 1942 locum,
2815 1887 3153 1942 quanquam
3186 1887 3317 1925 cum
3354 1869 3630 1942 lacrymis

1973 1960 2318 2032 inquisisset
2348 1977 2498 2017 eam.
2535 1983 2561 2009 »
2594 1960 2876 2032 Superius
2925 1961 3290 2015 demonstrat
3317 1975 3422 2014 cur
3451 1959 3629 2014 bene-

976 2047 1186 2119 inquit,
1239 2048 1347 2103 hoc
1397 2053 1503 2117 est,
1554 2049 1865 2120 diligenter
1973 2049 2286 2104 dictionem
2322 2049 2662 2104 hmreditare
2684 2049 2928 2119 cupiens
2961 2048 3306 2119 reprobatus
3337 2047 3496 2117 sit,et
3525 2063 3629 2101 cur

1972 2137 2160 2193 locum
2195 2155 2309 2192 non
2345 2137 2683 2205 invenisset,
2718 2142 2781 2191 ut
2804 2137 2982 2192 Jacob
3015 2137 3193 2190 frater
3223 2152 3366 2191 suus
3395 2160 3408 2202 ;
3441 2152 3628 2206 quan-

1972 2243 2148 2297 quam
2183 2228 2339 2282 enim
2372 2243 2504 2280 cum
2545 2225 2818 2297 lacrymis
2851 2225 3196 2296 inquisisset
3224 2241 3375 2294 eam,
3399 2225 3527 2296 jam
3560 2224 3631 2278 ad

1969 2316 2140 2373 illum
2171 2315 2364 2371 locum
2398 2315 2820 2370 benedictionis
2853 2331 2966 2369 non
2999 2313 3191 2386 potuit
3219 2313 3550 2386 pervenire,
3571 2315 3636 2367 ut

211 2404 376 2458 radix
407 2421 628 2473 amara,
662 2404 1225 2473 sed,amaritudinis.
1261 2404 1442 2459 Radix
1473 2405 1628 2459 enim
1663 2421 1863 2459 amara
1969 2393 2149 2460 frater
2200 2422 2364 2460 suus.
2397 2404 2519 2458 Non
2565 2403 2721 2457 enim
2756 2401 2850 2456 hic
2899 2402 3304 2473 pmnitentiam
3356 2400 3631 2457 excludit.

210 2496 402 2563 potest
431 2493 658 2547 fructus
689 2492 888 2548 dulces
917 2493 1182 2560 efﬁcere;
1214 2493 1622 2549 amaritudinis
1663 2498 1859 2549 autem

208 2581 394 2648 radix,
425 2583 512 2636 vel
567 2583 715 2647 fons,
753 2581 836 2636 vel
895 2582 1282 2654 propositum,
1319 2600 1620 2653 nunquam
1673 2587 1864 2654 potest

206 2669 436 2740 aliquid
460 2669 634 2725 dulce
652 2671 1137 2742 propagare,quia
1158 2672 1355 2726 omnia
1380 2673 1457 2725 ibi
1481 2689 1682 2726 amara
1703 2677 1861 2737 sunt,

201 2758 413 2813 omnia
444 2757 917 2824 molesta,omnia
947 2756 1160 2812 scelere
1190 2765 1247 2813 et
1279 2759 1709 2814 abominatione
1741 2776 1866 2831 pes-

197 2847 366 2901 sima.
399 2863 412 2900 :
449 2845 593 2900 nihil
634 2845 941 2900 suavitatis
984 2845 1070 2901 vel
1098 2846 1488 2916 jucunditatis
1535 2853 1862 2920 apportant.

201 2935 277 2989 Et
309 2951 416 3005 per
445 2933 629 2999 illam,
656 2934 866 3004 inquit,
900 2934 1282 3006 inquinentur
1314 2935 1651 3006 multi,quia
1682 2961 1706 2983 ι‹
1744 2954 1866 2991 mo-

204 3023 411 3078 dicum
445 3022 797 3078 fermentum
825 3027 1004 3078 totam
1039 3040 1295 3079 massam
1323 3024 1645 3096 corrumpit
1669 3027 1715 3095 (I
1744 3025 1863 3080 Cor.

201 3127 258 3179 νς
293 3112 329 3164 6
361 3127 374 3177 ;
409 3110 706 3181 Ga.l.v,9).»
736 3112 859 3166 Non
892 3117 1127 3183 propter
1155 3111 1319 3166 illum
1353 3112 1543 3168 solum
1579 3115 1684 3169 hoc
1714 3115 1862 3181 volo,

201 3199 265 3254 in
299 3215 421 3270 quo
452 3199 734 3270 iniquitas
769 3200 980 3255 noterit
1008 3200 1272 3266 inveniri,
1294 3201 1394 3254 sed
1425 3202 1601 3256 etiam
1634 3208 1868 3274 propter
1898 3183 1940 3248 C-

202 3288 507 3344 lassionem
532 3305 659 3360 quae
691 3289 901 3358 poterit
931 3307 999 3344 ex
1023 3288 1182 3345 illius
1215 3292 1533 3362 propagine
1555 3291 1868 3362 pullulare,

203 3377 318 3432 hoc
355 3381 465 3443 est,
501 3383 566 3432 ut
598 3377 645 3432 si
673 3377 872 3448 aliqua
902 3377 1036 3434 talis
1062 3379 1236 3434 fuerit
1260 3379 1681 3450 radix,nullum
1715 3398 1781 3435 ex
1802 3397 1870 3436 ea

205 3467 567 3538 permittatis
596 3482 832 3536 germen
877 3484 1208 3538 exsurgere,
1243 3469 1340 3524 sed
1377 3469 1673 3524 recidetur
1703 3473 1866 3524 ante-

207 3570 390 3626 quam
423 3553 568 3610 alios
599 3554 1049 3626 polluat.Merit.o
1078 3556 1232 3611 enim
1263 3571 1532 3612 amarum
1565 3559 1709 3612 dixit
1739 3575 1866 3613 esse

207 3648 536 3715 peccatum.
560 3643 705 3698 Vere
737 3643 893 3698 enim
927 3651 1164 3715 peccato
1197 3645 1342 3699 nihil
1371 3647 1728 3702 amariusEt
1760 3647 1866 3701 hoc

207 3736 430 3787 norunt
458 3732 556 3801 qui
605 3736 738 3802 post
769 3732 1096 3787 admissum
1149 3739 1452 3804 peccatum
1501 3735 1865 3790 conscientia:

209 3835 460 3874 maerore
491 3823 943 3886 macerantur,et
973 3820 1101 3874 dira
1131 3821 1275 3875 satis
1307 3822 1698 3877 amaritudine
1730 3839 1865 3876 con-

207 3913 553 3966 sumuntur.
585 3908 933 3963 Amaritudo
986 3909 1200 3980 quippe
1229 3908 1421 3965 delicti
1453 3911 1647 3980 ipsum
1699 3911 1866 3966 intel-

206 3996 428 4053 lectum
461 3997 863 4068 rationemque
914 3997 1222 4068 aliquoties
1264 3999 1570 4063 subvertit,
1604 4000 1757 4055 sicut
1807 4000 1863 4054 in

205 4085 708 4157 consequentibus
742 4087 810 4140 de
842 4088 989 4141 Esau
1021 4085 1272 4158 legimus
1305 4088 1542 4142 factum.

275 4198 303 4224 «
337 4175 430 4230 Ne
461 4174 592 4246 quis
620 4175 954 4243 fornicator,
988 4180 1088 4230 aut
1121 4178 1419 4246 profanus,
1457 4182 1520 4231 ut
1561 4178 1732 4247 Esau,
1766 4179 1864 4249 qui

201 4267 450 4335 propter
472 4279 648 4317 unam
679 4279 872 4317 escam
896 4263 1156 4318 vendidit
1180 4263 1571 4337 primogenita
1592 4267 1862 4337 sua(Gen.

203 4369 338 4418 xxv,
369 4353 488 4421 33).
528 4373 558 4400 »
589 4351 874 4406 Profanus
923 4351 1140 4405 dicitur
1171 4353 1345 4407 castri
1376 4371 1614 4426 mergus
1662 4357 1863 4426 (M70),

207 4457 312 4497 seu
345 4445 404 4498 et
434 4441 533 4512 qui
566 4439 706 4494 utile
737 4455 839 4510 pro
885 4438 1078 4493 inutili
1114 4441 1393 4495 vendidit.
1422 4446 1531 4495 Per
1568 4445 1862 4513 propriam

1971 2493 2241 2565 Alioquin
2273 2495 2321 2547 si
2368 2491 2765 2564 pmnitentiam
2799 2491 3158 2561 damnasset,
3187 2491 3480 2562 quomodo
3533 2508 3632 2547 su-

1975 2583 2172 2655 perius
2192 2598 2400 2652 segnes
2419 2582 2754 2635 admoneret
2781 2584 2836 2633 et
2853 2579 3264 2636 adhortaretur
3284 2580 3312 2635 ?
3336 2580 3635 2647 Quomodo

1975 2671 2217 2726 claudos
2250 2671 2566 2728 etfectos.et
2601 2668 3081 2740 reniissos,atque
3112 2668 3518 2740 solutos,quod
3548 2674 3637 2725 est

1976 2760 2158 2814 ruinae
2192 2759 2564 2829 principium,
2602 2765 2662 2810 ut
2692 2757 2993 2827 erigantur
3023 2757 3338 2812 invitaret?
3358 2757 3448 2812 Sic
3479 2758 3634 2812 enim

1976 2848 2234 2919 culpavit
2251 2845 2720 2917 semetipsum.Si
2741 2845 3059 2917 gemitibus
3076 2846 3306 2917 magnis
3325 2845 3636 2919 ingemuit,

1977 2954 2081 2992 cur
2111 2935 2454 3007 paenitentiae
2509 2933 2701 2988 locum
2735 2951 2848 2988 non
2884 2934 3097 2989 meruit
3142 2933 3449 2991 invenire?
3479 2937 3636 3004 Quo-

1979 3025 2136 3080 niam
2171 3042 2282 3079 non
2305 3029 2428 3078 erat
2458 3022 2808 3094 pcenitentire
2832 3023 2932 3077 illa
2963 3023 3418 3091 salutaris,sicut
3447 3029 3505 3080 et
3537 3025 3635 3080 tri-

1980 3114 2139 3169 stitia
2172 3113 2309 3168 Cain
2360 3129 2473 3167 non
2501 3129 2568 3166 ex
2600 3111 2942 3184 poenitentia
2993 3112 3399 3168 descendebat.
3433 3114 3500 3168 Et
3538 3113 3634 3168 hic

1978 3202 2133 3258 enim
2167 3201 2390 3256 occasio
2423 3201 2617 3256 fratris
2650 3201 2922 3273 apparuit
2952 3201 3156 3273 (1471).
3191 3201 3338 3266 Quid
3372 3217 3508 3274 ergo
3541 3201 3633 3256 di-

1979 3293 2190 3360 cimus,
2245 3290 2357 3346 nisi
2400 3291 2538 3362 quia
2589 3307 2702 3344 non
2751 3290 3022 3362 pcenituit
3051 3295 3117 3345 ut
3163 3290 3476 3346 convenit?
3507 3292 3633 3347 nec

1978 3380 2134 3435 enim
2170 3378 2507 3452 poenitentia
2539 3379 2722 3450 (1472)
2754 3383 2819 3432 ut
2850 3383 3239 3449 congruenter
3267 3379 3634 3451 geratur.La-

1977 3486 2188 3541 crymae
2221 3469 2435 3540 quippe
2461 3467 2570 3521 illae
2603 3485 2716 3522 non
2747 3473 2912 3522 erant
2938 3467 3418 3538 pmnitentiae,sed
3449 3469 3632 3524 animi

1977 3557 2231 3623 violenti,
2264 3562 2320 3611 et
2372 3555 2811 3626 indignationis,
2860 3556 3014 3626 quod
3068 3571 3135 3610 ex
3183 3556 3312 3626 ejus
3359 3557 3634 3628 operibus

1978 3647 2254 3718 aperitur.
2307 3645 2415 3708 Qui
2465 3644 2779 3699 exstimant
2831 3644 3122 3715 impunita
3169 3660 3470 3700 remanere
3500 3661 3632 3716 pec-

1976 3735 2499 3801 cata,considerent
2529 3738 2584 3788 et
2613 3734 2917 3788 attendant
2949 3749 3053 3787 cur
3081 3733 3232 3787 Esau
3254 3733 3482 3788 veniam
3514 3751 3632 3790 non

1977 3822 2168 3893 potuit
2199 3821 2459 3892 adipisci.
2496 3821 2643 3885 Quia
2671 3820 2938 3875 videlicet
2970 3838 3083 3875 non
3116 3822 3390 3892 paenituit
3437 3826 3502 3877 ut
3531 3823 3633 3878 de-

1978 3911 2122 3964 buit.
2185 3911 2285 3963 Vis
2336 3909 2529 3964 videre
2579 3909 2862 3979 integram
2923 3909 3348 3979 pmnitentiam,
3400 3911 3632 3967 adverte

1976 3999 2236 4064 Petrum,
2270 3997 2524 4068 qualiter
2564 3995 2916 4067 pmnituerit,
2951 4002 3266 4067 pon'tquam
3321 4005 3633 4070 negaverat

1975 4088 2290 4141 Christum.
2325 4086 2582 4140 Narrans
2636 4102 2889 4157 namque
2921 4085 3088 4138 nobis
3121 4085 3477 4157 evangelista
3502 4089 3630 4157 ejus

1975 4175 2276 4231 historiam
2314 4191 2325 4228 :
2363 4175 2430 4228 Et
2459 4172 3148 4244 exiens,inquit,ploravit
3180 4190 3376 4229 amare
3407 4172 3626 4244 (Matth.

1975 4283 2126 4332 xxvx,
2159 4264 2266 4329 75;
2301 4266 2432 4318 Luc.
2482 4279 2619 4330 xxn,
2653 4263 2762 4332 62).
2799 4261 3015 4316 Idcirco
3044 4260 3125 4315 illi
3179 4263 3491 4318 remissum
3542 4269 3632 4319 est

1976 4360 2094 4409 tam
2129 4354 2715 4425 grande'peccatum,
2748 4351 2886 4421 quia
2915 4349 3069 4405 sicut
3097 4351 3300 4406 debuit
3345 4351 3628 4424 pmniten-

1975 4443 2116 4497 tiam
2147 4442 2287 4514 egit.
2330 4442 2524 4496 Potest
2555 4440 2789 4510 quidem
2840 4443 2895 4494 et
2929 4439 3058 4494 ideo
3091 4439 3164 4495 ab
3196 4440 3468 4512 Apostolo
3499 4457 3628 4497 esse

207 4531 368 4586 enim
394 4527 812 4600 negligentiam
837 4527 1286 4600 etcupiditatem
1307 4531 1564 4585 vendidit
1584 4532 1864 4588 honorem
1895 4549 1942 4612 Ι)
1975 4532 2218 4596 dictum,
2255 4535 2318 4584 ut
2365 4529 2545 4600 aliqui
2579 4532 2906 4594 autumant,
2947 4534 3010 4583 ut
3061 4529 3171 4584 sub
3211 4530 3369 4601 gravi
3419 4531 3626 4585 timore

210 4635 388 4690 quem
416 4634 452 4672 a
479 4618 596 4673 Deo
645 4621 1000 4689 perceperat,
1034 4621 1089 4672 et
1119 4635 1221 4688 pro
1254 4636 1428 4689 parva
1459 4619 1700 4674 libidine
1741 4639 1862 4676 ma-

210 4723 396 4779 gnum
445 4705 727 4761 honorem
758 4710 814 4760 et
854 4722 1127 4777 magnam
1157 4705 1399 4776 gloriam
1454 4709 1722 4779 perdidit.
1759 4715 1864 4765 Pro

211 4794 523 4850 dilectione
547 4795 702 4857 enim
736 4793 1148 4864 temporalium
1181 4811 1376 4849 rerum
1412 4813 1599 4868 usque
1629 4799 1698 4852 ad
1733 4816 1864 4853 ven-

213 4883 408 4940 denda.
437 4883 734 4955 primitiva
758 4899 867 4937 sua
914 4887 1196 4953 pervenit.
1231 4883 1360 4938 Ideo
1394 4885 1615 4954 primus
1646 4893 1868 4958 postre-

211 4990 348 5029 mus
378 4973 621 5028 effectus
651 4976 762 5037 est,
795 4975 852 5026 et
881 4973 1177 5028 secundus
1227 4973 1448 5028 exstitit
1476 4976 1722 5047 primus.
1755 4982 1870 5034 Iste

287 5115 327 5136 ιι
351 5114 468 5138 ιαοι
498 5114 577 5140 υ-
609 5113 764 5144 νηιη

1974 4619 2323 4691 deprimeret
2353 4634 2470 4686 eos,
2503 4633 2574 4671 ne
2607 4616 2853 4672 ulterius
2882 4617 3156 4672 caderent
3185 4617 3244 4672 in
3275 4617 3508 4690 lapsum
3540 4617 3625 4672 fa-

1977 4709 2191 4764 cinoris
2217 4727 2229 4775 ;
2254 4707 2430 4762 veluti
2464 4705 2513 4760 si
2546 4704 2947 4775 diceretzquia
2976 4704 3077 4776 qui
3109 4705 3628 4772 ceciderit,nullam

1978 4796 2434 4853 consolationem
2469 4794 2675 4848 mereri
2699 4794 2824 4864 jam
2857 4792 3090 4864 poterit.

2050 4887 2232 4958 (1473)
2267 4907 2294 4935 ‹‹
2348 4885 2474 4940 Non
2533 4882 2690 4936 enim
2743 4881 3073 4939 accessistis
3132 4882 3204 4937 ad
3263 4880 3633 4939 tractabilem

1977 4976 2161 5046 (1474)
2195 4979 2251 5030 et
2279 4971 2682 5030 accessibilem
2723 4970 2938 5044 [Vulg.,
2966 4972 3377 5044 accensibilem]
3413 4972 3639 5045 ignem,

1980 5126 2168 5172 torem
2200 5115 2447 5172 voluerit
2481 5114 2810 5172 significare
2839 5115 2994 5172 Esau
3030 5111 3238 5170 fuisse.
