3976 5348
186 422 301 486 833

1667 418 2105 482 SERMONES.

3468 421 3589 482 834

189 554 308 610 tuis
335 552 607 609 fidelibus
626 553 809 609 servis
829 568 1066 625 erogare
1092 552 1300 608 fecisti.
1326 552 1432 607 Pro
1465 568 1581 623 qua
1611 568 1671 607 re
1700 556 1832 625 peto
1861 552 1917 618 Α
1945 548 2153 606 saltem
2203 551 2260 605 in
2310 568 2425 608 uno
2472 552 2644 608 verbo
2676 549 2973 624 postulare
3002 567 3118 607 non
3150 551 3543 623 dedignentur
3572 568 3587 618 ;

192 661 393 700 servus
416 642 639 698 inutilis
662 659 861 698 servos
892 641 1087 711 utiles,
1112 642 1170 696 in
1203 658 1690 712 quorumcunque
1713 658 1834 695 ma-

195 731 368 787 nibus
388 731 606 786 laboris
630 731 742 785 mei
770 730 1051 801 opuscula
1074 729 1355 795 venerint,
1378 727 1662 799 quidquid
1686 727 1834 798 opti-

196 836 357 875 mum
383 820 730 889 invenerint,
751 819 819 874 ad
845 823 1138 872 auctorem
1164 818 1416 872 referant
1434 821 1613 871 Deum
1637 834 1649 883 ;
1675 815 1838 884 quid-

195 908 336 981 quid
367 925 500 963 vero
534 908 751 974 minus,
787 906 929 961 mihi
963 907 1290 978 ignoscant.
1324 910 1390 959 Et
1430 905 1538 959 hoc
1584 922 1742 977 rogo,
1777 911 1839 959 ut

192 1015 297 1069 pro
329 996 687 1053 facinoribus
718 995 863 1051 meis
894 995 991 1049 Dei
1021 994 1343 1049 indebitam
1376 993 1836 1050 misericordiam

1947 640 2029 695 uti
2054 640 2285 710 quando
2309 641 2490 710 justis
2521 658 2554 696 a
2584 641 2677 713 pio
2701 640 2900 712 judice
2922 640 3149 696 reddita
3170 640 3343 695 fuerit.
3367 640 3589 711 prismii

1947 744 2182 792 eorona,
2215 728 2358 783 mihi
2407 731 2693 800 peceatori
2744 730 3001 785 indebita
3039 729 3140 784 Dei
3190 729 3594 785 misericordia

1948 816 2533 889 quantulumcunque
2561 820 2785 874 veniam
2818 818 3073 873 tribuere
3115 818 3409 890 dignetur.

2472 909 2583 962 Deo
2616 910 2845 975 gratias.
2880 908 3068 962 Amen.

1454 1339 2361 1475 ATTONIS

835 1594 2079 1689 VEBCELLENSIS
2201 1594 2959 1688 EPISCOPI

1237 1822 2580 1990 SERMONES.

470 2123 573 2194 [Ex
602 2121 800 2178 codice
830 2120 1132 2191 Vaticano,
1166 2120 1320 2191 apud
1354 2120 1489 2190 Mai,
1518 2121 1864 2191 Scriptorum
1893 2127 2136 2175 veterum
2164 2119 2421 2176 ϐοηθειίο
2448 2136 2609 2188 nova,
2643 2125 2785 2176 tom.
2820 2120 2916 2191 Vl,
2948 2140 3005 2195 p.
3041 2140 3101 2193 ιι,
3133 2141 3190 2196 p.
3225 2126 3337 2197 11.]

752 2405 997 2461 SERMO
1039 2404 1305 2460 PRIMUS

286 2514 345 2551 IN
375 2510 632 2550 ADVENTU
664 2511 873 2549 nonum
904 2511 1105 2550 nos'rm
1132 2510 1269 2549 πει]
1308 2509 1534 2548 CHRISTI
1564 2494 1770 2565 (1493).

275 2586 361 2640 Ad
394 2584 804 2641 celebrandam
837 2583 1201 2639 nativitatem
1235 2582 1467 2638 Domini
1499 2582 1683 2638 nostri
1713 2584 1853 2638 Jesu

208 2675 445 2741 Christi,
478 2674 685 2728 fratres
717 2672 1074 2740 eharissimi,
1100 2674 1225 2743 jam
1274 2690 1430 2728 nunc
1459 2673 1635 2727 corda
1664 2676 1856 2727 vestra

208 2768 749 2834 prasparate,mores
767 2762 1316 2832 componite(1494),
1330 2762 1507 2815 vitam
1526 2761 1776 2831 dirigite,
1794 2764 1857 2813 ut

211 2869 328 2907 non
354 2868 459 2906 nos
480 2850 715 2905 veniens
738 2851 807 2903 de
831 2849 1442 2921 negligentiajudicet,
1458 2850 1557 2903 sed
1580 2851 1649 2903 de
1672 2849 1856 2918 (1495)

209 2940 407 3011 dignis
423 2939 697 3010 operibus
716 2954 1086 2992 remunerare
1102 2937 1395 3007 dignetur.
1414 2937 1624 2991 Beatus
1638 2937 1857 2991 Paulus

208 3028 430 3083 clamat
460 3026 759 3098 apostolus
793 3043 806 3082 :
838 3030 992 3080 Hora
1021 3030 1098 3080 est
1123 3026 1248 3097 jam
1277 3042 1374 3080 nos
1404 3026 1469 3080 de
1497 3042 1701 3080 sommo
1730 3042 1857 3079 sur-

208 3132 339 3185 gere
369 3117 544 3182 (Rom.
580 3132 703 3183 xm,
739 3116 847 3182 11).
881 3120 1163 3169 Somnum
1201 3115 1399 3185 itaque
1442 3114 1857 3185 negligentiam

210 3202 485 3274 appellat,
520 3218 698 3274 quam
750 3203 1105 3258 excutientes
1158 3220 1191 3257 a
1243 3203 1536 3272 cordibus,
1569 3204 1857 3257 bonorum

209 3307 457 3363 operum
523 3291 866 3347 instantiam
932 3291 1101 3347 nobis
1167 3293 1434 3347 convenit
1491 3293 1858 3362 frequentare

212 3380 420 3450 (1496).
450 3421 462 3435 .
494 3422 505 3435 .
559 3380 820 3436 studiose
876 3381 1176 3451 acquirere
1233 3382 1437 3452 (1497).
1467 3422 1479 3435 .
1502 3419 1517 3436 .
1574 3380 1771 3451 digna.
1801 3423 1813 3435 .
1842 3421 1857 3436 .

213 3468 441 3540 aliquid
474 3468 836 3541 negligenter
855 3469 1130 3524 offendar.
1160 3510 1173 3523 .
1196 3507 1211 3524 .
1248 3469 1394 3539 ipsis
1420 3484 1553 3523 eum
1585 3468 1859 3540 placaret.

214 3557 362 3612 Ecce
395 3573 602 3628 nempe
631 3556 930 3612 caelorum.
957 3598 969 3610 .
1001 3598 1013 3610 .
1065 3557 1395 3628 specialiter
1425 3558 1860 3628 quodammodo

216 3646 291 3700 ad
325 3645 685 3701 visitandum
716 3645 891 3700 venit.
920 3646 1098 3715 Cujus
1129 3646 1444 3701 adventum
1476 3646 1647 3701 nobis
1677 3646 1861 3701 multo

216 3736 407 3807 magis
462 3733 752 3804 [salutari]
808 3734 1072 3789 convenit
1118 3734 1479 3805 providentia
1507 3740 1859 3806 exspectare,

204 3824 479 3895 jejuniis,
512 3822 751 3894 vigiliis,
779 3822 1165 3890 orationibus,
1191 3822 1585 3890 centinentiis,
1613 3822 1859 3879 eleemo-

213 3913 403 3985 synis,
439 3911 783 3982 ceterisque
812 3910 1132 3964 virtutibus
1164 3910 1463 3981 prateritaa
1508 3910 1694 3982 culpa:
1741 3929 1862 3966 ma-

213 4001 379 4056 culas
430 4018 463 4055 a
511 4003 723 4055 nostrae
773 3998 986 4053 mentis
1037 3999 1210 4053 domo
1269 3997 1472 4053 sedule
1528 3998 1863 4065 abluamus,

214 4106 320 4144 nec
381 4089 452 4143 ad
505 4088 738 4143 easdem
791 4088 1002 4141 iterum
1062 4086 1249 4142 redire
1306 4086 1702 4142 intendamus.
1755 4087 1866 4140 Mi-

221 4178 387 4233 nime
433 4177 673 4248 quidem
723 4174 961 4242 sufﬁcit,
995 4173 1193 4245 aliqua
1236 4174 1657 4231 interveniente
1706 4174 1867 4230 festi-

219 4267 420 4332 vitate,
450 4270 709 4320 nostram
741 4264 1026 4334 deponere
1057 4263 1448 4334 iniquitatem,
1483 4264 1552 4331 si,
1581 4280 1649 4319 ea
1679 4269 1866 4319 trans-

221 4361 376 4421 acta,
409 4370 613 4408 rursus
662 4353 733 4407 ad
782 4353 1047 4406 eamdem
1081 4368 1376 4407 recurrere
1408 4352 1866 4408 consideremus.

223 4445 450 4515 Hospes
507 4457 763 4512 namque
818 4444 1100 4494 venturus
1153 4441 1236 4494 sic
1293 4441 1364 4494 de
1420 4441 1633 4495 futuris
1686 4442 1871 4511 (1498)

223 4531 727 4603 quemadmodum
776 4529 845 4583 de
904 4529 1314 4599 praesentibus,
1365 4528 1448 4583 sic
1503 4531 1574 4584 de
1628 4529 1872 4584 occultis

228 4620 729 4692 quemadmodum
780 4622 835 4672 et
890 4618 961 4673 de
1008 4616 1336 4671 manifestis
1386 4618 1651 4687 judicare
1700 4619 1871 4674 volet.

1885 2411 1930 2475 Β
1961 2405 2129 2475 (Psal.
2162 2421 2346 2471 chiv,
2382 2406 2490 2475 18).
2526 2404 2669 2459 Cum
2702 2406 2858 2460 enim
2894 2406 3106 2476 ubique
3151 2424 3279 2464 esse
3330 2410 3609 2480 probetur

1962 2493 2270 2559 Dominus,
2301 2492 2419 2548 illis
2448 2499 2643 2548 tamen
2690 2495 2891 2564 procul
2923 2496 3100 2550 dubio
3132 2498 3433 2567 proximus
3465 2498 3610 2553 diei-

1962 2588 2078 2651 tur,
2113 2582 2327 2652 quibus
2381 2582 2668 2653 prOpitius
2717 2598 2846 2638 esse
2894 2584 3190 2655 dignatur,
3241 2585 3466 2642 scilicet
3514 2589 3612 2659 qui

1963 2674 2219 2727 invocant
2242 2687 2365 2725 eum
2394 2673 2456 2725 in
2486 2673 2734 2726 veritate.
2761 2671 2848 2725 Illi
2874 2673 3112 2743 quidem
3134 2676 3195 2729 in
3226 2677 3453 2731 veritate
3481 2693 3608 2731 eum

1966 2762 2238 2827 invocant,
2272 2760 2372 2829 qui
2403 2776 2471 2813 ea
2500 2776 2627 2830 qua:
2659 2761 2977 2830 expediunt
3010 2762 3186 2833 digne
3216 2770 3422 2835 rogant
3450 2782 3462 2819 :
3505 2766 3607 2836 qui

1966 2865 2097 2903 vero
2131 2864 2489 2918 supervacua
2519 2847 2703 2918 (1499)
2735 2849 2805 2902 ab
2836 2865 2902 2903 eo
2932 2866 3189 2920 quaerere
3223 2858 3609 2923 praesumunt,

1966 2937 2053 2991 vel
2102 2938 2201 3007 qui
2254 2953 2322 2991 ea
2368 2952 2496 3006 quas
2544 2935 2846 3006 postulant
2895 2954 3007 2993 non
3057 2938 3283 2995 intimis
3314 2942 3609 2998 mentibus

1968 3029 2176 3095 rogant
2204 3043 2217 3091 ;
2261 3025 2369 3096 ipsi
2403 3025 2654 3095 profecto
2686 3028 2745 3079 in
2776 3026 3004 3082 veritate
3030 3043 3156 3083 eum
3188 3044 3300 3083 non
3332 3030 3608 3100 invocant,

1970 3130 2071 3168 nec
2122 3129 2297 3183 prope
2349 3112 2562 3167 habere
2602 3119 2919 3182 merentur,
2955 3120 3017 3170 ut
3063 3115 3255 3173 illud:
3308 3120 3491 3187 Longe
3536 3126 3614 3174 est

1969 3220 2003 3257 a
2047 3201 2416 3272 peccatoribus
2460 3202 2613 3256 salus
2664 3203 2835 3272 (Psat.
2884 3220 3078 3259 exvm.
3134 3206 3276 3275 155).
3310 3211 3457 3261 Nam
3510 3206 3611 3280 qui

1972 3291 2103 3345 ﬁcte
2134 3291 2316 3345 Deum
2368 3291 2599 3361 quierit,
2632 3308 2934 3362 nunquam
2984 3309 3117 3348 eum
3167 3294 3428 3350 invenire
3469 3296 3611 3367 [cod.

1970 3378 2238 3447 inveniri]
2288 3379 2623 3435 merebitur.
2666 3380 2809 3435 Hinc
2855 3381 3139 3453 scriptum
3188 3389 3323 3439 est:
3375 3384 3613 3455 Spiritus

1971 3472 2191 3523 sanctus
2237 3468 2456 3538 effugiet
2486 3468 2672 3536 ﬁctum
2702 3467 2855 3539 (Sap.
2906 3485 2945 3536 ι,
2987 3470 3065 3540 5).
3099 3470 3260 3533 Quod
3292 3472 3438 3527 bene
3469 3488 3614 3544 quo-

1973 3574 2085 3628 que
2116 3573 2219 3627 per
2247 3555 2484 3627 angelos
2504 3555 2869 3611 Dominicam
2893 3557 3254 3614 nativitatem
3281 3560 3616 3631 pastoribus

1974 3644 2314 3700 nuntiantes
2344 3643 2702 3699 declaratum
2747 3650 2836 3700 est
2884 3646 3143 3703 dicentes
3190 3648 3326 3719 [cod.
3374 3649 3615 3705 dicenti-

1974 3735 2106 3804 bus]
2144 3752 2156 3789 :
2208 3732 2391 3789 Gloria
2434 3736 2494 3788 in
2525 3734 2753 3789 excelsis
2784 3739 2913 3803 Deo,
2945 3744 2998 3791 et
3028 3738 3089 3791 in
3117 3741 3267 3793 terra
3288 3754 3408 3808 pax
3434 3740 3617 3795 homi-

1974 3824 2139 3877 nibus
2180 3824 2337 3878 bonae
2382 3822 2677 3876 voluntatis
2706 3823 2854 3893 (Luc.
2906 3840 2969 3890 ιι,
3021 3825 3130 3895 14).
3162 3829 3320 3881 Bona
3347 3825 3618 3883 voluntas

1972 3915 2062 3967 est
2110 3926 2225 3964 non
2275 3909 2464 3965 solum
2516 3909 2672 3964 mala
2728 3927 2843 3965 non
2894 3927 3084 3983 agere,
3140 3914 3239 3969 sed
3291 3914 3467 3970 etiam
3515 3931 3621 3971 nec

1972 3998 2136 4054 velle.
2166 3998 2309 4053 Jure
2349 4013 2485 4068 ergo
2516 3997 2733 4053 talibus
2764 3998 2977 4053 Christi
3012 4017 3119 4071 pax
3152 4002 3479 4061 nuntiatur.
3511 4003 3621 4067 Qui

1974 4102 2107 4141 vero
2156 4085 2493 4152 homicidia,
2525 4085 2678 4151 odia,
2712 4085 2999 4142 adulteria
3029 4088 3233 4159 (1500),
3286 4091 3460 4159 furta,
3495 4108 3623 4162 per-

1967 4175 2148 4246 juria,
2186 4192 2287 4230 seu
2320 4178 2525 4228 cmtera
2551 4174 2689 4229 vitia
2718 4175 2801 4229 sic
2834 4176 2905 4230 ad
2938 4182 3171 4248 tempus
3203 4178 3488 4233 simulant
3516 4181 3622 4233 de-

1977 4264 2215 4328 clinare,
2241 4268 2305 4317 ut
2334 4263 2405 4317 ad
2438 4262 2559 4316 hinc
2590 4263 2793 4317 eadem
2821 4263 3027 4319 iterum
3064 4266 3270 4320 reverti
3294 4267 3420 4337 jam
3452 4267 3624 4323 corde

1978 4355 2367 4423 conceperint,
2400 4352 2439 4405 ii
2484 4353 2740 4423 profecto
2770 4352 2932 4407 bona
2963 4352 3280 4410 voluntatis
3311 4372 3427 4411 non
3459 4362 3622 4424 sunt,

1980 4459 2085 4497 nec
2135 4441 2348 4497 Christi
2397 4441 2481 4496 eis
2511 4442 2693 4509 (1501)
2734 4442 3068 4497 conceditur
3098 4460 3227 4514 pax.
3260 4442 3407 4499 Nam
3456 4443 3626 4500 miles

1981 4548 2145 4587 arma
2192 4529 2451 4601 deponit,
2487 4546 2699 4602 corpus
2748 4531 2951 4599 reficit,
2986 4533 3251 4588 membra
3292 4534 3529 4603 refovet,
3565 4536 3629 4588 ut

1981 4624 2241 4689 tempore
2263 4624 2588 4689 opportuno
2620 4620 2936 4691 resumptis
2959 4619 3178 4675 viribus
3202 4621 3423 4676 eisdem
3446 4619 3627 4676 armis

228 4708 491 4780 Denique
523 4706 834 4762 Psalmista
865 4706 945 4761 ait
974 4722 989 4761 ε
1022 4712 1197 4777 Prope
1226 4710 1302 4761 est
1330 4708 1592 4762 Dominus
1623 4710 1875 4761 omnibus
1984 4724 2190 4763 rursus
2219 4706 2407 4761 valeat
2436 4708 2735 4763 dimicare.
2772 4707 2897 4762 Non
2929 4709 3012 4763 sic
3044 4747 3078 4766 ..
3121 4710 3365 4765 induere
3396 4723 3625 4765 mere...

228 4796 607 4852 invocantibus
666 4812 808 4864 eum,
867 4796 963 4867 qui
1020 4796 1275 4850 invocant
1335 4811 1461 4850 eum
1525 4798 1585 4849 in
1652 4797 1877 4851 veritate
1985 4796 2313 4869 pertingere
2343 4795 2527 4866 (1502)
2569 4796 2954 4867 gaudeamus.

303 4976 486 5048 (1493)
518 4976 684 5030 Ηιιιιο
730 4992 1081 5048 sermonem,
1129 4991 1265 5048 eum
1319 4974 1449 5029 aliis
1499 4982 1775 5048 quatuor,
1806 4977 1877 5033 de

232 5046 588 5110 Pentecoste,
621 5048 689 5101 de
722 5047 779 5101 S.
814 5048 1082 5112 Eusebio,
1112 5046 1182 5100 de
1212 5046 1625 5112 Assumptione
1660 5048 1722 5101 Β.
1748 5048 1875 5102 Vir-

2089 4972 2245 5043 1495)
2279 4971 2561 5037 Mansius,
2595 4988 2682 5027 ex.

2084 5041 2243 5115 1496)
2275 5044 2522 5098 Summa
2550 5041 2773 5115 codicis
2821 5058 2927 5098 ora
2969 5041 3322 5115 bumiditate
3353 5042 3638 5112 extabuit,

272 5119 406 5199 inis,
441 5120 511 5199 de
542 5118 851 5209 Nativitate
885 5117 1284 5209 Praecursojris,
1319 5113 1731 5209 ediditnvhﬂ.
1769 5124 1873 5209 ¹ξε).
1910 5145 1956 5209 D
1993 5113 2411 5209 perieruntque
2433 5118 2492 5171 in
2516 5113 2772 5209 sipgulis
2794 5116 3253 5209 pagi‘nis‘versus
3273 5114 3455 5209 fe‘rme
3485 5115 3638 5209 d‘u‘o;

283 5190 571 5244 ominicus
600 5190 855 5243 Mansius
887 5188 943 5241 in
975 5187 1296 5260 appendice
1329 5189 1471 5243 tomi
1505 5189 1552 5243 ΙΙ
1586 5190 1875 5247 Miscella-

237 5277 477 5315 neorum
531 5260 745 5316 Baluzii
800 5260 982 5326 Lucae,
1018 5278 1110 5314 an.
1174 5260 1335 5325 1761,
1392 5276 1460 5314 ex
1510 5262 1620 5316 hoc
1676 5264 1879 5319 eodem

1989 5185 2057 5243 ex
2089 5206 2208 5260 qua
2240 5188 2441 5258 regula
2463 5185 2655 5241 metiri
2691 5194 3009 5253 sequentes
3035 5185 3279 5238 lacunas
3310 5186 3537 5243 discant
3563 5185 3647 5241 le-

1992 5266 2203 5315 ctores.
