3976 5348
411 376 530 437 835

1061 500 1298 557 SERMO
1333 500 1401 557 II.

926 608 987 647 IN
1025 608 1225 647 MTALI
1255 608 1532 647 EJUSDEM.

483 682 855 738 Gaudeamus
872 696 1096 745 omnes,
1117 681 1323 736 fratres
1347 680 1691 747 charissimi,
1714 680 1977 735 laetentur
1996 682 2052 733 et

410 771 701 829 exsultent
730 786 931 824 omnes
961 773 1181 841 gentes.
1216 774 1399 823 Istum
1450 769 1603 823 diem
1657 786 1770 824 non
1821 774 2050 823 tantum

410 860 663 916 visibilis
695 858 802 929 sol,
827 858 927 913 sed
953 859 1081 928 ejus
1111 857 1420 912 invisibilis
1442 859 1674 913 Creator
1700 858 1892 928 potius
1922 856 2051 911 illu-

412 949 676 1004 minavit.
694 953 756 1001 In
782 948 887 1001 hac
910 947 1200 1018 siquidem
1225 948 1336 1015 die,
1355 947 1508 1002 Deus
1531 947 1704 1001 homo
1728 948 1914 1000 factus
1937 950 2045 1011 est,

411 1036 668 1094 cmlestia
713 1036 958 1091 terrenis
1010 1035 1388 1102 famulantur,
1437 1035 1625 1107 angeli
1677 1039 1733 1090 et
1780 1035 2047 1090 homines

410 1128 483 1183 ad
516 1125 885 1182 concordiam
917 1129 1278 1180 revocantur.
1307 1124 1451 1179 Cum
1483 1125 1639 1179 enim
1670 1123 1731 1178 in
1762 1124 2046 1194 principio

407 1221 561 1271 esset
608 1215 784 1278 Deus,
826 1215 980 1268 sicut
1023 1212 1355 1284 evangelica
1402 1212 1563 1267 vobis
1609 1212 1778 1267 lectio
1830 1215 2046 1275 narrat,

412 1304 614 1360 Omnia
643 1320 740 1376 per
771 1304 954 1374 ipsum
981 1304 1130 1373 facta
1158 1304 1285 1356 sunt
1322 1303 1499 1368 (Joan.
1552 1319 1589 1370 Ι,
1639 1302 1695 1373 3)
1728 1320 1739 1356 :

409 1393 599 1448 micus
638 1392 881 1447 humani
928 1390 1152 1460 generis
1200 1391 1478 1445 adversus
1509 1389 1837 1445 Creatorem
1872 1406 2045 1445 suum

408 1482 713 1553 insurgere
741 1479 985 1534 tentavit
1014 1477 1212 1533 dicens
1246 1495 1258 1532 :
1306 1485 1515 1533 Ponam
1561 1479 1739 1533 sedem
1774 1496 1950 1534 meam
1979 1481 2049 1534 ad

408 1572 742 1643 aquilonem,
774 1576 824 1624 et
871 1584 962 1623 ero
1016 1567 1220 1622 similis
1267 1568 1539 1623 Altissimo
1570 1568 1718 1638 (lsai.
1770 1585 1884 1632 x1v,
1936 1570 2045 1637 14).

409 1660 493 1715 Ob
535 1676 707 1732 quam
750 1657 1083 1728 superbiam
1136 1662 1253 1710 tam
1302 1656 1428 1727 ipse
1480 1673 1655 1727 quam
1706 1675 1907 1712 omnes
1961 1675 2048 1712 se-

409 1765 623 1821 quaces
672 1748 820 1817 ejus,
863 1745 963 1817 qui
1011 1745 1377 1799 incommode
1429 1751 1799 1801 tentaverunt
1847 1764 2048 1801 ascen-

409 1840 565 1903 dere,
593 1836 787 1890 divino
811 1834 1033 1905 judicio
1066 1840 1204 1889 sunt
1225 1834 1453 1904 dejecti.
1482 1836 1563 1888 Ad
1600 1853 1849 1905 quorum
1878 1852 2050 1889 casus

406 1926 833 1997 reparationem
863 1924 1140 1978 Dominus
1166 1923 1433 1977 homines
1458 1924 1513 1977 in
1549 1924 1816 1993 paradiso
1840 1928 2053 1978 consti-

407 2015 540 2071 tuit.
563 2013 765 2085 Angeli
798 2029 1051 2084 quoque,
1086 2012 1571 2067 restaurationem
1604 2012 1693 2067 sui
1729 2013 1949 2067 ordinis
1982 2014 2052 2067 ab

408 2104 556 2176 ipsis
586 2106 1007 2174 exspectantes,
1042 2100 1102 2155 in
1144 2117 1355 2173 magno
1381 2117 1479 2156 eos
1510 2101 1721 2173 gaudio
1753 2101 2055 2172 multoque

408 2196 751 2264 receperunt
789 2207 1003 2245 amore.
1035 2191 1107 2245 At
1154 2206 1307 2257 vero,
1345 2193 1475 2262 post
1521 2190 2053 2259 prmvaricationem

405 2282 541 2336 Adae
596 2280 770 2353 primi
817 2278 1097 2345 hominis,
1130 2279 1188 2333 in
1243 2283 1473 2333 tantum
1521 2278 1825 2334 discordias
1854 2278 2051 2333 odium

406 2369 603 2436 crevit,
629 2373 694 2423 ut
723 2368 883 2423 nulla
916 2385 1057 2439 pene
1088 2368 1348 2438 pristinae
1366 2367 1699 2422 dilectionis
1732 2368 1894 2422 radix
1925 2385 2050 2439 per-

410 2463 691 2514 maneret.
725 2458 839 2514 Nec
883 2459 1008 2527 jam
1042 2457 1208 2511 nobis
1259 2474 1320 2512 se
1372 2461 1670 2512 consortes
1701 2472 1829 2511 esse
1863 2456 2051 2526 angeli

409 2548 796 2611 mstimahant,
831 2547 970 2618 quia
1000 2547 1115 2601 Deo
1165 2545 1284 2600 ullo
1333 2546 1555 2616 absque
1603 2545 1811 2600 delicto
1843 2546 2051 2600 servie-

409 2637 571 2691 bant.
588 2636 823 2701 Quoties
841 2636 1055 2707 quippe
1072 2634 1411 2690 hominibus
1429 2636 1806 2706 apparebant,
1824 2636 2051 2690 adorari

409 2741 471 2781 se
491 2725 659 2796 quasi
690 2742 723 2779 a
753 2725 1015 2793 subjecta
1036 2729 1301 2779 creatura
1322 2724 1759 2794 permittebant.
1786 2724 2051 2779 Christus

407 2814 602 2886 itaque
621 2814 766 2869 Deus
784 2818 920 2868 ante
939 2819 1221 2883 tempora,
1240 2813 1412 2868 homo
1432 2817 1495 2867 ut
1518 2830 1623 2867 nos
1648 2814 1954 2868 redimeret
1978 2815 2052 2869 fa-

407 2908 539 2958 ctus
570 2903 627 2956 in
658 2907 940 2972 tempore,
969 2903 1213 2956 formam
1239 2902 1386 2956 servi
1418 2902 1763 2974 suscipiens,
1790 2902 1964 2958 cmlos
1996 2908 2053 2958 et

406 2997 643 3058 terram,
677 2990 915 3063 angelos
956 2994 1011 3045 et
1043 2990 1310 3045 homines
1342 2991 1681 3062 paciﬁcavit.
1719 2993 1852 3046 Post
1881 2994 2052 3063 cujus

405 3080 891 3146 incarnationem,
908 3079 1150 3151 angelus
1173 3096 1235 3134 se
1257 3080 1327 3134 ab
1353 3080 1586 3135 homine
1608 3080 1837 3134 adorari
1862 3081 2051 3151 prohi-

412 3170 539 3224 buit
560 3169 759 3225 dicens
785 3187 797 3225 :
835 3169 957 3224 Vide
975 3185 1043 3224 ne
1062 3171 1276 3240 feceris,
1300 3184 1584 3223 conservus
1606 3172 1753 3224 enim
1771 3173 1899 3224 tuus
1928 3186 2050 3225 sum

409 3266 459 3313 et
476 3260 719 3329 fratrum
742 3261 956 3314 tuorum
981 3257 1165 3329 (Apoc.
1188 3273 1302 3321 xxx,
1320 3258 1427 3325 10).
1446 3261 1573 3312 Haec
1596 3263 1684 3312 est
1704 3258 1829 3313 dies
1850 3258 1970 3325 illa,
1990 3259 2046 3313 in

409 3363 526 3417 qua
555 3352 776 3402 natura:
799 3348 938 3417 jura
968 3350 1269 3400 mutantur
1304 3363 1316 3399 :
1368 3346 1526 3416 virgo
1574 3347 1855 3418 concepit,
1890 3347 2048 3420 virgo

409 3436 651 3507 peperit,
685 3438 737 3489 et
773 3436 965 3491 Verum
993 3450 1118 3489 caro
1147 3436 1355 3504 factum
1385 3442 1462 3488 est
1483 3434 1660 3505 (Joan.
1696 3452 1735 3501 ι,
1772 3436 1876 3507 14).
1901 3436 2048 3491 Nam

409 3538 584 3594 quem
614 3521 986 3577 immensitas
1014 3519 1136 3575 οωὶὶ
1161 3537 1365 3591 capere
1394 3538 1507 3574 non
1541 3526 1750 3591 potest,
1777 3522 2049 3593 praesepis

408 3611 681 3682 angustia
711 3610 1042 3666 collocatur.
1078 3609 1257 3663 Hodie
1289 3608 1478 3680 angeli
1513 3611 1847 3680 pastoribus
1877 3629 2051 3683 appa-

406 3704 676 3766 ruerunt,
698 3715 913 3769 eosque
942 3700 1010 3753 de
1033 3698 1264 3753 Domini
1292 3698 1591 3753 nativitate
1626 3699 2047 3767 instruxerunt,

406 3792 464 3843 et
511 3805 583 3843 ne
641 3789 917 3842 timerent
964 3788 1457 3853 confortaverunt,
1510 3788 1711 3859 eisque
1768 3790 2047 3860 gaudium

409 3892 688 3949 magnum
723 3874 1156 3941 nuntiaverunt,
1198 3880 1256 3930 et
1307 3874 1489 3947 gloria
1537 3877 1595 3930 in
1644 3877 1886 3932 excelsis
1936 3878 2048 3933 Deo

406 3965 662 4037 primum
696 3964 1151 4019 decantaverunt
1177 3965 1327 4032 (Luc.
1363 3982 1420 4025 ιι.
1455 3966 1631 4034 8-15).
1666 3966 1888 4029 Quibus
1921 3967 2047 4021 ideo

407 4053 768 4110 nativitatem
807 4054 1031 4108 Domini
1083 4052 1274 4123 angeli
1324 4053 1579 4124 primum
1612 4055 2045 4121 nuntiaverunt,

408 4143 547 4213 quia
568 4147 830 4214 pastores
853 4159 967 4215 pra;
986 4143 1205 4197 caeteris
1224 4142 1418 4196 videre
1436 4141 1711 4196 sublimia
1732 4149 2045 4212 merentur,

406 4232 504 4302 qui
534 4230 804 4287 ﬁdelibus
826 4231 1103 4302 gregibus
1127 4246 1370 4300 praeesse
1392 4230 1635 4284 sollicite
1658 4232 1870 4285 sciunt.
1895 4236 2046 4285 Gau-

408 4321 653 4376 deamus
684 4337 820 4393 ergo
851 4320 1040 4385 hodie,
1076 4320 1282 4373 fratres
1325 4318 1676 4373 charissimi.
1706 4362 1718 4374 .
1748 4361 1761 4373 .

1038 4424 1277 4478 SERMO
1318 4425 1413 4478 IlI.

838 4514 896 4551 ΙΝ
937 4512 1107 4550 FESTO
1137 4512 1363 4550 OCTAV/E
1394 4512 1619 4551 DOMINI.

482 4587 648 4641 Hunc
678 4586 831 4641 diem
865 4601 1096 4655 semper
1125 4583 1399 4639 Kalendis
1429 4585 1723 4641 Januariis
1764 4587 1898 4657 [cod.
1948 4588 2045 4643 Ja-
2080 4608 2126 4671 D

409 4677 772 4745 nuariarum]
792 4673 943 4728 sicut
960 4672 1168 4737 nostis,
1182 4671 1508 4728 charissimi
1521 4714 1534 4741 ,
1551 4674 2047 4732 celebramus.8ed

410 4764 581 4820 nobis
610 4764 719 4818 hoc
749 4768 937 4817 tacere
977 4779 1093 4817 non
1137 4764 1425 4829 convenit,
1460 4764 1614 4835 quod
1649 4765 1885 4835 quidam
1920 4765 2052 4821 falsi

410 4852 726 4908 Christiani
760 4851 910 4906 tanti
962 4851 1074 4906 diei
1114 4851 1544 4906 solemnitatem
1578 4854 1859 4926 sacrilega
1891 4871 2051 4909 com-

408 4940 681 4995 mistione
724 4940 1089 5010 perturbant,
1122 4940 1199 4993 ita
1256 4944 1321 4993 ut
1370 4941 1566 4995 divina
1614 4943 1805 4998 ofﬁcia
1852 4942 1909 4996 in
1962 4959 2051 4997 ec-

408 5028 602 5083 clesiis
654 5028 962 5082 videantur
1010 5027 1322 5094 celebrare,
1389 5033 1444 5083 et
1516 5031 1692 5085 variis
1751 5030 2054 5086 maleﬁciis

411 5115 570 5170 domi
604 5132 717 5169 non
749 5116 1019 5170 desinant
1048 5116 1327 5171 inservire
1361 5117 1564 5188 (1503).
1594 5119 1836 5190 Insuper
1855 5120 2053 5174 Jania-

414 5218 520 5255 nas
551 5202 895 5257 traditiones
945 5202 1374 5275 gentiliumque
1424 5207 1571 5259 ritus
1620 5224 1732 5260 non
1786 5211 2056 5262 metuunt

1791 1302 1891 1356 sed
1936 1300 2047 1355 ini-

1429 371 1770 433 ATTONIS
1815 369 2398 431 VERCLLENSIS
2445 370 2795 431 EPISCOPI
3666 372 3749 436 836

2082 502 2135 568 Α
2165 501 2470 557 observare
2504 519 2517 557 :
2552 500 2653 572 qui
2682 500 2856 556 etiam
2889 501 3031 556 adeo
3062 518 3093 556 a
3125 516 3188 555 se
3215 500 3512 557 charitatis
3555 506 3753 574 gratiam

2167 589 2485 660 expellunt,
2539 594 2603 644 ut
2652 589 2945 644 neminem
2997 607 3164 645 suam
3208 591 3446 645 domum
3474 592 3658 646 eodem
3690 595 3754 650 die

2169 679 2425 747 primum
2456 678 2683 750 ingredi
2712 678 2911 743 velint,
2942 678 3051 733 nisi
3077 678 3177 749 qui
3208 678 3537 734 cumulatus
3566 681 3755 737 oblatio-

2168 767 2345 821 nibus
2374 768 2672 822 advenerit
2707 786 2718 823 :
2749 768 3003 838 aliquem
3036 774 3229 822 autem
3261 768 3514 839 hospitio
3564 786 3619 823 se
3661 788 3755 827 sus-

2168 856 2359 925 cipere
2389 857 2770 927 abnegant,et
2801 856 2945 910 nihil
2980 856 3211 927 penitus
3244 858 3313 911 de
3344 873 3452 910 sua
3481 856 3638 912 domo
3654 860 3757 914 dare

2168 949 2270 997 aut
2316 946 2685 999 commodare
2736 946 3069 1000 desiderant
3115 946 3320 1016 (1504).
3366 944 3410 1000 Ο
3457 944 3683 1001 inﬁdelis
3720 955 3760 1003 et

2171 1036 2432 1088 erroneel
2487 1034 2696 1089 Melius
2744 1033 2848 1089 tibi
2893 1034 3135 1089 essetin
3168 1034 3339 1088 domo
3367 1038 3471 1089 tua
3512 1034 3757 1091 Christum

2168 1120 2225 1174 in
2242 1120 2529 1194 hospitem
2546 1123 2839 1193 suscipere
2868 1123 2955 1178 vel
2986 1139 3475 1195 pauperes,quam
3510 1125 3759 1180 rusticosa

2167 1214 2222 1265 te
2257 1212 2489 1282 tuisque
2520 1228 2829 1283 oppressos
2859 1217 3035 1284 atque
3068 1213 3149 1267 sic
3178 1211 3520 1278 instructos,
3551 1213 3757 1285 apopho-

2164 1304 2287 1355 reta
2306 1300 2391 1356 vel
2414 1302 2728 1373 oenophoro.
2748 1300 3094 1372 bajulantes.
3112 1301 3269 1356 Idem
3293 1301 3513 1373 quippe
3535 1303 3759 1357 Dominus

2168 1390 2250 1443 ait
2284 1408 2295 1444 :
2332 1390 2586 1457 Quandiu
2615 1391 2820 1459 fecistis
2850 1392 2953 1444 uni
2982 1405 3050 1444 ex
3077 1391 3324 1445 minimis
3374 1391 3513 1457 istis,
3546 1390 3663 1444 mihi
3696 1394 3757 1460 fc-

2165 1480 2313 1532 cistis
2361 1478 2567 1549 (Matth.
2608 1496 2740 1546 xxv,
2770 1480 2877 1549 40).
2909 1480 2978 1532 Et
3008 1479 3145 1533 item
3181 1496 3192 1533 :
3226 1483 3364 1533 Dato
3392 1480 3757 1549 eleemosynam,

2165 1575 2216 1622 et
2244 1569 2431 1621 omnia
2458 1568 2661 1623 munda
2693 1571 2821 1622 sunt
2859 1568 3010 1622 vobis
3062 1568 3211 1638 (Luc.
3266 1586 3326 1635 ιι,
3380 1568 3491 1635 41).
3539 1568 3758 1623 Similiter

2166 1656 2338 1711 etiam
2375 1656 2647 1710 Kalendis
2679 1657 2898 1712 Martiis
2929 1657 3270 1727 hujusmodi
3304 1658 3573 1712 homines
3610 1658 3760 1711 multis

2166 1746 2356 1801 solent.
2387 1746 2742 1801 (lc-bacchare
2765 1749 2865 1817 (ita
2894 1747 3033 1816 cod.)
3070 1747 3415 1817 praestigiis;
3452 1764 3561 1817 prie
3582 1748 3759 1801 cunctis

2166 1841 2360 1889 autem
2413 1836 2547 1890 anni
2604 1836 2831 1901 diebus,
2868 1836 2922 1889 in
2972 1836 3066 1891 his
3116 1836 3390 1891 diabolus
3421 1836 3604 1890 adhuc
3632 1851 3760 1888 suam

2166 1928 2389 1979 exercet
2422 1923 2895 1987 coloniam.Quod
2933 1926 3086 1979 unde
3118 1924 3476 1996 processisse
3497 1924 3759 1991 credimus,

2164 2014 2328 2067 vobis
2362 2014 2619 2067 indicare
2670 2030 2965 2068 curamus.
3019 2014 3172 2068 Mars
3220 2030 3479 2084 namque
3526 2017 3579 2068 et
3619 2013 3761 2067 Janus

2165 2101 2437 2157 homines
2470 2102 2718 2173 perversi
2753 2106 2810 2157 et
2839 2102 3098 2158 infelices
3120 2103 3629 2173 fuerunt,quorum
3646 2118 3760 2155 unus

2169 2190 2460 2246 homicida
2490 2196 2547 2246 et
2576 2191 2822 2259 adulter,
2864 2190 3008 2246 alter
3038 2192 3095 2245 in
3128 2195 3358 2247 tantum
3408 2192 3517 2246 iuit
3544 2207 3699 2245 vanus
3722 2196 3764 2245 et

2164 2282 2497 2349 demens,ut
2529 2280 2704 2334 etiam
2736 2296 2797 2334 se
2824 2279 3017 2351 ipsum
3050 2280 3306 2334 flammis
3337 2286 3636 2335 cremarat.
3664 2284 3763 2334 Post

2164 2383 2416 2437 quorum
2442 2367 3145 2439 interitum,paganorum
3179 2367 3295 2423 illis
3329 2385 3495 2423 more
3524 2369 3763 2423 fabricata

2164 2460 2301 2510 sunt
2330 2456 2621 2519 statum,in
2656 2457 2870 2527 quibus
2890 2458 2961 2511 ob
2980 2474 3183 2512 eorum
3216 2456 3507 2512 scelerum
3542 2458 3761 2511 immani-

2162 2550 2342 2600 tatem
2391 2545 2753 2600 daemonibus
2804 2546 3022 2616 placuit
3072 2546 3368 2613 habitare;
3406 2551 3463 2600 et
3494 2551 3554 2600 ut
3582 2544 3761 2600 facilius

2162 2633 2428 2688 homines
2490 2633 2843 2704 deciperent,
2917 2635 3324 2705 praedictorum
3394 2634 3507 2689 sibi
3573 2634 3762 2688 nomina

2163 2721 2381 2793 placuit
2412 2724 2648 2791 ﬁngere,
2668 2723 2867 2793 sicque
2900 2740 2960 2777 se
2990 2724 3196 2791 vivere,
3226 2726 3281 2777 et
3310 2724 3453 2779 deos
3485 2725 3759 2793 essejacta-

2160 2810 2329 2877 bant;
2386 2813 2754 2882 duorumque
2805 2812 3095 2867 mensium
3150 2813 3251 2881 (ita
3292 2812 3411 2866 cod.
3448 2812 3535 2867 hic
3562 2816 3608 2866 et
3634 2812 3761 2878 alibi)

2162 2900 2446 2972 principia
2478 2901 2587 2955 sibi
2621 2902 2906 2956 sacranda
2936 2902 3419 2973 dicebant,atque
3450 2919 3553 2956 suo
3575 2900 3762 2956 nomine

2162 2990 2395 3044 eosdem
2429 3007 2679 3059 menses,
2714 2990 2935 3045 scilicet
2967 2990 3238 3045 Martium
3272 2994 3328 3045 et
3371 2989 3715 3056 Januarium,
3740 3005 3763 3042 a

2161 3077 2343 3133 Marte
2377 3084 2432 3132 et
2461 3080 2608 3133 Jano
2642 3080 2918 3151 appellari
2965 3080 3279 3149 jubebant;
3320 3085 3379 3135 et
3414 3079 3650 3151 qualiter
3690 3095 3763 3149 per

2161 3167 2425 3239 singulas
2454 3170 2611 3239 ipsas
2646 3169 2932 3224 Kalendas
2965 3168 3253 3224 solemnia
3284 3168 3557 3239 colerent,
3574 3166 3759 3240 quales-

2082 3238 2124 3305 Ο
2164 3273 2275 3328 que
2307 3238 2502 3312 cultus
2535 3263 2874 3329 peragerent
2904 3258 3357 3322 edocebant.Qui
3401 3238 3558 3313 error
3587 3238 3636 3311 in
3664 3262 3760 3311 tan-

2160 3349 2285 3399 tum
2321 3347 2742 3418 frequentando
2772 3346 2964 3413 crevit,
3002 3351 3066 3401 ut
3095 3364 3239 3419 pene
3289 3350 3362 3402 ab
3417 3348 3673 3402 omnibus
3697 3360 3761 3398 co-

2160 3434 2378 3490 leretur
2409 3436 2725 3489 subversis.
2759 3436 2821 3489 Et
2851 3436 2984 3491 inde
3014 3452 3142 3491 esse
3174 3436 3447 3492 existimo
3500 3435 3641 3507 quod
3682 3434 3759 3487 ho-

2160 3525 2369 3595 dieque
2400 3525 2569 3578 durat
2600 3524 2659 3578 in
2694 3525 3248 3580 rusticis.Mensium
3277 3530 3475 3581 autem
3500 3523 3756 3580 nomina...

2161 3612 2354 3667 solu...
2405 3629 2635 3683 quoque
2685 3614 2987 3685 signorum
3038 3614 3191 3669 sicut
3247 3616 3317 3669 ab
3367 3610 3756 3685 antiquissimis

2159 3707 2216 3757 et
2245 3704 2488 3773 paganis
2517 3703 2762 3758 diversis
2793 3703 3113 3774 composita
3134 3708 3273 3758 sunt
3295 3704 3586 3775 ﬁgmentis
3607 3701 3759 3756 adhuc

2160 3808 2498 3863 permanere
2543 3792 2600 3846 in
2651 3792 3003 3863 quibusdam
3053 3792 3455 3864 cognovimus,
3508 3796 3569 3845 ut
3610 3789 3760 3851 Aries,

2159 3881 2412 3940 Taurus.
2460 3885 2516 3935 et
2565 3886 2786 3936 caetera.
2823 3882 3077 3944 Quorum
3125 3880 3382 3949 nomina,
3418 3879 3469 3935 si
3498 3880 3760 3949 diligenter

2157 3969 2552 4040 inquirantur,
2577 3970 2723 4025 falsa
2752 3986 2879 4025 esse
2910 3976 3254 4035 noscuntur,
3288 3970 3428 4042 quia
3459 3966 3756 4023 animalium

2159 4057 2380 4126 species
2412 4074 2715 4128 nunquam
2744 4059 2801 4112 in
2834 4059 3123 4114 sideribus
3154 4060 3446 4122 videntur,
3480 4058 3575 4112 sed
3612 4052 3757 4109 curio-

2157 4146 2301 4199 sitas
2315 4162 2670 4217 paganorum
2686 4147 3190 4202 hazcdcliramenta
3202 4148 3525 4202 secundum
3538 4144 3753 4199 volunta-

2156 4240 2272 4289 tem
2307 4234 2392 4289 vel
2428 4234 2659 4289 laudem
2687 4236 2995 4289 numinum
3018 4241 3072 4289 et
3093 4236 3285 4306 potius
3309 4236 3629 4289 dzemonum
3650 4244 3753 4283 suo-

2158 4340 2285 4376 rum
2329 4324 2551 4378 curavit
2584 4328 2954 4395 pertractare.
2981 4323 3139 4385 Quod
3164 4341 3231 4378 ex
3257 4324 3455 4395 paucis
3484 4332 3753 4393 possumus

2159 4412 2501 4481 approbare;
2523 4429 2730 4482 nempe
2753 4414 2906 4483 quod
2935 4428 3292 4484 paganorum
3317 4408 3635 4483 philosophi
3654 4410 3759 4459 Arc-

2156 4500 2341 4567 ton,id
2359 4505 2447 4554 est
2460 4500 3331 4572 Ursam,appellaverunt,atque
3344 4500 3523 4555 aJove
3542 4498 3673 4550 inter
3691 4506 3758 4546 as~

2158 4593 2246 4641 tra
2268 4590 2593 4660 depositam
2627 4591 3008 4659 scripserunt;
3038 4589 3145 4643 hoc
3168 4590 3349 4643 nostri
3375 4585 3570 4643 rustici
3597 4582 3755 4655 plaus-

2159 4680 2315 4731 trum
2344 4679 2883 4733 denominaverunt.
2918 4679 3076 4742 Quod
3101 4684 3293 4732 autem
3316 4677 3424 4748 ipsi
3452 4678 3618 4745 caput
3634 4664 3757 4723 tauri

2162 4771 2454 4831 asserunt,
2481 4768 2585 4822 hoc
2608 4768 2779 4822 etiam
2812 4766 2908 4821 isti
2944 4766 3223 4837 gallinam
3257 4766 3475 4820 dicunt.
3509 4763 3610 4817 Sed
3632 4752 3753 4829 quod

2163 4854 2418 4909 balteum
2443 4856 2669 4911 Orionis
2693 4856 3029 4925 notant,hoc
3052 4855 3236 4910 nostri
3268 4853 3468 4908 falcem
3491 4846 3753 4905 sectoriam

2163 4941 2558 4998 clamant.Nec
2581 4944 2706 4998 ideo
2722 4945 3023 4999 inferiores
3042 4943 3148 4998 hos
3162 4942 3440 5013 dijudicet
3461 4938 3754 5010 quisquam,

2165 5032 2329 5100 quasi
2356 5033 2519 5102 pejus
2542 5032 2995 5088 assimilaverint
3017 5034 3198 5087 nefas.
3213 5031 3463 5101 Denique
3482 5044 3578 5083 nec
3597 5025 3753 5097 ἀρκτος

2166 5116 2304 5187 [ϐοά.
2334 5119 2568 5188 Arcton]
2599 5119 2807 5173 melius
2832 5119 3034 5173 Ursam
3059 5135 3234 5189 quam
3258 5119 3574 5189 plaustrum
3595 5116 3753 5167 osten-

2165 5209 2280 5271 tat;
2316 5222 2417 5260 nec
2443 5206 2584 5261 illud
2603 5207 2758 5261 aliud
2779 5208 3013 5279 signum
3043 5208 3236 5279 potius
3253 5210 3423 5277 caput
3444 5202 3753 5269 tauri,qu&m
