3976 5348
200 418 315 478 837

1682 411 2103 476 SERMONES
2115 459 2128 472 .

3490 416 3610 482 838

201 550 479 623 gallinam
531 548 817 620 designat.
858 548 1019 611 Quod
1065 551 1259 603 autem
1313 546 1573 601 balteum
1621 546 1849 602 Orionis
1880 549 1934 615 Α
1962 549 2091 618 fecit
2123 550 2185 602 in
2213 549 2338 603 caelo
2373 556 2423 603 et
2452 550 2514 603 in
2543 556 2710 617 terra,
2740 550 2801 603 in
2824 552 2972 604 mari
3000 554 3055 605 et
3080 552 3142 604 in
3170 550 3418 606 omnibus
3444 551 3607 623 abys-

205 640 436 704 dicitur,
457 638 731 694 omnibus
756 642 911 709 patet
936 638 1073 708 quia
1096 636 1305 692 melius
1328 636 1494 707 quasi
1518 634 1649 689 falci
1672 640 1853 690 secto~

207 729 301 783 riae
325 746 501 799 quam
537 728 727 783 balteo
750 728 1133 782 assimilatur.
1157 728 1272 781 Nos
1304 726 1483 797 igitur
1505 725 1645 779 talia
1665 724 1855 779 dicere

208 818 493 889 cogimur,
527 818 665 889 quia
706 817 919 871 multos
954 832 1221 887 perverso
1266 816 1536 887 dogmate
1584 815 1855 869 seductos

208 908 327 961 haec
348 924 524 977 supra
546 909 783 961 modum
802 909 1110 961 observare
1130 904 1685 973 cognovimus.Nani
1708 908 1855 958 Deus

209 995 581 1067 omnipotens
615 997 741 1050 ideo
766 996 956 1050 sidera
976 995 1277 1049 constituit
1308 994 1364 1047 in
1392 993 1549 1047 caelis
1574 998 1636 1047 ut
1666 992 1853 1047 homi-

209 1083 385 1139 nibus
418 1084 773 1139 deservirent
803 1084 858 1137 in
892 1085 1082 1138 terris.
1117 1084 1244 1138 llaec
1277 1084 1513 1154 quidem
1546 1081 1854 1151 caliginem

208 1178 563 1243 temperant,
591 1173 1023 1227 distinctionem
1078 1173 1351 1227 horarum
1388 1172 1710 1235 insinuant,
1747 1171 1854 1225 ite-

207 1261 481 1315 rantibus
505 1262 591 1315 vel
625 1261 1036 1331 navigantibus
1068 1261 1270 1314 mundi
1302 1265 1493 1331 partes
1524 1260 1850 1331 designant.

204 1350 357 1403 Sunt
375 1349 549 1404 etiam
574 1351 839 1420 quaedam
863 1349 919 1404 in
940 1349 1156 1420 quibus
1173 1349 1451 1404 imbrium
1470 1348 1859 1419 tranquillita-

201 1442 408 1492 tumve
452 1444 714 1509 tempora
763 1438 1079 1509 aliquando
1131 1438 1461 1509 prospicere
1518 1451 1852 1509 possumus.

203 1531 373 1581 Hanc
403 1527 521 1581 illis
564 1526 749 1600 legem
794 1528 1029 1583 Creator
1058 1528 1319 1582 omnium
1355 1527 1411 1580 in
1444 1526 1725 1597 priucipio
1758 1541 1856 1596 po-

203 1615 352 1682 suit,
384 1632 489 1671 nec
520 1616 674 1671 ultra
703 1615 1009 1671 subvenire
1038 1616 1124 1670 vel
1156 1632 1363 1671 nocere
1394 1615 1621 1670 valent:
1651 1631 1857 1686 quam-

206 1706 301 1761 vis
336 1706 453 1760 sint
476 1705 895 1769 mathematici,
916 1705 1013 1775 qui
1040 1704 1161 1759 haec
1183 1705 1560 1759 nascentibus
1591 1720 1857 1775 praeesse,

213 1795 507 1867 conjugiis
556 1794 858 1849 dominare
907 1795 1008 1864 [ita
1054 1795 1219 1863 0011.].
1254 1794 1585 1849 architectis
1616 1795 1862 1848 doceant

214 1886 544 1941 observare.
578 1883 689 1937 Sed
741 1883 892 1953 quod
927 1884 997 1936 de
1050 1883 1351 1937 nativitate
1399 1888 1688 1949 asserunt,
1720 1882 1863 1937 satis

220 1974 275 2028 in
298 1972 758 2044 Epiphaniarum
775 1970 1043 2025 homeliis
1058 1972 1714 2043 destruitur(1505).Nos
1733 1986 1866 2025 vero

215 2062 356 2132 quid
387 2060 458 2115 de
505 2059 796 2131 conjugiis
842 2058 1164 2115 sentiamus
1213 2060 1444 2115 interim
1495 2061 1862 2114 adnotemus.

216 2151 567 2205 Innumeros
596 2165 804 2219 nempe
843 2148 1111 2203 homines
1151 2165 1342 2204 mares
1374 2167 1437 2203 ac
1472 2149 1719 2205 feminas
1751 2154 1864 2204 ste—

217 2238 356 2294 riles
389 2254 643 2309 persaepe
664 2237 938 2303 vidimus,
966 2242 1023 2291 et
1046 2236 1181 2293 licet
1204 2238 1381 2292 variis
1411 2242 1743 2309 temporum
1777 2239 1864 2291 in-

215 2327 650 2399 dagationibus,
676 2325 761 2381 vel
813 2324 1265 2383 studiosissimis
1313 2327 1616 2397 signorum
1654 2368 1665 2379 .
1704 2369 1715 2380 .
1756 2369 1767 2380 .
1800 2343 1867 2380 ex

216 2416 465 2471 diversis
487 2415 838 2486 conjugibus
870 2430 1224 2485 procreasse.
1252 2416 1330 2470 De
1358 2416 1619 2470 aediliciis
1648 2421 1865 2480 autem,

218 2522 289 2561 ex
320 2504 589 2575 praesenti
623 2502 830 2558 saltem
862 2503 1129 2574 Papiensi
1163 2504 1430 2559 incendio
1451 2505 1634 2575 (1506)
1667 2520 1870 2576 possu-

194 2611 359 2648 »mus
390 2592 662 2665 colligere
708 2592 1027 2647 veritatem.
1062 2594 1195 2657 Quae
1235 2594 1392 2648 enim
1441 2593 1642 2648 civitas
1673 2594 1731 2647 in
1766 2593 1871 2647 hoc

223 2700 404 2754 regno
440 2684 645 2749 fuerat,
680 2698 801 2751 quae
853 2680 1305 2752 pulchrioribus,
1351 2687 1415 2735 ut
1444 2683 1691 2747 vidistis,
1728 2681 1870 2735 ruti-

223 2772 372 2826 laret
400 2769 749 2824 structuris?
798 2786 900 2823 nec
933 2769 1053 2823 ulla
1083 2774 1310 2839 poterat
1360 2771 1431 2824 ab
1482 2770 1738 2840 antiquis
1770 2788 1870 2824 seu

226 2878 261 2915 a
290 2857 587 2914 modernis
627 2857 885 2911 siderum
914 2859 1273 2928 computatio
1324 2858 1582 2927 reperiri,
1618 2859 1727 2913 sub
1759 2876 1875 2929 qua

228 2949 446 3002 domus
480 2945 698 3000 fabrica
728 2944 785 2998 in
827 2960 895 2998 ea
934 2961 1050 2999 non
1082 2946 1351 3013 creverit;
1386 2963 1503 3000 una
1532 2949 1727 3001 tamen
1761 2947 1872 3017 die,

221 3037 414 3089 instar
443 3032 623 3087 divini
664 3032 895 3102 judicii,
930 3033 1002 3086 ab
1052 3033 1185 3105 igne
1231 3039 1580 3106 consumpta
1628 3041 1733 3090 est.
1768 3035 1873 3100 Qui

222 3139 367 3194 ergo
419 3120 622 3176 dicunt
665 3121 861 3192 aliqua
897 3122 1153 3177 siderum
1204 3123 1604 3178 observatione
1653 3124 1872 3195 prolem

222 3211 469 3283 suscipi,
504 3210 591 3265 vel
623 3209 979 3281 negligentia
1008 3210 1293 3279 fraudari;
1325 3212 1413 3266 vel
1444 3212 1543 3283 qui
1576 3212 1782 3267 domos
1813 3213 1872 3267 in

219 3305 357 3355 ortu
413 3299 801 3369 quorumdam
851 3299 1111 3354 siderum
1176 3305 1396 3355 erectas
1444 3301 1516 3356 ab
1567 3302 1701 3373 igne
1749 3318 1871 3357 cre-
1901 3284 1943 3350 C

220 3387 397 3456 mari,
429 3388 487 3442 in
519 3388 911 3459 quorumdam
943 3392 1138 3443 autem
1170 3405 1510 3460 permanere
1538 3390 1748 3445 illaesos
1782 3407 1874 3446 as-

218 3482 451 3547 truunt,
487 3487 588 3531 aut
643 3476 741 3546 qui
798 3477 869 3531 ab
927 3477 1189 3547 ipsorum
1246 3479 1615 3534 veneratione
1655 3478 1875 3550 aliquid

225 3566 532 3639 provenire
563 3566 942 3631 contendunt,
977 3566 1069 3621 his
1100 3566 1453 3622 testimoniis
1486 3567 1721 3623 fallaces
1752 3584 1877 3623 esse

227 3657 653 3709 monstrantur.
689 3652 800 3707 Sed
833 3652 1108 3708 inimicus
1152 3654 1395 3709 humani
1425 3655 1654 3726 generis
1684 3656 1875 3711 diver-

230 3760 331 3798 sas
363 3742 622 3798 sentiens
672 3741 1041 3797 infirmitates
1090 3742 1418 3813 hominum,
1453 3745 1695 3800 diversis
1745 3763 1877 3801 nos-

231 3836 354 3886 met
384 3830 589 3885 nititur
622 3829 851 3884 insidiis
898 3846 1227 3901 expugnare
1258 3848 1270 3886 :
1307 3832 1463 3887 sicut
1490 3834 1645 3887 enim
1679 3839 1878 3904 poten-

228 3921 392 3974 tibus
441 3918 727 3989 rapinam,
762 3918 990 3973 callidis
1036 3919 1299 3991 suggerit
1342 3920 1627 3986 fraudem,
1654 3922 1883 3977 delicio-

228 4009 313 4064 sis
366 4008 692 4073 libidinem,
731 4008 984 4062 robustis
1034 4008 1401 4079 superbiam;
1436 4010 1520 4065 sic
1579 4010 1775 4065 stultis
1826 4020 1882 4066 et

225 4097 465 4152 rusticis
503 4095 927 4151 incredulitatis
958 4096 1169 4151 vulnus
1206 4097 1475 4163 obdurat,
1510 4099 1876 4170 superstitio-

228 4204 377 4241 num
408 4201 631 4240 venena
650 4185 944 4250 diffundit,
968 4203 1113 4241 usus
1144 4187 1420 4254 defendit,
1447 4188 1724 4243 duritiam
1754 4205 1881 4243 mu-

231 4276 335 4331 nit.
369 4275 438 4329 Et
487 4274 621 4329 licet
650 4274 720 4329 de
758 4275 1158 4344 superioribus
1189 4293 1422 4347 quoquo
1456 4278 1627 4332 modo
1676 4294 1737 4332 se
1787 4295 1881 4333 ex-

226 4368 444 4421 cusent
471 4363 650 4430 vitiis,
686 4364 777 4418 bis
808 4368 1003 4418 tamen
1037 4370 1488 4435 prosternuntur
1508 4366 1743 4437 jaculis.
1779 4368 1886 4439 Igi-

226 4459 324 4509 tur
354 4452 741 4524 quzerendum
775 4455 863 4507 est
891 4469 924 4505 a
952 4452 1191 4518 talibus,
1217 4454 1265 4508 si
1306 4454 1669 4510 credulitatis
1702 4457 1884 4527 (1507)

229 4540 569 4615 symbolum
601 4540 687 4595 vel
721 4540 901 4595 semel
933 4547 1289 4612 percantent,
1324 4543 1650 4613 intendant,
1673 4544 1760 4599 vel
1792 4562 1884 4600 co-

232 4634 454 4705 gitent:
481 4631 634 4701 quod
662 4628 709 4684 si
734 4634 1038 4700 respuunt,
1064 4648 1098 4685 a
1118 4636 1317 4686 nostro
1340 4631 1582 4703 collegio
1607 4649 1792 4703 usque
1815 4633 1887 4688 ad

235 4719 708 4777 emendationem
737 4723 1197 4790 sequestrentur.
1221 4721 1281 4775 Si
1312 4738 1440 4776 vero
1474 4721 1583 4777 hoc
1615 4738 1675 4777 se
1702 4723 1892 4793 perhi-

234 4810 374 4865 bent
409 4810 796 4880 frequentare,
818 4808 1015 4863 dicant
1053 4826 1166 4879 quo
1208 4826 1303 4864 ore
1336 4811 1421 4865 vel
1454 4811 1626 4865 corde
1657 4813 1889 4867 credere

237 4898 426 4953 Deum
450 4898 909 4968 omnipotentem
936 4902 1227 4963 asserunt,
1256 4900 1424 4969 cujus
1446 4898 1724 4955 voluntati
1754 4900 1893 4955 talia

236 4986 525 5058 impedire
573 4987 913 5041 creduntur.
934 4987 1013 5041 De
1059 4986 1280 5042 talibus
1316 5005 1567 5059 namque
1608 4990 1891 5046 Dominus

239 5092 343 5147 per
364 5074 708 5145 prophetam
737 5075 847 5128 ait:
868 5077 1107 5146 Papulas
1130 5076 1218 5130 hic
1240 5076 1401 5131 labiis
1422 5094 1505 5133 me
1526 5078 1779 5147 honorat,
1805 5096 1895 5135 cor

298 5174 417 5192 ,δη-ρυ-
457 5180 633 5192 nnc-Anum
693 5164 841 5192 Inv-Ian
876 5173 946 5192 Λιιο
982 5183 1006 5192 η
1040 5182 1123 5192 ..ιν-Α
1154 5166 1259 5192 l'nu
1303 5184 1431 5192 -.ι-..--
1483 5169 1565 5192 λη)
1615 5170 1657 5192 Ιὶ

1667 5185 1857 5192 M.....-

1964 639 2037 691 sis
2070 638 2485 707 (Psal.cxxx1v,
2508 640 2583 708 6).
2616 639 2681 693 Et
2712 636 2926 692 Paulus
2957 638 3253 709 apostolus
3280 656 3292 693 :
3336 641 3613 696 Voluntati

1964 728 2114 780 enim
2165 728 2280 796 ejus
2328 729 2451 797 quis
2493 730 2698 782 resistit
2728 728 2901 797 (Rom.
2936 744 3012 790 ιχ,
3050 728 3175 799 ΝΠ
3206 728 3371 800 Ergo,
3404 729 3612 785 fratres

1966 814 2101 881 mei,
2135 814 2358 885 liquido
2409 820 2563 885 patet
2602 816 2740 885 quia
2770 816 2891 869 haec
2922 816 3059 870 talia
3111 816 3361 872 multum
3412 818 3613 872 obesse

1967 903 2089 957 suis
2122 910 2370 974 possunt
2409 903 2731 957 cultoribus
2766 922 2777 958 :
2814 910 2868 958 et
2896 904 3026 959 ideo
3074 906 3157 959 sic
3188 923 3220 959 a
3249 907 3456 960 vestris
3487 922 3613 960 era-

1966 993 2154 1047 dicate
2187 993 2577 1055 mentubus,ac
2595 992 2641 1046 si
2678 1010 2977 1064 nunquam
3004 995 3217 1049 fuerint
3239 995 3297 1049 in
3330 995 3610 1051 auribus:

1967 1083 2066 1136 sed
2103 1082 2425 1136 secundum
2477 1082 2712 1135 beatum
2762 1082 3007 1135 Paulum
3057 1084 3409 1153 apostolum,
3444 1083 3613 1155 quid-

1968 1170 2105 1241 quid
2134 1171 2427 1239 agendum
2460 1169 2653 1233 fuerit,
2686 1186 2919 1241 semper
2965 1170 3065 1225 ﬁat
3105 1172 3162 1225 in
3219 1172 3456 1227 nomine
3507 1178 3613 1227 Do-

1969 1258 2110 1313 mini
2162 1259 2297 1329 (Cot.
2344 1275 2426 1325 III,
2468 1258 2546 1328 6).
2599 1258 2761 1323 Quod
2817 1257 2865 1312 si
2915 1259 3047 1329 quis
3096 1260 3533 1332 contempserit,
3584 1278 3617 1315 a

1968 1346 2389 1402 catholicorum
2443 1350 2599 1402 sorte
2649 1351 2983 1417 separatum
3035 1348 3180 1419 qui.
3219 1391 3231 1402 .
3270 1389 3283 1401 .
3336 1349 3617 1405 mathesis

1966 1434 2217 1490 vinculis
2246 1435 2451 1490 irretiti
2489 1478 2501 1490 .
2540 1477 2552 1489 .
2589 1477 2600 1489 .
2635 1434 2884 1490 filiorum
2909 1441 3143 1491 tuorum
3167 1438 3470 1510 aggregari
3502 1453 3617 1493 me-

1968 1528 2226 1579 reantur.

2609 1613 2850 1668 SERMO
2886 1613 2975 1668 IV.

2507 1719 2578 1755 IN
2640 1718 3083 1757 EPIPHANIA.

2042 1790 2377 1862 Epiphaniae
2431 1790 2640 1844 festum
2689 1791 2847 1858 [cod.,
2900 1792 3130 1861 festam]
3188 1793 3618 1851 celebrantibus

1974 1882 2105 1953 quid
2142 1880 2218 1933 sit
2247 1879 2564 1950 Epiphania
2590 1881 2951 1935 innotescere
2974 1897 3271 1936 curamus.
3301 1882 3620 1954 Epiphania

1977 1986 2231 2040 namque
2259 1973 2470 2037 Graece,
2502 1969 2701 2023 Latine
2732 1970 3191 2040 superapparitio
3217 1972 3447 2026 dicitur.
3477 1972 3620 2027 Nato

1975 2060 2187 2114 etenim
2225 2058 2465 2112 Domino
2512 2063 2710 2112 nostro
2758 2059 2897 2113 Jesu
2929 2059 3181 2125 Christo,
3215 2060 3530 2116 diversorio
3561 2062 3620 2116 in

1976 2165 2089 2219 quo
2112 2146 2237 2218 ipse
2256 2162 2389 2201 cum
2408 2150 2594 2200 matre
2609 2148 2947 2201 morabatur
2964 2147 3130 2203 sidus
3150 2150 3620 2220 superapparuit,

1976 2236 2130 2307 quod
2165 2251 2368 2306 magos
2390 2235 2460 2289 de
2486 2234 2725 2289 remotis
2757 2236 3020 2305 partibus
3042 2236 3113 2291 ad
3146 2237 3459 2292 Dominum
3490 2237 3626 2293 ado-

1978 2325 2226 2379 randum
2263 2323 2543 2389 invitavit,
2572 2323 2865 2394 hujusque
2886 2324 2998 2378 diei
3032 2324 3147 2380 tale
3178 2342 3389 2381 nomen
3420 2326 3624 2383 exinde

1977 2414 2358 2468 consecravit.
2392 2411 2648 2483 Denique
2679 2412 2811 2466 licet
2846 2412 3124 2467 Dominus
3158 2413 3312 2468 hunc
3343 2414 3496 2470 diem
3525 2426 3622 2471 va-

1980 2503 2083 2557 riis
2116 2501 2412 2556 miraculis
2444 2500 2861 2571 perornaverit,
2885 2501 3040 2556 istud
3074 2506 3268 2557 tamen
3299 2503 3356 2557 in
3390 2504 3626 2560 nomine

1983 2591 2335 2663 praecipuum
2367 2589 2561 2644 locum
2593 2588 2865 2656 obtinuit,
2889 2590 3009 2644 sive
3031 2591 3170 2661 quia
3200 2591 3478 2663 primum,
3507 2593 3626 2649 sive

1982 2682 2120 2751 quia
2152 2679 2414 2733 omnium
2470 2678 2579 2731 fuit
2622 2678 2964 2731 maximum.
2996 2678 3140 2732 Nam
3172 2679 3279 2733 hoc
3311 2680 3477 2736 sidus
3508 2681 3624 2753 pri-

1984 2769 2178 2826 mitias
2210 2767 2467 2838 gentium
2501 2766 2729 2820 Christo
2766 2767 3006 2821 Domino
3037 2768 3322 2834 excitavit,
3348 2776 3522 2841 atque
3552 2771 3623 2825 ad

1982 2857 2331 2912 credendum
2384 2854 2685 2926 compulit,
2730 2855 2802 2908 ad
2846 2855 3209 2910 adorandum
3258 2858 3510 2912 edocuit.
3544 2858 3623 2913 De

1984 2962 2235 3017 quorum
2269 2944 2641 2998 multitudine
2672 2943 2897 2997 diversa
2929 2960 3083 2998 nunc
3103 2945 3230 3014 jam
3259 2961 3360 3015 per
3388 2962 3619 3002 omnem

1985 3052 2128 3107 pene
2178 3034 2463 3088 mundum
2508 3049 2625 3086 una
2652 3037 2893 3086 vocatur
2922 3031 3196 3087 Ecclesia.
3230 3033 3446 3089 Caetera
3490 3051 3622 3090 vero

1984 3123 2287 3192 miracula,
2311 3139 2435 3192 qua;
2460 3120 2740 3174 Dominus
2763 3119 3189 3177 revolventibus
3210 3123 3382 3178 annis
3405 3140 3506 3194 per
3534 3139 3625 3179 ea-

1984 3216 2115 3270 dem
2165 3209 2562 3267 anniversaria
2607 3224 2845 3280 cperare
2885 3208 2987 3281 [ita
3021 3210 3161 3280 cod.]
3193 3211 3471 3283 dignatus
3514 3216 3621 3280 est,

1984 3302 2180 3359 omnia
2205 3301 2273 3355 ad
2306 3300 2483 3363 istud,
2503 3299 2999 3369 quemadmodum
3023 3299 3093 3353 ad
3117 3298 3623 3371 principium,sive

1982 3397 2159 3464 caput
2188 3388 2527 3461 respiciunt,
2550 3388 2701 3442 sicut
2726 3387 3156 3458 Scripturarum
3180 3404 3407 3460 quoque
3428 3388 3624 3457 decla-

1985 3486 2073 3536 rat
2095 3478 2291 3535 series.
2308 3477 2521 3531 Eodem
2546 3476 2684 3531 anni
2715 3475 2965 3531 termino
2988 3476 3268 3532 Dominus
3291 3476 3346 3532 in
3371 3478 3625 3533 Jordane

1988 3568 2311 3640 baptizatus
2342 3569 2448 3635 est,
2482 3583 2515 3620 a
2545 3564 2763 3636 Spiritu
2806 3569 3006 3620 sancto
3032 3564 3092 3619 in
3123 3564 3403 3620 columba:
3436 3565 3628 3637 specie

1987 3656 2311 3712 declaratus
2341 3660 2447 3721 est,
2474 3654 2546 3709 ab
2578 3652 2745 3724 aquis
2777 3654 3102 3708 admiratus
3133 3657 3315 3719 est,et
3343 3672 3376 3708 a
3404 3654 3627 3710 Joanne

1987 3746 2168 3817 digito
2197 3746 2372 3800 etiam
2404 3748 2675 3799 ostensus
2700 3747 2789 3797 est
2812 3768 2826 3799 :
2851 3743 2977 3798 Ecce
3007 3746 3187 3813 Agnus
3230 3744 3348 3811 Dei,
3371 3759 3491 3799 ecce
3534 3744 3632 3819 qui

1989 3837 2131 3890 tollit
2184 3840 2410 3905 peccata
2462 3832 2655 3887 mundi
2684 3832 2869 3903 (Joan.
2918 3848 2957 3895 1,
3000 3832 3107 3904 29).
3143 3832 3360 3887 Deinde
3414 3848 3629 3903 aquam

1987 3924 2190 3977 vinum
2225 3922 2357 3977 fecit
2386 3922 2456 3975 ad
2492 3922 2727 3991 nuptias
2758 3921 2943 3990 (Joan.
2977 3936 3038 3986 ιι,
3071 3920 3154 3991 8);
3189 3919 3342 3975 sicut
3372 3926 3631 3991 postmo-

1990 4014 2129 4067 dum
2155 4013 2224 4065 de
2247 4011 2502 4082 quinque
2522 4009 2772 4081 panibus
2784 4014 2838 4062 et
2856 4008 3085 4062 duobus
3107 4008 3382 4078 pascibus
3400 4009 3637 4064 satiavit

1991 4102 2252 4173 quinque
2281 4097 2467 4153 millia
2494 4097 2799 4151 hominum
2830 4096 3036 4163 (Matth.
3061 4113 3172 4162 x1v,
3204 4097 3316 4163 21).
3342 4098 3475 4161 Quae
3507 4113 3638 4151 om-

1994 4193 2090 4247 nia
2121 4190 2259 4261 quid
2291 4187 2449 4243 aliud
2482 4186 2734 4251 fuerunt,
2757 4201 2933 4256 quam
2974 4183 3161 4251 stella,
3182 4202 3305 4255 qua:
3330 4186 3504 4239 corda
3533 4184 3636 4241 ho-

1993 4280 2221 4336 minum
2256 4279 2313 4331 in
2336 4275 2574 4331 remotis
2607 4275 2874 4346 partibus
2897 4273 3162 4329 vacantia
3182 4274 3253 4328 ad
3280 4273 3636 4345 agnitionem

1992 4369 2110 4424 veri
2166 4367 2257 4421 Dei
2308 4364 2541 4420 Domini
2589 4362 2773 4419 nostri
2822 4363 2959 4417 Jesu
2997 4361 3209 4416 Christi
3257 4361 3639 4433 perduceret?

1994 4458 2155 4513 Sicut
2186 4471 2318 4511 vero
2350 4452 2557 4525 praevio
2589 4452 2813 4507 lumine
2852 4468 2954 4523 per
2984 4451 3174 4506 noctis
3209 4452 3481 4507 tenebras
3512 4466 3640 4522 qua:

1996 4547 2173 4602 obscu
2184 4562 2246 4598 ra
2269 4549 2409 4598 sunt
2431 4547 2885 4614 perscrutamur,
2908 4541 2990 4595 sic
3012 4540 3279 4595 homines
3303 4539 3444 4595 visis
3466 4539 3642 4593 mira-

1997 4634 2144 4690 culis
2168 4634 2353 4688 Deum
2384 4631 2442 4685 in
2466 4631 2659 4702 efﬁgie
2691 4629 2950 4684 hominis
2982 4628 3257 4683 latentem
3290 4628 3518 4683 facilius
3547 4627 3643 4681 in-

1998 4723 2360 4795 telligebant.
2383 4721 2564 4792 Igitur
2581 4720 2629 4774 si
2654 4720 2723 4773 de
2742 4717 3033 4788 praedictis
3053 4715 3351 4771 miraculis
3368 4715 3647 4771 subtilius

2001 4813 2397 4875 intendamus,
2423 4810 2543 4864 haec
2574 4807 2770 4863 omnia
2799 4806 2857 4860 in
2888 4806 3037 4881 ipsis
3067 4805 3255 4875 magis
3282 4805 3652 4878 praeﬁgurata

2000 4900 2420 4972 intellegimus,
2444 4915 2571 4969 qua:
2613 4895 2903 4954 Dominus
2935 4894 3309 4969 postmodum
3332 4933 3345 4946 .
3382 4934 3394 4946 .
3430 4936 3443 4949 .
3476 4896 3656 4963 uptus

2005 5035 2018 5048 .
2043 5035 2054 5046 .
2080 5032 2090 5044 .
2112 4992 2253 5045 dum
2277 4988 2528 5044 caelestis
2552 4985 2725 5056 Regis
2746 4983 2978 5045 Filium
3000 4979 3109 5036 sibi
3130 4994 3229 5048 per
3247 4978 3664 5036 incarnationis

2004 5079 2347 5151 mysterium
2375 5078 2518 5133 inibi
2542 5072 2986 5138 intellexerant
3003 5067 3269 5125 sociasse.
3291 5070 3515 5122 Rursus
3537 5079 3673 5151 cum

2076 5149 2283 5192 '1-__:--:-
2323 5170 2575 5192 ~.-:_...--
2625 5164 2905 5192 Ιὲιηυπης...
2994 5152 3171 5192 [ᾹἏΗἏΧ
3198 5153 3565 5192 nnrtitnnihnu
3595 5149 3682 5192 in-

2153 5184 2283 5192 .⁴-.--ι-
2323 5184 2575 5192 ~.--_----
