3976 5348
457 282 574 343 839

1469 278 1805 338 ATTONIS
1852 276 2438 340 VERCELLENSIS
2484 277 2836 338 EPISCOPI

3698 280 3777 343 840

454 414 635 469 rando
668 413 739 469 ad
770 428 907 468 eum
957 410 1319 484 perveniunt,
1355 409 1595 479 ejusque
1639 410 1945 481 praesentia
1974 425 2101 480 per-
2132 424 2181 484 Α
2217 409 2388 463 traxit
2418 409 2487 463 ad
2521 408 2775 480 culpam,
2803 424 2958 464 nunc
2989 407 3205 463 afﬂicta
3235 407 3469 463 reducat
3495 409 3562 463 ad
3587 412 3775 469 veniam.

452 504 749 568 fruuntur,
776 500 943 572 quasi
965 501 1223 572 quinque
1252 514 1432 571 panes
1456 500 1777 570 frangendo
1808 503 2097 567 crescunt,

453 608 518 647 ac
549 591 672 647 suis
704 590 838 663 [cod.
872 589 996 645 suis
1028 589 1146 659 eos]
1174 586 1400 642 deliciis
1422 591 1782 642 saturantur.
1808 586 1962 641 Duos
1994 603 2097 640 au-

447 686 565 737 tem
598 678 911 753 pisciculos
955 676 1315 749 psalmorum
1366 680 1421 731 et
1471 675 1886 747 prophetarum
1918 674 2097 730 libros

448 774 739 825 testantur
770 771 1053 831 auctores.
1084 767 1180 837 qui
1213 766 1387 821 etiam
1422 765 1567 819 bene
1601 778 1702 835 per
1731 764 1875 819 istos
1905 779 2094 818 come-

449 860 691 923 duntur,
715 858 850 928 quia
872 857 1138 927 quaedam
1161 871 1362 909 eorum
1387 852 1684 909 sententiae
1715 852 1773 906 in
1797 853 1926 908 istis
1958 870 2093 907 con-

446 952 837 1004 summantur.
867 946 1013 1000 Nam
1065 942 1377 998 Psalmista
1406 942 1531 997 ait:
1570 943 1737 1014 Reges
1784 943 1995 996 Tharsz's
2041 948 2096 996 et

444 1039 647 1095 insula?
675 1051 908 1091 munera
935 1034 1178 1105 oﬁerent,
1210 1048 1365 1100 reges
1393 1031 1635 1086 Arabum
1679 1035 1731 1084 et
1775 1030 1919 1085 Saba
1951 1031 2093 1085 dona

443 1128 709 1183 adducent
741 1124 910 1197 (Psal.
942 1139 1087 1187 LXXI,
1116 1122 1224 1191 10).
1265 1120 1445 1175 Isaias
1477 1136 1707 1190 quoque
1738 1118 1883 1173 dixit
1917 1136 1927 1173 :
1965 1121 2089 1175 0m-

439 1234 535 1273 ηδε
564 1216 629 1271 de
653 1215 794 1270 Saba
822 1214 1057 1279 venient,
1086 1226 1287 1265 aurum
1315 1213 1365 1264 et
1396 1209 1517 1263 thus
1539 1208 1862 1280 deferentes,
1887 1217 1937 1264 et
1968 1210 2089 1263 lau-

438 1307 567 1362 dem
592 1305 822 1361 Domino
851 1301 1245 1357 annuntiantes
1276 1298 1403 1369 (Isa.
1437 1316 1523 1367 Lx,
1554 1298 1631 1367 6).
1674 1298 1954 1352 Sanctum
1986 1298 2087 1351 de-

444 1395 621 1466 nique
658 1392 1016 1464 baptismum
1047 1388 1105 1443 in
1141 1388 1225 1443 eis
1274 1404 1376 1459 per
1425 1386 1534 1441 hoc
1580 1386 1949 1458 designatum
1980 1391 2086 1454 est,

442 1485 595 1557 quod
638 1485 850 1538 sancta:
899 1477 1202 1534 Trinitatis
1233 1475 1660 1532 confessionem
1713 1477 1771 1529 in
1824 1476 1950 1547 ipso
1982 1493 2087 1531 suo

439 1585 799 1641 suorumque
823 1583 1132 1623 munerum
1158 1581 1400 1620 numero
1422 1565 1719 1635 suscipere
1744 1565 2087 1635 priusquam

436 1660 749 1716 Dominum
790 1658 1099 1712 adorarent
1139 1660 1479 1709 meruerunt
1513 1671 1526 1708 :
1562 1653 1680 1708 sive
1711 1653 1851 1724 quia
1881 1654 2084 1721 Deum,

435 1767 654 1823 regem,
685 1744 982 1802 hominem
1014 1742 1339 1813 mortalem,
1362 1742 1581 1797 eisdem
1616 1743 1960 1797 muneribus
1992 1744 2087 1798 de-

434 1840 819 1907 claraverunt,
845 1834 998 1906 quod
1030 1832 1172 1887 nulli
1218 1831 1387 1887 aliter
1416 1832 1716 1887 confitenti
1765 1832 1953 1903 gratia
1999 1839 2086 1886 est

430 1926 745 1985 tribuenda
782 1921 1107 1996 baptismi:
1146 1938 1247 1977 seu
1292 1920 1442 1991 quod
1496 1925 1629 1991 post
1685 1920 2081 1975 adorationem

430 2014 711 2073 admoniti
772 2016 911 2069 sunt
961 2027 1033 2066 ne
1083 2010 1340 2066 redirent
1376 2010 1445 2065 ad
1480 2009 1785 2079 Herodem,
1820 2009 1919 2063 sed
1982 2025 2083 2079 per

429 2104 606 2163 aliam
636 2103 790 2158 viam
817 2102 1245 2157 reverterentur
1270 2098 1329 2151 in
1355 2096 1651 2169 regionem
1678 2113 1843 2151 suam
1869 2097 2077 2167 (Matth.

428 2211 490 2265 ιι,
522 2193 629 2263 12).
651 2191 797 2247 Nam
841 2189 963 2245 haec
996 2186 1253 2243 adoratio
1298 2185 1657 2256 baptismum
1692 2184 1861 2239 nobis
1910 2185 2077 2240 inno-

427 2281 542 2337 tuit
572 2282 674 2353 [ita
701 2278 841 2348 cod.]
865 2275 1318 2348 quodammodo.
1353 2274 1529 2344 Regio
1555 2274 1709 2328 enim
1744 2277 1945 2328 nostra
1974 2290 2073 2344 pa-

429 2370 661 2425 radisus
717 2371 826 2434 est,
877 2383 910 2421 a
967 2382 1085 2436 qua
1142 2380 1245 2435 per
1302 2362 1532 2433 culpam
1592 2362 1764 2433 primi
1819 2361 2075 2416 hominis

426 2458 611 2528 ejecti,
646 2458 746 2511 diu
776 2455 833 2509 in
882 2453 1116 2525 regione
1148 2450 1409 2515 Herodis,
1440 2450 1498 2505 id
1548 2456 1637 2513 est
1686 2451 1739 2504 in
1790 2456 2074 2521 potestate

425 2544 661 2615 diaboli,
708 2543 954 2599 errando
1001 2540 1332 2612 deguimus.
1366 2540 1475 2594 Sed
1527 2544 1835 2610 postquam
1886 2540 2069 2594 Deum

424 2634 705 2690 catholica
736 2632 1102 2698 confitemur,
1137 2645 1386 2699 eumque
1419 2628 1488 2682 ad
1522 2629 1880 2683 adorandum
1917 2629 2071 2683 fonte

419 2722 795 2796 baptismatis
836 2724 1011 2791 caput
1061 2716 1491 2789 immergimus,
1527 2732 1597 2771 ne
1648 2717 1953 2772 redeamus
1997 2717 2069 2771 ad

418 2811 704 2867 Herodem
735 2808 962 2865 cunctis
986 2812 1199 2863 sanctae
1224 2806 1532 2877 Scripturae
1564 2806 1936 2876 dogmatibus
1968 2807 2068 2859 ad-

422 2916 749 2955 monemur.
811 2898 1065 2953 Herodes
1118 2911 1372 2966 namque
1420 2895 1701 2949 diabolum
1757 2893 2065 2964 significat,

420 2989 574 3045 sicut
602 2990 731 3060 ejus
761 2984 1165 3057 interpretatio
1197 2984 1454 3039 nominis
1485 2983 1783 3037 clarificat.
1820 2982 1979 3037 Unde
2012 2989 2069 3037 et

418 3093 522 3150 per
550 3077 722 3133 aliam
753 3075 904 3131 viam
955 3078 1215 3129 nostram
1249 3074 1525 3144 repedare
1573 3071 1820 3142 patriam
1854 3071 2065 3125 divinis

2209 497 2369 560 Quod
2419 514 2553 552 cum
2601 514 2815 569 magna
2857 496 3161 567 diligentia
3206 494 3587 552 inchoandum
3630 505 3776 568 est,ut

2208 586 2335 656 ejus
2367 587 2437 640 ad
2470 586 2645 641 finem
2674 586 2955 641 inoffense
2994 585 3291 657 pervenire
3323 601 3648 641 mereamur.
3677 589 3775 645 Nam

2209 691 2300 729 res
2332 692 2458 746 qua:
2490 676 2633 731 bene
2677 675 2949 730 inchoata
2993 692 3105 730 non
3156 674 3347 739 fuerit,
3382 676 3674 746 perfectum
3699 682 3775 732 exi-

2206 767 2331 818 tum
2363 764 2454 818 vix
2486 764 2739 819 habebit.
2776 767 3154 835 Quapropter,
3178 762 3525 829 charissimi,
3548 768 3778 822 mundana

2206 858 2621 923 postponentes
2653 854 2822 923 seria,
2855 853 3126 908 ecclesias
3168 854 3541 922 frequentare,
3575 864 3776 925 peccato-

2204 958 2335 995 rum
2387 947 2708 996 vestrorum
2760 942 3146 1013 lacrymosam
3180 942 3295 995 Deo
3340 948 3400 996 et
3448 942 3777 999 sacerdotibus

2202 1032 2628 1085 confessionem
2683 1033 2891 1095 facere,
2923 1036 2979 1085 et
3024 1047 3125 1100 per
3153 1036 3339 1085 totum
3392 1032 3642 1085 eumdem
3668 1034 3777 1088 diem

2202 1120 2259 1173 in
2294 1121 2393 1174 Dei
2424 1121 2660 1175 servitio
2691 1120 2953 1175 laborare
2977 1120 3243 1191 satagite,
3275 1124 3339 1173 ut
3369 1120 3588 1190 plenius
3614 1121 3778 1177 discere

2200 1208 2460 1279 possitis,
2486 1210 2985 1280 quemadmodum
3020 1214 3273 1278 emptum
3306 1225 3476 1279 opus,
3508 1209 3612 1263 Deo
3638 1212 3777 1279 opitu-

2197 1296 2374 1364 lante,
2407 1298 2721 1353 salubriter
2749 1298 3049 1369 expleatis.
3081 1298 3193 1352 Sed
3224 1297 3364 1368 quia
3413 1313 3525 1351 non
3568 1298 3777 1353 omnibus

2199 1403 2353 1441 unus
2397 1392 2485 1441 est
2534 1386 2886 1457 propositus,
2928 1387 3045 1440 vita
3091 1385 3438 1441 clericorum
3485 1404 3516 1440 a
3560 1385 3776 1441 laicoruni

2198 1473 2369 1528 debet
2398 1490 2526 1529 esse
2556 1475 2991 1529 conversatione
3022 1478 3261 1529 remota.
3295 1475 3367 1528 Et
3396 1474 3491 1543 qui
3521 1476 3774 1529 secundum

2197 1562 2429 1623 beatum
2464 1580 2673 1634 papam
2720 1563 3141 1634 Telesphorum
3175 1562 3495 1634 anticipare
3524 1563 3703 1617 debent
3716 1565 3777 1633 je-

2190 1652 2358 1721 junio
2389 1653 2593 1722 (1509),
2628 1669 2735 1707 sua
2763 1669 2994 1723 quoque
3026 1652 3281 1723 primum
3313 1651 3528 1707 delicta
3556 1652 3777 1722 paeniten-

2200 1741 2273 1796 do
2315 1741 2647 1813 abstergere
2696 1759 2809 1797 non
2860 1740 3150 1804 omittant,
3186 1746 3251 1796 ut
3295 1740 3576 1813 p0pu1um
3616 1747 3776 1797 statuto

2198 1830 2291 1885 die
2321 1830 2557 1901 dignius
2585 1831 2891 1903 purificare
2912 1836 3129 1902 queant
3156 1848 3169 1885 :
3198 1830 3443 1902 pollutis
3476 1847 3662 1901 nempe
3685 1832 3778 1901 quis

2192 1921 2504 1991 tangendo,
2539 1919 2917 1991 coinquinare
2965 1919 3159 1992 potius
3202 1936 3385 1990 quam
3418 1920 3697 1974 emendare
3719 1937 3778 1975 so-

2191 2005 2290 2063 let.
2328 2009 2394 2063 Et
2432 2008 2560 2065 ideo
2610 2013 2743 2063 ante
2792 2007 2988 2063 omnia
3020 2024 3210 2063 nanus
3270 2013 3507 2063 nostras
3555 2007 3777 2075 lavemus,

2190 2095 2407 2152 scilicet
2438 2098 2590 2152 facta
2641 2098 2888 2169 reproba
2936 2097 3133 2152 studio
3185 2098 3353 2153 bonas
3386 2098 3777 2153 conversationis

2188 2186 2569 2242 enendemus
2603 2202 2617 2243 :
2649 2193 2707 2243 et
2755 2187 2839 2242 sic
2888 2204 2990 2258 per
3031 2186 3289 2241 divinam
3345 2186 3773 2242 ministrationem

2186 2273 2435 2329 aliorum
2480 2275 2663 2347 culpa
2703 2275 2964 2331 maculas
3018 2275 3238 2330 diluere
3285 2274 3631 2341 laboremus,
3659 2277 3774 2330 auxi-

2183 2359 2361 2416 liante
2420 2364 2665 2417 Domino
2722 2369 2920 2418 nostro
2976 2363 3115 2418 Jesu
3164 2362 3431 2429 Christo,
3479 2364 3635 2433 cuius
3678 2380 3772 2417 san-

2183 2449 2358 2519 guine
2408 2467 2616 2505 sumus
2658 2452 2940 2523 redempti
2989 2457 3045 2508 et
3093 2452 3459 2523 providentia
3502 2450 3774 2523 gubernati.

2180 2540 2385 2593 Amen.

2817 2630 3060 2685 SERMO
3091 2628 3185 2683 Vl.

2628 2734 2762 2773 ITEM
2803 2735 2860 2773 IN
2899 2734 3094 2773 CAPIT!)
3132 2734 3372 2772 JEJUNII.

2346 2842 2601 2896 congrue
2631 2831 2721 2880 est
2751 2842 2917 2896 per...
2953 2825 3228 2896 quaerit...
3268 2841 3412 2879 cu...
3450 2823 3769 2895 quadragesi-

2179 2929 2339 2967 mum
2362 2913 2447 2968 vel
2476 2913 3036 2985 potius...cesimum
3061 2930 3161 2968 seu
3186 2912 3442 2983 alicujus
3464 2912 3679 2968 alterius
3701 2928 3773 2967 nu-

2177 3003 2318 3055 meri
2345 3002 2598 3075 magis...
2618 3002 3094 3073 jejunium,quod
3124 3002 3288 3057 facile
3312 3006 3495 3073 patet,
3519 3002 3565 3057 si
3587 3002 3772 3073 przefata

2174 3094 2435 3162 tempora
2452 3092 2536 3146 vel
2556 3092 2601 3146 si
2626 3091 3062 3147 consideremus
3086 3094 3687 3157 auctores.0uatuor...
3704 3090 3771 3144 ad-

419 3166 917 3223 admonitionibus
966 3163 1302 3229 suademur,
1338 3164 1401 3214 ut
1429 3160 1528 3231 qui
1572 3159 1739 3214 devia
1787 3160 2060 3215 vitiorum
2093 3152 2135 3217 C
2174 3152 2543 3235 huc'numeri
2569 3197 2861 3235 summam
2894 3180 3212 3251 attingunt.
3240 3152 3549 3252 Bene'ergo
3572 3180 3771 3251 Μογεοε,

419 3256 691 3312 sectando
722 3253 1062 3323 cecidimus,
1096 3267 1196 3323 per
1225 3250 1505 3304 virtutum
1539 3248 1835 3304 tramitem
1869 3265 2064 3303 ascen-

417 3344 553 3400 dere
584 3359 837 3399 summo.
871 3384 883 3396 .
922 3384 935 3397 .
972 3385 984 3397 .

1053 3428 1296 3485 SERMO
1350 3432 1417 3482 V.

957 3537 1014 3574 IN
1054 3535 1251 3574 CAPITE
1285 3532 1522 3572 JEJUNII.

482 3628 736 3698 Quoties,
770 3627 981 3683 fratres
1030 3623 1383 3691 charissimi,
1420 3664 1431 3675 .
1470 3663 1482 3675 .
1521 3664 1532 3676 .
1574 3627 1890 3693 apparatus
1941 3622 2057 3675 fre-

411 3716 647 3789 quentia
676 3715 850 3771 etiam
878 3756 888 3768 .
919 3756 930 3768 .
960 3755 972 3767 .
1005 3712 1242 3769 entibus
1268 3754 1280 3765 .
1309 3752 1319 3765 .
1348 3752 1360 3765 .
1395 3710 1693 3783 cognoscit
1719 3753 1731 3764 .
1760 3751 1772 3763 .
1802 3751 1812 3763 .
1845 3709 1932 3764 exi
1959 3751 1970 3765 .
2000 3751 2011 3762 .
2040 3751 2051 3763 .

408 3805 506 3877 qui
558 3804 1001 3877 pretiosioribus
1047 3801 1431 3868 vestimentis,
1454 3799 1541 3853 vel
1592 3798 2055 3854 deliciosioribus

407 3894 553 3950 cibis
582 3902 638 3949 et
668 3892 1002 3966 potionibus
1033 3888 1367 3962 opulentius
1399 3888 1694 3943 abundare
1730 3928 1741 3939 .
1781 3930 1791 3941 .
1832 3931 1842 3942 .
1877 3904 2054 3959 appe-

404 3983 548 4038 titus
580 3982 843 4046 miseros,
883 3985 1253 4050 contemptus
1291 3994 1423 4032 vero
1472 3976 1667 4032 felices
1700 3977 1892 4048 potius
1925 3978 2053 4032 red-

405 4073 522 4127 dat.
556 4070 736 4127 Multo
770 4071 956 4142 magis
988 4085 1122 4140 ergo
1155 4084 1328 4136 nunc,
1353 4066 1719 4121 dilectissimi
1747 4109 1758 4121 .
1790 4108 1801 4120 .
1832 4072 1925 4121 .et
1955 4067 2055 4120 ob-

405 4161 708 4217 servantia;
731 4159 999 4214 imminet
1020 4163 1270 4227 tempus,
1293 4170 1549 4226 congrua
1566 4171 1672 4210 nos
1689 4160 1913 4225 oportet
1931 4172 2051 4209 om-

406 4250 661 4305 nimodis
705 4248 1003 4304 devotione
1036 4244 1364 4317 praeparari.
1398 4244 1503 4297 Sed
1548 4244 1684 4313 quia
1724 4243 2049 4298 secundum

404 4338 637 4392 beatum
664 4335 1007 4407 Apostolum
1034 4351 1046 4388 :
1072 4332 1452 4401 Atiusjudicat
1475 4333 1624 4385 inter
1642 4332 1786 4386 diem
1806 4338 1857 4387 et
1881 4332 2045 4397 dwm,

402 4426 556 4480 alius
580 4441 702 4480 vero
734 4440 947 4479 omnem
974 4422 1117 4476 diem
1140 4422 1311 4491 (Rom.
1347 4437 1460 4489 x1v,
1491 4421 1577 4490 5);
1612 4421 1707 4491 qui
1761 4420 2048 4476 absolutis

2172 3266 2357 3340 legem
2391 3269 2655 3341 Decalogi
2704 3270 3018 3341 accipiens,
3042 3273 3250 3339 quater
3279 3269 3475 3324 decies
3510 3268 3767 3340 jejunavit,

2172 3362 2235 3410 ut
2265 3374 2364 3427 per
2393 3357 2500 3412 hoc
2522 3360 2872 3423 ostenderet,
2898 3358 2956 3412 in
2982 3357 3260 3429 Decalogo
3289 3357 3516 3413 nullam
3539 3372 3653 3412 esse
3676 3371 3769 3427 per-

2170 3446 2497 3510 fectionem,
2522 3447 2634 3501 nisi
2663 3446 2847 3502 sancti
2870 3446 3163 3518 Evangelii
3190 3446 3380 3517 gratia
3403 3447 3764 3509 illustraretur,

2169 3535 2321 3605 quod
2346 3535 2702 3606 quadrifario
2724 3535 2872 3607 stylo
2893 3536 3262 3591 describitur.
3290 3534 3430 3591 Elim
3454 3550 3664 3607 quoque
3686 3533 3763 3587 hoc

2158 3623 2448 3693 jejunium
2481 3641 2824 3679 concessum
2855 3630 2940 3679 est
2988 3624 3302 3696 prophetae,
3331 3626 3473 3695 quia
3501 3632 3554 3679 et
3581 3623 3758 3678 Veteris

2166 3712 2387 3766 exstitit
2400 3713 2756 3768 Testamenti
2779 3713 3120 3783 praadicator
3136 3718 3191 3767 et
3210 3712 3461 3778 testis,et
3476 3713 3606 3768 Novi
3622 3711 3758 3766 etiam

2166 3800 2356 3855 adhuc
2387 3806 2715 3856 reservatus
2747 3806 3031 3856 occurret.
3068 3801 3351 3855 Dominus
3392 3806 3583 3856 autem
3614 3804 3763 3853 noster

2162 3893 2334 3944 Jesus
2364 3890 2628 3944 Christus
2677 3890 2784 3945 hoc
2814 3890 2989 3945 etiam
3015 3890 3307 3960 jejunium
3344 3889 3474 3945 ideo
3522 3889 3761 3944 celebrare

2163 3979 2439 4049 dignatus
2469 3982 2574 4045 est,
2598 3979 2783 4050 quia«
2817 3980 2969 4033 sicut
2997 3979 3123 4050 ipse
3154 3979 3254 4047 ait,
3287 3997 3401 4035 non
3436 3980 3557 4035 veni
3589 3978 3761 4033 solvere

2160 4066 2346 4138 legem
2371 4067 2469 4121 sed
2494 4067 2812 4138 adimplere
2832 4067 3223 4138 (Matth.v,7);»
3246 4085 3347 4123 seu
3373 4075 3439 4123 ut
3462 4086 3521 4124 se
3540 4065 3760 4123 ostende-

2160 4161 2247 4210 ret
2277 4156 2545 4209 eumdem
2586 4154 2808 4211 Veteris
2837 4162 2893 4211 et
2925 4158 3063 4211 Novi
3095 4158 3456 4212 Testamenti
3490 4161 3757 4217 auctorem,

2159 4244 2298 4315 quia
2328 4247 2530 4297 sancta
2560 4248 2810 4315 quatuor
2839 4244 3148 4317 Evangelia
3182 4245 3526 4318 Decalogum
3558 4262 3656 4299 non
3683 4243 3758 4296 de-

2158 4338 2412 4398 struunt,
2436 4333 2534 4387 sed
2570 4333 2756 4405 magis
2802 4334 3065 4389 stabilire
3106 4335 3493 4401 contendunt;
3527 4334 3633 4389 sive
3656 4329 3760 4402 quia

2158 4423 2427 4476 eumdem
2462 4422 2813 4494 Decalogum
2848 4424 3009 4495 prius
3042 4425 3194 4495 apud
3241 4424 3473 4478 Judaeos
3506 4424 3757 4493 signatum

403 4513 609 4567 diebus
656 4511 882 4567 avidius
925 4513 1201 4566 fruuntur
1251 4506 1494 4572 deliciis,
1528 4508 1617 4563 bis
1666 4509 2046 4581 quadragesi-
2076 4519 2124 4585 Β
2157 4515 2212 4565 et
2242 4510 2535 4566 inclusum
2565 4511 2721 4567 idem
2752 4512 3035 4567 Dominus
3066 4513 3305 4577 solvere,
3338 4518 3392 4567 et
3424 4528 3523 4583 per
3552 4514 3758 4581 quatuor

405 4600 657 4657 malibus
717 4600 908 4656 acrius
963 4599 1228 4655 convenit
1285 4598 1593 4652 abstinere.
1627 4597 1770 4652 Nam
1827 4599 2043 4666 anima,

402 4706 529 4761 quas
562 4707 662 4762 pro
694 4690 957 4745 ciborum
990 4689 1235 4743 moritur
1265 4687 1583 4754 afﬂuentia,
1619 4686 1911 4742 interdum
1946 4706 2045 4760 per

396 4778 604 4849 jejunii
656 4779 910 4850 resurgit
952 4777 1402 4832 observantiam.
1435 4776 1611 4832 Cibus
1643 4777 1892 4847 denique
1942 4795 2042 4831 su-

403 4868 651 4922 mendus
681 4872 769 4922 est
807 4866 931 4922 sola
975 4865 1339 4929 necessitate,
1365 4864 1656 4934 jejunium
1690 4865 2043 4935 amplecten-

400 4955 536 5009 dum
583 4961 671 5010 est
718 4972 953 5011 summa
999 4954 1269 5009 utilitate.
1306 4954 1517 5007 Scitote
1564 4970 1699 5024 ergo
1748 4971 1923 5018 nunc,
1957 4956 2041 5009 di-

400 5042 729 5111 lectissimi,
758 5044 896 5114 quia
928 5042 1228 5114 praesentis
1259 5040 1633 5095 hebdomade:
1665 5048 1873 5112 quarta
1905 5044 2044 5098 feria

402 5130 551 5183 sacri
577 5131 786 5199 jejunii
817 5135 1013 5202 caput,
1042 5135 1335 5184 annuente
1368 5130 1576 5183 Christi
1621 5130 2039 5200 misericordia,

402 5216 603 5271 devote
650 5216 992 5273 celebraturi
1026 5235 1254 5288 sumus,
1288 5221 1353 5271 ut
1398 5234 1530 5273 caro
1580 5236 1708 5289 qua:
1759 5219 1889 5275 laeta
1938 5239 2042 5278 nos

2159 4599 2363 4654 mundi
2409 4605 2600 4671 partes
2630 4606 2864 4656 venerat
2913 4602 3245 4673 praedicare.
3279 4600 3518 4656 Talibus
3547 4597 3755 4665 denique

2154 4694 2424 4759 parentes
2473 4691 2753 4761 exemplis
2803 4696 2977 4761 atque
3008 4691 3311 4758 doctrinis,
3338 4692 3538 4745 devota
3580 4690 3751 4743 mente.

2153 4794 2299 4848 puro
2332 4780 2521 4845 corde,
2555 4783 2612 4833 et
2661 4779 2753 4850 pio
2796 4780 3024 4849 affectu,
3060 4778 3462 4851 hujuscemodi
3501 4776 3751 4848 jejunium

2153 4882 2357 4922 omnes
2406 4868 2763 4923 Christianos
2819 4869 3079 4923 venerari
3138 4873 3387 4940 oportet,
3432 4866 3579 4938 quod
3624 4859 3753 4918 nullo

2152 4959 2412 5027 tempore
2462 4957 2877 5028 congruentius
2928 4958 3325 5024 constituitur,
3350 4972 3521 5028 quam
3566 4952 3755 5007 conﬁne

2153 5050 2326 5114 atque
2358 5044 2694 5116 contiguum
2729 5046 3042 5100 Dominicae
3066 5043 3493 5101 resurrectioni.
3521 5043 3613 5096 Per
3640 5041 3754 5092 istos

2152 5134 2367 5188 etenim
2401 5134 2790 5205 quadraginta
2820 5135 2944 5190 dies
2973 5140 3160 5191 totum
3189 5135 3381 5189 activa:
3407 5132 3530 5185 vitae
3559 5134 3754 5196 tempus

2153 5222 2536 5293 significatur,
2563 5226 2655 5278 cui
2686 5240 2833 5295 opus
2876 5231 2967 5281 est
3010 5224 3384 5287 continentia,
3419 5225 3482 5275 ut
3510 5219 3576 5272 ab
3616 5214 3753 5270 istius
