3976 5348
162 241 275 299 841

1647 234 2085 297 SERMONES.

3452 250 3571 311 842

164 371 368 426 mundi
393 372 729 443 jejunemus
760 370 1065 435 illecebris,
1101 373 1225 426 sola
1257 387 1382 441 qum
1408 370 1505 424 Dei
1534 373 1672 424 sunt
1694 384 1809 423 me-
1840 372 1892 436 Α
1926 369 2009 422 vel
2062 370 2264 425 otiosis
2314 374 2503 427 verbis
2556 376 2783 443 remoti,
2816 377 2954 447 quia
3003 394 3131 449 qua:
3182 378 3312 436 aliis
3363 383 3571 439 diebus

160 461 412 515 ditantes
445 477 509 515 ac
544 460 741 516 divina
785 461 999 532 pabula
1052 459 1439 523 ruminantcs,
1474 462 1538 512 ut
1571 459 1639 512 ad
1676 474 1811 512 con-

157 548 557 620 templativam
575 551 776 618 vitam,
802 566 928 620 quae
962 566 1064 619 per
1098 547 1373 621 paschale
1404 548 1686 617 gaudium
1724 547 1810 599 in-

157 638 463 709 telligitur,
499 638 793 709 pervenire
819 654 1148 693 mereamur
1178 642 1436 692 ovantes.
1462 636 1605 690 Nam
1629 637 1807 690 dena-

158 727 282 780 rius
316 727 726 797 perfectionem
754 726 1155 795 beatitudinis,
1180 725 1590 796 quaternarius
1612 729 1807 779 autem

155 814 580 886 plenitudinem
615 816 889 871 ostendit.
917 818 1099 871 Totus
1126 816 1282 869 enim
1309 815 1563 869 mundus
1596 830 1629 867 a
1666 831 1807 884 qua-

154 910 292 959 tuor
319 907 506 961 ventis
538 906 837 970 delinitur,
856 910 911 959 et
928 909 1179 976 quatuor
1209 904 1510 959 elementis
1533 902 1803 975 erigitur;

152 999 412 1065 quatuor
458 994 632 1049 etiam
682 995 1045 1066 temporibus
1098 994 1233 1048 anni
1286 993 1439 1047 vices
1484 992 1803 1045 variantur.

149 1084 364 1139 Decem
395 1099 529 1155 ergo
562 1089 769 1155 quater
796 1084 992 1148 ducta,
1021 1081 1409 1153 quadraginta
1431 1096 1806 1150 consequun-

146 1178 271 1227 tur.
298 1175 419 1237 Quo
453 1187 696 1226 numero
727 1171 1056 1226 ostenditur
1082 1172 1153 1225 ab
1185 1170 1343 1224 omni
1366 1169 1675 1241 temporali
1705 1170 1803 1223 de-

144 1262 404 1317 ctatione
421 1261 515 1316 hic
531 1261 946 1316 abstinendum
968 1260 1321 1329 acjejunand
1336 1276 1433 1313 um
1450 1260 1671 1329 absque
1689 1257 1805 1311 ulla

147 1351 541 1405 controversia
588 1367 735 1416 esse,
799 1355 861 1403 ut
915 1349 1179 1403 C(nlestes
1228 1348 1467 1402 delicias
1519 1347 1801 1417 consequi

148 1439 449 1495 valeamus
475 1458 489 1506 ;
514 1441 667 1510 quod
688 1439 857 1511 plane
878 1439 1163 1493 Dominus
1183 1438 1240 1491 in
1262 1438 1600 1492 Judeeorum
1625 1436 1803 1506 signi-

147 1528 339 1583 ticavit
356 1528 793 1598 eductione,qui
814 1528 871 1581 in
890 1526 1234 1597 hujusmddi
1253 1542 1438 1580 annos
1454 1524 1681 1579 numeri
1703 1540 1803 1596 per

145 1618 447 1672 desertum
476 1618 669 1671 educti
702 1621 858 1685 sunt,
884 1615 1065 1669 solius
1092 1632 1237 1686 pene
1270 1612 1545 1669 alimonio
1571 1630 1797 1668 manna:

146 1706 480 1773 sustentati,
513 1711 577 1761 ut
606 1706 676 1761 ad
727 1704 1200 1777 repromissionis
1235 1703 1482 1774 patriam
1535 1702 1796 1773 perveni-

146 1799 294 1851 rent.
331 1795 442 1850 Sed
494 1795 592 1866 qui
648 1812 749 1866 pro
800 1794 1084 1849 deserti...
1137 1809 1293 1864 ergo,
1329 1792 1535 1846 fratres
1584 1790 1796 1846 charis-

144 1883 373 1949 simi,...
406 1884 838 1939 studiosissime
872 1882 1175 1938 custodiri.
1210 1883 1343 1946 Quae
1378 1880 1427 1935 si
1473 1884 1636 1935 sexta
1666 1884 1794 1934 tan-

143 1974 450 2028 tummodo
473 1978 604 2027 ante
629 1971 1169 2027 Paschainchoetur
1186 1970 1617 2025 hebdomade...
1638 1972 1797 2040 patet

142 2062 279 2133 quia
306 2060 760 2133 quadragesima
785 2078 899 2115 non
921 2060 1030 2114 erit
1056 2078 1068 2126 ;
1104 2076 1201 2115 sex
1227 2059 1383 2114 enim
1416 2058 1791 2113 hebdomadas

142 2155 278 2205 sunt
310 2151 435 2205 dies
484 2150 880 2222 quadraginta
910 2154 965 2203 et
1014 2149 1149 2203 duo.
1185 2147 1516 2203 Subtractis
1548 2147 1789 2202 totidem

141 2239 461 2295 Dominicis
492 2239 841 2303 diebus,non
873 2238 1127 2309 amplius
1157 2236 1215 2290 in
1239 2235 1591 2291 abstinentia
1613 2252 1787 2307 quam

140 2328 385 2399 triginta
435 2333 490 2383 et
537 2344 635 2382 sex
667 2344 971 2399 superesse
1023 2326 1311 2389 novimus,
1345 2324 1443 2395 qui
1489 2324 1789 2395 quaternis

139 2434 172 2471 a
224 2416 495 2488 praesnti
548 2433 791 2472 numero
843 2414 1137 2471 deficiunt.
1176 2418 1432 2480 Quatuor
1480 2430 1613 2485 ergo
1664 2414 1788 2467 dies

139 2506 320 2576 hujus
367 2506 763 2562 antecedentis
812 2505 1192 2560 hebdomadas
1244 2507 1583 2569 sumuntur,
1620 2508 1683 2555 ut
1714 2502 1785 2556 ad

138 2595 474 2665 praedictam
532 2609 827 2646 summam
876 2608 1157 2646 numerus
1190 2594 1431 2644 crescat.
1468 2592 1565 2644 Est
1610 2589 1788 2660 igitur

135 2683 318 2753 hujus
348 2680 753 2753 caputjejunii
777 2680 970 2744 hodie,
996 2680 1150 2749 quod
1177 2683 1264 2732 est
1296 2678 1557 2749 septimm
1582 2683 1788 2748 quarta

132 2772 278 2826 feria
307 2770 717 2825 hebdomadas:
747 2786 780 2823 a
810 2784 927 2839 qua
948 2783 1132 2838 usque
1162 2769 1232 2824 ad
1264 2772 1529 2821 sanctam
1560 2766 1783 2820 Domini

130 2858 914 2929 resurrectionem,exceptis
934 2856 1341 2911 tantummodo
1366 2856 1571 2909 diebus
1596 2856 1785 2909 Domi-

129 2947 302 3016 nicis,
332 2947 664 3002 districtum
695 2945 962 3001 convenit
985 2960 1085 3016 per
1107 2943 1301 2998 omnia
1323 2943 1779 3014 celebrarejeju-

126 3036 555 3107 nium,quod,si
582 3034 840 3090 solvatur
861 3034 918 3088 in
944 3034 1162 3105 aliquo,
1181 3034 1306 3103 jam
1331 3032 1781 3103 quadragesima

1922 456 2095 512 etiam
2130 458 2325 523 licent,
2360 462 2488 517 istis
2520 480 2620 534 pro
2667 464 2909 520 crimine
2939 466 3246 524 habentur.
3282 472 3571 530 Ecclesiae

1924 545 2162 617 insuper
2192 549 2571 621 frequentate,
2606 554 2872 609 inﬁrmos
2902 560 2960 610 et
2988 556 3048 611 in
3106 574 3396 615 carcerem
3428 560 3568 617 visi-

1920 639 2058 699 tate,
2091 638 2381 695 debitores
2412 639 2638 711 solvite,
2676 650 2914 700 maestos
2958 646 3270 714 consolate,
3305 652 3571 722 pauperi-

1919 724 2030 780 bus
2061 731 2353 799 erogate...
2369 771 2382 783 .

2541 819 2784 875 SERMO
2824 822 2944 878 VII.

2442 925 2501 961 IN
2539 925 2632 963 DIE
2672 927 2945 966 PALMARU
2957 929 3022 967 Μ.

1992 993 2384 1049 Promissione
2414 995 2643 1051 Domini
2685 1000 2868 1055 nostri
2897 1000 3035 1055 Jesu
3087 1002 3323 1075 Christi,
3356 1006 3564 1065 fratres

1918 1080 2267 1149 charissimi,
2286 1084 2812 1158 conﬁdimus,quia
2841 1090 2912 1144 de
2942 1090 3196 1161 gloriosa
3226 1095 3354 1164 ejus
3374 1112 3564 1153 resur-

1917 1170 2169 1225 rectione
2201 1171 2398 1227 nullus
2449 1179 2636 1229 terror
2664 1180 2925 1233 vestrum
2962 1195 3062 1235 cor
3110 1184 3422 1253 Oppressit,
3455 1202 3561 1242 nec

1914 1258 2182 1314 dubietas
2232 1262 2414 1316 menti
2455 1262 2729 1335 irrepsit;
2767 1282 2903 1322 nam
2936 1284 3115 1339 pavor
3160 1272 3561 1343 apostolorum

1912 1351 2368 1421 caeterorumque
2392 1352 2520 1422 ejus
2540 1356 2819 1425 temporis
2833 1362 3168 1415 sanctorum
3190 1360 3565 1420 incrudelita-

1914 1436 1989 1491 tis
2019 1436 2265 1509 caligine
2294 1439 2574 1495 alebatur.
2606 1444 2713 1497 Sed
2746 1443 2979 1500 illorum
3011 1447 3325 1506 inﬁrmitas
3350 1457 3559 1510 nostra:

1916 1526 2023 1579 fuit
2055 1528 2426 1597 perfectionis
2448 1536 2849 1602 augmentum.
2867 1534 3051 1606 Igitur
3082 1553 3232 1609 quas,
3251 1539 3381 1596 istis
3402 1546 3559 1598 tran-

1910 1613 2092 1669 sactis
2123 1614 2348 1686 diebus,
2368 1618 2535 1688 quasi
2555 1634 2624 1673 ex
2639 1620 2835 1691 opacis
2854 1622 3157 1679 frondibus
3175 1627 3369 1683 radios
3389 1630 3557 1685 emit-

1910 1702 2128 1772 tebant,
2180 1722 2335 1759 nunc
2379 1707 2501 1774 jam
2551 1707 2708 1763 clara
2756 1725 2891 1765 voce
2946 1712 3359 1783 prtedicantur.
3411 1717 3556 1773 Hinc

1910 1808 2162 1863 namque
2176 1793 2447 1865 colligere
2466 1797 2713 1866 potestis
2727 1798 2865 1869 quia
2877 1806 3096 1871 quanto
3119 1803 3305 1876 magis
3323 1804 3557 1862 Domini

1907 1881 2329 1938 annuntiamus
2351 1883 2704 1954 passionem,
2733 1903 2798 1942 eo
2816 1888 2979 1943 ocius
3004 1889 3077 1945 ad
3108 1891 3236 1960 ejus
3256 1892 3552 1951 celebran-

1906 1969 2040 2023 dam
2074 1972 2559 2043 appropinquatis
2606 1976 3112 2034 resurrectionem.
3146 1981 3255 2037 Sex
3302 1982 3553 2056 denique

1904 2057 2027 2112 dies
2069 2075 2255 2130 usque
2306 2062 2374 2115 ad
2411 2060 2570 2117 illius
2620 2063 2749 2120 festi
2781 2066 3063 2137 gaudium
3117 2076 3548 2129 numerantur:

1904 2152 2064 2201 sexta
2114 2148 2288 2204 etiam
2338 2150 2705 2207 hebdomade
2751 2158 3050 2211 transacta
3098 2162 3206 2226 est,
3238 2164 3550 2233 postquam

1902 2242 2077 2307 caput
2100 2237 2313 2307 jejunii
2344 2237 2685 2295 indiximus.
2718 2240 2819 2296 Vel
2851 2242 2910 2297 in
2942 2243 3037 2299 his
3066 2261 3203 2318 ergo
3233 2264 3333 2303 sex
3362 2250 3547 2315 feriis,

1904 2326 2109 2381 fratres
2138 2326 2526 2393 dilectissimi,
2562 2334 3219 2411 recuperareﬁsatagite,
3245 2338 3294 2391 si
3325 2337 3548 2411 aliquid

1900 2416 2144 2469 fortasse
2180 2416 2235 2470 in
2267 2432 2368 2471 sex
2397 2418 2704 2489 praeteritis
2731 2410 3545 2485 hebdomadibus-defecistis.

1899 2504 2176 2567 Quamvis
2194 2504 2311 2558 sint
2331 2505 2570 2575 quidam
2589 2506 2689 2575 qui
2713 2506 2942 2578 aliquos
2964 2509 3144 2580 hujus
3167 2500 3548 2572 hebdomadas

1897 2592 2269 2658 dies,scilicet
2290 2593 2553 2664 quintam
2577 2594 2781 2650 feriam
2803 2600 2860 2651 et
2880 2586 3545 2666 Sabbatum,absolutio-

1896 2695 1988 2734 res
2020 2698 2133 2751 prs:
2157 2682 2375 2737 cmteris
2406 2683 3014 2755 quadragesimalibus
3034 2703 3162 2743 esse
3193 2688 3541 2762 dijudicent,

1896 2770 2049 2838 quod
2084 2775 2286 2824 contra
2311 2788 2599 2826 canonum
2631 2776 2719 2827 est
2746 2777 2986 2841 statuta,
3020 2791 3125 2831 nec
3155 2777 3332 2834 ullius
3364 2796 3539 2836 sacrae

1895 2858 2205 2928 Scripturae
2253 2860 2637 2915 confirmatur
2684 2862 3043 2931 auctoritate,
3092 2865 3258 2923 nobis
3307 2884 3540 2941 quoque

1893 2949 2113 3000 rectum
2135 2945 2375 3001 minime
2399 2963 2523 3003 esse
2550 2948 2798 3003 videtur.
2823 2953 3047 3014 Quanto
3069 2954 3281 3010 etenim
3298 2957 3539 3013 vicinio-

1892 3050 1981 3089 res
1995 3035 2252 3106 paschali
2267 3036 2478 3107 gaudio
2492 3037 3015 3106 accedimus,tanto
3030 3041 3292 3112 puriores
3310 3050 3541 3103 nosmet

123 3142 241 3180 non
274 3125 403 3179 erit.
449 3125 508 3179 Si
557 3128 753 3180 autem
786 3140 950 3179 sacra
1000 3122 1302 3193 Scriptura
1333 3121 1462 3177 illos
1492 3121 1772 3192 increpat,
1806 3112 1849 3175 C
1890 3122 2048 3194 ipsos
2081 3140 2403 3195 praeparare
2432 3125 3017 3198 debemus,jejuniis,
3050 3130 3433 3201 orationibus,
3462 3134 3541 3190 vi-

122 3214 223 3288 qui
264 3214 442 3270 etiam
492 3214 924 3285 quodammodo
956 3212 1241 3268 absolutis
1291 3212 1521 3282 diebus,
1554 3211 1775 3267 deliciis

122 3309 178 3359 et
208 3302 611 3375 voluptatibus
638 3304 1127 3373 fruuntur,quam
1162 3301 1350 3355 diram
1374 3300 1457 3354 illi
1490 3301 1774 3372 recipient

123 3394 496 3459 sententiam,
532 3393 633 3464 qui
665 3391 871 3447 saltem
906 3392 1047 3445 istos
1080 3390 1476 3462 neglexerint?
1507 3394 1607 3444 aut
1638 3407 1769 3444 cum

126 3500 239 3554 qua
271 3482 625 3537 conscientia
650 3482 722 3537 ad
755 3479 1279 3550 immaculatiAgni
1312 3495 1478 3533 esum
1510 3479 1768 3550 paschali

126 3570 433 3625 festivitate
465 3570 775 3641 impudens
826 3571 1097 3623 accedere
1130 3567 1488 3639 praesumat?
1520 3568 1772 3639 qualiter

128 3658 557 3714 communicare
612 3656 907 3712 Dominico
940 3656 1151 3728 poterit
1190 3656 1434 3725 corpori,
1470 3656 1568 3726 qui
1593 3673 1767 3709 suum

127 3747 439 3819 neglexerit
482 3747 650 3802 bonis
700 3745 962 3800 moribus
1010 3744 1095 3799 vel
1146 3744 1215 3798 ad
1258 3749 1488 3814 tempus
1537 3760 1764 3808 ornare,

126 3854 252 3891 cum
280 3836 483 3893 audiat
512 3853 524 3890 :
551 3837 659 3904 Qui
682 3834 906 3905 indigne
926 3834 1217 3888 manducat
1237 3836 1289 3887 et
1317 3833 1476 3901 bibit,
1494 3831 1768 3901 judicium

122 3928 223 3979 sibi
248 3925 552 3981 manducat
578 3933 629 3979 et
659 3925 841 3978 bibit?
872 3924 920 3993 (ι
954 3922 1076 3976 Cor.
1112 3940 1170 3991 ιι,
1204 3921 1319 3991 ‘29.)
1350 3921 1767 3976 Abstineamus

125 4030 252 4085 ergo
283 4031 391 4069 nos
425 4031 458 4069 a
483 4012 659 4067 lucris
686 4016 741 4066 et
772 4011 1016 4083 negotiis
1044 4009 1447 4073 saecularibus,
1483 4010 1769 4065 abstinea-

124 4118 250 4157 mus
279 4121 389 4159 nos
418 4121 453 4158 a
492 4100 827 4157 carnalibus
876 4099 1281 4155 delectationis
1332 4100 1609 4154 adversus
1640 4099 1763 4153 ani-

123 4207 269 4246 mam
320 4190 719 4247 militantibus
747 4191 790 4260 (Ι
822 4194 969 4245 Petr.
1008 4206 1068 4257 ιι,
1105 4190 1213 4259 11),
1247 4192 1303 4242 et
1352 4188 1597 4258 dignum
1648 4189 1762 4243 Deo

122 4282 331 4336 nostris
365 4280 663 4336 mentibus
708 4277 1107 4334 habitaculum
1161 4293 1580 4348 praeparemus.
1614 4282 1765 4331 Ante

125 4370 313 4425 omnia
341 4367 731 4437 dilectissimi,
765 4368 835 4422 de
889 4365 1196 4437 prazteritis
1231 4364 1400 4419 malis
1445 4365 1761 4419 confessio-

127 4473 248 4513 nem
298 4476 492 4514 veram
540 4458 653 4513 Deo
699 4461 755 4512 et
808 4455 1211 4511 sacerdotibus
1255 4455 1422 4508 t'acite
1468 4454 1673 4524 (1510),
1708 4458 1765 4508 et
1796 4478 1841 4541 Β

129 4546 353 4619 dignam
388 4547 790 4620 pmnitentiam
821 4546 993 4617 agite,
1028 4544 1165 4615 quia
1194 4542 1445 4597 multum
1476 4544 1640 4598 obest
1670 4542 1755 4597 lu-

129 4635 348 4693 culenta
374 4637 619 4692 aedificia
649 4634 882 4691 caducis
904 4632 1302 4688 fundamentis
1325 4632 1601 4702 coaptari.
1628 4634 1771 4687 Con-

127 4724 365 4781 siderate
423 4727 598 4781 etiam
660 4724 945 4795 serpentis
998 4721 1394 4793 prudentiam,
1450 4721 1547 4791 qui
1608 4721 1767 4777 nullo

128 4815 481 4870 modofontis
503 4814 801 4885 lympham
828 4816 1027 4883 potare
1054 4809 1371 4881 praesumit,
1395 4810 1573 4865 donec
1596 4828 1768 4866 omne

126 4906 403 4958 venenu'm
429 4904 707 4958 effundat.
728 4901 965 4955 Vulneri
1000 4915 1234 4971 quoque
1254 4916 1365 4953 non
1400 4900 1626 4968 proficit
1649 4916 1766 4955 me-

129 4988 591 5059 dicamentum,si
620 4988 809 5044 adhuc
830 4989 1047 5043 ferrum
1076 4986 1235 5041 insit.
1262 4988 1459 5042 Estote
1481 5005 1638 5061 ergo,
1658 4990 1767 5044 fra-

127 5077 256 5145 tres,
291 5079 345 5133 in
379 5078 586 5133 ofﬁciis
617 5077 863 5146 assidui,
898 5078 955 5133 in
989 5074 1210 5147 vigiliis
1243 5078 1519 5149 prompti,
1554 5080 1612 5132 in
1641 5095 1767 5134 ora-

130 5163 377 5221 tionibus
409 5167 693 5231 continui,
729 5165 787 5220 in
821 5167 948 5222 cibo
981 5163 1163 5237 parci,
1199 5164 1255 5218 in
1304 5171 1443 5237 potu
1476 5167 1674 5233 sobrii,
1708 5168 1765 5224 in

128 5251 499 5328 eleemosynis
546 5254 716 5327 largi,
768 5254 826 5309 in
881 5256 1153 5311 castitate
1198 5252 1447 5320 honesti,
1513 5259 1584 5313 ab
1640 5257 1768 5329 ipso

1884 3211 2061 3282 giliis,
2077 3229 2177 3268 seu
2194 3213 2467 3268 omnibus
2483 3214 3015 3272 misericordiarum
3030 3219 3327 3291 operibus,
3341 3224 3536 3297 etjugi

1886 3300 2125 3372 insuper
2155 3303 2290 3357 fletu
2325 3303 2611 3375 praeterita
2633 3304 2842 3360 delicta
2874 3305 3083 3363 lavare.
3109 3308 3220 3364 Sed
3244 3315 3300 3365 et
3326 3311 3374 3367 si
3398 3313 3534 3384 quis

1883 3406 1992 3445 sua
2023 3390 2214 3445 flenda
2245 3408 2358 3445 non
2379 3396 2574 3462 sperat
2604 3408 2733 3448 esse
2764 3394 3041 3463 facinora,
3061 3397 3268 3454 saltem
3300 3402 3529 3457 Domini

1881 3494 2015 3533 eum
2039 3485 2396 3552 compungat
2418 3480 2509 3535 his
2542 3480 2749 3538 diebus
2781 3483 3181 3553 injuria.Nam
3212 3503 3346 3543 cum
3374 3498 3530 3547 esset

1879 3568 2035 3623 Deus
2064 3572 2196 3622 ante
2227 3569 2458 3634 smcula,
2492 3570 2550 3624 in
2582 3572 2828 3626 formam
2855 3574 3007 3629 servi
3038 3575 3299 3643 veniens,
3330 3584 3523 3651 sputa,

1880 3658 2059 3730 flagra
2088 3658 2158 3711 ab
2191 3657 2388 3729 impiis
2412 3660 2757 3731 suscipiens,
2784 3678 2885 3733 pro
2919 3668 3119 3720 nostra
3141 3666 3521 3742 ipsorumque

1877 3745 2054 3798 etiam
2088 3744 2274 3801 salute
2305 3746 2711 3816 hujuscemodi
2744 3749 2802 3803 in
2834 3754 3094 3822 tempore
3123 3753 3382 3811 animam
3414 3774 3522 3828 po-

1878 3850 2013 3888 nere
2045 3851 2157 3888 non
2194 3835 2475 3905 despexit.
2502 3836 2901 3905 Compatiatur
2931 3856 3065 3911 ergo
3088 3843 3523 3916 unusquisque,

1878 3922 2085 3977 fratres
2118 3922 2251 3988 mei,
2276 3927 2573 3993 portantes
2602 3925 2933 3995 opprobria,
2966 3932 3023 3981 et
3044 3929 3251 3985 deﬂeat
3277 3931 3529 3990 inferen-

1876 4009 2021 4064 tium
2070 4010 2406 4065 caecitatem.
2440 4015 2571 4082 Ipse
2602 4012 2851 4084 denique
2899 4014 3042 4070 dixit
3074 4016 3132 4071 in
3166 4020 3472 4092 Evangelio
3509 4041 3522 4079 :

1876 4100 2032 4154 Beati
2061 4101 2158 4170 qui
2189 4100 2396 4169 lugent,
2421 4101 2680 4170 quoniam
2709 4103 2817 4172 ipsi
2835 4104 3267 4161 consolabuntur
3296 4109 3520 4179 (Matth.

1874 4205 1927 4253 v,
1959 4190 2035 4258 5).
2072 4189 2425 4244 Commodus
2456 4194 2547 4244 est
2575 4191 2731 4245 enim
2782 4209 2936 4248 nunc
2969 4193 3402 4267 aliquantulum
3435 4198 3525 4255 lu-

1874 4282 2024 4343 ctus,
2058 4282 2122 4331 ut
2162 4276 2405 4333 liberius
2436 4278 2495 4332 in
2545 4283 2748 4335 sancta
2778 4284 3201 4340 resurrectione
3230 4285 3520 4344 laetemur.

1876 4364 2184 4420 Psalmista
2224 4383 2456 4438 quoque
2487 4366 2568 4421 ait
2600 4385 2613 4423 :
2651 4368 2789 4435 Quid
2831 4372 3137 4427 retribuam
3168 4375 3396 4432 Domino
3424 4394 3525 4449 pro

1872 4454 2123 4509 omnibus
2154 4470 2277 4524 qum
2308 4455 2567 4510 retribuit
2593 4457 2733 4511 mihi
2752 4462 2777 4510 ?
2808 4459 3051 4515 Calicem
3078 4463 3349 4519 salutaris
3377 4467 3524 4522 acci-

1874 4544 2055 4614 piam,
2086 4548 2137 4597 et
2167 4559 2362 4598 nomen
2392 4546 2615 4599 Domini
2654 4548 2910 4604 invocabo
2940 4549 3108 4619 (Psal.
3137 4565 3261 4619 cxv,
3292 4553 3379 4624 12,
3414 4556 3526 4627 13).

1879 4632 2040 4687 Calix
2070 4648 2201 4687 vero
2228 4637 2285 4686 et
2336 4638 2539 4705 aperta
2564 4636 2893 4704 persecutio
2942 4642 3000 4691 et
3046 4638 3309 4711 occultus
3340 4646 3533 4713 potest

1879 4721 2124 4793 intelligi
2151 4721 2427 4793 gemitus,
2451 4721 2551 4792 qui
2580 4738 2815 4793 quoquo
2840 4726 3017 4781 modo
3048 4726 3118 4779 ab
3150 4729 3309 4783 omni
3334 4735 3533 4787 tamen

1879 4808 2148 4866 convenit
2178 4810 2510 4865 Christiano
2563 4810 2769 4881 potari.
2807 4811 3213 4884 Prmparemus
3260 4831 3396 4888 ergo
3427 4828 3538 4874 nos

1879 4902 1949 4956 ad
1987 4901 2248 4954 futurum
2286 4901 2497 4955 festum
2532 4900 2739 4971 (1511),
2773 4900 3147 4967 charissimi,
3174 4902 3243 4955 ad
3275 4905 3429 4974 quod
3461 4908 3545 4962 di-

1878 5008 1986 5061 gne
2028 4990 2395 5061 pervenire...
2437 4989 2746 5044 Dominus.
2792 4990 3250 5053 EXsultemus...
3278 5008 3382 5047 nec
3406 4994 3549 5049 deli-

1879 5081 2102 5135 ciarum
2132 5078 2266 5147 cibi,
2298 5080 2397 5134 sed
2422 5094 2596 5149 opera
2626 5076 3071 5149 praemittenda
3089 5078 3475 5146 suntjustitie
3502 5087 3561 5137 et

1880 5167 2194 5241 tequitatis.
2218 5168 2429 5238 Aptius
2454 5170 2541 5221 est
2560 5166 2721 5222 enim
2746 5169 2875 5227 ut..
2902 5217 2916 5229 ,
2947 5175 3065 5225 tres
3086 5166 3400 5223 mediocres
3420 5184 3565 5239 prie-

1878 5274 2049 5329 pares
2074 5253 2329 5323 tunicas,
2354 5256 2507 5311 undc
2537 5261 2593 5311 et
2622 5261 2679 5310 te
2701 5258 2757 5307 et
2788 5269 3112 5334 pauperes
3131 5253 3342 5310 Christi
3362 5257 3572 5314 vestire
