3976 5348
179 475 316 538 849

1677 470 2124 536 SERMONES.

3496 479 3618 540 8N)

187 609 308 665 bus
336 608 603 666 convenit
620 606 987 681 isquipedare
1007 608 1281 681 vestigia:
1306 607 1571 679 talesque
1595 612 1846 662 nosmet-
1876 611 1929 674 Α
1960 608 2098 663 tiam
2132 612 2487 683 temperans,
2521 628 2789 668 amarum
2821 615 3023 687 potum
3067 629 3175 669 sua
3204 613 3609 670 incarnatione

184 697 357 770 ipsos
407 716 735 771 praeparare
784 703 1028 769 oportet,
1064 702 1128 753 ut
1185 698 1233 752 si
1288 698 1539 752 necdum
1601 695 1853 767 Spiritus

189 788 385 844 sancti
418 788 667 860 gratiam
695 789 989 859 percipere
1023 787 1366 856 meruimus,
1400 785 1484 841 vel
1519 790 1851 857 perceptam

189 878 491 950 peccando
544 877 888 948 repulimus,
935 877 1006 931 ad
1053 876 1492 948 suspiciendum
1535 876 1717 946 (1528)
1766 874 1853 929 vel

189 967 375 1023 etiam
410 966 809 1038 recipiendum
844 966 1177 1037 pariterque
1212 965 1659 1019 custodiendum
1693 964 1849 1018 inve-

187 1056 435 1111 niamur
462 1056 674 1111 idonei.
714 1057 1025 1127 Ipsumque
1054 1054 1405 1109 Salvatorem
1420 1055 1682 1110 omnium
1707 1071 1855 1125 pura

187 1149 413 1209 mente,
449 1145 651 1199 devoto
698 1160 816 1210 ore,
850 1143 1042 1214 dignis
1082 1144 1354 1215 cperibus
1403 1144 1651 1214 rogitare
1682 1159 1851 1197 cure-

185 1251 329 1290 mus
358 1234 565 1303 (1529),
598 1238 661 1287 ut
696 1232 1001 1288 nobiscum
1034 1233 1422 1304 usque(l530)
1455 1234 1513 1286 in
1545 1238 1849 1297 aeternum,

181 1323 297 1380 etsi
334 1339 450 1378 non
476 1321 873 1393 corporaliter,
892 1339 994 1394 per
1006 1322 1284 1393 suffragia
1307 1338 1540 1376 manere
1557 1322 1849 1393 dignetur,

176 1412 312 1484 ipso
348 1415 659 1483 praestante
684 1411 784 1482 qui
816 1426 949 1465 cum
966 1411 1132 1465 Patre
1154 1415 1210 1465 et
1240 1410 1461 1481 Spiritu
1484 1414 1685 1464 sancto
1710 1409 1850 1463 vivit

176 1510 231 1557 et
245 1500 541 1574 gloriatur
558 1506 709 1557 Deus
726 1518 826 1572 per
840 1501 1038 1555 omnia
1051 1500 1261 1556 smcula
1276 1499 1645 1555 szeculorum.
1664 1505 1848 1553 Amen

174 1591 279 1646 XII
291 1635 301 1644 .
313 1591 461 1646 Idem
474 1606 655 1646 sermo
673 1591 1120 1656 abbreviatus,ne
1136 1590 1390 1657 vulgares
1401 1590 1510 1658 fast
1519 1588 1844 1642 idiarenlur.

250 1680 664 1746 Pentecosten,
720 1680 926 1734 fratres
959 1679 1313 1742 charissimi,
1371 1679 1528 1732 diem
1579 1682 1845 1733 sanctum

187 1769 661 1840 colimus,quem
695 1786 726 1823 a
763 1768 1062 1822 Dominica
1094 1765 1520 1822 resurrectione
1552 1766 1847 1836 quinqua-

180 1858 485 1931 gesimum
510 1874 912 1913 numeramus.
934 1856 1308 1923 Πεντηκοσττςν
1336 1856 1493 1910 enim
1512 1854 1725 1919 Graece,
1751 1859 1845 1908 La-

177 1946 308 2002 tine
345 1946 921 2019 quinquagenarium
955 1943 1342 2016 intelligimus
1370 1962 1382 2011 ;
1417 1960 1553 2043 nam
1585 1943 1848 2043 quinque
1880 1979 1928 2043 B

183 2036 444 2091 decades
463 2036 619 2090 hunc
646 2050 957 2089 numerum
973 2036 1433 2105 consequuntur:
1452 2032 1551 2104 qui
1576 2034 1699 2088 dies
1721 2032 1849 2088 ideo

191 2124 616 2181 celeberrimus
657 2124 809 2178 inter
839 2123 977 2178 anni
1011 2122 1185 2177 ferias
1228 2122 1496 2189 habetur,
1531 2122 1668 2193 quia
1694 2123 1751 2176 in
1785 2138 1849 2178 eo

189 2214 454 2285 Spiritus
487 2217 743 2279 sanctus,
770 2213 991 2267 scilicet
1020 2211 1352 2267 Paracletus
1378 2228 1409 2267 e
1439 2210 1580 2266 coelo
1611 2210 1849 2266 veniens

187 2300 495 2374 apostolos
524 2302 666 2356 adeo
697 2302 1044 2356 confirmare
1075 2301 1351 2373 dignatus
1381 2308 1487 2366 est,
1524 2304 1588 2355 ut
1614 2316 1848 2355 omnem

186 2397 419 2446 metum
448 2408 563 2463 quo
583 2391 745 2463 prius
769 2390 986 2446 clausis
1006 2390 1208 2462 januis
1238 2391 1346 2446 sub
1369 2390 1601 2445 silentio
1634 2388 1850 2444 detine-

187 2479 578 2547 bantur,suis
606 2478 882 2535 cordibus
901 2479 1282 2549 excutientes,
1309 2496 1445 2534 mox
1465 2479 1665 2534 eadem
1700 2477 1851 2532 clau-

185 2574 312 2625 stra
326 2567 877 2641 respuentes,licera
890 2585 1024 2623 voce
1042 2568 1341 2624 Christum
1356 2567 1549 2639 palam
1572 2567 1848 2621 omnibus

183 2658 469 2730 gentibus
503 2658 918 2730 praedicarent:
970 2658 1071 2729 qui
1103 2656 1275 2712 etiam
1324 2656 1384 2711 in
1422 2657 1612 2711 Veteri
1644 2656 1845 2710 Testa-

185 2751 391 2802 mento
425 2746 607 2802 festus
645 2747 966 2812 colebatur,
999 2750 1172 2818 atque
1203 2747 1263 2800 in
1304 2762 1369 2800 eo
1404 2746 1657 2817 primum
1692 2744 1846 2815 apud

184 2850 287 2891 eos
302 2852 487 2906 panes
520 2836 589 2889 de
610 2835 774 2888 novis
798 2834 1067 2904 frugibus
1088 2833 1146 2887 in
1179 2834 1396 2904 templo
1433 2833 1846 2889 ministraban-

182 2929 306 2979 tur.
345 2923 585 2995 Mystice
606 2926 801 2977 autem
826 2921 980 2993 apud
1001 2939 1105 2976 nos
1128 2922 1254 2993 ipso
1282 2922 1373 2976 die
1395 2938 1573 2992 panes
1598 2922 1667 2975 de
1684 2921 1849 2975 novis

179 3010 486 3082 frugibus,
522 3010 577 3063 id
610 3014 698 3063 est
721 3026 876 3063 novae
900 3008 1143 3064 virtutes
1176 3010 1363 3064 sancti
1397 3009 1650 3081 Spiritus
1673 3024 1775 3078 per
1796 3024 1849 3061 a-

181 3097 456 3171 postolos
488 3098 711 3153 tradita:
744 3102 882 3151 sunt
899 3098 1193 3169 gentibus.
1229 3098 1517 3153 Necdeest
1548 3116 1580 3152 a
1602 3098 1846 3166 ratione,

182 3186 348 3257 quod
387 3186 876 3259 quinquagesimo
908 3186 999 3241 die
1024 3190 1333 3257 postquam
1365 3186 1649 3242 Dominus
1679 3187 1847 3258 [Egy-

180 3279 357 3346 ptum
395 3276 452 3328 in
477 3274 884 3347 primogenitis
916 3275 1220 3346 percussit,
1255 3276 1499 3346 ejusque
1516 3275 1845 3347 principum

180 3346 545 3436 potestatem
578 3346 887 3431 destruxit,
939 3369 1116 3435 atque
1156 3363 1308 3419 filios
1340 3346 1617 3419 Israelde
1645 3381 1847 3420 eorum
1882 3346 1923 3411 Ο

181 3451 474 3509 servitute
504 3458 561 3507 et
590 3453 769 3507 maris
798 3453 974 3506 Rubri
1019 3454 1305 3524 profundo
1344 3453 1630 3518 liberavit,
1664 3453 1851 3525 legem

183 3558 290 3615 per
323 3541 565 3613 Moysen
583 3558 759 3613 quam
779 3540 1011 3612 populis
1043 3542 1400 3612 praedicaret,
1417 3544 1553 3598 dare
1571 3543 1849 3611 decrevit;

186 3635 245 3687 et
277 3628 777 3702 quinquagesimo
813 3628 906 3683 die
967 3634 1280 3701 postquam
1311 3630 1605 3686 infernum
1634 3631 1696 3688 in
1729 3632 1852 3687 suis

193 3718 481 3792 primitiis
514 3717 825 3791 percussit,
859 3718 1106 3789 eiusque
1144 3718 1477 3791 principum
1508 3724 1851 3792 potestatem

195 3808 507 3876 destruxit,
542 3812 598 3862 et
627 3822 832 3862 omnes
864 3807 964 3879 qui
986 3806 1105 3861 illic
1129 3807 1386 3862 indebite
1416 3808 1850 3877 detinebantur,

196 3898 267 3952 de
299 3896 589 3969 profundo
622 3896 828 3951 mortis
868 3896 1087 3963 eduxit,
1124 3912 1224 3967 per
1254 3896 1535 3966 Spiritum
1583 3902 1853 3951 sanctum

199 3985 481 4057 apostolis
498 3985 744 4056 qualiter
760 3990 1126 4057 agerent,seu
1145 3984 1857 4039 aliosinstruerentdecla-

201 4092 325 4130 rare
348 4075 593 4130 curavit.
617 4074 726 4130 Sed
764 4074 959 4129 divina
979 4073 1343 4146 providentia
1366 4073 1608 4128 alteram
1633 4075 1856 4129 Israeli-

199 4164 308 4219 tico
332 4163 550 4236 populo
592 4180 695 4235 per
726 4163 985 4235 Moysen,
1018 4164 1261 4218 alteram
1290 4162 1461 4217 nobis
1493 4180 1594 4234 per
1624 4170 1855 4217 sanctos

200 4252 499 4324 apostolos
516 4252 702 4325 legem
722 4252 1353 4308 voluitcommendare:
1382 4251 1480 4306 illa
1503 4252 1859 4307 minaturin-

197 4342 435 4398 teritum
454 4342 575 4396 haec
590 4342 804 4415 jugiter
818 4341 1215 4412 paenitentiam
1232 4342 1582 4404 docet.Quod
1602 4340 1859 4395 ostendit

201 4429 427 4503 Moyses
448 4448 581 4486 cum
605 4429 1143 4502 postdatamlegem
1162 4430 1521 4485 descendens
1553 4431 1622 4485 de
1660 4436 1857 4485 monte

200 4521 411 4576 rediret
446 4521 516 4575 ad
547 4519 854 4591 populum.
890 4522 1051 4572 Certe
1074 4533 1207 4572 cum
1239 4516 1555 4571 invenisset
1586 4534 1857 4588 peccasse

204 4609 484 4679 populum
510 4611 570 4663 in
592 4607 758 4663 vituli
789 4605 949 4662 aurei
983 4606 1339 4673 adoratione,
1365 4605 1509 4659 dixit
1533 4622 1544 4659 :
1580 4608 1703 4662 [an
1720 4606 1855 4661 dicit

1963 698 2097 754 fecit
2128 716 2255 755 esse
2287 702 2621 771 potabilem.
2646 703 2907 775 Denique
2932 704 2989 757 in
3021 703 3213 759 Veteri
3236 704 3609 759 Testamento

1965 788 2247 860 scriptum
2271 794 2393 844 est:
2429 792 2627 846 Anima
2668 809 2786 863 quae
2812 794 3005 864 fecerit
3036 793 3330 865 quidquam
3380 793 3445 847 de
3476 795 3608 847 abo-

1961 880 2358 934 minationibus
2398 882 2538 947 istis,
2567 883 2765 951 peribit
2795 883 2859 937 de
2885 884 3082 954 populo
3114 899 3231 947 suo,
3264 882 3396 936 dicit
3426 883 3606 936 Domi-

1962 984 2064 1020 nus
2096 968 2235 1037 (Lev.
2272 985 2431 1038 xvm,
2463 970 2573 1040 29).
2610 969 2671 1023 In
2731 988 2873 1025 novo
2932 971 3296 1042 reperimus:
3334 970 3609 1024 Gaudium

1961 1058 2064 1111 erit
2092 1059 2148 1110 in
2178 1056 2315 1112 coelo
2340 1074 2503 1129 super
2531 1074 2639 1112 uno
2685 1068 2963 1129 peccatore
2985 1062 3365 1131 paenitentiam
3396 1064 3609 1130 agente,

1961 1161 2125 1215 quam
2146 1163 2309 1217 super
2337 1148 2643 1215 nonaginta
2673 1164 2865 1202 novem
2898 1149 3065 1219 justis
3095 1166 3204 1203 non
3234 1150 3612 1217 indigentibus

1956 1236 2343 1304 pa’nitentiam
2374 1238 2521 1303 (Luc.
2552 1253 2641 1301 xv,
2672 1238 2749 1307 7).
2784 1237 3004 1305 Videte,
3039 1238 3264 1303 fratres,
3299 1255 3369 1292 ne
3401 1239 3605 1308 perda-

1962 1339 2093 1377 mus
2126 1324 2445 1395 pcenitendi
2476 1330 2729 1396 tempus,
2756 1326 2908 1396 quod
2940 1330 3103 1381 tanta
3135 1330 3220 1381 est
3243 1326 3610 1397 indulgentia

1960 1427 2324 1467 concessum.
2352 1414 2494 1467 Nam
2520 1414 2874 1484 poenitentiae
2894 1415 3146 1469 fructum
3170 1416 3421 1469 dicimus
3445 1415 3611 1485 quid-

1959 1501 2095 1570 quid
2131 1517 2232 1571 pro
2251 1501 2445 1556 delicti
2470 1502 2865 1558 satisfactione
2884 1504 3020 1558 boni
3042 1504 3232 1575 operis
3256 1504 3327 1559 ad
3350 1504 3607 1558 divinam

1958 1589 2488 1645 reconciliationem
2512 1592 2804 1646 tendendo
2828 1592 3446 1664 peragimus,jejunia,
3471 1591 3611 1664 vigi-

1957 1678 2087 1745 lias,
2122 1679 2534 1747 continentiae,
2587 1681 2900 1747 orationes,
2950 1698 3124 1751 opera
3172 1680 3606 1749 misericordiae,

1957 1783 2060 1821 seu
2094 1772 2334 1822 caeteras
2349 1768 2616 1824 virtutes.
2648 1769 2860 1824 Multas
2892 1769 3107 1841 quippe
3138 1770 3307 1824 nobis
3339 1770 3607 1825 Christus

1958 1855 2199 1910 semitas
2224 1856 2516 1928 proponit,
2550 1874 2653 1928 per
2684 1874 2829 1927 quas
2854 1858 3196 1929 perditionis
3220 1858 3414 1913 foveas
3441 1857 3612 1913 decli-

1959 1961 2097 2000 nare
2154 1945 2437 2001 valemus.
2497 1947 2606 2001 Sed
2658 1950 2876 2017 quanto
2915 1946 3084 2018 plura
3132 1952 3271 2002 sunt
3329 1946 3604 2003 evadendi

1961 2033 2225 2103 consilia,
2259 2037 2420 2089 tanto
2451 2033 2902 2089 miserabiliores
2942 2038 3080 2090 sunt
3110 2035 3211 2107 qui
3242 2036 3606 2092 descendunt

1961 2122 2019 2176 in
2066 2122 2282 2176 lacum.
2317 2122 2476 2175 Licet
2520 2121 2699 2193 igitur
2730 2122 2822 2177 his
2855 2123 3167 2178 transactis
3198 2124 3407 2180 diebus
3436 2123 3605 2194 quasi

1960 2210 2182 2282 nuptiis
2215 2227 2317 2282 pro
2350 2210 2627 2265 continua
2658 2210 3025 2266 solemnitate
3057 2212 3115 2266 in
3144 2212 3367 2268 deliciis
3395 2212 3609 2266 vixeri-

1960 2316 2113 2369 mus,
2147 2304 2488 2370 stantesque
2519 2299 2801 2355 orationis
2832 2306 2963 2355 vota
2993 2301 3239 2355 Domino
3271 2300 3609 2372 persolveri-

1960 2405 2114 2458 mus,
2149 2404 2304 2443 nunc
2336 2392 2531 2443 autem
2566 2388 2777 2443 abhinc
2810 2393 2963 2444 terra
3013 2390 3288 2460 prostrati
3319 2389 3609 2461 lacrymas

1959 2477 2299 2543 fundamus,
2325 2478 2566 2549 jejuniis
2600 2482 2655 2532 et
2676 2476 2889 2549 vigiliis
2910 2494 3142 2549 operam
3179 2479 3406 2546 demus,
3429 2478 3608 2549 pomi-

1955 2566 2150 2621 tentiie
2201 2566 2490 2621 sarcinam
2542 2566 2840 2637 suscipere
2900 2567 3265 2621 festinemus.
3326 2566 3601 2621 Aitenim

1957 2653 2241 2709 Dominus
2268 2654 2326 2708 in
2356 2654 2698 2725 Evangelio:
2732 2655 2845 2709 Non
2872 2661 3097 2725 possunt
3123 2655 3235 2724 ﬁlii
3254 2655 3437 2726 sponsi
3453 2656 3608 2727 jeju-

1956 2759 2113 2813 nare,
2144 2744 2316 2797 donec
2346 2759 2468 2797 cum
2500 2743 2615 2796 illis
2646 2746 2723 2797 est
2760 2759 3026 2812 sponsus;
3073 2746 3252 2799 veniet
3309 2745 3443 2798 hora
3484 2761 3609 2799 eum

1958 2834 2241 2899 auferetur
2268 2832 2335 2884 ab
2365 2833 2461 2899 eis,
2512 2840 2565 2885 et
2618 2840 2746 2885 tunc
2792 2832 3126 2902 jejunabunt
3158 2834 3216 2887 in
3274 2834 3389 2887 illis
3420 2833 3610 2888 diebus

1960 2919 2182 2989 (Matth.
2208 2936 2289 2986 1x,
2314 2920 2421 2991 15).
2447 2920 2766 2975 Transacto
2784 2938 3017 2992 quoque
3043 2926 3303 2992 tempore
3334 2923 3613 2992 quodam-

1958 3008 2130 3062 modo
2188 3007 2495 3063 nobiscum
2550 3024 2651 3079 per
2710 3010 3070 3080 corporalem
3114 3011 3396 3065 Dominus
3429 3010 3616 3065 adfuit

1959 3097 2329 3167 priesentiam
2358 3114 2370 3151 :
2406 3098 2506 3152 sed
2540 3113 2694 3151 nunc
2717 3099 2844 3168 jam
2878 3099 3050 3154 ccelos
3074 3100 3350 3169 ascendit,
3384 3100 3454 3154 ad
3479 3100 3614 3154 dex-

1958 3188 2143 3239 teram
2176 3186 2339 3240 sedet
2369 3186 2574 3257 patris.
2610 3185 2771 3240 Unde
2820 3205 2968 3257 pura
3017 3192 3230 3254 mente,
3264 3189 3467 3242 devoto
3494 3205 3613 3254 ore,

1959 3272 2153 3345 dignis
2182 3274 2458 3346 Operibus
2489 3291 2622 3329 eum
2676 3275 2926 3346 rogitare
2977 3292 3275 3343 curemus,
3320 3280 3385 3330 ut
3414 3277 3615 3331 nobis-

1962 3380 2096 3417 cum
2144 3380 2328 3433 usque
2372 3363 2427 3417 in
2460 3366 2763 3429 aeternum,
2798 3363 2905 3418 etsi
2937 3381 3053 3419 non
3086 3364 3480 3435 corporaliter,
3514 3381 3617 3435 per

1964 3451 2820 3523 sulfragiamanere,dignetur,
2842 3454 2967 3523 ipso
3000 3457 3328 3523 praestante,
3355 3454 3453 3524 qui
3479 3470 3613 3508 cum

1965 3542 2131 3597 Patre
2169 3546 2225 3596 et
2256 3541 2475 3612 Spiritu
2511 3545 2712 3596 sancto
2743 3541 2882 3596 vivit
2911 3546 2968 3597 et
2997 3542 3278 3614 gloriatur
3306 3542 3481 3613 Deus,
3515 3559 3617 3613 per

1964 3629 2163 3685 omnia
2193 3629 2405 3685 saecula
2436 3629 2784 3684 saeculorum
2816 3635 3023 3685 Amen.

2568 3735 2809 3791 SERMO
2849 3736 2998 3791 XIII.

1965 3842 2023 3878 IN
2064 3840 2530 3878 ANNUNTIATIONE
2570 3840 2731 3876 ΒΕΑἸἾ
2772 3840 3185 3879 ΡΒᾸΞΟΠΒΞΟΗΙΒ
3226 3840 3292 3877 ET
3331 3840 3617 3878 MARTYRIS

2048 3912 2253 3949 DOMINI
2299 3912 2499 3949 NOSTRI
2539 3911 2675 3949 JESU
2716 3911 2919 3961 CHlSTl,
2960 3912 3197 3950 JOANNIS
3238 3912 3537 3950 BAPTIST/E.

2039 3983 2175 4038 Post
2192 3984 2378 4054 (1531)
2402 3982 2794 4053 evangelicam
2817 3982 3148 4049 lectionem,
3174 3984 3380 4038 fratres
3403 3982 3619 4037 charis-

1967 4072 2125 4133 simi,
2160 4070 2488 4126 beatissimi
2515 4071 2762 4125 Joannis
2783 4072 3160 4141 priscursoris
3182 4071 3412 4125 Domini
3436 4072 3618 4126 nostri

1964 4161 2103 4215 Jesu
2137 4160 2348 4215 Christi
2374 4158 2541 4219 nobis
2564 4162 2653 4213 est
2676 4159 3015 4213 denuntiata
3038 4159 3328 4228 nativilas,
3351 4160 3421 4213 de
3448 4161 3617 4229 cujus

1967 4249 2389 4321 praeparatione
2420 4247 2643 4319 aliquid
2668 4264 2824 4302 nunc
2850 4249 2976 4318 jam
3003 4249 3360 4302 edocendum
3385 4263 3511 4301 esse
3534 4248 3615 4301 vi-

1966 4339 2156 4397 detur.
2190 4338 2331 4409 quia
2379 4337 2735 4392 omnimodis
2789 4338 3109 4392 cavendum
3153 4340 3241 4390 est
3291 4352 3361 4390 ne
3406 4335 3616 4407 vulgus

1966 4426 2194 4498 polluat
2232 4426 2583 4497 ignorantia,
2629 4426 2785 4497 quod
2832 4442 3065 4480 summa
3112 4425 3418 4479 observare
3465 4423 3619 4495 cogit

1967 4514 2328 4581 obedientia;
2363 4514 2406 4569 si
2442 4520 2634 4569 autem
2669 4514 2995 4569 nescientes
3013 4512 3365 4585 deliquerint
3396 4512 3451 4566 in
3486 4512 3615 4567 tali-

1967 4603 2098 4670 bus,
2134 4620 2249 4656 una
2280 4620 2386 4657 nos
2417 4620 2550 4657 cum
2586 4602 2698 4657 illis
2733 4603 2983 4657 involvet
3035 4603 3358 4657 sententia:
3404 4602 3450 4657 si
3484 4618 3617 4655 vero

207 4698 470 4752 Dominus
516 4699 656 4752 Deus
686 4694 900 4751 Israel:
954 4695 1148 4750 Ponite
1189 4697 1564 4765 unusquisque
1609 4694 1857 4765 gladium
1889 4714 1933 4777 D
1968 4709 2094 4763 quae
2127 4692 2503 4746 docuerimus
2535 4691 3017 4762 contempserint,
3050 4690 3132 4744 sic
3164 4691 3417 4745 alienum
3450 4689 3621 4743 delle-

207 4801 361 4841 suum
393 4803 560 4858 super
588 4788 772 4855 femur
799 4801 981 4847 suum,
1012 4789 1065 4837 et
1096 4784 1303 4839 occidat
1333 4785 1693 4854 urusquisquc
1736 4786 1852 4853 fra-

207 4881 342 4929 trem
372 4892 554 4941 suum,
588 4878 639 4931 et
679 4876 1058 4945 unusquisque
1100 4876 1419 4943 proximum
1449 4890 1609 4928 suum
1651 4874 1853 4941 (Exod.

208 4978 380 5036 mu,
411 4968 526 5029 27).
561 4966 775 5020 Beatus
791 4980 924 5018 vero
946 4966 1149 5018 Petrus
1168 4964 1438 5034 princeps
1457 4961 1856 5034 apostolorum

212 5066 341 5107 cum
373 5053 616 5125 reliquis
665 5058 796 5124 post
853 5052 1167 5107 adventum
1227 5052 1411 5107 sancti
1441 5052 1708 5123 Spiritus,
1740 5050 1857 5107 illis

213 5140 381 5197 etiam
405 5142 508 5212 qui
535 5142 728 5212 ipsum
756 5139 1065 5195 Dominum
1089 5140 1860 5205 crucifixerant,constanter

1968 4781 2183 4848 bimus,
2201 4785 2263 4833 ut
2282 4784 2549 4833 nostrum
2574 4779 2779 4832 exinde
2804 4796 2917 4833 non
2939 4780 3252 4832 timeamus
3271 4776 3615 4847 periculum.

1966 4873 2287 4941 Cognoscat
2337 4868 2517 4938 igitur
2566 4868 2878 4937 prudentia
2929 4871 3122 4921 vestra
3152 4865 3365 4919 malam
3401 4865 3472 4919 de
3501 4869 3621 4919 tam

1967 4959 2221 5031 gloriosa
2242 4956 2611 5011 solemnitate
2641 4954 2857 5009 crebris
2882 4956 2940 5010 in
2975 4952 3121 5008 locis
3150 4952 3457 5007 inolevisse
3490 4970 3622 5007 con-

1968 5046 2407 5111 suetitudinem,
2444 5050 2507 5101 ut
2535 5044 2800 5114 quaedam
2834 5037 3228 5099 meretriculae
3259 5040 3532 5095 ecclesias
3573 5044 3631 5094 et

1970 5136 2167 5192 divina
2198 5135 2389 5190 ofﬁcia
2422 5133 2853 5203 derelinquant,
2918 5138 2975 5189 et
3038 5127 3268 5198 passim
3324 5130 3503 5200 (1532)
3535 5144 3636 5199 per
