3976 5348
413 361 525 424 851

1433 360 1771 425 ATTONIS
1816 358 2401 424 VERCELLENSIS
2444 359 2801 423 EPISCOPI

3682 362 3770 427 852

418 498 560 555 adeo
589 493 776 571 gignit
804 494 1118 563 insaniam,
1150 498 1215 551 ut
1246 495 1457 552 herbas
1488 497 1575 551 vel
1607 497 1841 552 frondes
1872 495 2058 567 bapti-
2090 496 2137 561 Α
2173 493 2429 550 claustra
2458 494 2860 550 descendendo
2886 492 3019 565 :qui
3040 492 3213 549 etiam
3239 492 3377 548 adeo
3399 492 3476 547 ab
3507 508 3571 548 eo
3592 498 3769 567 magni.

414 604 544 643 zare
576 589 952 659 praesumant,
986 588 1041 641 et
1074 584 1278 640 exinde
1328 589 1653 657 compatres
1684 584 1769 639 vel
1804 601 2059 639 comma-

414 680 533 733 tres
564 677 818 731 audeant
846 675 1120 739 vocitare,
1168 673 1409 745 suisque
1439 674 1712 729 domibus
1744 690 2061 744 suspensas

416 765 517 821 diu
568 765 625 820 in
654 764 1025 837 postmodum
1058 764 1227 835 quasi
1274 764 1570 836 religionis
1593 780 1769 819 causa
1790 764 2064 818 studeant

415 870 774 911 conservare.
808 853 954 907 Nam
984 852 1190 908 beatus
1220 853 1475 908 Joannes
1506 853 1633 907 ideo
1668 852 1923 924 Baptista
1951 852 2063 905 dic-

410 947 509 999 tus
542 947 650 1013 θεῖ,
683 942 818 1015 quia
840 942 964 1013 ipse
1006 941 1262 1013 primum
1294 942 1657 1013 baptismum
1701 940 2063 996 remissionis

414 1031 754 1087 hominibus
778 1030 1202 1103 praedicaverat,
1228 1036 1284 1085 et
1307 1030 1637 1101 baptizandi
1668 1029 2059 1084 ministerium

413 1124 765 1192 sumpserat.
789 1123 1213 1191 Auctoremque
1234 1119 1496 1174 omnium
1515 1136 1619 1174 suo
1645 1118 1857 1173 meruit
1875 1120 2064 1174 lavare

410 1210 783 1283 baptismate.
836 1209 1253 1264 Caeterarum...
1290 1208 1619 1263 Beatissimi
1647 1225 1878 1279 quoque
1912 1208 2063 1263 Petri

412 1299 697 1372 principis
725 1296 1118 1369 apostolorum
1165 1298 1531 1353 festivitatem
1588 1298 1929 1367 hujusmodi
1971 1315 2061 1351 so—

414 1388 538 1444 lent
560 1386 775 1443 maniis
807 1385 1233 1442 commaculare
1260 1404 1271 1441 :
1318 1404 1567 1459 quarum
1601 1386 1724 1441 aliae
1755 1386 2063 1440 maleficio-

418 1494 571 1548 rum,
618 1475 745 1532 alire
792 1474 979 1546 stupri
1013 1492 1208 1544 causa,
1240 1474 1459 1529 talibus
1489 1475 1845 1529 vanitatibus
1875 1475 2064 1530 inser-

416 1564 583 1620 viunt
613 1564 814 1635 (1532).
848 1564 1223 1619 Considerate
1255 1579 1410 1635 ergo,
1460 1564 1665 1619 fratres
1710 1563 2063 1630 charissimi,

418 1659 705 1727 quantum
720 1654 975 1708 dedecus
990 1653 1135 1709 tales
1157 1653 1325 1708 nobis
1340 1652 2067 1723 prioribus,quantumque

415 1744 527 1799 sibi
560 1742 811 1798 inferant
833 1742 1282 1810 detrimentum,
1316 1747 1372 1796 et
1402 1741 1484 1796 sic
1518 1742 1927 1813 unusquisque
1959 1740 2068 1795 sal-

2172 583 2380 638 ticatus
2412 588 2519 652 est,
2554 588 2616 638 ut
2649 583 2834 654 ipsius
2863 583 3197 639 testimonio
3230 581 3534 637 clariﬁcari
3566 588 3621 638 et
3646 584 3770 655 plus-

2170 689 2345 743 quam
2369 672 2708 744 prophetam
2733 672 3466 744 appellari,mereretur.Ad
3486 672 3647 743 cujus
3669 690 3773 744 quo-

2172 778 2283 831 quc
2330 763 2793 833 exaggerandam
2826 761 3071 833 gloriam
3102 761 3344 832 insuper
3372 761 3649 831 adjiciens
3675 764 3768 817 ait:

2173 851 2211 904 Α
2245 850 2433 905 diebus
2476 852 2699 906 Joannis
2728 868 2896 923 usque
2942 866 3088 905 nunc
3131 866 3367 921 regnum
3418 851 3667 904 cwlorum
3693 856 3774 906 vim

2170 942 2399 1010 patitur,
2433 948 2482 994 et
2533 941 2760 995 violenti
2784 943 3010 1010 rapiunt
3037 939 3175 994 illud
3219 938 3431 1009 (Matth.
3463 957 3541 1005 x1,
3576 943 3671 1009 1‘3).
3701 944 3774 996 lte-

2170 1045 2341 1097 gnum
2370 1030 2631 1084 malorum
2656 1031 2765 1083 vim
2790 1030 3004 1100 patitur
3031 1037 3080 1083 et
3128 1028 3359 1083 violenti
3389 1032 3609 1100 rapiunt
3646 1030 3769 1092 illud,

2173 1134 2305 1172 cum
2340 1118 2470 1188 quis
2502 1135 2714 1190 pravus
2746 1135 3014 1189 perversa
3055 1118 3224 1189 longo
3253 1122 3587 1188 tempore...
3618 1136 3781 1190 prunas

2175 1223 2321 1278 quas
2347 1206 2493 1262 male
2507 1206 2749 1261 vivendo
2766 1207 3103 1277 promeruit,
3128 1207 3583 1262 misericorditer
3609 1208 3777 1273 evadit,

2174 1299 2413 1365 atque...
2468 1295 2789 1351 sublime...
2844 1296 3119 1351 cmlorum
3168 1312 3300 1350 mox
3330 1295 3516 1350 intrat
3571 1302 3778 1351 ovanter.

2176 1386 2325 1439 Bene
2358 1389 2551 1439 autem
2592 1403 2626 1440 a
2655 1386 2861 1440 diebus
2901 1384 3167 1451 Joannis,
3215 1386 3354 1455 quia
3398 1385 3525 1455 ipse
3568 1384 3777 1456 primum

2176 1474 2533 1545 baptismum
2566 1474 2899 1546 prazdicavit
2922 1490 3023 1545 per
3053 1490 3226 1545 quem
3252 1478 3495 1545 peccata
3523 1473 3778 1527 dimittun-

2176 1567 2290 1632 tur,
2324 1568 2378 1617 et
2418 1564 2613 1632 janua:
2647 1563 2808 1635 regni
2864 1562 3113 1618 cmlestis
3171 1563 3549 1634 pandantur:
3590 1562 3674 1616 ubi
3700 1581 3777 1618 nos

2177 1652 2306 1723 pius
2357 1651 2639 1707 Dominus
2698 1652 2923 1707 meritis
2976 1658 3034 1706 et
3089 1651 3609 1706 intercessionibus
3634 1650 3779 1721 ipsius

2178 1740 2498 1796 beatissimi
2533 1741 2907 1812 praecursoria
2935 1745 2990 1796 et
3022 1740 3301 1811 martyris
3323 1739 3419 1795 sui
3455 1739 3690 1810 recipere
3715 1740 3777 1793 di-

415 1838 533 1888 tem
566 1832 749 1903 (1535)
774 1833 1015 1887 domum
1040 1847 1207 1886 suam
1232 1830 1501 1885 atalibus
1524 1834 1731 1902 purget
1748 1831 2062 1885 erroribus.
2101 1865 2148 1929 B
2179 1834 2415 1901 gnetur;
2452 1829 2622 1900 cujus
2654 1846 2899 1901 regnum
2932 1832 2987 1883 et
3021 1828 3357 1900 imperium.

419 1921 750 1978 Partiamur
779 1938 928 1977 onus
960 1921 1164 1992 (1536),
1222 1920 1548 1992 partiamur
1611 1924 1667 1973 et
1721 1920 1901 1990 (1537)
1936 1936 2073 1991 prae-

420 2009 646 2065 mium:
695 2010 865 2065 debet
916 2008 1073 2064 enim
1127 2008 1536 2078 unusquisque
1586 2012 1846 2062 vestrum
1890 2007 2071 2079 (1538)

420 2098 619 2154 domui
653 2115 771 2153 suas
803 2114 1050 2169 praeesse
1080 2096 1413 2168 episcopus,
1468 2094 1606 2168 quia
1636 2096 1943 2167 episcopus
1972 2114 2073 2150 su—

418 2187 819 2260 perinspector
840 2186 1055 2241 dicitur
1080 2203 1091 2241 :
1121 2186 1191 2241 ab
1217 2202 1568 2256 unoquoque
1599 2185 1752 2240 enim
1788 2192 2073 2255 quantum

429 2275 707 2346 creditur,
737 2279 964 2329 tantum
1015 2274 1275 2346 exigetur
1307 2274 1510 2344 (1539).
1542 2273 1744 2329 Videte
1776 2274 1913 2345 quia
1945 2273 2074 2327 nul-

428 2362 523 2419 lus
554 2368 664 2431 est,
704 2362 796 2417 cui
831 2362 1053 2434 aliquid
1091 2380 1204 2416 non
1236 2363 1528 2429 credatur,
1564 2368 1620 2416 et
1652 2379 1683 2416 a
1709 2378 1823 2431 quo
1855 2361 2071 2432 aliquid

430 2469 545 2508 non
578 2452 862 2524 exigatur.
898 2451 985 2504 Ad
1019 2450 1243 2505 cultum
1279 2466 1413 2521 ergo
1442 2454 1613 2504 tantae
1633 2450 1964 2505 festivitatis
1994 2451 2075 2504 vi-

430 2541 631 2597 cissim
664 2558 770 2596 nos
802 2540 1045 2595 invitare
1076 2556 1368 2605 curemus,
1394 2540 1801 2611 abstergamus
1832 2556 2075 2607 errores,

429 2633 668 2685 cunctas
697 2628 944 2683 haereses
974 2626 1358 2699 repellamus;
1385 2629 1650 2698 jejuniis,
1687 2628 1918 2699 vigiliis,
1952 2646 2078 2683 ora-

428 2717 687 2775 tionibus
710 2734 1165 2789 prmcurramus,
1185 2722 1247 2771 ut
1267 2718 1467 2772 devote
1491 2722 1605 2771 tam
1628 2716 1883 2789 praeclari
1931 2734 2057 2771 mar

426 2807 571 2881 tyris
602 2807 818 2862 festum
853 2806 1038 2878 (1540)
1070 2806 1361 2861 celebrare
1394 2822 1745 2870 mereamur,
1771 2809 2081 2876 praestante

431 2896 675 2951 Domino
706 2898 907 2951 nostro
936 2895 1073 2950 Jesu
1107 2894 1361 2949 Lhristo.

1047 2983 1286 3038 SERMO
1329 2984 1479 3038 XIV.

889 3073 947 3110 IN
985 3072 1316 3110 NATIVITATE
1354 3072 1411 3110 EJ
1420 3072 1526 3111 USD
1534 3072 1610 3109 ΕΜ
1620 3100 1631 3109 .

504 3145 670 3201 Illius
698 3144 871 3201 hodie
903 3143 1197 3211 nativitas,
1224 3144 1428 3198 fratres
1453 3143 1805 3212 charissimi,
1835 3142 2084 3198 celebra-

2808 1936 3043 1991 SERMO
3083 1934 3198 1989 XV.

2254 2025 2312 2061 ΙΝ
2354 2023 2707 2062 FESTlVlTATE
2745 2024 3087 2063 SANCTORUM
3127 2023 3547 2063 APOSTOLORUM
3587 2022 3725 2062 PETRI

2857 2096 2923 2133 ET
2963 2096 3071 2133 PAU
3083 2096 3131 2132 LI
3141 2122 3152 2132 .

2254 2168 2543 2222 Hodierna
2572 2167 2931 2235 solemnitas,
2966 2168 3173 2222 fratres
3203 2166 3561 2232 charissimi,
3595 2185 3685 2222 nos
3710 2169 3778 2223 ad-

2185 2262 2383 2312 monet
2429 2256 2901 2311 beatissimorum
2949 2256 3342 2327 apostolorum
3399 2255 3552 2310 Petri
3583 2262 3631 2311 et
3660 2254 3779 2309 Pauli

2188 2347 2457 2400 ardenter
2489 2344 2758 2417 amplecti
2793 2345 3056 2417 vestigia,
3107 2346 3203 2416 qui
3236 2350 3426 2400 semet
3459 2346 3776 2417 abnegantes,

2186 2436 2591 2506 mundumque
2610 2451 2699 2487 om
2712 2451 2821 2488 nen
2845 2434 3671 2504 contemnentes,iudiciariam
3688 2436 3777 2503 ejus

2188 2524 2379 2594 adepti
2404 2528 2541 2577 sunt
2562 2528 2907 2594 potestatem
2932 2524 3059 2593 :qui
3086 2523 3281 2589 etiam,
3301 2524 3444 2594 quia
3468 2524 3670 2578 mundo
3688 2539 3778 2577 suc-

2188 2614 2460 2668 cumbere
2485 2612 2816 2680 noluerunt,
2846 2612 2987 2666 coelo
3013 2611 3229 2684 prmlati
3253 2618 3414 2678 sunt,
3443 2613 3607 2682 cujus
3625 2613 3777 2666 Petrus

2188 2701 2456 2773 claviger,
2493 2700 2704 2755 Paulus
2738 2702 2924 2756 factus
2947 2706 3033 2756 est
3064 2701 3449 2756 introductor.
3469 2702 3512 2757 Ο
3543 2717 3695 2773 quam
3718 2700 3776 2753 di-

2188 2808 2371 2863 gnum
2396 2797 2452 2846 et
2483 2806 2784 2862 magnum,
2819 2794 2882 2844 ut
2914 2790 3116 2844 Petrus
3147 2789 3399 2861 claviger
3432 2789 3509 2845 sit
3537 2789 3777 2852 calorum,

2190 2884 2245 2935 et
2272 2880 2496 2935 Lucifer
2518 2896 2805 2934 carcerem
2831 2879 3043 2934 sentiat
3061 2878 3398 2934 inferorum!
3436 2880 3611 2934 Homo
3638 2894 3779 2932 surre-

2190 2970 2272 3024 xit
2295 2971 2363 3023 ad
2398 2973 2667 3024 aeternam
2700 2968 2965 3039 gloriam,
3005 2966 3247 3040 angelus
3276 2968 3487 3023 cecidit
3508 2969 3575 3023 ad
3605 2982 3779 3039 penam

2195 3062 2565 3130 perpetuam:
2600 3058 2707 3113 iste
2738 3057 2795 3112 in
2829 3075 2889 3112 se
2922 3056 3172 3111 multum
3206 3056 3485 3129 praelatus
3512 3061 3567 3111 et
3594 3061 3779 3121 erectus,

2194 3146 2478 3203 ommium
2512 3163 2544 3201 a
2575 3146 2689 3201 Deo
2738 3151 3067 3201 creaturam
3112 3146 3300 3201 factus
3326 3151 3419 3200 est
3448 3146 3692 3210 inﬁmus;
3718 3141 3781 3196 ille

436 3240 551 3302 tur,
585 3236 656 3290 de
688 3250 802 3306 quo
836 3234 1116 3288 Dominus
1148 3232 1229 3287 ait
1261 3233 1317 3287 in
1370 3231 1717 3304 Evangelio:
1754 3234 1900 3288 Inter
1928 3235 2083 3287 natos
2115 3224 2157 3291 C
2196 3234 2439 3291 humilis
2483 3239 2539 3289 et
2567 3234 2851 3305 abjectus,
2901 3234 3075 3289 etiam
3110 3234 3508 3306 apostolorum
3542 3234 3702 3288 factus
3725 3234 3783 3284 est

442 3325 749 3379 mulierum
773 3339 883 3378 non
918 3324 1161 3377 surrexit
1189 3324 1367 3393 major
1395 3322 1619 3376 Joanne
1652 3322 1910 3393 Baptista
1934 3326 2085 3389 (Luc.

438 3431 539 3481 v11,
573 3414 689 3482 28).
722 3414 885 3469 Natos
914 3412 1411 3477 mulierum,natos
1443 3427 1511 3465 ex
1541 3410 1788 3465 mollitia
1809 3410 2085 3482 concupi-

441 3502 673 3559 scentiae
696 3498 1190 3573 appellat;mulier
1210 3517 1463 3571 namque
1480 3517 1509 3555 e
1532 3500 1775 3555 mollitia
1796 3500 1947 3554 dicta
1977 3504 2086 3571 θεῖ,

438 3607 505 3647 eo
536 3589 690 3661 quod
721 3588 818 3643 hic
854 3604 1027 3643 sexus
1079 3587 1244 3642 facile
1277 3587 1555 3642 moliatur
1585 3588 1655 3641 ad
1688 3588 1939 3658 culpam.
1974 3588 2087 3642 No-

436 3680 683 3734 tandum
715 3693 854 3731 sane
904 3676 1042 3746 quia
1073 3692 1240 3730 suam
1274 3675 1558 3731 Dominus
1591 3676 1949 3731 nativitatem
1982 3676 2089 3731 hoc

437 3764 774 3821 testimonio
788 3780 901 3819 non
915 3763 1553 3835 comprehendit,cujus
1567 3765 1749 3820 Mater
1761 3766 1866 3819 etsi
1883 3769 2091 3820 natura

438 3853 596 3908 dicta
628 3852 703 3907 sit
751 3851 980 3917 mulier,
1011 3852 1197 3906 virilis
1248 3856 1445 3908 tamen
1478 3852 1588 3907 fuit
1618 3853 1675 3907 in
1708 3854 2086 3922 continentia,

442 3959 568 4015 quae
601 3940 724 3997 sine
758 3941 1017 3996 humana
1060 3941 1532 4013 concupiscentia
1557 3942 1758 4013 genuit
1788 3942 2008 4014 prolem
2034 3948 2092 3997 et

442 4032 663 4086 mundo
693 4030 876 4085 edidit
905 4030 1280 4085 Salvatorem.
1304 4031 1535 4086 Caeteris
1566 4037 1759 4085 autem
1789 4031 2090 4086 sanctissi-

442 4119 554 4176 mis
584 4124 641 4175 et
671 4120 921 4174 summis
937 4119 1452 4186 hominihus,virili
1476 4119 1695 4175 scilicet
1714 4120 1937 4175 semine
1961 4138 2089 4191 pro-

443 4209 675 4275 creatis,
706 4208 906 4263 nullus
939 4209 1176 4264 beatum
1204 4209 1487 4264 Joannem
1522 4226 1622 4280 per
1652 4210 1847 4263 omnia
1870 4209 2094 4263 dubitet

443 4297 865 4369 coaequandum
892 4296 1253 4363 catholicus;
1290 4299 1459 4367 cujus
1492 4297 1761 4351 nativitas
1790 4298 1844 4351 in
1877 4298 2094 4368 templo

443 4387 514 4441 ab
546 4385 752 4458 angelo
784 4386 1073 4453 nuntiata,
1101 4402 1217 4457 qua
1248 4391 1433 4440 mater
1464 4386 1678 4440 sterilis
1711 4391 1767 4441 et
1790 4387 1913 4457 jam
1948 4404 2096 4441 anus

442 4475 770 4541 fecundata,
801 4474 857 4528 in
893 4491 1008 4547 qua
1029 4479 1084 4529 et
1107 4480 1271 4528 muta
1297 4474 1477 4545 patris
1502 4475 1701 4546 lingua
1722 4475 1987 4531 absoluta
2009 4481 2098 4530 est

2198 3325 2423 3396 primus
2453 3340 2463 3377 :
2501 3322 2667 3378 illum
2700 3323 3011 3393 prostravit
3036 3323 3508 3395 superhia,hunc
3539 3320 3779 3376 humilitas

2198 3412 2554 3467 sublimavit.
2579 3413 2763 3477 Quam
2808 3412 2952 3467 bene
2982 3413 3182 3467 Simon
3217 3412 3413 3466 dictus
3446 3417 3551 3482 est,
3584 3410 3698 3482 quia
3720 3408 3779 3462 Si-

2199 3518 2334 3557 mon
2362 3502 2776 3572 interpretatur
2808 3500 3124 3555 obediensl
3158 3502 3343 3571 (quem
3375 3500 3589 3556 sodalis
3619 3495 3778 3552 Paulus

2198 3607 2313 3645 non
2342 3590 2512 3661 longe
2544 3605 2649 3643 suo
2710 3606 2941 3661 quoque
3004 3593 3238 3645 secutus
3270 3594 3359 3645 est
3390 3589 3621 3645 nomine
3647 3604 3657 3641 :
3683 3600 3781 3639 nam

2200 3678 2446 3733 Paulum
2479 3694 2686 3749 parum
2717 3678 3007 3733 dicimus:
3039 3678 3268 3733 videtur
3299 3678 3455 3733 enim
3489 3677 3664 3733 multa
3687 3673 3779 3729 obe-

2199 3768 2428 3822 dientiae
2457 3783 2580 3822 esse
2627 3783 2882 3833 nomem,
2917 3783 3045 3821 cum
3072 3767 3161 3821 vir
3187 3771 3350 3821 tanta
3384 3767 3664 3822 divinitate
3689 3777 3781 3833 per-

2199 3856 2808 3926 lustratus,tantisque
2824 3854 3157 3910 cmlestibus
3178 3855 3779 3927 dogmatibusimbutus,

2202 3951 2265 4001 ut
2295 3947 2366 4000 ab
2395 3947 2520 4017 ipso
2555 3945 2796 3999 Domino
2829 3961 2930 3998 vas
2955 3943 3255 3999 electionis
3285 3945 3355 3998 ad
3376 3943 3695 4017 portandum
3712 3952 3781 3990 no-

2203 4051 2336 4089 men
2370 4050 2543 4088 suum
2602 4032 2792 4087 vocari
2852 4038 3177 4088 mereretur
3206 4034 3346 4103 (Act.
3384 4052 3458 4099 1x,
3494 4033 3593 4103 15),
3621 4031 3781 4101 ipsese

2203 4120 2510 4193 parvulum
2544 4122 2857 4175 aestimaret
2888 4120 3334 4177 nominandum.
3366 4125 3602 4194 Magnus
3640 4118 3781 4185 itaque

2203 4210 2315 4264 dici
2376 4209 2584 4281 potuit,
2620 4225 2794 4279 quem
2842 4209 3127 4264 Dominus
3160 4214 3307 4281 post,
3345 4209 3701 4266 ascensionem
3733 4198 3781 4254 ad

2204 4298 2379 4354 coelos
2403 4314 2505 4370 per
2536 4298 2919 4370 semetipsum
2950 4299 3174 4353 vocavit
3204 4302 3259 4353 et
3289 4299 3502 4367 docuit,
3533 4311 3679 4369 quem
3704 4286 3781 4345 sibi

2206 4386 2536 4459 apostolum
2602 4388 2962 4442 consecravit
3002 4387 3139 4457 (Gal.
3174 4404 3214 4454 ι,
3277 4390 3350 4457 1).
3409 4388 3506 4460 qui
3560 4376 3780 4454 usquead

2206 4478 2441 4532 tertium
2472 4482 2672 4548 raptus
2693 4481 2781 4531 est
2804 4477 3037 4540 coelum,
3057 4476 3157 4548 qui
3179 4478 3350 4531 etiam
3368 4477 3608 4532 divinum
3626 4464 3780 4526 meruit

444 4582 477 4620 a
506 4580 621 4636 quo
670 4565 921 4618 necdum
977 4568 1111 4618 nato
1161 4564 1385 4618 Domini
1422 4569 1603 4618 mater
1636 4565 1850 4634 agnita,
1883 4565 2096 4619 Christi
2133 4590 2173 4652 υ
2209 4567 2407 4621 audire
2441 4569 2723 4620 secretum
2755 4567 2825 4635 (Il
2849 4565 2968 4619 Cor.
3004 4582 3100 4634 xu,
3133 4566 3209 4629 3).
3235 4566 3483 4637 Uterque
3512 4563 3663 4634 igitur
3687 4570 3780 4652 p05-

446 4669 679 4726 quoque
710 4657 798 4708 est
829 4653 1136 4724 praesentia
1167 4652 1471 4719 delectata,
1504 4654 1599 4724 qui
1634 4654 1805 4708 etiam
1846 4672 1943 4724 per
1978 4673 2098 4725 pro-

449 4743 683 4816 phetam
718 4743 888 4813 longo
922 4748 1055 4798 ante
1097 4748 1355 4814 tempore
1390 4743 1603 4798 meruit
1634 4743 1998 4813 proclamari,
2032 4745 2101 4797 de

452 4848 567 4903 quo
598 4832 816 4885 dictum
851 4836 939 4885 est
965 4849 976 4887 :
1011 4835 1152 4886 Ecue
1182 4834 1334 4887 mitto
1364 4834 1620 4902 angelum
1650 4849 1829 4886 meum
1861 4841 1987 4887 ante
2014 4835 2099 4903 fa-

452 4922 591 4976 ciem
618 4926 794 4990 tuam,
828 4922 926 4990 qui
950 4922 1295 4991 przeparabit
1326 4923 1471 4976 viam
1502 4930 1655 4975 tuam
1686 4926 1813 4975 ante
1858 4929 1906 4975 te
1936 4922 2100 4989 (Mal.

460 5009 634 5080 111,1).
660 5008 1033 5065 Considerate
1055 5026 1211 5081 ergo,
1234 5010 1620 5079 dilectissimi,
1649 5013 1865 5080 quanto
1889 5010 2106 5064 honore

457 5096 671 5168 dignus
702 5098 798 5166 sit,
825 5099 923 5169 qui
957 5099 1177 5154 missus
1195 5117 1226 5152 a
1251 5098 1365 5152 Deo
1389 5098 1709 5163 Patre,Filii
1736 5098 1947 5151 meruit
1970 5115 2108 5169 prte-

460 5201 687 5222 nnhrnnn
711 5188 1020 5222 aﬂuanlnm
1044 5205 1055 5217 ο
1081 5204 1145 5222 ον
1170 5204 1283 5222 nnn
1307 5187 1477 5222 aliam
1506 5186 1828 5222 minialonin
1857 5203 2107 5222 nnmnnn-

2210 4655 2399 4709 siilent
2430 4654 2672 4725 gloriam
2709 4653 3009 4715 claritatis.
3066 4654 3203 4725 quia
3245 4654 3499 4725 utrisque
3527 4644 3778 4706 adluithu-

2214 4743 2429 4797 mililas
2489 4743 2813 4796 charitatis.
2880 4742 3128 4813 Uterque
3187 4744 3385 4798 vivunt
3427 4759 3549 4798 cum
3590 4734 3777 4792 Christo,

2212 4832 2349 4903 quia
2382 4832 2530 4885 mori
2564 4848 2679 4885 non
2712 4831 3035 4885 timuerunt
3071 4849 3173 4903 pro
3205 4832 3350 4902 ipso.
3386 4832 3574 4885 Petrus
3593 4842 3681 4882 non
3702 4821 3779 4873 du—

2214 4920 2416 4976 bitavit
2447 4936 2679 4973 crucem
2705 4924 2992 4989 gyratam,
3030 4920 3244 4973 Paulus
3271 4936 3502 4974 manum
3535 4932 3628 4971 non
3656 4922 3779 4980 expa-

2212 5009 2294 5062 vit
2345 5012 2653 5063 armatam.
2708 5010 2811 5062 llle
2869 5012 3044 5079 caput
3074 5008 3387 5064 declinavit
3416 5008 3480 5062 ad
3518 5012 3712 5066 terram,
3737 4998 3779 5047 ut

2215 5097 2286 5151 ad
2320 5095 2527 5150 emlum
2557 5099 2828 5166 erigeret;
2865 5095 2956 5149 hic
2974 5095 3159 5165 capite
3190 5100 3487 5150 truncatus
3512 5097 3607 5159 est,
3637 5092 3685 5142 ut
3708 5097 3777 5155 p0-

2213 5187 2329 5222 Ηιιο
2360 5188 2639 5222 praepara}
2671 5184 2805 5222 .lnro
2826 5188 2980 5222 lnnl‘n
3012 5184 3303 5222 r‘nncnnn‘li
3331 5186 3461 5222 οηηέ
3492 5166 3778 5222 nrmmiaﬂlll
