  <div class='ocr_page' id='page_1' title='image "/cluster/home/n/w/nwhite01/storage/ocr_20150623/134/hvd.32044015471741/424.png"; bbox 0 0 3976 5348; ppageno 0'>
   <div class='ocr_carea' id='block_1_1' title="bbox 234 389 357 457">
    <p class='ocr_par' dir='ltr' id='par_1_1' title="bbox 234 389 357 457">
     <span class='ocr_line' id='line_1_1' title="bbox 234 389 357 457; baseline 0 0"><span class='ocrx_word' id='word_1_1' title='bbox 234 389 357 457; x_wconf 76' lang='lat'>853</span> 
     </span>
    </p>
   </div>
   <div class='ocr_carea' id='block_1_2' title="bbox 1720 394 2160 462">
    <p class='ocr_par' dir='ltr' id='par_1_2' title="bbox 1720 394 2160 462">
     <span class='ocr_line' id='line_1_2' title="bbox 1720 394 2160 462; baseline -0.005 -3"><span class='ocrx_word' id='word_1_2' title='bbox 1720 394 2160 462; x_wconf 82' lang='lat' dir='ltr'><strong>SERMONES.</strong></span> 
     </span>
    </p>
   </div>
   <div class='ocr_carea' id='block_1_3' title="bbox 3525 397 3643 460">
    <p class='ocr_par' dir='ltr' id='par_1_3' title="bbox 3525 397 3643 460">
     <span class='ocr_line' id='line_1_3' title="bbox 3525 397 3643 460; baseline 0 -1"><span class='ocrx_word' id='word_1_3' title='bbox 3525 397 3643 460; x_wconf 78' lang='grc'>854</span> 
     </span>
    </p>
   </div>
   <div class='ocr_carea' id='block_1_4' title="bbox 238 527 3640 605">
    <p class='ocr_par' dir='ltr' id='par_1_4' title="bbox 238 527 3640 605">
     <span class='ocr_line' id='line_1_4' title="bbox 238 527 3640 605; baseline 0.001 -19"><span class='ocrx_word' id='word_1_4' title='bbox 238 546 557 603; x_wconf 80' lang='lat' dir='ltr'><strong>possumus</strong></span> <span class='ocrx_word' id='word_1_5' title='bbox 587 527 804 585; x_wconf 89' lang='lat' dir='ltr'><strong>imitari</strong></span> <span class='ocrx_word' id='word_1_6' title='bbox 835 545 1129 587; x_wconf 89' lang='lat' dir='ltr'><strong>curemus.</strong></span> <span class='ocrx_word' id='word_1_7' title='bbox 1175 529 1546 604; x_wconf 84' lang='lat' dir='ltr'><strong>Respuamus</strong></span> <span class='ocrx_word' id='word_1_8' title='bbox 1576 534 1805 586; x_wconf 88' lang='lat' dir='ltr'><strong>terrena</strong></span> <span class='ocrx_word' id='word_1_9' title='bbox 1829 535 1888 586; x_wconf 89' lang='lat' dir='ltr'><strong>et</strong></span> <span class='ocrx_word' id='word_1_10' title='bbox 1915 530 1970 596; x_wconf 78' lang='grc' dir='ltr'><strong>Α</strong></span> <span class='ocrx_word' id='word_1_11' title='bbox 1998 534 2147 585; x_wconf 88' lang='lat' dir='ltr'><strong>tum.</strong></span> <span class='ocrx_word' id='word_1_12' title='bbox 2177 534 2251 585; x_wconf 87' lang='lat' dir='ltr'><strong>At</strong></span> <span class='ocrx_word' id='word_1_13' title='bbox 2282 535 2480 601; x_wconf 80' lang='lat' dir='ltr'><strong>pastor</strong></span> <span class='ocrx_word' id='word_1_14' title='bbox 2508 532 2777 605; x_wconf 87' lang='lat' dir='ltr'><strong>egregius</strong></span> <span class='ocrx_word' id='word_1_15' title='bbox 2825 530 2991 605; x_wconf 89' lang='lat' dir='ltr'><strong>signo</strong></span> <span class='ocrx_word' id='word_1_16' title='bbox 3041 531 3230 589; x_wconf 89' lang='lat' dir='ltr'><strong>crucis</strong></span> <span class='ocrx_word' id='word_1_17' title='bbox 3277 531 3475 589; x_wconf 88' lang='lat' dir='ltr'><strong>omnia</strong></span> <span class='ocrx_word' id='word_1_18' title='bbox 3504 549 3640 590; x_wconf 92' lang='lat' dir='ltr'><strong>con-</strong></span> 
     </span>
    </p>
   </div>
   <div class='ocr_carea' id='block_1_5' title="bbox 234 619 1889 691">
    <p class='ocr_par' dir='ltr' id='par_1_5' title="bbox 234 619 1889 691">
     <span class='ocr_line' id='line_1_5' title="bbox 234 619 1889 691; baseline -0.001 -17"><span class='ocrx_word' id='word_1_19' title='bbox 234 620 479 685; x_wconf 87' lang='lat' dir='ltr'><strong>caduca,</strong></span> <span class='ocrx_word' id='word_1_20' title='bbox 512 619 944 691; x_wconf 79' lang='lat' dir='ltr'><strong>amplectamur</strong></span> <span class='ocrx_word' id='word_1_21' title='bbox 991 619 1250 675; x_wconf 76' lang='lat' dir='ltr'><strong>caalestia</strong></span> <span class='ocrx_word' id='word_1_22' title='bbox 1301 624 1359 675; x_wconf 89' lang='lat' dir='ltr'><strong>et</strong></span> <span class='ocrx_word' id='word_1_23' title='bbox 1414 636 1711 687; x_wconf 90' lang='lat' dir='ltr'><strong>mansura,</strong></span> <span class='ocrx_word' id='word_1_24' title='bbox 1749 619 1889 690; x_wconf 83' lang='lat' dir='ltr'><strong>quia</strong></span> 
     </span>
    </p>
   </div>
   <div class='ocr_carea' id='block_1_6' title="bbox 236 707 1885 780">
    <p class='ocr_par' dir='ltr' id='par_1_6' title="bbox 236 707 1885 780">
     <span class='ocr_line' id='line_1_6' title="bbox 236 707 1885 780; baseline -0.001 -18"><span class='ocrx_word' id='word_1_25' title='bbox 236 707 383 763; x_wconf 89' lang='lat' dir='ltr'><strong>nihil</strong></span> <span class='ocrx_word' id='word_1_26' title='bbox 417 709 654 780; x_wconf 83' lang='lat' dir='ltr'><strong>prodest</strong></span> <span class='ocrx_word' id='word_1_27' title='bbox 682 709 905 763; x_wconf 88' lang='lat' dir='ltr'><strong>homini</strong></span> <span class='ocrx_word' id='word_1_28' title='bbox 940 709 987 763; x_wconf 92' lang='lat' dir='ltr'><strong>si</strong></span> <span class='ocrx_word' id='word_1_29' title='bbox 1018 713 1205 763; x_wconf 88' lang='lat' dir='ltr'><strong>totum</strong></span> <span class='ocrx_word' id='word_1_30' title='bbox 1239 709 1514 779; x_wconf 85' lang='lat' dir='ltr'><strong>lucretur,</strong></span> <span class='ocrx_word' id='word_1_31' title='bbox 1538 709 1745 775; x_wconf 66' lang='lat' dir='ltr'><strong>animae</strong></span> <span class='ocrx_word' id='word_1_32' title='bbox 1769 724 1885 763; x_wconf 81' lang='lat' dir='ltr'><strong>suae</strong></span> 
     </span>
    </p>
   </div>
   <div class='ocr_carea' id='block_1_7' title="bbox 234 797 1886 869">
    <p class='ocr_par' dir='ltr' id='par_1_7' title="bbox 234 797 1886 869">
     <span class='ocr_line' id='line_1_7' title="bbox 234 797 1886 869; baseline 0 -18"><span class='ocrx_word' id='word_1_33' title='bbox 234 797 654 853; x_wconf 85' lang='lat' dir='ltr'><strong>detrimentum</strong></span> <span class='ocrx_word' id='word_1_34' title='bbox 685 798 947 869; x_wconf 89' lang='lat' dir='ltr'><strong>patiatur</strong></span> <span class='ocrx_word' id='word_1_35' title='bbox 984 799 1190 869; x_wconf 76' lang='lat' dir='ltr'><strong>(Matth.</strong></span> <span class='ocrx_word' id='word_1_36' title='bbox 1242 816 1356 861; x_wconf 78' lang='lat' dir='ltr'><strong>xv1,</strong></span> <span class='ocrx_word' id='word_1_37' title='bbox 1403 800 1515 869; x_wconf 88' lang='lat'>26).</span> <span class='ocrx_word' id='word_1_38' title='bbox 1546 797 1886 851; x_wconf 84' lang='lat' dir='ltr'><strong>Humilitate</strong></span> 
     </span>
    </p>
   </div>
   <div class='ocr_carea' id='block_1_8' title="bbox 233 886 1885 959">
    <p class='ocr_par' dir='ltr' id='par_1_8' title="bbox 233 886 1885 959">
     <span class='ocr_line' id='line_1_8' title="bbox 233 886 1885 959; baseline 0 -19"><span class='ocrx_word' id='word_1_39' title='bbox 233 886 620 958; x_wconf 77' lang='lat' dir='ltr'><strong>gaudeamus,</strong></span> <span class='ocrx_word' id='word_1_40' title='bbox 648 886 985 958; x_wconf 82' lang='lat' dir='ltr'><strong>superbiam</strong></span> <span class='ocrx_word' id='word_1_41' title='bbox 1010 886 1328 959; x_wconf 81' lang='lat' dir='ltr'><strong>fugiamus,</strong></span> <span class='ocrx_word' id='word_1_42' title='bbox 1349 887 1487 958; x_wconf 90' lang='lat' dir='ltr'><strong>quia</strong></span> <span class='ocrx_word' id='word_1_43' title='bbox 1508 888 1687 942; x_wconf 80' lang='lat' dir='ltr'><strong>omnis</strong></span> <span class='ocrx_word' id='word_1_44' title='bbox 1707 889 1803 957; x_wconf 79' lang='lat' dir='ltr'><strong>qui</strong></span> <span class='ocrx_word' id='word_1_45' title='bbox 1828 902 1885 940; x_wconf 77' lang='lat' dir='ltr'><strong>se</strong></span> 
     </span>
    </p>
   </div>
   <div class='ocr_carea' id='block_1_9' title="bbox 232 974 1887 1047">
    <p class='ocr_par' dir='ltr' id='par_1_9' title="bbox 232 974 1887 1047">
     <span class='ocr_line' id='line_1_9' title="bbox 232 974 1887 1047; baseline -0.001 -17"><span class='ocrx_word' id='word_1_46' title='bbox 232 976 450 1030; x_wconf 75' lang='lat' dir='ltr'><strong>exultat</strong></span> <span class='ocrx_word' id='word_1_47' title='bbox 498 974 905 1045; x_wconf 78' lang='lat' dir='ltr'><strong>humiliabztur,</strong></span> <span class='ocrx_word' id='word_1_48' title='bbox 954 984 1004 1031; x_wconf 81' lang='lat' dir='ltr'><strong>et</strong></span> <span class='ocrx_word' id='word_1_49' title='bbox 1052 978 1145 1047; x_wconf 78' lang='lat' dir='ltr'><strong>qui</strong></span> <span class='ocrx_word' id='word_1_50' title='bbox 1190 992 1245 1031; x_wconf 76' lang='lat' dir='ltr'><strong>se</strong></span> <span class='ocrx_word' id='word_1_51' title='bbox 1269 976 1887 1032; x_wconf 72' lang='lat' dir='ltr'><strong>hmnilz‘atexaltabitur</strong></span> 
     </span>
    </p>
   </div>
   <div class='ocr_carea' id='block_1_10' title="bbox 233 1065 1880 1135">
    <p class='ocr_par' dir='ltr' id='par_1_10' title="bbox 233 1065 1880 1135">
     <span class='ocr_line' id='line_1_10' title="bbox 233 1065 1880 1135; baseline -0.001 -16"><span class='ocrx_word' id='word_1_52' title='bbox 233 1065 388 1134; x_wconf 79' lang='lat' dir='ltr'><strong>(Luc.</strong></span> <span class='ocrx_word' id='word_1_53' title='bbox 411 1080 571 1130; x_wconf 81' lang='lat' dir='ltr'><strong>xvm,</strong></span> <span class='ocrx_word' id='word_1_54' title='bbox 596 1065 751 1133; x_wconf 85' lang='grc'>14)...</span> <span class='ocrx_word' id='word_1_55' title='bbox 794 1070 902 1134; x_wconf 82' lang='lat' dir='ltr'><strong>est,</strong></span> <span class='ocrx_word' id='word_1_56' title='bbox 946 1065 1043 1135; x_wconf 90' lang='lat' dir='ltr'><strong>qui</strong></span> <span class='ocrx_word' id='word_1_57' title='bbox 1076 1070 1299 1119; x_wconf 90' lang='lat' dir='ltr'><strong>amat...</strong></span> <span class='ocrx_word' id='word_1_58' title='bbox 1330 1065 1417 1120; x_wconf 92' lang='lat' dir='ltr'><strong>cio</strong></span> <span class='ocrx_word' id='word_1_59' title='bbox 1440 1066 1497 1119; x_wconf 92' lang='lat' dir='ltr'><strong>in</strong></span> <span class='ocrx_word' id='word_1_60' title='bbox 1521 1065 1697 1120; x_wconf 88' lang='lat' dir='ltr'><strong>vitam</strong></span> <span class='ocrx_word' id='word_1_61' title='bbox 1722 1068 1880 1118; x_wconf 65' lang='lat' dir='ltr'><strong>eter-</strong></span> 
     </span>
    </p>
   </div>
   <div class='ocr_carea' id='block_1_11' title="bbox 232 1152 1884 1225">
    <p class='ocr_par' dir='ltr' id='par_1_11' title="bbox 232 1152 1884 1225">
     <span class='ocr_line' id='line_1_11' title="bbox 232 1152 1884 1225; baseline 0 -18"><span class='ocrx_word' id='word_1_62' title='bbox 232 1169 371 1208; x_wconf 89' lang='lat' dir='ltr'><strong>nam</strong></span> <span class='ocrx_word' id='word_1_63' title='bbox 403 1152 641 1225; x_wconf 88' lang='lat' dir='ltr'><strong>recipiet</strong></span> <span class='ocrx_word' id='word_1_64' title='bbox 661 1170 810 1208; x_wconf 83' lang='lat' dir='ltr'><strong>eam.</strong></span> <span class='ocrx_word' id='word_1_65' title='bbox 845 1153 1006 1208; x_wconf 89' lang='lat' dir='ltr'><strong>Unde</strong></span> <span class='ocrx_word' id='word_1_66' title='bbox 1045 1153 1205 1208; x_wconf 91' lang='lat' dir='ltr'><strong>omni</strong></span> <span class='ocrx_word' id='word_1_67' title='bbox 1244 1154 1378 1209; x_wconf 90' lang='lat' dir='ltr'><strong>nisu</strong></span> <span class='ocrx_word' id='word_1_68' title='bbox 1403 1154 1749 1225; x_wconf 88' lang='lat' dir='ltr'><strong>omnique...</strong></span> <span class='ocrx_word' id='word_1_69' title='bbox 1783 1169 1884 1207; x_wconf 93' lang='lat' dir='ltr'><strong>vos</strong></span> 
     </span>
    </p>
   </div>
   <div class='ocr_carea' id='block_1_12' title="bbox 228 1242 1884 1314">
    <p class='ocr_par' dir='ltr' id='par_1_12' title="bbox 228 1242 1884 1314">
     <span class='ocr_line' id='line_1_12' title="bbox 228 1242 1884 1314; baseline 0.001 -19"><span class='ocrx_word' id='word_1_70' title='bbox 228 1242 392 1296; x_wconf 90' lang='lat' dir='ltr'><strong>viros</strong></span> <span class='ocrx_word' id='word_1_71' title='bbox 409 1247 748 1314; x_wconf 86' lang='lat' dir='ltr'><strong>satagamus</strong></span> <span class='ocrx_word' id='word_1_72' title='bbox 768 1258 1111 1314; x_wconf 84' lang='lat' dir='ltr'><strong>exposcere;</strong></span> <span class='ocrx_word' id='word_1_73' title='bbox 1137 1248 1202 1297; x_wconf 88' lang='lat' dir='ltr'><strong>ut</strong></span> <span class='ocrx_word' id='word_1_74' title='bbox 1223 1244 1377 1313; x_wconf 91' lang='lat' dir='ltr'><strong>quod</strong></span> <span class='ocrx_word' id='word_1_75' title='bbox 1398 1248 1599 1298; x_wconf 88' lang='lat' dir='ltr'><strong>nostra</strong></span> <span class='ocrx_word' id='word_1_76' title='bbox 1618 1258 1731 1297; x_wconf 88' lang='lat' dir='ltr'><strong>non</strong></span> <span class='ocrx_word' id='word_1_77' title='bbox 1751 1259 1884 1313; x_wconf 74' lang='lat' dir='ltr'><strong>sup-</strong></span> 
     </span>
    </p>
   </div>
   <div class='ocr_carea' id='block_1_13' title="bbox 229 1330 1879 1403">
    <p class='ocr_par' dir='ltr' id='par_1_13' title="bbox 229 1330 1879 1403">
     <span class='ocr_line' id='line_1_13' title="bbox 229 1330 1879 1403; baseline -0.002 -17"><span class='ocrx_word' id='word_1_78' title='bbox 229 1331 378 1403; x_wconf 91' lang='lat' dir='ltr'><strong>petit</strong></span> <span class='ocrx_word' id='word_1_79' title='bbox 402 1330 706 1403; x_wconf 78' lang='lat' dir='ltr'><strong>fragilitas,</strong></span> <span class='ocrx_word' id='word_1_80' title='bbox 736 1348 937 1386; x_wconf 89' lang='lat' dir='ltr'><strong>eorum</strong></span> <span class='ocrx_word' id='word_1_81' title='bbox 963 1348 1063 1401; x_wconf 89' lang='lat' dir='ltr'><strong>pro</strong></span> <span class='ocrx_word' id='word_1_82' title='bbox 1091 1332 1259 1387; x_wconf 90' lang='lat' dir='ltr'><strong>nobis</strong></span> <span class='ocrx_word' id='word_1_83' title='bbox 1298 1332 1554 1387; x_wconf 81' lang='lat' dir='ltr'><strong>obtineat</strong></span> <span class='ocrx_word' id='word_1_84' title='bbox 1578 1332 1879 1397; x_wconf 81' lang='lat' dir='ltr'><strong>sanctitas,</strong></span> 
     </span>
    </p>
   </div>
   <div class='ocr_carea' id='block_1_14' title="bbox 231 1419 1882 1491">
    <p class='ocr_par' dir='ltr' id='par_1_14' title="bbox 231 1419 1882 1491">
     <span class='ocr_line' id='line_1_14' title="bbox 231 1419 1882 1491; baseline -0.001 -17"><span class='ocrx_word' id='word_1_85' title='bbox 231 1425 408 1491; x_wconf 85' lang='lat' dir='ltr'><strong>atque</strong></span> <span class='ocrx_word' id='word_1_86' title='bbox 428 1420 566 1474; x_wconf 92' lang='lat' dir='ltr'><strong>illuc</strong></span> <span class='ocrx_word' id='word_1_87' title='bbox 585 1422 711 1475; x_wconf 89' lang='lat' dir='ltr'><strong>suis</strong></span> <span class='ocrx_word' id='word_1_88' title='bbox 729 1420 1091 1476; x_wconf 84' lang='lat' dir='ltr'><strong>orationibus</strong></span> <span class='ocrx_word' id='word_1_89' title='bbox 1108 1422 1501 1487; x_wconf 89' lang='lat' dir='ltr'><strong>introducant,</strong></span> <span class='ocrx_word' id='word_1_90' title='bbox 1524 1438 1637 1491; x_wconf 87' lang='lat' dir='ltr'><strong>quo</strong></span> <span class='ocrx_word' id='word_1_91' title='bbox 1659 1419 1882 1474; x_wconf 86' lang='lat' dir='ltr'><strong>meritis</strong></span> 
     </span>
    </p>
   </div>
   <div class='ocr_carea' id='block_1_15' title="bbox 231 1508 1877 1580">
    <p class='ocr_par' dir='ltr' id='par_1_15' title="bbox 231 1508 1877 1580">
     <span class='ocr_line' id='line_1_15' title="bbox 231 1508 1877 1580; baseline 0 -18"><span class='ocrx_word' id='word_1_92' title='bbox 231 1514 673 1580; x_wconf 64' lang='lat' dir='ltr'><strong>praecesserunt,</strong></span> <span class='ocrx_word' id='word_1_93' title='bbox 756 1514 1067 1579; x_wconf 66' lang='lat' dir='ltr'><strong>praestante</strong></span> <span class='ocrx_word' id='word_1_94' title='bbox 1143 1510 1389 1565; x_wconf 91' lang='lat' dir='ltr'><strong>Domino</strong></span> <span class='ocrx_word' id='word_1_95' title='bbox 1467 1515 1666 1564; x_wconf 90' lang='lat' dir='ltr'><strong>nostro</strong></span> <span class='ocrx_word' id='word_1_96' title='bbox 1740 1508 1877 1563; x_wconf 89' lang='lat' dir='ltr'><strong>Jesu</strong></span> 
     </span>
    </p>
   </div>
   <div class='ocr_carea' id='block_1_16' title="bbox 229 1597 481 1655">
    <p class='ocr_par' dir='ltr' id='par_1_16' title="bbox 229 1597 481 1655">
     <span class='ocr_line' id='line_1_16' title="bbox 229 1597 481 1655; baseline -0.008 0"><span class='ocrx_word' id='word_1_97' title='bbox 229 1597 308 1655; x_wconf 90' lang='lat' dir='ltr'><strong>Ch</strong></span> <span class='ocrx_word' id='word_1_98' title='bbox 320 1598 481 1653; x_wconf 87' lang='lat' dir='ltr'><strong>risto.</strong></span> 
     </span>
    </p>
   </div>
   <div class='ocr_carea' id='block_1_17' title="bbox 844 1687 1264 1742">
    <p class='ocr_par' dir='ltr' id='par_1_17' title="bbox 844 1687 1264 1742">
     <span class='ocr_line' id='line_1_17' title="bbox 844 1687 1264 1742; baseline -0.002 0"><span class='ocrx_word' id='word_1_99' title='bbox 844 1687 1080 1742; x_wconf 78' lang='lat' dir='ltr'><strong>SERMO</strong></span> <span class='ocrx_word' id='word_1_100' title='bbox 1123 1688 1264 1742; x_wconf 88' lang='lat' dir='ltr'><strong>XVI.</strong></span> 
     </span>
    </p>
   </div>
   <div class='ocr_carea' id='block_1_18' title="bbox 265 1791 1841 1832">
    <p class='ocr_par' dir='ltr' id='par_1_18' title="bbox 265 1791 1841 1832">
     <span class='ocr_line' id='line_1_18' title="bbox 265 1791 1841 1832; baseline -0.001 -1"><span class='ocrx_word' id='word_1_101' title='bbox 265 1793 325 1831; x_wconf 74' lang='grc' dir='ltr'><strong>ΙΝ</strong></span> <span class='ocrx_word' id='word_1_102' title='bbox 365 1791 737 1831; x_wconf 78' lang='lat' dir='ltr'><strong>DEPOSITIONE</strong></span> <span class='ocrx_word' id='word_1_103' title='bbox 787 1793 1108 1831; x_wconf 78' lang='lat' dir='ltr'><strong>BEATISSIMI</strong></span> <span class='ocrx_word' id='word_1_104' title='bbox 1157 1793 1383 1832; x_wconf 80' lang='lat' dir='ltr'><strong>EUSEBII</strong></span> <span class='ocrx_word' id='word_1_105' title='bbox 1430 1791 1841 1831; x_wconf 78' lang='lat' dir='ltr'><strong>VERCELLENSIS</strong></span> 
     </span>
    </p>
   </div>
   <div class='ocr_carea' id='block_1_19' title="bbox 806 1850 1296 1919">
    <p class='ocr_par' dir='ltr' id='par_1_19' title="bbox 806 1850 1296 1919">
     <span class='ocr_line' id='line_1_19' title="bbox 806 1850 1296 1919; baseline -0.002 -17"><span class='ocrx_word' id='word_1_106' title='bbox 806 1865 1060 1903; x_wconf 77' lang='lat' dir='ltr'><strong>EPISCOPI</strong></span> <span class='ocrx_word' id='word_1_107' title='bbox 1093 1850 1296 1919; x_wconf 88' lang='grc'>(1541).</span> 
     </span>
    </p>
   </div>
   <div class='ocr_carea' id='block_1_20' title="bbox 297 1942 1873 2026">
    <p class='ocr_par' dir='ltr' id='par_1_20' title="bbox 297 1942 1873 2026">
     <span class='ocr_line' id='line_1_20' title="bbox 297 1942 1873 2026; baseline -0.001 -17"><span class='ocrx_word' id='word_1_108' title='bbox 297 1959 371 2009; x_wconf 91' lang='lat' dir='ltr'><strong>De</strong></span> <span class='ocrx_word' id='word_1_109' title='bbox 404 1942 729 2026; x_wconf 49' lang='lat' dir='ltr'><strong>pracipuis.</strong></span> <span class='ocrx_word' id='word_1_110' title='bbox 772 1955 977 2009; x_wconf 76' lang='lat' dir='ltr'><strong>fratres</strong></span> <span class='ocrx_word' id='word_1_111' title='bbox 1010 1953 1365 2020; x_wconf 88' lang='lat' dir='ltr'><strong>charissimi,</strong></span> <span class='ocrx_word' id='word_1_112' title='bbox 1400 1952 1873 2009; x_wconf 79' lang='lat' dir='ltr'><strong>solemnitatibus</strong></span> 
     </span>
    </p>
   </div>
   <div class='ocr_carea' id='block_1_21' title="bbox 226 2042 1876 2113">
    <p class='ocr_par' dir='ltr' id='par_1_21' title="bbox 226 2042 1876 2113">
     <span class='ocr_line' id='line_1_21' title="bbox 226 2042 1876 2113; baseline -0.002 -14"><span class='ocrx_word' id='word_1_113' title='bbox 226 2059 459 2113; x_wconf 87' lang='lat' dir='ltr'><strong>semper</strong></span> <span class='ocrx_word' id='word_1_114' title='bbox 488 2043 658 2098; x_wconf 90' lang='lat' dir='ltr'><strong>nobis</strong></span> <span class='ocrx_word' id='word_1_115' title='bbox 688 2042 903 2113; x_wconf 87' lang='lat' dir='ltr'><strong>aliquid</strong></span> <span class='ocrx_word' id='word_1_116' title='bbox 937 2043 1250 2098; x_wconf 89' lang='lat' dir='ltr'><strong>dicendum</strong></span> <span class='ocrx_word' id='word_1_117' title='bbox 1293 2049 1382 2098; x_wconf 88' lang='lat' dir='ltr'><strong>est</strong></span> <span class='ocrx_word' id='word_1_118' title='bbox 1424 2042 1782 2111; x_wconf 80' lang='lat' dir='ltr'><strong>vulgaribus,</strong></span> <span class='ocrx_word' id='word_1_119' title='bbox 1811 2046 1876 2096; x_wconf 92' lang='lat' dir='ltr'><strong>ut</strong></span> 
     </span>
    </p>
   </div>
   <div class='ocr_carea' id='block_1_22' title="bbox 225 2130 1871 2203">
    <p class='ocr_par' dir='ltr' id='par_1_22' title="bbox 225 2130 1871 2203">
     <span class='ocr_line' id='line_1_22' title="bbox 225 2130 1871 2203; baseline -0.002 -16"><span class='ocrx_word' id='word_1_120' title='bbox 225 2136 424 2187; x_wconf 86' lang='lat' dir='ltr'><strong>nostro</strong></span> <span class='ocrx_word' id='word_1_121' title='bbox 446 2131 671 2186; x_wconf 87' lang='lat' dir='ltr'><strong>discere</strong></span> <span class='ocrx_word' id='word_1_122' title='bbox 694 2131 924 2186; x_wconf 84' lang='lat' dir='ltr'><strong>valeant</strong></span> <span class='ocrx_word' id='word_1_123' title='bbox 952 2148 1222 2186; x_wconf 90' lang='lat' dir='ltr'><strong>sermone</strong></span> <span class='ocrx_word' id='word_1_124' title='bbox 1243 2132 1398 2203; x_wconf 90' lang='lat' dir='ltr'><strong>quod</strong></span> <span class='ocrx_word' id='word_1_125' title='bbox 1422 2130 1715 2186; x_wconf 89' lang='lat' dir='ltr'><strong>celebrare</strong></span> <span class='ocrx_word' id='word_1_126' title='bbox 1735 2147 1871 2185; x_wconf 84' lang='lat' dir='ltr'><strong>con-</strong></span> 
     </span>
    </p>
   </div>
   <div class='ocr_carea' id='block_1_23' title="bbox 221 2218 1872 2289">
    <p class='ocr_par' dir='ltr' id='par_1_23' title="bbox 221 2218 1872 2289">
     <span class='ocr_line' id='line_1_23' title="bbox 221 2218 1872 2289; baseline -0.001 -14"><span class='ocrx_word' id='word_1_127' title='bbox 221 2221 474 2275; x_wconf 86' lang='lat' dir='ltr'><strong>tendunt</strong></span> <span class='ocrx_word' id='word_1_128' title='bbox 497 2237 566 2275; x_wconf 82' lang='lat' dir='ltr'><strong>ex</strong></span> <span class='ocrx_word' id='word_1_129' title='bbox 592 2236 753 2275; x_wconf 90' lang='lat' dir='ltr'><strong>more</strong></span> <span class='ocrx_word' id='word_1_130' title='bbox 786 2238 802 2273; x_wconf 89' lang='lat'><em>:</em></span> <span class='ocrx_word' id='word_1_131' title='bbox 827 2220 927 2274; x_wconf 88' lang='lat' dir='ltr'><strong>sed</strong></span> <span class='ocrx_word' id='word_1_132' title='bbox 954 2221 1011 2273; x_wconf 91' lang='lat' dir='ltr'><strong>in</strong></span> <span class='ocrx_word' id='word_1_133' title='bbox 1037 2218 1144 2273; x_wconf 91' lang='lat' dir='ltr'><strong>hac</strong></span> <span class='ocrx_word' id='word_1_134' title='bbox 1185 2220 1497 2274; x_wconf 81' lang='lat' dir='ltr'><strong>festivitate</strong></span> <span class='ocrx_word' id='word_1_135' title='bbox 1534 2218 1613 2273; x_wconf 92' lang='lat' dir='ltr'><strong>nil</strong></span> <span class='ocrx_word' id='word_1_136' title='bbox 1638 2220 1721 2274; x_wconf 89' lang='lat' dir='ltr'><strong>eis</strong></span> <span class='ocrx_word' id='word_1_137' title='bbox 1745 2235 1872 2289; x_wconf 89' lang='lat' dir='ltr'><strong>pro-</strong></span> 
     </span>
    </p>
   </div>
   <div class='ocr_carea' id='block_1_24' title="bbox 226 2307 1873 2380">
    <p class='ocr_par' dir='ltr' id='par_1_24' title="bbox 226 2307 1873 2380">
     <span class='ocr_line' id='line_1_24' title="bbox 226 2307 1873 2380; baseline -0.002 -16"><span class='ocrx_word' id='word_1_138' title='bbox 226 2310 499 2365; x_wconf 85' lang='lat' dir='ltr'><strong>nuntiare</strong></span> <span class='ocrx_word' id='word_1_139' title='bbox 530 2325 846 2380; x_wconf 85' lang='lat' dir='ltr'><strong>possumus</strong></span> <span class='ocrx_word' id='word_1_140' title='bbox 878 2308 1093 2380; x_wconf 87' lang='lat' dir='ltr'><strong>aptius,</strong></span> <span class='ocrx_word' id='word_1_141' title='bbox 1128 2325 1303 2379; x_wconf 87' lang='lat' dir='ltr'><strong>quam</strong></span> <span class='ocrx_word' id='word_1_142' title='bbox 1350 2308 1397 2363; x_wconf 91' lang='lat' dir='ltr'><strong>si</strong></span> <span class='ocrx_word' id='word_1_143' title='bbox 1431 2308 1611 2363; x_wconf 88' lang='lat' dir='ltr'><strong>nostri</strong></span> <span class='ocrx_word' id='word_1_144' title='bbox 1646 2307 1873 2379; x_wconf 79' lang='lat' dir='ltr'><strong>patroni</strong></span> 
     </span>
    </p>
   </div>
   <div class='ocr_carea' id='block_1_25' title="bbox 228 2397 1874 2471">
    <p class='ocr_par' dir='ltr' id='par_1_25' title="bbox 228 2397 1874 2471">
     <span class='ocr_line' id='line_1_25' title="bbox 228 2397 1874 2471; baseline -0.001 -18"><span class='ocrx_word' id='word_1_145' title='bbox 228 2404 392 2471; x_wconf 85' lang='lat' dir='ltr'><strong>gesta</strong></span> <span class='ocrx_word' id='word_1_146' title='bbox 423 2398 785 2453; x_wconf 89' lang='lat' dir='ltr'><strong>disseramus</strong></span> <span class='ocrx_word' id='word_1_147' title='bbox 819 2399 1002 2453; x_wconf 84' lang='lat' dir='ltr'><strong>artius</strong></span> <span class='ocrx_word' id='word_1_148' title='bbox 1052 2399 1234 2469; x_wconf 67' lang='lat'>(1542)</span> <span class='ocrx_word' id='word_1_149' title='bbox 1285 2398 1436 2465; x_wconf 91' lang='lat' dir='ltr'><strong>[cod.</strong></span> <span class='ocrx_word' id='word_1_150' title='bbox 1480 2399 1531 2466; x_wconf 91' lang='lat'>1,</span> <span class='ocrx_word' id='word_1_151' title='bbox 1562 2414 1731 2451; x_wconf 79' lang='lat' dir='ltr'><strong>manu</strong></span> <span class='ocrx_word' id='word_1_152' title='bbox 1762 2397 1874 2451; x_wconf 87' lang='lat' dir='ltr'><strong>fes-</strong></span> 
     </span>
    </p>
   </div>
   <div class='ocr_carea' id='block_1_26' title="bbox 226 2485 1876 2558">
    <p class='ocr_par' dir='ltr' id='par_1_26' title="bbox 226 2485 1876 2558">
     <span class='ocr_line' id='line_1_26' title="bbox 226 2485 1876 2558; baseline -0.002 -15"><span class='ocrx_word' id='word_1_153' title='bbox 226 2488 393 2557; x_wconf 73' lang='lat' dir='ltr'><strong>tam).</strong></span> <span class='ocrx_word' id='word_1_154' title='bbox 429 2487 613 2558; x_wconf 86' lang='lat' dir='ltr'><strong>Igitur</strong></span> <span class='ocrx_word' id='word_1_155' title='bbox 644 2486 1022 2542; x_wconf 83' lang='lat' dir='ltr'><strong>beatissimus</strong></span> <span class='ocrx_word' id='word_1_156' title='bbox 1053 2486 1358 2553; x_wconf 88' lang='lat' dir='ltr'><strong>Eusebius,</strong></span> <span class='ocrx_word' id='word_1_157' title='bbox 1382 2487 1552 2555; x_wconf 82' lang='lat' dir='ltr'><strong>cujus</strong></span> <span class='ocrx_word' id='word_1_158' title='bbox 1574 2485 1745 2541; x_wconf 89' lang='lat' dir='ltr'><strong>hodie</strong></span> <span class='ocrx_word' id='word_1_159' title='bbox 1769 2486 1876 2540; x_wconf 86' lang='lat' dir='ltr'><strong>fes-</strong></span> 
     </span>
    </p>
   </div>
   <div class='ocr_carea' id='block_1_27' title="bbox 225 2575 1877 2647">
    <p class='ocr_par' dir='ltr' id='par_1_27' title="bbox 225 2575 1877 2647">
     <span class='ocr_line' id='line_1_27' title="bbox 225 2575 1877 2647; baseline -0.001 -16"><span class='ocrx_word' id='word_1_160' title='bbox 225 2581 354 2631; x_wconf 84' lang='lat' dir='ltr'><strong>tum</strong></span> <span class='ocrx_word' id='word_1_161' title='bbox 374 2576 641 2643; x_wconf 89' lang='lat' dir='ltr'><strong>colimus,</strong></span> <span class='ocrx_word' id='word_1_162' title='bbox 659 2576 938 2631; x_wconf 66' lang='lat' dir='ltr'><strong>Sardinia:</strong></span> <span class='ocrx_word' id='word_1_163' title='bbox 958 2576 1252 2647; x_wconf 86' lang='lat' dir='ltr'><strong>provincia</strong></span> <span class='ocrx_word' id='word_1_164' title='bbox 1271 2582 1459 2630; x_wconf 90' lang='lat' dir='ltr'><strong>ortum</strong></span> <span class='ocrx_word' id='word_1_165' title='bbox 1476 2575 1877 2647; x_wconf 68' lang='lat' dir='ltr'><strong>(1543)cogno-</strong></span> 
     </span>
    </p>
   </div>
   <div class='ocr_carea' id='block_1_28' title="bbox 224 2658 1875 2736">
    <p class='ocr_par' dir='ltr' id='par_1_28' title="bbox 224 2658 1875 2736">
     <span class='ocr_line' id='line_1_28' title="bbox 224 2658 1875 2736; baseline -0.002 -16"><span class='ocrx_word' id='word_1_166' title='bbox 224 2666 419 2720; x_wconf 86' lang='lat' dir='ltr'><strong>vimus</strong></span> <span class='ocrx_word' id='word_1_167' title='bbox 446 2684 457 2722; x_wconf 92' lang='lat'><strong>:</strong></span> <span class='ocrx_word' id='word_1_168' title='bbox 486 2666 679 2720; x_wconf 72' lang='lat' dir='ltr'><strong>Romae</strong></span> <span class='ocrx_word' id='word_1_169' title='bbox 710 2670 902 2719; x_wconf 89' lang='lat' dir='ltr'><strong>tamen</strong></span> <span class='ocrx_word' id='word_1_170' title='bbox 940 2665 1097 2719; x_wconf 89' lang='lat' dir='ltr'><strong>unda</strong></span> <span class='ocrx_word' id='word_1_171' title='bbox 1130 2664 1504 2736; x_wconf 87' lang='lat' dir='ltr'><strong>baptismatis</strong></span> <span class='ocrx_word' id='word_1_172' title='bbox 1523 2658 1702 2729; x_wconf 86' lang='lat' dir='ltr'><strong>ablui,</strong></span> <span class='ocrx_word' id='word_1_173' title='bbox 1727 2669 1782 2717; x_wconf 88' lang='lat' dir='ltr'><strong>et</strong></span> <span class='ocrx_word' id='word_1_174' title='bbox 1804 2664 1875 2717; x_wconf 90' lang='lat' dir='ltr'><strong>ab</strong></span> 
     </span>
    </p>
   </div>
   <div class='ocr_carea' id='block_1_29' title="bbox 224 2752 1876 2826">
    <p class='ocr_par' dir='ltr' id='par_1_29' title="bbox 224 2752 1876 2826">
     <span class='ocr_line' id='line_1_29' title="bbox 224 2752 1876 2826; baseline -0.002 -17"><span class='ocrx_word' id='word_1_175' title='bbox 224 2754 354 2826; x_wconf 88' lang='lat' dir='ltr'><strong>ipso</strong></span> <span class='ocrx_word' id='word_1_176' title='bbox 375 2768 608 2809; x_wconf 87' lang='lat' dir='ltr'><strong>summo</strong></span> <span class='ocrx_word' id='word_1_177' title='bbox 626 2753 900 2825; x_wconf 83' lang='lat' dir='ltr'><strong>pontiﬁce</strong></span> <span class='ocrx_word' id='word_1_178' title='bbox 918 2769 1083 2808; x_wconf 90' lang='lat' dir='ltr'><strong>sacro</strong></span> <span class='ocrx_word' id='word_1_179' title='bbox 1101 2753 1170 2807; x_wconf 91' lang='lat' dir='ltr'><strong>de</strong></span> <span class='ocrx_word' id='word_1_180' title='bbox 1189 2754 1347 2808; x_wconf 91' lang='lat' dir='ltr'><strong>fonte</strong></span> <span class='ocrx_word' id='word_1_181' title='bbox 1368 2752 1605 2821; x_wconf 85' lang='lat' dir='ltr'><strong>suscipi,</strong></span> <span class='ocrx_word' id='word_1_182' title='bbox 1632 2754 1876 2821; x_wconf 86' lang='lat' dir='ltr'><strong>ejusque</strong></span> 
     </span>
    </p>
   </div>
   <div class='ocr_carea' id='block_1_30' title="bbox 226 2839 1878 2912">
    <p class='ocr_par' dir='ltr' id='par_1_30' title="bbox 226 2839 1878 2912">
     <span class='ocr_line' id='line_1_30' title="bbox 226 2839 1878 2912; baseline -0.002 -15"><span class='ocrx_word' id='word_1_183' title='bbox 226 2856 443 2897; x_wconf 86' lang='lat' dir='ltr'><strong>nomen</strong></span> <span class='ocrx_word' id='word_1_184' title='bbox 476 2841 691 2896; x_wconf 89' lang='lat' dir='ltr'><strong>meruit</strong></span> <span class='ocrx_word' id='word_1_185' title='bbox 721 2841 988 2912; x_wconf 90' lang='lat' dir='ltr'><strong>adipisci.</strong></span> <span class='ocrx_word' id='word_1_186' title='bbox 1032 2841 1192 2904; x_wconf 89' lang='lat' dir='ltr'><strong>Quod</strong></span> <span class='ocrx_word' id='word_1_187' title='bbox 1243 2856 1455 2895; x_wconf 89' lang='lat' dir='ltr'><strong>nomen</strong></span> <span class='ocrx_word' id='word_1_188' title='bbox 1504 2842 1650 2894; x_wconf 91' lang='lat' dir='ltr'><strong>bene</strong></span> <span class='ocrx_word' id='word_1_189' title='bbox 1676 2839 1878 2894; x_wconf 87' lang='lat' dir='ltr'><strong>allusit</strong></span> 
     </span>
    </p>
   </div>
   <div class='ocr_carea' id='block_1_31' title="bbox 226 2927 1874 3001">
    <p class='ocr_par' dir='ltr' id='par_1_31' title="bbox 226 2927 1874 3001">
     <span class='ocr_line' id='line_1_31' title="bbox 226 2927 1874 3001; baseline -0.002 -15"><span class='ocrx_word' id='word_1_190' title='bbox 226 2931 301 2986; x_wconf 89' lang='lat' dir='ltr'><strong>ad</strong></span> <span class='ocrx_word' id='word_1_191' title='bbox 330 2930 581 3001; x_wconf 85' lang='lat' dir='ltr'><strong>gratiam</strong></span> <span class='ocrx_word' id='word_1_192' title='bbox 610 2946 624 2996; x_wconf 90' lang='lat'><strong>;</strong></span> <span class='ocrx_word' id='word_1_193' title='bbox 658 2944 795 2983; x_wconf 90' lang='lat' dir='ltr'><strong>nam</strong></span> <span class='ocrx_word' id='word_1_194' title='bbox 828 2928 961 3000; x_wconf 91' lang='lat' dir='ltr'><strong>pius</strong></span> <span class='ocrx_word' id='word_1_195' title='bbox 993 2927 1101 2983; x_wconf 90' lang='lat' dir='ltr'><strong>fuit</strong></span> <span class='ocrx_word' id='word_1_196' title='bbox 1130 2929 1203 2983; x_wconf 88' lang='lat' dir='ltr'><strong>ab</strong></span> <span class='ocrx_word' id='word_1_197' title='bbox 1232 2929 1360 2999; x_wconf 89' lang='lat' dir='ltr'><strong>ipsa</strong></span> <span class='ocrx_word' id='word_1_198' title='bbox 1386 2927 1631 2982; x_wconf 86' lang='lat' dir='ltr'><strong>infantia</strong></span> <span class='ocrx_word' id='word_1_199' title='bbox 1656 2946 1668 2983; x_wconf 89' lang='lat'>:</span> <span class='ocrx_word' id='word_1_200' title='bbox 1696 2929 1874 2983; x_wconf 89' lang='lat' dir='ltr'><strong>Euse-</strong></span> 
     </span>
    </p>
   </div>
   <div class='ocr_carea' id='block_1_32' title="bbox 226 3016 1875 3089">
    <p class='ocr_par' dir='ltr' id='par_1_32' title="bbox 226 3016 1875 3089">
     <span class='ocr_line' id='line_1_32' title="bbox 226 3016 1875 3089; baseline -0.002 -16"><span class='ocrx_word' id='word_1_201' title='bbox 226 3019 364 3074; x_wconf 89' lang='lat' dir='ltr'><strong>bius</strong></span> <span class='ocrx_word' id='word_1_202' title='bbox 385 3017 542 3073; x_wconf 89' lang='lat' dir='ltr'><strong>enim</strong></span> <span class='ocrx_word' id='word_1_203' title='bbox 569 3018 691 3088; x_wconf 75' lang='lat' dir='ltr'><strong>pius</strong></span> <span class='ocrx_word' id='word_1_204' title='bbox 710 3016 1147 3089; x_wconf 86' lang='lat' dir='ltr'><strong>interpretatur,</strong></span> <span class='ocrx_word' id='word_1_205' title='bbox 1181 3018 1334 3072; x_wconf 92' lang='lat' dir='ltr'><strong>sicut</strong></span> <span class='ocrx_word' id='word_1_206' title='bbox 1371 3033 1404 3071; x_wconf 91' lang='lat' dir='ltr'><strong>a</strong></span> <span class='ocrx_word' id='word_1_207' title='bbox 1445 3016 1656 3072; x_wconf 74' lang='lat' dir='ltr'><strong>Graecis</strong></span> <span class='ocrx_word' id='word_1_208' title='bbox 1696 3017 1875 3071; x_wconf 89' lang='lat' dir='ltr'><strong>inter-</strong></span> 
     </span>
    </p>
   </div>
   <div class='ocr_carea' id='block_1_33' title="bbox 228 3104 1878 3178">
    <p class='ocr_par' dir='ltr' id='par_1_33' title="bbox 228 3104 1878 3178">
     <span class='ocr_line' id='line_1_33' title="bbox 228 3104 1878 3178; baseline -0.001 -18"><span class='ocrx_word' id='word_1_209' title='bbox 228 3106 494 3178; x_wconf 89' lang='lat' dir='ltr'><strong>pretibus</strong></span> <span class='ocrx_word' id='word_1_210' title='bbox 523 3104 874 3161; x_wconf 87' lang='lat' dir='ltr'><strong>declaratur.</strong></span> <span class='ocrx_word' id='word_1_211' title='bbox 928 3106 1036 3160; x_wconf 86' lang='lat' dir='ltr'><strong>Sed</strong></span> <span class='ocrx_word' id='word_1_212' title='bbox 1085 3105 1186 3176; x_wconf 88' lang='lat' dir='ltr'><strong>qui</strong></span> <span class='ocrx_word' id='word_1_213' title='bbox 1218 3109 1605 3177; x_wconf 65' lang='lat' dir='ltr'><strong>regeneratus</strong></span> <span class='ocrx_word' id='word_1_214' title='bbox 1653 3111 1743 3160; x_wconf 90' lang='lat' dir='ltr'><strong>est</strong></span> <span class='ocrx_word' id='word_1_215' title='bbox 1774 3120 1878 3176; x_wconf 90' lang='lat' dir='ltr'><strong>per</strong></span> 
     </span>
    </p>
   </div>
   <div class='ocr_carea' id='block_1_34' title="bbox 228 3194 1877 3266">
    <p class='ocr_par' dir='ltr' id='par_1_34' title="bbox 228 3194 1877 3266">
     <span class='ocr_line' id='line_1_34' title="bbox 228 3194 1877 3266; baseline 0 -17"><span class='ocrx_word' id='word_1_216' title='bbox 228 3195 469 3249; x_wconf 82' lang='lat' dir='ltr'><strong>beatum</strong></span> <span class='ocrx_word' id='word_1_217' title='bbox 493 3209 705 3266; x_wconf 88' lang='lat' dir='ltr'><strong>papam</strong></span> <span class='ocrx_word' id='word_1_218' title='bbox 729 3194 1067 3264; x_wconf 87' lang='lat' dir='ltr'><strong>Eusebium,</strong></span> <span class='ocrx_word' id='word_1_219' title='bbox 1092 3194 1335 3249; x_wconf 88' lang='lat' dir='ltr'><strong>antistes</strong></span> <span class='ocrx_word' id='word_1_220' title='bbox 1352 3194 1658 3249; x_wconf 86' lang='lat' dir='ltr'><strong>ordinatus</strong></span> <span class='ocrx_word' id='word_1_221' title='bbox 1670 3199 1759 3249; x_wconf 91' lang='lat' dir='ltr'><strong>est</strong></span> <span class='ocrx_word' id='word_1_222' title='bbox 1775 3210 1877 3265; x_wconf 91' lang='lat' dir='ltr'><strong>per</strong></span> 
     </span>
    </p>
   </div>
   <div class='ocr_carea' id='block_1_35' title="bbox 1996 619 3640 695">
    <p class='ocr_par' dir='ltr' id='par_1_35' title="bbox 1996 619 3640 695">
     <span class='ocr_line' id='line_1_35' title="bbox 1996 619 3640 695; baseline 0.002 -22"><span class='ocrx_word' id='word_1_223' title='bbox 1996 619 2289 692; x_wconf 84' lang='lat' dir='ltr'><strong>fregit,qui</strong></span> <span class='ocrx_word' id='word_1_224' title='bbox 2307 621 2377 675; x_wconf 93' lang='lat' dir='ltr'><strong>ad</strong></span> <span class='ocrx_word' id='word_1_225' title='bbox 2394 622 3003 677; x_wconf 85' lang='lat' dir='ltr'><strong>sanctamTrinitatem</strong></span> <span class='ocrx_word' id='word_1_226' title='bbox 3021 622 3477 693; x_wconf 78' lang='lat' dir='ltr'><strong>praedicandum(</strong></span> <span class='ocrx_word' id='word_1_227' title='bbox 3484 624 3640 695; x_wconf 88' lang='grc'>1549)</span> 
     </span>
    </p>
   </div>
   <div class='ocr_carea' id='block_1_36' title="bbox 1994 707 3639 784">
    <p class='ocr_par' dir='ltr' id='par_1_36' title="bbox 1994 707 3639 784">
     <span class='ocr_line' id='line_1_36' title="bbox 1994 707 3639 784; baseline 0.002 -22"><span class='ocrx_word' id='word_1_228' title='bbox 1994 707 2179 763; x_wconf 90' lang='lat' dir='ltr'><strong>libera</strong></span> <span class='ocrx_word' id='word_1_229' title='bbox 2199 725 2335 764; x_wconf 88' lang='lat' dir='ltr'><strong>voce</strong></span> <span class='ocrx_word' id='word_1_230' title='bbox 2356 710 2514 764; x_wconf 90' lang='lat' dir='ltr'><strong>venit</strong></span> <span class='ocrx_word' id='word_1_231' title='bbox 2541 728 2554 775; x_wconf 88' lang='lat'><strong>;</strong></span> <span class='ocrx_word' id='word_1_232' title='bbox 2592 718 2648 764; x_wconf 92' lang='lat' dir='ltr'><strong>et</strong></span> <span class='ocrx_word' id='word_1_233' title='bbox 2668 712 2767 782; x_wconf 90' lang='lat' dir='ltr'><strong>qui</strong></span> <span class='ocrx_word' id='word_1_234' title='bbox 2809 710 3017 765; x_wconf 86' lang='lat' dir='ltr'><strong>Filium</strong></span> <span class='ocrx_word' id='word_1_235' title='bbox 3043 712 3141 766; x_wconf 90' lang='lat' dir='ltr'><strong>Dei</strong></span> <span class='ocrx_word' id='word_1_236' title='bbox 3182 712 3462 784; x_wconf 68' lang='lat' dir='ltr'><strong>aequalem</strong></span> <span class='ocrx_word' id='word_1_237' title='bbox 3490 713 3639 767; x_wconf 88' lang='lat' dir='ltr'><strong>Patri</strong></span> 
     </span>
    </p>
   </div>
   <div class='ocr_carea' id='block_1_37' title="bbox 1995 798 3643 873">
    <p class='ocr_par' dir='ltr' id='par_1_37' title="bbox 1995 798 3643 873">
     <span class='ocr_line' id='line_1_37' title="bbox 1995 798 3643 873; baseline 0.004 -23"><span class='ocrx_word' id='word_1_238' title='bbox 1995 798 2293 853; x_wconf 85' lang='lat' dir='ltr'><strong>testificari</strong></span> <span class='ocrx_word' id='word_1_239' title='bbox 2320 814 2434 853; x_wconf 90' lang='lat' dir='ltr'><strong>non</strong></span> <span class='ocrx_word' id='word_1_240' title='bbox 2464 799 2691 865; x_wconf 89' lang='lat' dir='ltr'><strong>metuit,</strong></span> <span class='ocrx_word' id='word_1_241' title='bbox 2714 800 2840 869; x_wconf 86' lang='lat' dir='ltr'><strong>ejus</strong></span> <span class='ocrx_word' id='word_1_242' title='bbox 2872 799 3078 855; x_wconf 88' lang='lat' dir='ltr'><strong>Matris</strong></span> <span class='ocrx_word' id='word_1_243' title='bbox 3101 802 3316 869; x_wconf 89' lang='lat' dir='ltr'><strong>januas</strong></span> <span class='ocrx_word' id='word_1_244' title='bbox 3348 817 3474 856; x_wconf 90' lang='lat' dir='ltr'><strong>sese</strong></span> <span class='ocrx_word' id='word_1_245' title='bbox 3502 804 3643 873; x_wconf 65' lang='lat' dir='ltr'><strong>&#39;pan-</strong></span> 
     </span>
    </p>
   </div>
   <div class='ocr_carea' id='block_1_38' title="bbox 1996 886 3641 957">
    <p class='ocr_par' dir='ltr' id='par_1_38' title="bbox 1996 886 3641 957">
     <span class='ocr_line' id='line_1_38' title="bbox 1996 886 3641 957; baseline 0.002 -17"><span class='ocrx_word' id='word_1_246' title='bbox 1996 886 2198 941; x_wconf 89' lang='lat' dir='ltr'><strong>dentes</strong></span> <span class='ocrx_word' id='word_1_247' title='bbox 2227 887 2412 957; x_wconf 80' lang='lat'>(1550)</span> <span class='ocrx_word' id='word_1_248' title='bbox 2444 887 2664 941; x_wconf 88' lang='lat' dir='ltr'><strong>intrare</strong></span> <span class='ocrx_word' id='word_1_249' title='bbox 2705 888 2933 943; x_wconf 89' lang='lat' dir='ltr'><strong>meruit.</strong></span> <span class='ocrx_word' id='word_1_250' title='bbox 2978 889 3207 943; x_wconf 85' lang='lat' dir='ltr'><strong>Cedunt</strong></span> <span class='ocrx_word' id='word_1_251' title='bbox 3253 890 3447 944; x_wconf 90' lang='lat' dir='ltr'><strong>Ariani</strong></span> <span class='ocrx_word' id='word_1_252' title='bbox 3480 894 3641 944; x_wconf 87' lang='lat' dir='ltr'><strong>tanto</strong></span> 
     </span>
    </p>
   </div>
   <div class='ocr_carea' id='block_1_39' title="bbox 1996 976 3643 1049">
    <p class='ocr_par' dir='ltr' id='par_1_39' title="bbox 1996 976 3643 1049">
     <span class='ocr_line' id='line_1_39' title="bbox 1996 976 3643 1049; baseline 0.003 -21"><span class='ocrx_word' id='word_1_253' title='bbox 1996 991 2202 1046; x_wconf 87' lang='lat' dir='ltr'><strong>pavore</strong></span> <span class='ocrx_word' id='word_1_254' title='bbox 2226 976 2498 1046; x_wconf 88' lang='lat' dir='ltr'><strong>perculsi,</strong></span> <span class='ocrx_word' id='word_1_255' title='bbox 2525 982 2697 1047; x_wconf 87' lang='lat' dir='ltr'><strong>atque</strong></span> <span class='ocrx_word' id='word_1_256' title='bbox 2730 978 2800 1030; x_wconf 89' lang='lat' dir='ltr'><strong>ad</strong></span> <span class='ocrx_word' id='word_1_257' title='bbox 2829 976 3303 1033; x_wconf 89' lang='lat' dir='ltr'><strong>crudelissimum</strong></span> <span class='ocrx_word' id='word_1_258' title='bbox 3328 984 3643 1049; x_wconf 89' lang='lat' dir='ltr'><strong>properant</strong></span> 
     </span>
    </p>
   </div>
   <div class='ocr_carea' id='block_1_40' title="bbox 1994 1063 3641 1139">
    <p class='ocr_par' dir='ltr' id='par_1_40' title="bbox 1994 1063 3641 1139">
     <span class='ocr_line' id='line_1_40' title="bbox 1994 1063 3641 1139; baseline 0.004 -23"><span class='ocrx_word' id='word_1_259' title='bbox 1994 1063 2403 1135; x_wconf 89' lang='lat' dir='ltr'><strong>imperatorem</strong></span> <span class='ocrx_word' id='word_1_260' title='bbox 2421 1065 2669 1119; x_wconf 85' lang='lat' dir='ltr'><strong>confusi.</strong></span> <span class='ocrx_word' id='word_1_261' title='bbox 2689 1064 2832 1119; x_wconf 87' lang='lat' dir='ltr'><strong>Nam</strong></span> <span class='ocrx_word' id='word_1_262' title='bbox 2853 1065 3399 1122; x_wconf 87' lang='lat' dir='ltr'><strong>Constantiusillius</strong></span> <span class='ocrx_word' id='word_1_263' title='bbox 3418 1074 3641 1139; x_wconf 88' lang='lat' dir='ltr'><strong>tempo-</strong></span> 
     </span>
    </p>
   </div>
   <div class='ocr_carea' id='block_1_41' title="bbox 1995 1153 3638 1227">
    <p class='ocr_par' dir='ltr' id='par_1_41' title="bbox 1995 1153 3638 1227">
     <span class='ocr_line' id='line_1_41' title="bbox 1995 1153 3638 1227; baseline 0.004 -22"><span class='ocrx_word' id='word_1_264' title='bbox 1995 1153 2075 1206; x_wconf 91' lang='lat' dir='ltr'><strong>ris</strong></span> <span class='ocrx_word' id='word_1_265' title='bbox 2108 1154 2425 1223; x_wconf 81' lang='lat' dir='ltr'><strong>imperator</strong></span> <span class='ocrx_word' id='word_1_266' title='bbox 2456 1153 2838 1224; x_wconf 88' lang='lat' dir='ltr'><strong>perniciosius</strong></span> <span class='ocrx_word' id='word_1_267' title='bbox 2867 1160 2991 1209; x_wconf 89' lang='lat' dir='ltr'><strong>erat</strong></span> <span class='ocrx_word' id='word_1_268' title='bbox 3020 1154 3315 1210; x_wconf 68' lang='lat' dir='ltr'><strong>catholicae</strong></span> <span class='ocrx_word' id='word_1_269' title='bbox 3348 1156 3638 1227; x_wconf 82' lang='lat' dir='ltr'><strong>fideisup-</strong></span> 
     </span>
    </p>
   </div>
   <div class='ocr_carea' id='block_1_42' title="bbox 1994 1240 3643 1312">
    <p class='ocr_par' dir='ltr' id='par_1_42' title="bbox 1994 1240 3643 1312">
     <span class='ocr_line' id='line_1_42' title="bbox 1994 1240 3643 1312; baseline 0.004 -18"><span class='ocrx_word' id='word_1_270' title='bbox 1994 1240 2307 1310; x_wconf 88' lang='lat' dir='ltr'><strong>plantator,</strong></span> <span class='ocrx_word' id='word_1_271' title='bbox 2334 1248 2390 1296; x_wconf 91' lang='lat' dir='ltr'><strong>et</strong></span> <span class='ocrx_word' id='word_1_272' title='bbox 2413 1243 2551 1312; x_wconf 91' lang='lat' dir='ltr'><strong>quia</strong></span> <span class='ocrx_word' id='word_1_273' title='bbox 2564 1242 2823 1296; x_wconf 87' lang='lat' dir='ltr'><strong>sciebant</strong></span> <span class='ocrx_word' id='word_1_274' title='bbox 2841 1242 3198 1309; x_wconf 65' lang='lat' dir='ltr'><strong>haereticum,</strong></span> <span class='ocrx_word' id='word_1_275' title='bbox 3225 1243 3399 1300; x_wconf 87' lang='lat' dir='ltr'><strong>libere</strong></span> <span class='ocrx_word' id='word_1_276' title='bbox 3412 1262 3643 1300; x_wconf 84' lang='lat' dir='ltr'><strong>accusa-</strong></span> 
     </span>
    </p>
   </div>
   <div class='ocr_carea' id='block_1_43' title="bbox 1994 1329 3641 1405">
    <p class='ocr_par' dir='ltr' id='par_1_43' title="bbox 1994 1329 3641 1405">
     <span class='ocr_line' id='line_1_43' title="bbox 1994 1329 3641 1405; baseline 0.004 -22"><span class='ocrx_word' id='word_1_277' title='bbox 1994 1330 2137 1384; x_wconf 90' lang='lat' dir='ltr'><strong>bant</strong></span> <span class='ocrx_word' id='word_1_278' title='bbox 2151 1329 2521 1385; x_wconf 86' lang='lat' dir='ltr'><strong>catholicum.</strong></span> <span class='ocrx_word' id='word_1_279' title='bbox 2540 1332 2621 1385; x_wconf 89' lang='lat' dir='ltr'><strong>Ad</strong></span> <span class='ocrx_word' id='word_1_280' title='bbox 2637 1333 2815 1403; x_wconf 77' lang='lat' dir='ltr'><strong>synod</strong></span> <span class='ocrx_word' id='word_1_281' title='bbox 2828 1349 2923 1386; x_wconf 90' lang='lat' dir='ltr'><strong>um</strong></span> <span class='ocrx_word' id='word_1_282' title='bbox 2942 1350 3071 1387; x_wconf 82' lang='lat' dir='ltr'><strong>mox</strong></span> <span class='ocrx_word' id='word_1_283' title='bbox 3086 1337 3325 1388; x_wconf 86' lang='lat' dir='ltr'><strong>cunctos</strong></span> <span class='ocrx_word' id='word_1_284' title='bbox 3339 1334 3641 1405; x_wconf 89' lang='lat' dir='ltr'><strong>episcopos</strong></span> 
     </span>
    </p>
   </div>
   <div class='ocr_carea' id='block_1_44' title="bbox 1992 1417 3637 1487">
    <p class='ocr_par' dir='ltr' id='par_1_44' title="bbox 1992 1417 3637 1487">
     <span class='ocr_line' id='line_1_44' title="bbox 1992 1417 3637 1487; baseline 0.003 -16"><span class='ocrx_word' id='word_1_285' title='bbox 1992 1417 2387 1472; x_wconf 88' lang='lat' dir='ltr'><strong>Mediolanum</strong></span> <span class='ocrx_word' id='word_1_286' title='bbox 2450 1425 2729 1473; x_wconf 88' lang='lat' dir='ltr'><strong>convocat</strong></span> <span class='ocrx_word' id='word_1_287' title='bbox 2788 1420 3208 1487; x_wconf 87' lang='lat' dir='ltr'><strong>fraudulenter,</strong></span> <span class='ocrx_word' id='word_1_288' title='bbox 3272 1426 3336 1476; x_wconf 91' lang='lat' dir='ltr'><strong>ut</strong></span> <span class='ocrx_word' id='word_1_289' title='bbox 3373 1428 3637 1476; x_wconf 86' lang='lat' dir='ltr'><strong>sanctam</strong></span> 
     </span>
    </p>
   </div>
   <div class='ocr_carea' id='block_1_45' title="bbox 1990 1505 3638 1580">
    <p class='ocr_par' dir='ltr' id='par_1_45' title="bbox 1990 1505 3638 1580">
     <span class='ocr_line' id='line_1_45' title="bbox 1990 1505 3638 1580; baseline 0.004 -22"><span class='ocrx_word' id='word_1_290' title='bbox 1990 1505 2166 1560; x_wconf 84' lang='lat' dir='ltr'><strong>fidem</strong></span> <span class='ocrx_word' id='word_1_291' title='bbox 2200 1507 2283 1561; x_wconf 92' lang='lat' dir='ltr'><strong>sic</strong></span> <span class='ocrx_word' id='word_1_292' title='bbox 2312 1507 2646 1578; x_wconf 84' lang='lat' dir='ltr'><strong>exstinguat</strong></span> <span class='ocrx_word' id='word_1_293' title='bbox 2678 1507 2925 1562; x_wconf 86' lang='lat' dir='ltr'><strong>latenter</strong></span> <span class='ocrx_word' id='word_1_294' title='bbox 2952 1509 3153 1579; x_wconf 89' lang='lat'>(1551).</span> <span class='ocrx_word' id='word_1_295' title='bbox 3188 1511 3271 1564; x_wconf 86' lang='lat' dir='ltr'><strong>Ad</strong></span> <span class='ocrx_word' id='word_1_296' title='bbox 3304 1526 3481 1580; x_wconf 89' lang='lat' dir='ltr'><strong>quam</strong></span> <span class='ocrx_word' id='word_1_297' title='bbox 3506 1511 3638 1564; x_wconf 89' lang='lat' dir='ltr'><strong>bea-</strong></span> 
     </span>
    </p>
   </div>
   <div class='ocr_carea' id='block_1_46' title="bbox 1988 1596 3634 1668">
    <p class='ocr_par' dir='ltr' id='par_1_46' title="bbox 1988 1596 3634 1668">
     <span class='ocr_line' id='line_1_46' title="bbox 1988 1596 3634 1668; baseline 0.003 -20"><span class='ocrx_word' id='word_1_298' title='bbox 1988 1599 2084 1648; x_wconf 86' lang='lat' dir='ltr'><strong>tus</strong></span> <span class='ocrx_word' id='word_1_299' title='bbox 2144 1596 2430 1651; x_wconf 82' lang='lat' dir='ltr'><strong>Eusebius</strong></span> <span class='ocrx_word' id='word_1_300' title='bbox 2492 1597 2573 1650; x_wconf 91' lang='lat' dir='ltr'><strong>ire</strong></span> <span class='ocrx_word' id='word_1_301' title='bbox 2628 1598 2811 1667; x_wconf 78' lang='lat'>(1552)</span> <span class='ocrx_word' id='word_1_302' title='bbox 2873 1597 3200 1662; x_wconf 85' lang='lat' dir='ltr'><strong>distulerat,</strong></span> <span class='ocrx_word' id='word_1_303' title='bbox 3264 1614 3437 1668; x_wconf 83' lang='lat' dir='ltr'><strong>quem</strong></span> <span class='ocrx_word' id='word_1_304' title='bbox 3497 1599 3634 1667; x_wconf 89' lang='lat' dir='ltr'><strong>quid</strong></span> 
     </span>
    </p>
   </div>
   <div class='ocr_carea' id='block_1_47' title="bbox 1991 1685 3637 1758">
    <p class='ocr_par' dir='ltr' id='par_1_47' title="bbox 1991 1685 3637 1758">
     <span class='ocr_line' id='line_1_47' title="bbox 1991 1685 3637 1758; baseline 0.004 -21"><span class='ocrx_word' id='word_1_305' title='bbox 1991 1685 2214 1753; x_wconf 81' lang='lat' dir='ltr'><strong>agenda</strong></span> <span class='ocrx_word' id='word_1_306' title='bbox 2227 1701 2281 1738; x_wconf 92' lang='lat' dir='ltr'><strong>m</strong></span> <span class='ocrx_word' id='word_1_307' title='bbox 2297 1689 2419 1739; x_wconf 87' lang='lat' dir='ltr'><strong>erat</strong></span> <span class='ocrx_word' id='word_1_308' title='bbox 2432 1685 2674 1740; x_wconf 89' lang='lat' dir='ltr'><strong>minime</strong></span> <span class='ocrx_word' id='word_1_309' title='bbox 2688 1685 2955 1743; x_wconf 85' lang='lat' dir='ltr'><strong>latuerat.</strong></span> <span class='ocrx_word' id='word_1_310' title='bbox 2972 1686 3436 1758; x_wconf 86' lang='lat' dir='ltr'><strong>Chirographum</strong></span> <span class='ocrx_word' id='word_1_311' title='bbox 3457 1688 3515 1742; x_wconf 92' lang='lat' dir='ltr'><strong>in</strong></span> <span class='ocrx_word' id='word_1_312' title='bbox 3530 1704 3637 1743; x_wconf 89' lang='lat' dir='ltr'><strong>sua</strong></span> 
     </span>
    </p>
   </div>
   <div class='ocr_carea' id='block_1_48' title="bbox 1989 1772 3636 1847">
    <p class='ocr_par' dir='ltr' id='par_1_48' title="bbox 1989 1772 3636 1847">
     <span class='ocr_line' id='line_1_48' title="bbox 1989 1772 3636 1847; baseline 0.004 -22"><span class='ocrx_word' id='word_1_313' title='bbox 1989 1772 2100 1826; x_wconf 83' lang='lat' dir='ltr'><strong>ﬁde</strong></span> <span class='ocrx_word' id='word_1_314' title='bbox 2128 1773 2200 1826; x_wconf 89' lang='lat' dir='ltr'><strong>ab</strong></span> <span class='ocrx_word' id='word_1_315' title='bbox 2224 1773 2511 1828; x_wconf 69' lang='lat' dir='ltr'><strong>haereticis</strong></span> <span class='ocrx_word' id='word_1_316' title='bbox 2539 1776 2756 1829; x_wconf 89' lang='lat' dir='ltr'><strong>factum</strong></span> <span class='ocrx_word' id='word_1_317' title='bbox 2804 1774 3120 1846; x_wconf 86' lang='lat' dir='ltr'><strong>imperator</strong></span> <span class='ocrx_word' id='word_1_318' title='bbox 3160 1776 3458 1841; x_wconf 87' lang='lat' dir='ltr'><strong>laudabat,</strong></span> <span class='ocrx_word' id='word_1_319' title='bbox 3482 1777 3636 1847; x_wconf 92' lang='lat' dir='ltr'><strong>quod</strong></span> 
     </span>
    </p>
   </div>
   <div class='ocr_carea' id='block_1_49' title="bbox 1991 1860 3631 1935">
    <p class='ocr_par' dir='ltr' id='par_1_49' title="bbox 1991 1860 3631 1935">
     <span class='ocr_line' id='line_1_49' title="bbox 1991 1860 3631 1935; baseline 0.004 -21"><span class='ocrx_word' id='word_1_320' title='bbox 1991 1860 2203 1915; x_wconf 89' lang='lat' dir='ltr'><strong>Filium</strong></span> <span class='ocrx_word' id='word_1_321' title='bbox 2228 1862 2511 1917; x_wconf 88' lang='lat' dir='ltr'><strong>minorem</strong></span> <span class='ocrx_word' id='word_1_322' title='bbox 2536 1864 2690 1917; x_wconf 88' lang='lat' dir='ltr'><strong>Patri</strong></span> <span class='ocrx_word' id='word_1_323' title='bbox 2713 1864 2895 1935; x_wconf 87' lang='grc'>(1553)</span> <span class='ocrx_word' id='word_1_324' title='bbox 2919 1880 3020 1935; x_wconf 89' lang='lat' dir='ltr'><strong>per</strong></span> <span class='ocrx_word' id='word_1_325' title='bbox 3041 1864 3631 1935; x_wconf 72' lang='lat' dir='ltr'><strong>omniaprtedicabat.</strong></span> 
     </span>
    </p>
   </div>
   <div class='ocr_carea' id='block_1_50' title="bbox 1987 1949 3634 2023">
    <p class='ocr_par' dir='ltr' id='par_1_50' title="bbox 1987 1949 3634 2023">
     <span class='ocr_line' id='line_1_50' title="bbox 1987 1949 3634 2023; baseline 0.004 -20"><span class='ocrx_word' id='word_1_326' title='bbox 1987 1949 2197 2004; x_wconf 88' lang='lat' dir='ltr'><strong>Contra</strong></span> <span class='ocrx_word' id='word_1_327' title='bbox 2258 1952 2410 2022; x_wconf 91' lang='lat' dir='ltr'><strong>quod</strong></span> <span class='ocrx_word' id='word_1_328' title='bbox 2469 1952 2739 2006; x_wconf 89' lang='lat' dir='ltr'><strong>catholici</strong></span> <span class='ocrx_word' id='word_1_329' title='bbox 2813 1953 3000 2023; x_wconf 87' lang='lat' dir='ltr'><strong>prima</strong></span> <span class='ocrx_word' id='word_1_330' title='bbox 3076 1955 3261 2008; x_wconf 88' lang='lat' dir='ltr'><strong>fronte</strong></span> <span class='ocrx_word' id='word_1_331' title='bbox 3320 1955 3634 2009; x_wconf 88' lang='lat' dir='ltr'><strong>contende-</strong></span> 
     </span>
    </p>
   </div>
   <div class='ocr_carea' id='block_1_51' title="bbox 1986 2040 3633 2114">
    <p class='ocr_par' dir='ltr' id='par_1_51' title="bbox 1986 2040 3633 2114">
     <span class='ocr_line' id='line_1_51' title="bbox 1986 2040 3633 2114; baseline 0.004 -23"><span class='ocrx_word' id='word_1_332' title='bbox 1986 2043 2123 2092; x_wconf 89' lang='lat' dir='ltr'><strong>runt</strong></span> <span class='ocrx_word' id='word_1_333' title='bbox 2152 2040 2356 2109; x_wconf 84' lang='grc'>(1554),</span> <span class='ocrx_word' id='word_1_334' title='bbox 2392 2041 2706 2095; x_wconf 85' lang='lat' dir='ltr'><strong>novissime</strong></span> <span class='ocrx_word' id='word_1_335' title='bbox 2735 2047 2929 2095; x_wconf 89' lang='lat' dir='ltr'><strong>autem</strong></span> <span class='ocrx_word' id='word_1_336' title='bbox 2978 2042 3267 2113; x_wconf 89' lang='lat' dir='ltr'><strong>perterriti</strong></span> <span class='ocrx_word' id='word_1_337' title='bbox 3299 2058 3503 2098; x_wconf 90' lang='lat' dir='ltr'><strong>omnes</strong></span> <span class='ocrx_word' id='word_1_338' title='bbox 3533 2043 3633 2114; x_wconf 92' lang='lat' dir='ltr'><strong>qui</strong></span> 
     </span>
    </p>
   </div>
   <div class='ocr_carea' id='block_1_52' title="bbox 1985 2126 3633 2200">
    <p class='ocr_par' dir='ltr' id='par_1_52' title="bbox 1985 2126 3633 2200">
     <span class='ocr_line' id='line_1_52' title="bbox 1985 2126 3633 2200; baseline 0.005 -21"><span class='ocrx_word' id='word_1_339' title='bbox 1985 2126 2295 2182; x_wconf 89' lang='lat' dir='ltr'><strong>adfuerant</strong></span> <span class='ocrx_word' id='word_1_340' title='bbox 2309 2129 2806 2200; x_wconf 83' lang='lat' dir='ltr'><strong>subscripserunt.</strong></span> <span class='ocrx_word' id='word_1_341' title='bbox 2829 2130 2989 2196; x_wconf 80' lang='lat' dir='ltr'><strong>Quod</strong></span> <span class='ocrx_word' id='word_1_342' title='bbox 3006 2146 3135 2184; x_wconf 86' lang='lat' dir='ltr'><strong>cum</strong></span> <span class='ocrx_word' id='word_1_343' title='bbox 3153 2132 3416 2187; x_wconf 83' lang='lat' dir='ltr'><strong>audisset</strong></span> <span class='ocrx_word' id='word_1_344' title='bbox 3428 2134 3633 2187; x_wconf 90' lang='lat' dir='ltr'><strong>beatus</strong></span> 
     </span>
    </p>
   </div>
   <div class='ocr_carea' id='block_1_53' title="bbox 1987 2216 3627 2291">
    <p class='ocr_par' dir='ltr' id='par_1_53' title="bbox 1987 2216 3627 2291">
     <span class='ocr_line' id='line_1_53' title="bbox 1987 2216 3627 2291; baseline 0.004 -22"><span class='ocrx_word' id='word_1_345' title='bbox 1987 2216 2297 2281; x_wconf 83' lang='lat' dir='ltr'><strong>Eusebius,</strong></span> <span class='ocrx_word' id='word_1_346' title='bbox 2318 2218 2736 2273; x_wconf 89' lang='lat' dir='ltr'><strong>inenarrabiles</strong></span> <span class='ocrx_word' id='word_1_347' title='bbox 2754 2220 2927 2273; x_wconf 90' lang='lat' dir='ltr'><strong>corde</strong></span> <span class='ocrx_word' id='word_1_348' title='bbox 2946 2221 3201 2290; x_wconf 83' lang='lat' dir='ltr'><strong>profudit</strong></span> <span class='ocrx_word' id='word_1_349' title='bbox 3219 2221 3492 2291; x_wconf 75' lang='lat' dir='ltr'><strong>gemitus.</strong></span> <span class='ocrx_word' id='word_1_350' title='bbox 3512 2221 3627 2275; x_wconf 89' lang='lat' dir='ltr'><strong>Nec</strong></span> 
     </span>
    </p>
   </div>
   <div class='ocr_carea' id='block_1_54' title="bbox 1986 2307 3625 2378">
    <p class='ocr_par' dir='ltr' id='par_1_54' title="bbox 1986 2307 3625 2378">
     <span class='ocr_line' id='line_1_54' title="bbox 1986 2307 3625 2378; baseline 0.003 -19"><span class='ocrx_word' id='word_1_351' title='bbox 1986 2321 2047 2360; x_wconf 88' lang='lat' dir='ltr'><strong>se</strong></span> <span class='ocrx_word' id='word_1_352' title='bbox 2100 2307 2225 2376; x_wconf 85' lang='lat' dir='ltr'><strong>jam</strong></span> <span class='ocrx_word' id='word_1_353' title='bbox 2284 2308 2474 2377; x_wconf 90' lang='lat' dir='ltr'><strong>potuit</strong></span> <span class='ocrx_word' id='word_1_354' title='bbox 2530 2309 2849 2374; x_wconf 87' lang='lat' dir='ltr'><strong>continere,</strong></span> <span class='ocrx_word' id='word_1_355' title='bbox 2907 2308 3047 2378; x_wconf 91' lang='lat' dir='ltr'><strong>quin</strong></span> <span class='ocrx_word' id='word_1_356' title='bbox 3106 2310 3176 2363; x_wconf 90' lang='lat' dir='ltr'><strong>ad</strong></span> <span class='ocrx_word' id='word_1_357' title='bbox 3238 2315 3625 2364; x_wconf 86' lang='lat' dir='ltr'><strong>memoratum</strong></span> 
     </span>
    </p>
   </div>
   <div class='ocr_carea' id='block_1_55' title="bbox 1985 2393 3623 2469">
    <p class='ocr_par' dir='ltr' id='par_1_55' title="bbox 1985 2393 3623 2469">
     <span class='ocr_line' id='line_1_55' title="bbox 1985 2393 3623 2469; baseline 0.004 -22"><span class='ocrx_word' id='word_1_358' title='bbox 1985 2393 2301 2466; x_wconf 89' lang='lat' dir='ltr'>iret(1555)</span> <span class='ocrx_word' id='word_1_359' title='bbox 2344 2395 2651 2450; x_wconf 90' lang='lat' dir='ltr'><strong>concilium</strong></span> <span class='ocrx_word' id='word_1_360' title='bbox 2714 2413 2817 2466; x_wconf 92' lang='lat' dir='ltr'><strong>pro</strong></span> <span class='ocrx_word' id='word_1_361' title='bbox 2880 2397 2991 2451; x_wconf 82' lang='lat' dir='ltr'><strong>fide</strong></span> <span class='ocrx_word' id='word_1_362' title='bbox 3044 2398 3391 2453; x_wconf 83' lang='lat' dir='ltr'><strong>contendere</strong></span> <span class='ocrx_word' id='word_1_363' title='bbox 3425 2399 3623 2469; x_wconf 91' lang='lat'>(1556).</span> 
     </span>
    </p>
   </div>
   <div class='ocr_carea' id='block_1_56' title="bbox 1986 2483 3629 2558">
    <p class='ocr_par' dir='ltr' id='par_1_56' title="bbox 1986 2483 3629 2558">
     <span class='ocr_line' id='line_1_56' title="bbox 1986 2483 3629 2558; baseline 0.003 -21"><span class='ocrx_word' id='word_1_364' title='bbox 1986 2483 2177 2537; x_wconf 87' lang='lat' dir='ltr'><strong>Sancti</strong></span> <span class='ocrx_word' id='word_1_365' title='bbox 2213 2484 2493 2555; x_wconf 84' lang='lat' dir='ltr'><strong>evangelii</strong></span> <span class='ocrx_word' id='word_1_366' title='bbox 2546 2486 2731 2555; x_wconf 84' lang='lat'>(1557)</span> <span class='ocrx_word' id='word_1_367' title='bbox 2782 2485 2958 2540; x_wconf 91' lang='lat' dir='ltr'><strong>chara</strong></span> <span class='ocrx_word' id='word_1_368' title='bbox 3004 2488 3317 2555; x_wconf 80' lang='lat' dir='ltr'><strong>deportans</strong></span> <span class='ocrx_word' id='word_1_369' title='bbox 3365 2487 3629 2558; x_wconf 86' lang='lat' dir='ltr'><strong>pignora,</strong></span> 
     </span>
    </p>
   </div>
   <div class='ocr_carea' id='block_1_57' title="bbox 1986 2572 3629 2645">
    <p class='ocr_par' dir='ltr' id='par_1_57' title="bbox 1986 2572 3629 2645">
     <span class='ocr_line' id='line_1_57' title="bbox 1986 2572 3629 2645; baseline 0.003 -19"><span class='ocrx_word' id='word_1_370' title='bbox 1986 2572 2237 2627; x_wconf 88' lang='lat' dir='ltr'><strong>festinus</strong></span> <span class='ocrx_word' id='word_1_371' title='bbox 2268 2574 2335 2627; x_wconf 90' lang='lat' dir='ltr'><strong>ad</strong></span> <span class='ocrx_word' id='word_1_372' title='bbox 2368 2574 2584 2629; x_wconf 89' lang='lat' dir='ltr'><strong>flumen</strong></span> <span class='ocrx_word' id='word_1_373' title='bbox 2630 2590 2763 2629; x_wconf 83' lang='lat' dir='ltr'><strong>mox</strong></span> <span class='ocrx_word' id='word_1_374' title='bbox 2803 2575 3062 2645; x_wconf 86' lang='lat' dir='ltr'><strong>pervenit</strong></span> <span class='ocrx_word' id='word_1_375' title='bbox 3100 2576 3383 2629; x_wconf 85' lang='lat' dir='ltr'><strong>Siccidam</strong></span> <span class='ocrx_word' id='word_1_376' title='bbox 3407 2576 3629 2645; x_wconf 88' lang='lat'>(1558):</span> 
     </span>
    </p>
   </div>
   <div class='ocr_carea' id='block_1_58' title="bbox 1987 2659 3630 2733">
    <p class='ocr_par' dir='ltr' id='par_1_58' title="bbox 1987 2659 3630 2733">
     <span class='ocr_line' id='line_1_58' title="bbox 1987 2659 3630 2733; baseline 0.002 -18"><span class='ocrx_word' id='word_1_377' title='bbox 1987 2659 2151 2715; x_wconf 91' lang='lat' dir='ltr'><strong>navis</strong></span> <span class='ocrx_word' id='word_1_378' title='bbox 2176 2662 2382 2731; x_wconf 83' lang='lat'>(1559),</span> <span class='ocrx_word' id='word_1_379' title='bbox 2413 2677 2513 2732; x_wconf 88' lang='lat' dir='ltr'><strong>per</strong></span> <span class='ocrx_word' id='word_1_380' title='bbox 2548 2678 2724 2732; x_wconf 89' lang='lat' dir='ltr'><strong>quam</strong></span> <span class='ocrx_word' id='word_1_381' title='bbox 2747 2664 2984 2717; x_wconf 87' lang='lat' dir='ltr'><strong>transiri</strong></span> <span class='ocrx_word' id='word_1_382' title='bbox 3026 2664 3207 2733; x_wconf 88' lang='lat'>(1560)</span> <span class='ocrx_word' id='word_1_383' title='bbox 3231 2668 3630 2732; x_wconf 80' lang='lat' dir='ltr'><strong>consueverat,</strong></span> 
     </span>
    </p>
   </div>
   <div class='ocr_carea' id='block_1_59' title="bbox 1987 2749 3629 2821">
    <p class='ocr_par' dir='ltr' id='par_1_59' title="bbox 1987 2749 3629 2821">
     <span class='ocr_line' id='line_1_59' title="bbox 1987 2749 3629 2821; baseline 0.003 -18"><span class='ocrx_word' id='word_1_384' title='bbox 1987 2750 2057 2803; x_wconf 89' lang='lat' dir='ltr'><strong>ad</strong></span> <span class='ocrx_word' id='word_1_385' title='bbox 2082 2749 2267 2819; x_wconf 89' lang='lat' dir='ltr'><strong>ripam</strong></span> <span class='ocrx_word' id='word_1_386' title='bbox 2288 2755 2425 2803; x_wconf 88' lang='lat' dir='ltr'><strong>tunc</strong></span> <span class='ocrx_word' id='word_1_387' title='bbox 2444 2752 2783 2805; x_wconf 88' lang='lat' dir='ltr'><strong>morabatur</strong></span> <span class='ocrx_word' id='word_1_388' title='bbox 2803 2751 3043 2805; x_wconf 87' lang='lat' dir='ltr'><strong>alteram</strong></span> <span class='ocrx_word' id='word_1_389' title='bbox 3069 2776 3083 2817; x_wconf 83' lang='lat'><strong>;</strong></span> <span class='ocrx_word' id='word_1_390' title='bbox 3103 2768 3277 2821; x_wconf 90' lang='lat' dir='ltr'><strong>quam</strong></span> <span class='ocrx_word' id='word_1_391' title='bbox 3304 2757 3367 2807; x_wconf 92' lang='lat' dir='ltr'><strong>ut</strong></span> <span class='ocrx_word' id='word_1_392' title='bbox 3387 2753 3629 2819; x_wconf 88' lang='lat' dir='ltr'><strong>vocavit,</strong></span> 
     </span>
    </p>
   </div>
   <div class='ocr_carea' id='block_1_60' title="bbox 1988 2837 3630 2909">
    <p class='ocr_par' dir='ltr' id='par_1_60' title="bbox 1988 2837 3630 2909">
     <span class='ocr_line' id='line_1_60' title="bbox 1988 2837 3630 2909; baseline 0.003 -18"><span class='ocrx_word' id='word_1_393' title='bbox 1988 2837 2109 2892; x_wconf 90' lang='lat' dir='ltr'><strong>sola</strong></span> <span class='ocrx_word' id='word_1_394' title='bbox 2142 2838 2211 2891; x_wconf 89' lang='lat' dir='ltr'><strong>ad</strong></span> <span class='ocrx_word' id='word_1_395' title='bbox 2241 2853 2375 2892; x_wconf 91' lang='lat' dir='ltr'><strong>eum</strong></span> <span class='ocrx_word' id='word_1_396' title='bbox 2404 2843 2658 2903; x_wconf 88' lang='lat' dir='ltr'><strong>venerat,</strong></span> <span class='ocrx_word' id='word_1_397' title='bbox 2708 2843 3046 2909; x_wconf 90' lang='lat' dir='ltr'><strong>susceptum</strong></span> <span class='ocrx_word' id='word_1_398' title='bbox 3100 2842 3320 2894; x_wconf 90' lang='lat' dir='ltr'><strong>undam</strong></span> <span class='ocrx_word' id='word_1_399' title='bbox 3353 2844 3411 2895; x_wconf 90' lang='lat' dir='ltr'><strong>et</strong></span> <span class='ocrx_word' id='word_1_400' title='bbox 3436 2846 3630 2896; x_wconf 88' lang='lat' dir='ltr'><strong>trans-</strong></span> 
     </span>
    </p>
   </div>
   <div class='ocr_carea' id='block_1_61' title="bbox 1984 2925 3630 3002">
    <p class='ocr_par' dir='ltr' id='par_1_61' title="bbox 1984 2925 3630 3002">
     <span class='ocr_line' id='line_1_61' title="bbox 1984 2925 3630 3002; baseline 0.002 -22"><span class='ocrx_word' id='word_1_401' title='bbox 1984 2925 2135 2980; x_wconf 86' lang='lat' dir='ltr'><strong>vexit</strong></span> <span class='ocrx_word' id='word_1_402' title='bbox 2154 2925 2426 2981; x_wconf 87' lang='lat' dir='ltr'><strong>validam.</strong></span> <span class='ocrx_word' id='word_1_403' title='bbox 2447 2927 2581 2980; x_wconf 87' lang='lat' dir='ltr'><strong>Inde</strong></span> <span class='ocrx_word' id='word_1_404' title='bbox 2596 2942 2941 2997; x_wconf 86' lang='lat' dir='ltr'><strong>progressus</strong></span> <span class='ocrx_word' id='word_1_405' title='bbox 2956 2928 3024 2981; x_wconf 89' lang='lat' dir='ltr'><strong>ad</strong></span> <span class='ocrx_word' id='word_1_406' title='bbox 3040 2928 3242 2983; x_wconf 89' lang='lat' dir='ltr'><strong>urbem</strong></span> <span class='ocrx_word' id='word_1_407' title='bbox 3260 2929 3630 3002; x_wconf 83' lang='lat' dir='ltr'><strong>metropolim</strong></span> 
     </span>
    </p>
   </div>
   <div class='ocr_carea' id='block_1_62' title="bbox 1985 3014 3630 3086">
    <p class='ocr_par' dir='ltr' id='par_1_62' title="bbox 1985 3014 3630 3086">
     <span class='ocr_line' id='line_1_62' title="bbox 1985 3014 3630 3086; baseline 0.003 -17"><span class='ocrx_word' id='word_1_408' title='bbox 1985 3016 2279 3086; x_wconf 88' lang='lat' dir='ltr'><strong>ingentem</strong></span> <span class='ocrx_word' id='word_1_409' title='bbox 2329 3014 2552 3069; x_wconf 90' lang='lat' dir='ltr'><strong>luctum</strong></span> <span class='ocrx_word' id='word_1_410' title='bbox 2602 3014 2826 3086; x_wconf 86' lang='lat' dir='ltr'><strong>planxit</strong></span> <span class='ocrx_word' id='word_1_411' title='bbox 2875 3032 3009 3071; x_wconf 92' lang='lat' dir='ltr'><strong>cum</strong></span> <span class='ocrx_word' id='word_1_412' title='bbox 3064 3017 3383 3073; x_wconf 90' lang='lat' dir='ltr'><strong>catholicis.</strong></span> <span class='ocrx_word' id='word_1_413' title='bbox 3433 3019 3630 3075; x_wconf 81' lang='lat' dir='ltr'><strong>Exter-</strong></span> 
     </span>
    </p>
   </div>
   <div class='ocr_carea' id='block_1_63' title="bbox 1985 3102 3629 3176">
    <p class='ocr_par' dir='ltr' id='par_1_63' title="bbox 1985 3102 3629 3176">
     <span class='ocr_line' id='line_1_63' title="bbox 1985 3102 3629 3176; baseline 0.002 -18"><span class='ocrx_word' id='word_1_414' title='bbox 1985 3104 2296 3176; x_wconf 88' lang='lat' dir='ltr'>gens(1561</span> <span class='ocrx_word' id='word_1_415' title='bbox 2310 3104 2325 3175; x_wconf 92' lang='lat'><strong>)</strong></span> <span class='ocrx_word' id='word_1_416' title='bbox 2338 3102 2583 3173; x_wconf 88' lang='lat' dir='ltr'><strong>luctum,</strong></span> <span class='ocrx_word' id='word_1_417' title='bbox 2600 3104 2830 3159; x_wconf 91' lang='lat' dir='ltr'><strong>locutus</strong></span> <span class='ocrx_word' id='word_1_418' title='bbox 2843 3110 2932 3159; x_wconf 89' lang='lat' dir='ltr'><strong>est</strong></span> <span class='ocrx_word' id='word_1_419' title='bbox 2944 3105 3310 3175; x_wconf 88' lang='lat' dir='ltr'><strong>prudentiam</strong></span> <span class='ocrx_word' id='word_1_420' title='bbox 3323 3147 3335 3170; x_wconf 92' lang='lat'><strong>,</strong></span> <span class='ocrx_word' id='word_1_421' title='bbox 3352 3107 3629 3163; x_wconf 85' lang='lat' dir='ltr'><strong>fratribus</strong></span> 
     </span>
    </p>
   </div>
   <div class='ocr_carea' id='block_1_64' title="bbox 1985 3192 3629 3267">
    <p class='ocr_par' dir='ltr' id='par_1_64' title="bbox 1985 3192 3629 3267">
     <span class='ocr_line' id='line_1_64' title="bbox 1985 3192 3629 3267; baseline 0.003 -20"><span class='ocrx_word' id='word_1_422' title='bbox 1985 3192 2211 3247; x_wconf 90' lang='lat' dir='ltr'><strong>cunctis</strong></span> <span class='ocrx_word' id='word_1_423' title='bbox 2244 3192 2403 3247; x_wconf 92' lang='lat' dir='ltr'><strong>dedit</strong></span> <span class='ocrx_word' id='word_1_424' title='bbox 2434 3192 2883 3263; x_wconf 86' lang='lat' dir='ltr'><strong>indulgentiam,</strong></span> <span class='ocrx_word' id='word_1_425' title='bbox 2927 3194 2975 3248; x_wconf 88' lang='lat' dir='ltr'><strong>si</strong></span> <span class='ocrx_word' id='word_1_426' title='bbox 3025 3195 3153 3263; x_wconf 89' lang='lat' dir='ltr'><strong>ejus</strong></span> <span class='ocrx_word' id='word_1_427' title='bbox 3185 3194 3393 3250; x_wconf 90' lang='lat' dir='ltr'><strong>deinde</strong></span> <span class='ocrx_word' id='word_1_428' title='bbox 3423 3211 3629 3267; x_wconf 88' lang='lat' dir='ltr'><strong>seque-</strong></span> 
     </span>
    </p>
   </div>
   <div class='ocr_carea' id='block_1_65' title="bbox 226 3268 3629 3355">
    <p class='ocr_par' dir='ltr' id='par_1_65' title="bbox 226 3268 3629 3355">
     <span class='ocr_line' id='line_1_65' title="bbox 226 3268 3629 3355; baseline 0.001 -17"><span class='ocrx_word' id='word_1_429' title='bbox 226 3283 358 3353; x_wconf 87' lang='lat' dir='ltr'><strong>ejus</strong></span> <span class='ocrx_word' id='word_1_430' title='bbox 370 3297 777 3339; x_wconf 87' lang='lat' dir='ltr'><strong>successorum</strong></span> <span class='ocrx_word' id='word_1_431' title='bbox 795 3281 1015 3338; x_wconf 89' lang='lat' dir='ltr'><strong>Julium</strong></span> <span class='ocrx_word' id='word_1_432' title='bbox 1036 3284 1325 3353; x_wconf 84' lang='grc' dir='ltr'>(1544).Εο</span> <span class='ocrx_word' id='word_1_433' title='bbox 1348 3286 1709 3354; x_wconf 90' lang='lat' dir='ltr'><strong>quoquetem</strong></span> <span class='ocrx_word' id='word_1_434' title='bbox 1719 3299 1876 3355; x_wconf 89' lang='lat' dir='ltr'><strong>pore,</strong></span> <span class='ocrx_word' id='word_1_435' title='bbox 1909 3268 1950 3334; x_wconf 91' lang='lat' dir='ltr'>C</span> <span class='ocrx_word' id='word_1_436' title='bbox 1990 3286 2194 3336; x_wconf 89' lang='lat' dir='ltr'><strong>rentur</strong></span> <span class='ocrx_word' id='word_1_437' title='bbox 2216 3281 2479 3353; x_wconf 90' lang='lat' dir='ltr'><strong>vestigia.</strong></span> <span class='ocrx_word' id='word_1_438' title='bbox 2506 3283 2825 3353; x_wconf 83' lang='lat' dir='ltr'><strong>Imperator</strong></span> <span class='ocrx_word' id='word_1_439' title='bbox 2848 3297 2981 3336; x_wconf 89' lang='lat' dir='ltr'><strong>eum</strong></span> <span class='ocrx_word' id='word_1_440' title='bbox 3003 3282 3332 3354; x_wconf 90' lang='lat' dir='ltr'><strong>suscipiens</strong></span> <span class='ocrx_word' id='word_1_441' title='bbox 3354 3299 3629 3355; x_wconf 86' lang='lat' dir='ltr'><strong>magnam</strong></span> 
     </span>
    </p>
   </div>
   <div class='ocr_carea' id='block_1_66' title="bbox 226 3370 1875 3444">
    <p class='ocr_par' dir='ltr' id='par_1_66' title="bbox 226 3370 1875 3444">
     <span class='ocr_line' id='line_1_66' title="bbox 226 3370 1875 3444; baseline 0.001 -20"><span class='ocrx_word' id='word_1_442' title='bbox 226 3370 615 3427; x_wconf 86' lang='lat' dir='ltr'><strong>Vercellensis</strong></span> <span class='ocrx_word' id='word_1_443' title='bbox 646 3371 846 3427; x_wconf 87' lang='lat' dir='ltr'><strong>civitas</strong></span> <span class='ocrx_word' id='word_1_444' title='bbox 880 3388 1095 3444; x_wconf 81' lang='lat' dir='ltr'><strong>magna</strong></span> <span class='ocrx_word' id='word_1_445' title='bbox 1141 3372 1323 3427; x_wconf 89' lang='lat' dir='ltr'><strong>totius</strong></span> <span class='ocrx_word' id='word_1_446' title='bbox 1373 3371 1549 3427; x_wconf 66' lang='lat' dir='ltr'><strong>Italia:</strong></span> <span class='ocrx_word' id='word_1_447' title='bbox 1577 3388 1723 3443; x_wconf 88' lang='lat' dir='ltr'><strong>pene</strong></span> <span class='ocrx_word' id='word_1_448' title='bbox 1753 3376 1875 3427; x_wconf 88' lang='lat' dir='ltr'><strong>erat</strong></span> 
     </span>
    </p>
   </div>
   <div class='ocr_carea' id='block_1_67' title="bbox 228 3459 1879 3532">
    <p class='ocr_par' dir='ltr' id='par_1_67' title="bbox 228 3459 1879 3532">
     <span class='ocr_line' id='line_1_67' title="bbox 228 3459 1879 3532; baseline -0.001 -17"><span class='ocrx_word' id='word_1_449' title='bbox 228 3459 620 3515; x_wconf 64' lang='lat' dir='ltr'><strong>haresiarcha</strong></span> <span class='ocrx_word' id='word_1_450' title='bbox 643 3460 846 3531; x_wconf 79' lang='grc'>(1545).</span> <span class='ocrx_word' id='word_1_451' title='bbox 873 3461 958 3514; x_wconf 85' lang='lat' dir='ltr'><strong>Ad</strong></span> <span class='ocrx_word' id='word_1_452' title='bbox 997 3460 1147 3515; x_wconf 91' lang='lat' dir='ltr'><strong>hanc</strong></span> <span class='ocrx_word' id='word_1_453' title='bbox 1181 3460 1420 3532; x_wconf 90' lang='lat' dir='ltr'><strong>quidem</strong></span> <span class='ocrx_word' id='word_1_454' title='bbox 1443 3461 1769 3515; x_wconf 89' lang='lat' dir='ltr'><strong>destinatus</strong></span> <span class='ocrx_word' id='word_1_455' title='bbox 1790 3463 1879 3515; x_wconf 90' lang='lat' dir='ltr'><strong>est</strong></span> 
     </span>
    </p>
   </div>
   <div class='ocr_carea' id='block_1_68' title="bbox 227 3544 1879 3620">
    <p class='ocr_par' dir='ltr' id='par_1_68' title="bbox 227 3544 1879 3620">
     <span class='ocr_line' id='line_1_68' title="bbox 227 3544 1879 3620; baseline -0.001 -16"><span class='ocrx_word' id='word_1_456' title='bbox 227 3544 538 3615; x_wconf 86' lang='lat' dir='ltr'><strong>Eusebius,</strong></span> <span class='ocrx_word' id='word_1_457' title='bbox 572 3548 671 3619; x_wconf 90' lang='lat' dir='ltr'><strong>qui</strong></span> <span class='ocrx_word' id='word_1_458' title='bbox 704 3550 838 3619; x_wconf 82' lang='lat' dir='ltr'><strong>ﬁde,</strong></span> <span class='ocrx_word' id='word_1_459' title='bbox 886 3549 1080 3616; x_wconf 89' lang='lat' dir='ltr'><strong>verbo,</strong></span> <span class='ocrx_word' id='word_1_460' title='bbox 1114 3554 1171 3604; x_wconf 90' lang='lat' dir='ltr'><strong>et</strong></span> <span class='ocrx_word' id='word_1_461' title='bbox 1216 3564 1389 3620; x_wconf 89' lang='lat' dir='ltr'><strong>opere</strong></span> <span class='ocrx_word' id='word_1_462' title='bbox 1433 3548 1658 3603; x_wconf 90' lang='lat' dir='ltr'><strong>cunctis</strong></span> <span class='ocrx_word' id='word_1_463' title='bbox 1688 3548 1879 3602; x_wconf 86' lang='lat' dir='ltr'><strong>fuerat</strong></span> 
     </span>
    </p>
   </div>
   <div class='ocr_carea' id='block_1_69' title="bbox 230 3636 1875 3711">
    <p class='ocr_par' dir='ltr' id='par_1_69' title="bbox 230 3636 1875 3711">
     <span class='ocr_line' id='line_1_69' title="bbox 230 3636 1875 3711; baseline -0.001 -19"><span class='ocrx_word' id='word_1_464' title='bbox 230 3636 528 3711; x_wconf 67' lang='lat' dir='ltr'><strong>praeditus.</strong></span> <span class='ocrx_word' id='word_1_465' title='bbox 562 3636 727 3692; x_wconf 89' lang='lat' dir='ltr'><strong>Hunc</strong></span> <span class='ocrx_word' id='word_1_466' title='bbox 767 3636 1041 3692; x_wconf 79' lang='lat' dir='ltr'><strong>frendens</strong></span> <span class='ocrx_word' id='word_1_467' title='bbox 1090 3637 1281 3691; x_wconf 90' lang='lat' dir='ltr'><strong>contio</strong></span> <span class='ocrx_word' id='word_1_468' title='bbox 1313 3638 1495 3708; x_wconf 81' lang='grc'>(1546)</span> <span class='ocrx_word' id='word_1_469' title='bbox 1528 3636 1875 3691; x_wconf 87' lang='lat' dir='ltr'><strong>Arianorum</strong></span> 
     </span>
    </p>
   </div>
   <div class='ocr_carea' id='block_1_70' title="bbox 234 3726 1878 3797">
    <p class='ocr_par' dir='ltr' id='par_1_70' title="bbox 234 3726 1878 3797">
     <span class='ocr_line' id='line_1_70' title="bbox 234 3726 1878 3797; baseline -0.001 -16"><span class='ocrx_word' id='word_1_470' title='bbox 234 3726 377 3782; x_wconf 89' lang='lat' dir='ltr'><strong>adeo</strong></span> <span class='ocrx_word' id='word_1_471' title='bbox 410 3726 749 3797; x_wconf 89' lang='lat' dir='ltr'><strong>spernebat,</strong></span> <span class='ocrx_word' id='word_1_472' title='bbox 781 3740 955 3797; x_wconf 86' lang='lat' dir='ltr'><strong>quem</strong></span> <span class='ocrx_word' id='word_1_473' title='bbox 1006 3742 1153 3780; x_wconf 67' lang='lat' dir='ltr'><strong>verm</strong></span> <span class='ocrx_word' id='word_1_474' title='bbox 1202 3726 1334 3781; x_wconf 86' lang='lat' dir='ltr'><strong>fidei</strong></span> <span class='ocrx_word' id='word_1_475' title='bbox 1370 3730 1717 3781; x_wconf 87' lang='lat' dir='ltr'><strong>assertorem</strong></span> <span class='ocrx_word' id='word_1_476' title='bbox 1750 3740 1878 3779; x_wconf 89' lang='lat' dir='ltr'><strong>esse</strong></span> 
     </span>
    </p>
   </div>
   <div class='ocr_carea' id='block_1_71' title="bbox 230 3813 1878 3885">
    <p class='ocr_par' dir='ltr' id='par_1_71' title="bbox 230 3813 1878 3885">
     <span class='ocr_line' id='line_1_71' title="bbox 230 3813 1878 3885; baseline -0.001 -15"><span class='ocrx_word' id='word_1_477' title='bbox 230 3814 524 3871; x_wconf 87' lang='lat' dir='ltr'><strong>cernebat.</strong></span> <span class='ocrx_word' id='word_1_478' title='bbox 586 3815 655 3869; x_wconf 89' lang='lat' dir='ltr'><strong>Et</strong></span> <span class='ocrx_word' id='word_1_479' title='bbox 710 3813 849 3885; x_wconf 90' lang='lat' dir='ltr'><strong>quia</strong></span> <span class='ocrx_word' id='word_1_480' title='bbox 907 3830 1022 3869; x_wconf 91' lang='lat' dir='ltr'><strong>non</strong></span> <span class='ocrx_word' id='word_1_481' title='bbox 1082 3814 1409 3868; x_wconf 86' lang='lat' dir='ltr'><strong>timuerunt</strong></span> <span class='ocrx_word' id='word_1_482' title='bbox 1473 3813 1878 3885; x_wconf 89' lang='lat' dir='ltr'><strong>blasphemare</strong></span> 
     </span>
    </p>
   </div>
   <div class='ocr_carea' id='block_1_72' title="bbox 232 3902 1877 3975">
    <p class='ocr_par' dir='ltr' id='par_1_72' title="bbox 232 3902 1877 3975">
     <span class='ocr_line' id='line_1_72' title="bbox 232 3902 1877 3975; baseline -0.001 -17"><span class='ocrx_word' id='word_1_483' title='bbox 232 3903 702 3975; x_wconf 78' lang='lat' dir='ltr'><strong>Redemptorem,</strong></span> <span class='ocrx_word' id='word_1_484' title='bbox 768 3902 896 3958; x_wconf 89' lang='lat' dir='ltr'><strong>ausi</strong></span> <span class='ocrx_word' id='word_1_485' title='bbox 948 3906 1088 3957; x_wconf 89' lang='lat' dir='ltr'><strong>sunt</strong></span> <span class='ocrx_word' id='word_1_486' title='bbox 1153 3903 1329 3957; x_wconf 88' lang='lat' dir='ltr'><strong>etiam</strong></span> <span class='ocrx_word' id='word_1_487' title='bbox 1381 3904 1632 3958; x_wconf 87' lang='lat' dir='ltr'><strong>refutare</strong></span> <span class='ocrx_word' id='word_1_488' title='bbox 1682 3906 1877 3973; x_wconf 88' lang='lat' dir='ltr'><strong>pasto-</strong></span> 
     </span>
    </p>
   </div>
   <div class='ocr_carea' id='block_1_73' title="bbox 232 3978 1877 4063">
    <p class='ocr_par' dir='ltr' id='par_1_73' title="bbox 232 3978 1877 4063">
     <span class='ocr_line' id='line_1_73' title="bbox 232 3978 1877 4063; baseline -0.001 -17"><span class='ocrx_word' id='word_1_489' title='bbox 232 4007 353 4047; x_wconf 86' lang='lat' dir='ltr'><strong>rem</strong></span> <span class='ocrx_word' id='word_1_490' title='bbox 385 3991 592 4063; x_wconf 86' lang='grc'>(1547).</span> <span class='ocrx_word' id='word_1_491' title='bbox 615 3978 987 4047; x_wconf 85' lang='lat' dir='ltr'><strong>Concludunt</strong></span> <span class='ocrx_word' id='word_1_492' title='bbox 1007 4007 1069 4046; x_wconf 90' lang='lat' dir='ltr'><strong>se</strong></span> <span class='ocrx_word' id='word_1_493' title='bbox 1108 3991 1287 4046; x_wconf 65' lang='lat' dir='ltr'><strong>beatae</strong></span> <span class='ocrx_word' id='word_1_494' title='bbox 1326 3990 1423 4047; x_wconf 90' lang='lat' dir='ltr'><strong>Dei</strong></span> <span class='ocrx_word' id='word_1_495' title='bbox 1461 3990 1763 4063; x_wconf 90' lang='lat' dir='ltr'><strong>genitricis</strong></span> <span class='ocrx_word' id='word_1_496' title='bbox 1786 4006 1877 4045; x_wconf 89' lang='lat' dir='ltr'><strong>ec-</strong></span> 
     </span>
    </p>
   </div>
   <div class='ocr_carea' id='block_1_74' title="bbox 233 4079 1877 4152">
    <p class='ocr_par' dir='ltr' id='par_1_74' title="bbox 233 4079 1877 4152">
     <span class='ocr_line' id='line_1_74' title="bbox 233 4079 1877 4152; baseline -0.001 -17"><span class='ocrx_word' id='word_1_497' title='bbox 233 4080 419 4136; x_wconf 63' lang='lat' dir='ltr'><strong>clesia:</strong></span> <span class='ocrx_word' id='word_1_498' title='bbox 458 4080 683 4152; x_wconf 86' lang='lat' dir='ltr'><strong>januis,</strong></span> <span class='ocrx_word' id='word_1_499' title='bbox 735 4096 911 4151; x_wconf 89' lang='lat' dir='ltr'><strong>quam</strong></span> <span class='ocrx_word' id='word_1_500' title='bbox 958 4080 1066 4151; x_wconf 63' lang='lat' dir='ltr'><strong>pia:</strong></span> <span class='ocrx_word' id='word_1_501' title='bbox 1112 4080 1407 4150; x_wconf 66' lang='lat' dir='ltr'><strong>memoria:</strong></span> <span class='ocrx_word' id='word_1_502' title='bbox 1458 4079 1877 4135; x_wconf 88' lang='lat' dir='ltr'><strong>Constantinus</strong></span> 
     </span>
    </p>
   </div>
   <div class='ocr_carea' id='block_1_75' title="bbox 233 4168 1879 4225">
    <p class='ocr_par' dir='ltr' id='par_1_75' title="bbox 233 4168 1879 4225">
     <span class='ocr_line' id='line_1_75' title="bbox 233 4168 1879 4225; baseline -0.002 0"><span class='ocrx_word' id='word_1_503' title='bbox 233 4172 490 4225; x_wconf 85' lang='lat' dir='ltr'><strong>erexerat</strong></span> <span class='ocrx_word' id='word_1_504' title='bbox 511 4185 545 4223; x_wconf 91' lang='lat' dir='ltr'><strong>a</strong></span> <span class='ocrx_word' id='word_1_505' title='bbox 565 4168 993 4224; x_wconf 85' lang='lat' dir='ltr'><strong>fundamentis:</strong></span> <span class='ocrx_word' id='word_1_506' title='bbox 1013 4169 1274 4224; x_wconf 89' lang='lat' dir='ltr'><strong>vectibus</strong></span> <span class='ocrx_word' id='word_1_507' title='bbox 1297 4173 1354 4224; x_wconf 87' lang='lat' dir='ltr'><strong>et</strong></span> <span class='ocrx_word' id='word_1_508' title='bbox 1373 4169 1518 4224; x_wconf 91' lang='lat' dir='ltr'><strong>seris</strong></span> <span class='ocrx_word' id='word_1_509' title='bbox 1536 4168 1879 4224; x_wconf 89' lang='lat' dir='ltr'><strong>munierunt</strong></span> 
     </span>
    </p>
   </div>
   <div class='ocr_carea' id='block_1_76' title="bbox 233 4256 1878 4329">
    <p class='ocr_par' dir='ltr' id='par_1_76' title="bbox 233 4256 1878 4329">
     <span class='ocr_line' id='line_1_76' title="bbox 233 4256 1878 4329; baseline -0.002 -16"><span class='ocrx_word' id='word_1_510' title='bbox 233 4257 480 4328; x_wconf 82' lang='lat' dir='ltr'><strong>aditum,</strong></span> <span class='ocrx_word' id='word_1_511' title='bbox 509 4260 574 4312; x_wconf 89' lang='lat' dir='ltr'><strong>ut</strong></span> <span class='ocrx_word' id='word_1_512' title='bbox 591 4257 682 4313; x_wconf 90' lang='lat' dir='ltr'><strong>vel</strong></span> <span class='ocrx_word' id='word_1_513' title='bbox 706 4257 790 4313; x_wconf 89' lang='lat' dir='ltr'><strong>sic</strong></span> <span class='ocrx_word' id='word_1_514' title='bbox 810 4258 1062 4327; x_wconf 88' lang='lat' dir='ltr'><strong>pastoris</strong></span> <span class='ocrx_word' id='word_1_515' title='bbox 1091 4256 1434 4329; x_wconf 89' lang='lat' dir='ltr'><strong>repellerent</strong></span> <span class='ocrx_word' id='word_1_516' title='bbox 1454 4258 1636 4328; x_wconf 86' lang='grc'>(1548)</span> <span class='ocrx_word' id='word_1_517' title='bbox 1660 4258 1841 4312; x_wconf 90' lang='lat' dir='ltr'><strong>adven</strong></span> <span class='ocrx_word' id='word_1_518' title='bbox 1855 4286 1878 4297; x_wconf 92' lang='lat'><strong>-</strong></span> 
     </span>
    </p>
   </div>
   <div class='ocr_carea' id='block_1_77' title="bbox 302 4433 1873 4508">
    <p class='ocr_par' dir='ltr' id='par_1_77' title="bbox 302 4433 1873 4508">
     <span class='ocr_line' id='line_1_77' title="bbox 302 4433 1873 4508; baseline 0 -18"><span class='ocrx_word' id='word_1_519' title='bbox 302 4434 486 4508; x_wconf 85' lang='grc'>(1541)</span> <span class='ocrx_word' id='word_1_520' title='bbox 517 4435 684 4491; x_wconf 87' lang='lat' dir='ltr'><strong>Hunc</strong></span> <span class='ocrx_word' id='word_1_521' title='bbox 730 4449 1062 4508; x_wconf 86' lang='lat' dir='ltr'><strong>sermonem</strong></span> <span class='ocrx_word' id='word_1_522' title='bbox 1110 4433 1315 4508; x_wconf 63' lang='lat' dir='ltr'><strong>edidit</strong></span> <span class='ocrx_word' id='word_1_523' title='bbox 1340 4436 1603 4508; x_wconf 85' lang='lat' dir='ltr'><strong>Mansius</strong></span> <span class='ocrx_word' id='word_1_524' title='bbox 1652 4452 1719 4489; x_wconf 90' lang='lat' dir='ltr'><strong>ex</strong></span> <span class='ocrx_word' id='word_1_525' title='bbox 1746 4436 1873 4490; x_wconf 91' lang='lat' dir='ltr'><strong>cod.</strong></span> 
     </span>
    </p>
   </div>
   <div class='ocr_carea' id='block_1_78' title="bbox 232 4505 1875 4587">
    <p class='ocr_par' dir='ltr' id='par_1_78' title="bbox 232 4505 1875 4587">
     <span class='ocr_line' id='line_1_78' title="bbox 232 4505 1875 4587; baseline -0.001 -25"><span class='ocrx_word' id='word_1_526' title='bbox 232 4505 513 4587; x_wconf 55' lang='lat' dir='ltr'><strong>Vat.,_an.</strong></span> <span class='ocrx_word' id='word_1_527' title='bbox 546 4508 706 4587; x_wconf 74' lang='lat'>1761,</span> <span class='ocrx_word' id='word_1_528' title='bbox 725 4507 1124 4587; x_wconf 73' lang='lat' dir='ltr'><strong>eumdemque</strong></span> <span class='ocrx_word' id='word_1_529' title='bbox 1140 4510 1206 4561; x_wconf 92' lang='lat' dir='ltr'><strong>ut</strong></span> <span class='ocrx_word' id='word_1_530' title='bbox 1226 4505 1875 4587; x_wconf 28' lang='lat' dir='ltr'><strong>adhueineditum‘pro-</strong></span> 
     </span>
    </p>
   </div>
   <div class='ocr_carea' id='block_1_79' title="bbox 233 4577 1876 4634">
    <p class='ocr_par' dir='ltr' id='par_1_79' title="bbox 233 4577 1876 4634">
     <span class='ocr_line' id='line_1_79' title="bbox 233 4577 1876 4634; baseline -0.002 -1"><span class='ocrx_word' id='word_1_531' title='bbox 233 4578 367 4634; x_wconf 84' lang='lat' dir='ltr'><strong>tulit</strong></span> <span class='ocrx_word' id='word_1_532' title='bbox 388 4579 700 4634; x_wconf 85' lang='lat' dir='ltr'><strong>Burontius</strong></span> <span class='ocrx_word' id='word_1_533' title='bbox 721 4578 780 4632; x_wconf 91' lang='lat' dir='ltr'><strong>in</strong></span> <span class='ocrx_word' id='word_1_534' title='bbox 802 4594 907 4634; x_wconf 90' lang='lat' dir='ltr'><strong>sua</strong></span> <span class='ocrx_word' id='word_1_535' title='bbox 925 4577 1178 4633; x_wconf 88' lang='lat' dir='ltr'><strong>editione</strong></span> <span class='ocrx_word' id='word_1_536' title='bbox 1195 4577 1329 4631; x_wconf 89' lang='lat' dir='ltr'><strong>anni</strong></span> <span class='ocrx_word' id='word_1_537' title='bbox 1357 4577 1511 4631; x_wconf 89' lang='lat'>1768.</span> <span class='ocrx_word' id='word_1_538' title='bbox 1533 4581 1611 4629; x_wconf 90' lang='lat' dir='ltr'><strong>Bu</strong></span> <span class='ocrx_word' id='word_1_539' title='bbox 1623 4577 1876 4630; x_wconf 87' lang='lat' dir='ltr'><strong>rontium</strong></span> 
     </span>
    </p>
   </div>
   <div class='ocr_carea' id='block_1_80' title="bbox 1984 3369 3628 3442">
    <p class='ocr_par' dir='ltr' id='par_1_80' title="bbox 1984 3369 3628 3442">
     <span class='ocr_line' id='line_1_80' title="bbox 1984 3369 3628 3442; baseline 0.002 -17"><span class='ocrx_word' id='word_1_540' title='bbox 1984 3370 2153 3425; x_wconf 81' lang='lat' dir='ltr'><strong>ﬁnxit</strong></span> <span class='ocrx_word' id='word_1_541' title='bbox 2172 3369 2588 3437; x_wconf 89' lang='lat' dir='ltr'><strong>humilitatem,</strong></span> <span class='ocrx_word' id='word_1_542' title='bbox 2613 3375 2677 3424; x_wconf 91' lang='lat' dir='ltr'><strong>ut</strong></span> <span class='ocrx_word' id='word_1_543' title='bbox 2700 3371 2830 3441; x_wconf 88' lang='lat' dir='ltr'><strong>ejus</strong></span> <span class='ocrx_word' id='word_1_544' title='bbox 2849 3370 2918 3425; x_wconf 93' lang='lat' dir='ltr'><strong>ad</strong></span> <span class='ocrx_word' id='word_1_545' title='bbox 2939 3370 3308 3442; x_wconf 85' lang='lat' dir='ltr'><strong>sacrilegium</strong></span> <span class='ocrx_word' id='word_1_546' title='bbox 3331 3372 3523 3428; x_wconf 88' lang='lat' dir='ltr'><strong>taliter</strong></span> <span class='ocrx_word' id='word_1_547' title='bbox 3539 3390 3628 3429; x_wconf 86' lang='lat' dir='ltr'><strong>se-</strong></span> 
     </span>
    </p>
   </div>
   <div class='ocr_carea' id='block_1_81' title="bbox 1986 3458 3630 3533">
    <p class='ocr_par' dir='ltr' id='par_1_81' title="bbox 1986 3458 3630 3533">
     <span class='ocr_line' id='line_1_81' title="bbox 1986 3458 3630 3533; baseline 0.002 -20"><span class='ocrx_word' id='word_1_548' title='bbox 1986 3459 2221 3514; x_wconf 90' lang='lat' dir='ltr'><strong>duceret</strong></span> <span class='ocrx_word' id='word_1_549' title='bbox 2234 3459 2602 3514; x_wconf 84' lang='lat' dir='ltr'><strong>sanctitatem</strong></span> <span class='ocrx_word' id='word_1_550' title='bbox 2634 3459 2840 3529; x_wconf 85' lang='lat'>(1562),</span> <span class='ocrx_word' id='word_1_551' title='bbox 2857 3458 3630 3533; x_wconf 85' lang='lat' dir='ltr'><strong>dicens:Subscribe(1563),</strong></span> 
     </span>
    </p>
   </div>
   <div class='ocr_carea' id='block_1_82' title="bbox 1988 3548 3632 3620">
    <p class='ocr_par' dir='ltr' id='par_1_82' title="bbox 1988 3548 3632 3620">
     <span class='ocr_line' id='line_1_82' title="bbox 1988 3548 3632 3620; baseline 0.003 -19"><span class='ocrx_word' id='word_1_552' title='bbox 1988 3548 2185 3613; x_wconf 88' lang='lat' dir='ltr'><strong>frater,</strong></span> <span class='ocrx_word' id='word_1_553' title='bbox 2211 3549 2363 3618; x_wconf 92' lang='lat' dir='ltr'><strong>quod</strong></span> <span class='ocrx_word' id='word_1_554' title='bbox 2389 3548 2849 3619; x_wconf 89' lang='lat' dir='ltr'><strong>subscripsimus</strong></span> <span class='ocrx_word' id='word_1_555' title='bbox 2876 3564 2889 3613; x_wconf 91' lang='lat'><strong>;</strong></span> <span class='ocrx_word' id='word_1_556' title='bbox 2927 3548 3208 3604; x_wconf 80' lang='lat' dir='ltr'><strong>confirma</strong></span> <span class='ocrx_word' id='word_1_557' title='bbox 3229 3552 3314 3616; x_wconf 91' lang='lat' dir='ltr'><strong>tu,</strong></span> <span class='ocrx_word' id='word_1_558' title='bbox 3336 3551 3490 3620; x_wconf 90' lang='lat' dir='ltr'><strong>quod</strong></span> <span class='ocrx_word' id='word_1_559' title='bbox 3524 3566 3632 3606; x_wconf 91' lang='lat' dir='ltr'><strong>nos</strong></span> 
     </span>
    </p>
   </div>
   <div class='ocr_carea' id='block_1_83' title="bbox 1987 3635 3631 3710">
    <p class='ocr_par' dir='ltr' id='par_1_83' title="bbox 1987 3635 3631 3710">
     <span class='ocr_line' id='line_1_83' title="bbox 1987 3635 3631 3710; baseline 0.003 -21"><span class='ocrx_word' id='word_1_560' title='bbox 1987 3635 3631 3710; x_wconf 73' lang='lat' dir='ltr'><strong>omnesjamdudum1irmavimus.AtprudensPater(1564</strong></span> 
     </span>
    </p>
   </div>
   <div class='ocr_carea' id='block_1_84' title="bbox 1988 3724 3631 3796">
    <p class='ocr_par' dir='ltr' id='par_1_84' title="bbox 1988 3724 3631 3796">
     <span class='ocr_line' id='line_1_84' title="bbox 1988 3724 3631 3796; baseline 0.004 -18"><span class='ocrx_word' id='word_1_561' title='bbox 1988 3740 2049 3779; x_wconf 90' lang='lat' dir='ltr'><strong>se</strong></span> <span class='ocrx_word' id='word_1_562' title='bbox 2078 3724 2188 3779; x_wconf 90' lang='lat' dir='ltr'><strong>hoc</strong></span> <span class='ocrx_word' id='word_1_563' title='bbox 2212 3725 2397 3779; x_wconf 88' lang='lat' dir='ltr'><strong>facere</strong></span> <span class='ocrx_word' id='word_1_564' title='bbox 2433 3725 2796 3779; x_wconf 86' lang='lat' dir='ltr'><strong>detestabat:</strong></span> <span class='ocrx_word' id='word_1_565' title='bbox 2836 3725 3050 3796; x_wconf 88' lang='lat' dir='ltr'><strong>quippe</strong></span> <span class='ocrx_word' id='word_1_566' title='bbox 3078 3724 3331 3796; x_wconf 88' lang='lat' dir='ltr'><strong>priorem</strong></span> <span class='ocrx_word' id='word_1_567' title='bbox 3356 3727 3631 3784; x_wconf 90' lang='lat' dir='ltr'><strong>omnibus</strong></span> 
     </span>
    </p>
   </div>
   <div class='ocr_carea' id='block_1_85' title="bbox 1987 3812 3626 3887">
    <p class='ocr_par' dir='ltr' id='par_1_85' title="bbox 1987 3812 3626 3887">
     <span class='ocr_line' id='line_1_85' title="bbox 1987 3812 3626 3887; baseline 0.002 -19"><span class='ocrx_word' id='word_1_568' title='bbox 1987 3812 2359 3885; x_wconf 84' lang='lat' dir='ltr'><strong>chirographi</strong></span> <span class='ocrx_word' id='word_1_569' title='bbox 2392 3813 2773 3884; x_wconf 87' lang='lat' dir='ltr'><strong>inscriptione</strong></span> <span class='ocrx_word' id='word_1_570' title='bbox 2805 3829 2867 3869; x_wconf 91' lang='lat' dir='ltr'><strong>se</strong></span> <span class='ocrx_word' id='word_1_571' title='bbox 2910 3830 3238 3884; x_wconf 89' lang='lat' dir='ltr'><strong>supponere</strong></span> <span class='ocrx_word' id='word_1_572' title='bbox 3266 3815 3626 3887; x_wconf 87' lang='lat' dir='ltr'><strong>denegabat:</strong></span> 
     </span>
    </p>
   </div>
   <div class='ocr_carea' id='block_1_86' title="bbox 1988 3901 3629 3977">
    <p class='ocr_par' dir='ltr' id='par_1_86' title="bbox 1988 3901 3629 3977">
     <span class='ocr_line' id='line_1_86' title="bbox 1988 3901 3629 3977; baseline 0.003 -22"><span class='ocrx_word' id='word_1_573' title='bbox 1988 3902 2131 3956; x_wconf 90' lang='lat' dir='ltr'><strong>illud</strong></span> <span class='ocrx_word' id='word_1_574' title='bbox 2192 3903 2510 3969; x_wconf 88' lang='lat' dir='ltr'><strong>destruere,</strong></span> <span class='ocrx_word' id='word_1_575' title='bbox 2567 3906 2623 3957; x_wconf 90' lang='lat' dir='ltr'><strong>et</strong></span> <span class='ocrx_word' id='word_1_576' title='bbox 2674 3901 2831 3957; x_wconf 89' lang='lat' dir='ltr'><strong>aliud</strong></span> <span class='ocrx_word' id='word_1_577' title='bbox 2894 3904 3015 3957; x_wconf 82' lang='lat' dir='ltr'><strong>fieri</strong></span> <span class='ocrx_word' id='word_1_578' title='bbox 3074 3903 3396 3974; x_wconf 89' lang='lat' dir='ltr'><strong>proclamat</strong></span> <span class='ocrx_word' id='word_1_579' title='bbox 3424 3904 3629 3977; x_wconf 87' lang='lat'>(1565),</span> 
     </span>
    </p>
   </div>
   <div class='ocr_carea' id='block_1_87' title="bbox 1987 3990 3630 4062">
    <p class='ocr_par' dir='ltr' id='par_1_87' title="bbox 1987 3990 3630 4062">
     <span class='ocr_line' id='line_1_87' title="bbox 1987 3990 3630 4062; baseline 0.002 -17"><span class='ocrx_word' id='word_1_580' title='bbox 1987 3991 2045 4045; x_wconf 91' lang='lat' dir='ltr'><strong>in</strong></span> <span class='ocrx_word' id='word_1_581' title='bbox 2081 4006 2196 4061; x_wconf 90' lang='lat' dir='ltr'><strong>quo</strong></span> <span class='ocrx_word' id='word_1_582' title='bbox 2229 4006 2289 4045; x_wconf 89' lang='lat' dir='ltr'><strong>se</strong></span> <span class='ocrx_word' id='word_1_583' title='bbox 2315 3990 2474 4062; x_wconf 91' lang='lat' dir='ltr'><strong>prior</strong></span> <span class='ocrx_word' id='word_1_584' title='bbox 2502 3990 2871 4045; x_wconf 88' lang='lat' dir='ltr'><strong>subscribere</strong></span> <span class='ocrx_word' id='word_1_585' title='bbox 2908 3992 3032 4061; x_wconf 86' lang='lat' dir='ltr'><strong>jam</strong></span> <span class='ocrx_word' id='word_1_586' title='bbox 3063 3990 3269 4047; x_wconf 89' lang='lat' dir='ltr'><strong>valeat.</strong></span> <span class='ocrx_word' id='word_1_587' title='bbox 3307 3993 3403 4047; x_wconf 83' lang='lat' dir='ltr'><strong>Sic</strong></span> <span class='ocrx_word' id='word_1_588' title='bbox 3433 3994 3630 4049; x_wconf 91' lang='lat' dir='ltr'><strong>divino</strong></span> 
     </span>
    </p>
   </div>
   <div class='ocr_carea' id='block_1_88' title="bbox 1986 4079 3632 4153">
    <p class='ocr_par' dir='ltr' id='par_1_88' title="bbox 1986 4079 3632 4153">
     <span class='ocr_line' id='line_1_88' title="bbox 1986 4079 3632 4153; baseline 0.001 -18"><span class='ocrx_word' id='word_1_589' title='bbox 1986 4083 2134 4135; x_wconf 90' lang='lat' dir='ltr'><strong>nutu</strong></span> <span class='ocrx_word' id='word_1_590' title='bbox 2157 4084 2471 4151; x_wconf 84' lang='lat' dir='ltr'><strong>tyrannum</strong></span> <span class='ocrx_word' id='word_1_591' title='bbox 2496 4079 2768 4134; x_wconf 89' lang='lat' dir='ltr'><strong>deludere</strong></span> <span class='ocrx_word' id='word_1_592' title='bbox 2785 4080 2994 4151; x_wconf 90' lang='lat' dir='ltr'><strong>potuit,</strong></span> <span class='ocrx_word' id='word_1_593' title='bbox 3016 4096 3190 4150; x_wconf 90' lang='lat' dir='ltr'><strong>quem</strong></span> <span class='ocrx_word' id='word_1_594' title='bbox 3214 4080 3421 4136; x_wconf 90' lang='lat' dir='ltr'><strong>callide</strong></span> <span class='ocrx_word' id='word_1_595' title='bbox 3440 4085 3632 4153; x_wconf 82' lang='lat' dir='ltr'><strong>tyran-</strong></span> 
     </span>
    </p>
   </div>
   <div class='ocr_carea' id='block_1_89' title="bbox 1987 4166 3627 4239">
    <p class='ocr_par' dir='ltr' id='par_1_89' title="bbox 1987 4166 3627 4239">
     <span class='ocr_line' id='line_1_89' title="bbox 1987 4166 3627 4239; baseline 0.001 -16"><span class='ocrx_word' id='word_1_596' title='bbox 1987 4185 2100 4223; x_wconf 90' lang='lat' dir='ltr'><strong>nus</strong></span> <span class='ocrx_word' id='word_1_597' title='bbox 2130 4168 2395 4239; x_wconf 89' lang='lat' dir='ltr'><strong>decipere</strong></span> <span class='ocrx_word' id='word_1_598' title='bbox 2423 4166 2625 4222; x_wconf 88' lang='lat' dir='ltr'><strong>voluit.</strong></span> <span class='ocrx_word' id='word_1_599' title='bbox 2657 4167 2771 4222; x_wconf 90' lang='lat' dir='ltr'><strong>Nec</strong></span> <span class='ocrx_word' id='word_1_600' title='bbox 2824 4184 3022 4223; x_wconf 90' lang='lat' dir='ltr'><strong>mora:</strong></span> <span class='ocrx_word' id='word_1_601' title='bbox 3056 4170 3251 4239; x_wconf 92' lang='lat' dir='ltr'><strong>ipsum</strong></span> <span class='ocrx_word' id='word_1_602' title='bbox 3283 4185 3627 4225; x_wconf 89' lang='lat' dir='ltr'><strong>concessum</strong></span> 
     </span>
    </p>
   </div>
   <div class='ocr_carea' id='block_1_90' title="bbox 1985 4255 3630 4331">
    <p class='ocr_par' dir='ltr' id='par_1_90' title="bbox 1985 4255 3630 4331">
     <span class='ocr_line' id='line_1_90' title="bbox 1985 4255 3630 4331; baseline 0.001 -19"><span class='ocrx_word' id='word_1_603' title='bbox 1985 4263 2074 4312; x_wconf 89' lang='lat' dir='ltr'><strong>est</strong></span> <span class='ocrx_word' id='word_1_604' title='bbox 2095 4256 2363 4324; x_wconf 91' lang='lat' dir='ltr'><strong>cremari,</strong></span> <span class='ocrx_word' id='word_1_605' title='bbox 2387 4260 2445 4311; x_wconf 87' lang='lat' dir='ltr'><strong>et</strong></span> <span class='ocrx_word' id='word_1_606' title='bbox 2482 4255 2641 4310; x_wconf 91' lang='lat' dir='ltr'><strong>aliud</strong></span> <span class='ocrx_word' id='word_1_607' title='bbox 2679 4257 2916 4327; x_wconf 90' lang='lat' dir='ltr'><strong>jussum</strong></span> <span class='ocrx_word' id='word_1_608' title='bbox 2939 4262 3028 4312; x_wconf 88' lang='lat' dir='ltr'><strong>est</strong></span> <span class='ocrx_word' id='word_1_609' title='bbox 3061 4257 3245 4327; x_wconf 88' lang='lat'>(1566)</span> <span class='ocrx_word' id='word_1_610' title='bbox 3267 4255 3459 4313; x_wconf 88' lang='lat' dir='ltr'><strong>simile</strong></span> <span class='ocrx_word' id='word_1_611' title='bbox 3482 4276 3630 4331; x_wconf 74' lang='lat' dir='ltr'><strong>prte-</strong></span> 
     </span>
    </p>
   </div>
   <div class='ocr_carea' id='block_1_91' title="bbox 2057 4434 2713 4505">
    <p class='ocr_par' dir='ltr' id='par_1_91' title="bbox 2057 4434 2713 4505">
     <span class='ocr_line' id='line_1_91' title="bbox 2057 4434 2713 4505; baseline 0.002 -17"><span class='ocrx_word' id='word_1_612' title='bbox 2057 4435 2238 4505; x_wconf 86' lang='lat'>(1552)</span> <span class='ocrx_word' id='word_1_613' title='bbox 2268 4438 2340 4489; x_wconf 88' lang='lat' dir='ltr'><strong>M.</strong></span> <span class='ocrx_word' id='word_1_614' title='bbox 2372 4435 2449 4488; x_wconf 78' lang='lat' dir='ltr'><strong>sic</strong></span> <span class='ocrx_word' id='word_1_615' title='bbox 2479 4450 2582 4505; x_wconf 84' lang='lat' dir='ltr'><strong>pro</strong></span> <span class='ocrx_word' id='word_1_616' title='bbox 2612 4434 2713 4489; x_wconf 76' lang='lat' dir='ltr'><strong>ire.</strong></span> 
     </span>
    </p>
   </div>
   <div class='ocr_carea' id='block_1_92' title="bbox 2058 4504 3423 4576">
    <p class='ocr_par' dir='ltr' id='par_1_92' title="bbox 2058 4504 3423 4576">
     <span class='ocr_line' id='line_1_92' title="bbox 2058 4504 3423 4576; baseline 0.003 -18"><span class='ocrx_word' id='word_1_617' title='bbox 2058 4506 2240 4576; x_wconf 89' lang='lat'>(1553)</span> <span class='ocrx_word' id='word_1_618' title='bbox 2274 4505 2365 4560; x_wconf 91' lang='lat' dir='ltr'><strong>Sic</strong></span> <span class='ocrx_word' id='word_1_619' title='bbox 2397 4504 2543 4576; x_wconf 6' lang='lat' dir='ltr'><strong>alibi,</strong></span> <span class='ocrx_word' id='word_1_620' title='bbox 2566 4504 2826 4576; x_wconf 90' lang='lat' dir='ltr'><strong>loquitur</strong></span> <span class='ocrx_word' id='word_1_621' title='bbox 2854 4507 2984 4560; x_wconf 90' lang='lat' dir='ltr'><strong>Atto</strong></span> <span class='ocrx_word' id='word_1_622' title='bbox 3008 4510 3100 4560; x_wconf 87' lang='lat' dir='ltr'><strong>At.</strong></span> <span class='ocrx_word' id='word_1_623' title='bbox 3133 4509 3206 4559; x_wconf 85' lang='grc' dir='ltr'>Μ.</span> <span class='ocrx_word' id='word_1_624' title='bbox 3238 4508 3423 4561; x_wconf 80' lang='lat' dir='ltr'><strong>Patre.</strong></span> 
     </span>
    </p>
   </div>
   <div class='ocr_carea' id='block_1_93' title="bbox 2058 4575 3626 4647">
    <p class='ocr_par' dir='ltr' id='par_1_93' title="bbox 2058 4575 3626 4647">
     <span class='ocr_line' id='line_1_93' title="bbox 2058 4575 3626 4647; baseline 0.003 -18"><span class='ocrx_word' id='word_1_625' title='bbox 2058 4578 2241 4647; x_wconf 84' lang='grc'>(1554)</span> <span class='ocrx_word' id='word_1_626' title='bbox 2274 4575 2589 4646; x_wconf 85' lang='lat' dir='ltr'><strong>Sequentia</strong></span> <span class='ocrx_word' id='word_1_627' title='bbox 2610 4575 2831 4647; x_wconf 86' lang='lat' dir='ltr'><strong>aliquot</strong></span> <span class='ocrx_word' id='word_1_628' title='bbox 2854 4578 3046 4641; x_wconf 84' lang='lat' dir='ltr'><strong>verba,</strong></span> <span class='ocrx_word' id='word_1_629' title='bbox 3074 4595 3199 4647; x_wconf 80' lang='lat' dir='ltr'><strong>quae</strong></span> <span class='ocrx_word' id='word_1_630' title='bbox 3223 4578 3279 4630; x_wconf 94' lang='lat' dir='ltr'><strong>in</strong></span> <span class='ocrx_word' id='word_1_631' title='bbox 3304 4579 3512 4633; x_wconf 88' lang='lat' dir='ltr'><strong>lacuna</strong></span> <span class='ocrx_word' id='word_1_632' title='bbox 3532 4597 3626 4633; x_wconf 88' lang='lat' dir='ltr'><strong>co-</strong></span> 
     </span>
    </p>
   </div>
   <div class='ocr_carea' id='block_1_94' title="bbox 235 4635 3630 4732">
    <p class='ocr_par' dir='ltr' id='par_1_94' title="bbox 235 4635 3630 4732">
     <span class='ocr_line' id='line_1_94' title="bbox 235 4635 3630 4732; baseline 0 -27"><span class='ocrx_word' id='word_1_633' title='bbox 235 4666 374 4732; x_wconf 61' lang='lat' dir='ltr'><strong>gane</strong></span> <span class='ocrx_word' id='word_1_634' title='bbox 398 4650 700 4732; x_wconf 73' lang='lat' dir='ltr'><strong>ignorasse</strong></span> <span class='ocrx_word' id='word_1_635' title='bbox 715 4649 930 4732; x_wconf 42' lang='lat' dir='ltr'><strong>.Mansii</strong></span> <span class='ocrx_word' id='word_1_636' title='bbox 956 4665 1127 4732; x_wconf 55' lang='lat' dir='ltr'><strong>curas</strong></span> <span class='ocrx_word' id='word_1_637' title='bbox 1151 4649 1219 4729; x_wconf 83' lang='lat' dir='ltr'><strong>ad</strong></span> <span class='ocrx_word' id='word_1_638' title='bbox 1244 4650 1534 4732; x_wconf 49' lang='lat' dir='ltr'><strong>Att‘onem,</strong></span> <span class='ocrx_word' id='word_1_639' title='bbox 1564 4654 1789 4732; x_wconf 44' lang='lat' dir='ltr'><strong>con-stat</strong></span> <span class='ocrx_word' id='word_1_640' title='bbox 1811 4664 1877 4703; x_wconf 79' lang='lat' dir='ltr'><strong>ex</strong></span> <span class='ocrx_word' id='word_1_641' title='bbox 1906 4635 1954 4699; x_wconf 89' lang='lat' dir='ltr'><strong>D</strong></span> <span class='ocrx_word' id='word_1_642' title='bbox 1986 4635 2129 4702; x_wconf 74' lang='lat' dir='ltr'><strong>dicis</strong></span> <span class='ocrx_word' id='word_1_643' title='bbox 2149 4635 2281 4701; x_wconf 78' lang='lat' dir='ltr'><strong>Vat.</strong></span> <span class='ocrx_word' id='word_1_644' title='bbox 2298 4635 2692 4732; x_wconf 75' lang='lat' dir='ltr'><strong>perierant,ex</strong></span> <span class='ocrx_word' id='word_1_645' title='bbox 2712 4635 3437 4732; x_wconf 63' lang='lat' dir='ltr'><strong>Burontiiizditionesunio,</strong></span> <span class='ocrx_word' id='word_1_646' title='bbox 3460 4651 3630 4732; x_wconf 78' lang='lat' dir='ltr'><strong>cujus</strong></span> 
     </span>
    </p>
   </div>
   <div class='ocr_carea' id='block_1_95' title="bbox 233 4714 1873 4791">
    <p class='ocr_par' dir='ltr' id='par_1_95' title="bbox 233 4714 1873 4791">
     <span class='ocr_line' id='line_1_95' title="bbox 233 4714 1873 4791; baseline -0.002 -16"><span class='ocrx_word' id='word_1_647' title='bbox 233 4714 390 4777; x_wconf 80' lang='lat' dir='ltr'><strong>illius</strong></span> <span class='ocrx_word' id='word_1_648' title='bbox 415 4714 687 4786; x_wconf 56' lang='lat' dir='ltr'><strong>sditione,</strong></span> <span class='ocrx_word' id='word_1_649' title='bbox 712 4719 769 4774; x_wconf 93' lang='lat' dir='ltr'><strong>in</strong></span> <span class='ocrx_word' id='word_1_650' title='bbox 794 4737 910 4791; x_wconf 88' lang='lat' dir='ltr'><strong>qua</strong></span> <span class='ocrx_word' id='word_1_651' title='bbox 931 4737 997 4773; x_wconf 82' lang='lat' dir='ltr'><strong>ex</strong></span> <span class='ocrx_word' id='word_1_652' title='bbox 1020 4720 1244 4775; x_wconf 88' lang='lat' dir='ltr'><strong>Mansio</strong></span> <span class='ocrx_word' id='word_1_653' title='bbox 1267 4718 1413 4772; x_wconf 89' lang='lat' dir='ltr'><strong>nihil</strong></span> <span class='ocrx_word' id='word_1_654' title='bbox 1445 4718 1720 4791; x_wconf 87' lang='lat' dir='ltr'><strong>protulit:</strong></span> <span class='ocrx_word' id='word_1_655' title='bbox 1752 4726 1873 4772; x_wconf 89' lang='lat' dir='ltr'><strong>tum</strong></span> 
     </span>
    </p>
   </div>
   <div class='ocr_carea' id='block_1_96' title="bbox 232 4790 1876 4863">
    <p class='ocr_par' dir='ltr' id='par_1_96' title="bbox 232 4790 1876 4863">
     <span class='ocr_line' id='line_1_96' title="bbox 232 4790 1876 4863; baseline -0.002 -16"><span class='ocrx_word' id='word_1_656' title='bbox 232 4808 365 4848; x_wconf 84' lang='lat' dir='ltr'><strong>vero</strong></span> <span class='ocrx_word' id='word_1_657' title='bbox 395 4792 520 4863; x_wconf 89' lang='lat' dir='ltr'><strong>ipse</strong></span> <span class='ocrx_word' id='word_1_658' title='bbox 547 4790 970 4863; x_wconf 86' lang='lat' dir='ltr'><strong>Burontiusp.</strong></span> <span class='ocrx_word' id='word_1_659' title='bbox 1021 4807 1152 4863; x_wconf 67' lang='lat' dir='ltr'><strong>xxv,</strong></span> <span class='ocrx_word' id='word_1_660' title='bbox 1206 4791 1361 4844; x_wconf 91' lang='lat' dir='ltr'><strong>hunc</strong></span> <span class='ocrx_word' id='word_1_661' title='bbox 1412 4791 1481 4863; x_wconf 89' lang='lat' dir='ltr'><strong>de</strong></span> <span class='ocrx_word' id='word_1_662' title='bbox 1530 4791 1587 4863; x_wconf 12' lang='lat' dir='ltr'><strong>Si.</strong></span> <span class='ocrx_word' id='word_1_663' title='bbox 1631 4790 1876 4863; x_wconf 81' lang='lat' dir='ltr'><strong>Eusebio</strong></span> 
     </span>
    </p>
   </div>
   <div class='ocr_carea' id='block_1_97' title="bbox 235 4860 1874 4932">
    <p class='ocr_par' dir='ltr' id='par_1_97' title="bbox 235 4860 1874 4932">
     <span class='ocr_line' id='line_1_97' title="bbox 235 4860 1874 4932; baseline -0.002 -13"><span class='ocrx_word' id='word_1_664' title='bbox 235 4860 561 4920; x_wconf 51' lang='lat' dir='ltr'><strong>sermo—nem</strong></span> <span class='ocrx_word' id='word_1_665' title='bbox 611 4860 958 4918; x_wconf 84' lang='lat' dir='ltr'><strong>nominatim</strong></span> <span class='ocrx_word' id='word_1_666' title='bbox 1003 4862 1145 4916; x_wconf 90' lang='lat' dir='ltr'><strong>dicit</strong></span> <span class='ocrx_word' id='word_1_667' title='bbox 1193 4863 1321 4932; x_wconf 88' lang='lat' dir='ltr'><strong>(etsi</strong></span> <span class='ocrx_word' id='word_1_668' title='bbox 1372 4860 1542 4929; x_wconf 88' lang='lat' dir='ltr'><strong>falso)</strong></span> <span class='ocrx_word' id='word_1_669' title='bbox 1569 4860 1874 4916; x_wconf 90' lang='lat' dir='ltr'><strong>ineditum.</strong></span> 
     </span>
    </p>
   </div>
   <div class='ocr_carea' id='block_1_98' title="bbox 305 4933 1272 5006">
    <p class='ocr_par' dir='ltr' id='par_1_98' title="bbox 305 4933 1272 5006">
     <span class='ocr_line' id='line_1_98' title="bbox 305 4933 1272 5006; baseline -0.002 -17"><span class='ocrx_word' id='word_1_670' title='bbox 305 4936 486 5006; x_wconf 80' lang='grc'>(1542)</span> <span class='ocrx_word' id='word_1_671' title='bbox 518 4935 779 4990; x_wconf 90' lang='lat' dir='ltr'><strong>Mansius</strong></span> <span class='ocrx_word' id='word_1_672' title='bbox 820 4933 1020 5006; x_wconf 80' lang='lat' dir='ltr'><strong>vitiose</strong></span> <span class='ocrx_word' id='word_1_673' title='bbox 1052 4934 1272 4988; x_wconf 75' lang='lat' dir='ltr'><strong>rectius.</strong></span> 
     </span>
    </p>
   </div>
   <div class='ocr_carea' id='block_1_99' title="bbox 303 5005 1200 5074">
    <p class='ocr_par' dir='ltr' id='par_1_99' title="bbox 303 5005 1200 5074">
     <span class='ocr_line' id='line_1_99' title="bbox 303 5005 1200 5074; baseline -0.003 -14"><span class='ocrx_word' id='word_1_674' title='bbox 303 5005 486 5074; x_wconf 87' lang='grc'>(1543)</span> <span class='ocrx_word' id='word_1_675' title='bbox 524 5009 607 5059; x_wconf 88' lang='lat' dir='ltr'><strong>Ita</strong></span> <span class='ocrx_word' id='word_1_676' title='bbox 636 5006 761 5059; x_wconf 91' lang='lat' dir='ltr'><strong>cod.</strong></span> <span class='ocrx_word' id='word_1_677' title='bbox 799 5010 857 5059; x_wconf 90' lang='lat' dir='ltr'><strong>at</strong></span> <span class='ocrx_word' id='word_1_678' title='bbox 886 5005 959 5058; x_wconf 92' lang='lat' dir='ltr'><strong>M.</strong></span> <span class='ocrx_word' id='word_1_679' title='bbox 990 5013 1200 5058; x_wconf 85' lang='lat' dir='ltr'><strong>natum.</strong></span> 
     </span>
    </p>
   </div>
   <div class='ocr_carea' id='block_1_100' title="bbox 305 5075 1612 5151">
    <p class='ocr_par' dir='ltr' id='par_1_100' title="bbox 305 5075 1612 5151">
     <span class='ocr_line' id='line_1_100' title="bbox 305 5075 1612 5151; baseline -0.005 -19"><span class='ocrx_word' id='word_1_680' title='bbox 305 5075 486 5151; x_wconf 75' lang='grc'>(1544)</span> <span class='ocrx_word' id='word_1_681' title='bbox 517 5077 592 5151; x_wconf 67' lang='grc' dir='ltr'>Μ.</span> <span class='ocrx_word' id='word_1_682' title='bbox 625 5075 943 5151; x_wconf 76' lang='lat' dir='ltr'><strong>inﬁdeliter</strong></span> <span class='ocrx_word' id='word_1_683' title='bbox 970 5081 1224 5131; x_wconf 80' lang='lat' dir='ltr'><strong>sanctum</strong></span> <span class='ocrx_word' id='word_1_684' title='bbox 1253 5075 1482 5151; x_wconf 57' lang='lat' dir='ltr'><strong>Julium.</strong></span> <span class='ocrx_word' id='word_1_685' title='bbox 1603 5142 1612 5151; x_wconf 81' lang='lat'><em>_</em></span> 
     </span>
    </p>
   </div>
   <div class='ocr_carea' id='block_1_101' title="bbox 303 5145 1874 5222">
    <p class='ocr_par' dir='ltr' id='par_1_101' title="bbox 303 5145 1874 5222">
     <span class='ocr_line' id='line_1_101' title="bbox 303 5145 1874 5222; baseline -0.002 -20"><span class='ocrx_word' id='word_1_686' title='bbox 303 5145 487 5222; x_wconf 80' lang='grc'>(1545)</span> <span class='ocrx_word' id='word_1_687' title='bbox 515 5147 595 5222; x_wconf 68' lang='grc' dir='ltr'>Μ.</span> <span class='ocrx_word' id='word_1_688' title='bbox 619 5148 821 5203; x_wconf 64' lang='lat' dir='ltr'><strong>haeresi</strong></span> <span class='ocrx_word' id='word_1_689' title='bbox 838 5148 1005 5213; x_wconf 76' lang='lat' dir='ltr'><strong>victa,</strong></span> <span class='ocrx_word' id='word_1_690' title='bbox 1036 5152 1237 5202; x_wconf 89' lang='lat' dir='ltr'><strong>contra</strong></span> <span class='ocrx_word' id='word_1_691' title='bbox 1257 5145 1473 5202; x_wconf 87' lang='lat' dir='ltr'><strong>codicis</strong></span> <span class='ocrx_word' id='word_1_692' title='bbox 1501 5145 1874 5213; x_wconf 90' lang='lat' dir='ltr'><strong>scripturam.</strong></span> 
     </span>
    </p>
   </div>
   <div class='ocr_carea' id='block_1_102' title="bbox 1985 4718 3629 4793">
    <p class='ocr_par' dir='ltr' id='par_1_102' title="bbox 1985 4718 3629 4793">
     <span class='ocr_line' id='line_1_102' title="bbox 1985 4718 3629 4793; baseline 0.002 -22"><span class='ocrx_word' id='word_1_693' title='bbox 1985 4724 2309 4793; x_wconf 73' lang='lat' dir='ltr'><strong>tamenego</strong></span> <span class='ocrx_word' id='word_1_694' title='bbox 2334 4719 2390 4772; x_wconf 89' lang='lat' dir='ltr'><strong>in</strong></span> <span class='ocrx_word' id='word_1_695' title='bbox 2432 4718 2835 4793; x_wconf 78' lang='lat' dir='ltr'><strong>hocsermone</strong></span> <span class='ocrx_word' id='word_1_696' title='bbox 2856 4719 3164 4793; x_wconf 80' lang='lat' dir='ltr'><strong>varietates</strong></span> <span class='ocrx_word' id='word_1_697' title='bbox 3203 4719 3459 4790; x_wconf 76' lang='lat' dir='ltr'><strong>neglige,</strong></span> <span class='ocrx_word' id='word_1_698' title='bbox 3494 4718 3629 4793; x_wconf 79' lang='lat' dir='ltr'><strong>quia</strong></span> 
     </span>
    </p>
   </div>
   <div class='ocr_carea' id='block_1_103' title="bbox 1984 4789 3164 4858">
    <p class='ocr_par' dir='ltr' id='par_1_103' title="bbox 1984 4789 3164 4858">
     <span class='ocr_line' id='line_1_103' title="bbox 1984 4789 3164 4858; baseline 0 -16"><span class='ocrx_word' id='word_1_699' title='bbox 1984 4789 2407 4844; x_wconf 81' lang='lat' dir='ltr'><strong>Vercellensem</strong></span> <span class='ocrx_word' id='word_1_700' title='bbox 2439 4789 2696 4843; x_wconf 88' lang='lat' dir='ltr'><strong>codicem</strong></span> <span class='ocrx_word' id='word_1_701' title='bbox 2730 4790 2930 4858; x_wconf 88' lang='lat' dir='ltr'><strong>procul</strong></span> <span class='ocrx_word' id='word_1_702' title='bbox 2961 4790 3164 4843; x_wconf 90' lang='lat' dir='ltr'><strong>habeo.</strong></span> 
     </span>
    </p>
   </div>
   <div class='ocr_carea' id='block_1_104' title="bbox 2057 4859 3463 4929">
    <p class='ocr_par' dir='ltr' id='par_1_104' title="bbox 2057 4859 3463 4929">
     <span class='ocr_line' id='line_1_104' title="bbox 2057 4859 3463 4929; baseline 0.004 -16"><span class='ocrx_word' id='word_1_703' title='bbox 2057 4862 2241 4929; x_wconf 86' lang='lat'>(1555)</span> <span class='ocrx_word' id='word_1_704' title='bbox 2277 4861 2349 4913; x_wconf 82' lang='lat' dir='ltr'><strong>M.</strong></span> <span class='ocrx_word' id='word_1_705' title='bbox 2388 4859 2673 4929; x_wconf 79' lang='lat' dir='ltr'><strong>flagitiose</strong></span> <span class='ocrx_word' id='word_1_706' title='bbox 2705 4860 2774 4913; x_wconf 83' lang='lat' dir='ltr'><strong>ad</strong></span> <span class='ocrx_word' id='word_1_707' title='bbox 2804 4863 3128 4916; x_wconf 78' lang='lat' dir='ltr'><strong>memoriam</strong></span> <span class='ocrx_word' id='word_1_708' title='bbox 3170 4871 3463 4918; x_wconf 82' lang='lat' dir='ltr'><strong>revocaret.</strong></span> 
     </span>
    </p>
   </div>
   <div class='ocr_carea' id='block_1_105' title="bbox 2056 4932 2749 5001">
    <p class='ocr_par' dir='ltr' id='par_1_105' title="bbox 2056 4932 2749 5001">
     <span class='ocr_line' id='line_1_105' title="bbox 2056 4932 2749 5001; baseline -0.003 -16"><span class='ocrx_word' id='word_1_709' title='bbox 2056 4933 2238 5001; x_wconf 77' lang='lat'>(1556)</span> <span class='ocrx_word' id='word_1_710' title='bbox 2273 4932 2347 4985; x_wconf 89' lang='lat' dir='ltr'><strong>M.</strong></span> <span class='ocrx_word' id='word_1_711' title='bbox 2380 4932 2749 4985; x_wconf 81' lang='lat' dir='ltr'><strong>contenderet.</strong></span> 
     </span>
    </p>
   </div>
   <div class='ocr_carea' id='block_1_106' title="bbox 2058 4998 3648 5073">
    <p class='ocr_par' dir='ltr' id='par_1_106' title="bbox 2058 4998 3648 5073">
     <span class='ocr_line' id='line_1_106' title="bbox 2058 4998 3648 5073; baseline -0.004 -17"><span class='ocrx_word' id='word_1_712' title='bbox 2058 4998 2239 5073; x_wconf 88' lang='lat'>(1557)</span> <span class='ocrx_word' id='word_1_713' title='bbox 2270 5002 2533 5072; x_wconf 84' lang='lat' dir='ltr'><strong>Intellige</strong></span> <span class='ocrx_word' id='word_1_714' title='bbox 2582 5004 2885 5073; x_wconf 82' lang='lat' dir='ltr'><strong>famosum</strong></span> <span class='ocrx_word' id='word_1_715' title='bbox 2943 4998 3389 5069; x_wconf 84' lang='lat' dir='ltr'><strong>Evangeliorum</strong></span> <span class='ocrx_word' id='word_1_716' title='bbox 3452 5004 3648 5060; x_wconf 87' lang='lat' dir='ltr'><strong>adhuc</strong></span> 
     </span>
    </p>
   </div>
   <div class='ocr_carea' id='block_1_107' title="bbox 1986 5072 3022 5130">
    <p class='ocr_par' dir='ltr' id='par_1_107' title="bbox 1986 5072 3022 5130">
     <span class='ocr_line' id='line_1_107' title="bbox 1986 5072 3022 5130; baseline -0.006 0"><span class='ocrx_word' id='word_1_717' title='bbox 1986 5072 2388 5130; x_wconf 86' lang='lat' dir='ltr'><strong>conservatum</strong></span> <span class='ocrx_word' id='word_1_718' title='bbox 2421 5073 2702 5128; x_wconf 89' lang='lat' dir='ltr'><strong>Vercellis</strong></span> <span class='ocrx_word' id='word_1_719' title='bbox 2736 5072 3022 5130; x_wconf 87' lang='lat' dir='ltr'><strong>codicem.</strong></span> 
     </span>
    </p>
   </div>
   <div class='ocr_carea' id='block_1_108' title="bbox 2058 5137 3519 5222">
    <p class='ocr_par' dir='ltr' id='par_1_108' title="bbox 2058 5137 3519 5222">
     <span class='ocr_line' id='line_1_108' title="bbox 2058 5137 3519 5222; baseline 0.003 -22"><span class='ocrx_word' id='word_1_720' title='bbox 2058 5144 2240 5222; x_wconf 75' lang='lat'>(1558)</span> <span class='ocrx_word' id='word_1_721' title='bbox 2270 5146 2347 5222; x_wconf 65' lang='lat' dir='ltr'><strong>lvi.</strong></span> <span class='ocrx_word' id='word_1_722' title='bbox 2382 5145 2639 5222; x_wconf 69' lang='lat' dir='ltr'><strong>Siciaem,</strong></span> <span class='ocrx_word' id='word_1_723' title='bbox 2674 5148 2738 5199; x_wconf 90' lang='lat' dir='ltr'><strong>et</strong></span> <span class='ocrx_word' id='word_1_724' title='bbox 2766 5144 2939 5201; x_wconf 68' lang='lat' dir='ltr'><strong>mata</strong></span> <span class='ocrx_word' id='word_1_725' title='bbox 2966 5145 3094 5197; x_wconf 85' lang='lat' dir='ltr'><strong>ante</strong></span> <span class='ocrx_word' id='word_1_726' title='bbox 3122 5137 3519 5220; x_wconf 84' lang='lat' dir='ltr'><strong>interpuugit.</strong></span> 
     </span>
    </p>
   </div>
  </div>
