3976 5348
406 283 527 349 855

412 418 627 493 parari,
663 418 815 490 quod
841 416 1038 475 taliter
1068 419 1457 493 compositum
1490 422 1672 493 (1567)
1702 425 1789 476 est
1820 420 2055 492 penitus
2084 422 2138 485 Α

413 509 913 582 quemadmodum
944 510 1148 566 beatus
1181 510 1498 567 dictaverat
1527 510 1831 567 Eusebius.
1866 510 1929 564 In
1953 509 2061 564 hoc

412 597 685 655 catholici
708 588 1129 654 consenserunt
1154 618 1165 655 :
1198 617 1313 655 uno
1336 617 1538 655 omnes
1562 600 1756 655 animo
1775 604 1905 671 post
1926 616 2060 653 eum

414 687 1075 759 subscripserunt.Hanc
1093 688 1264 743 ﬁdem
1282 690 1679 761 promiserunt
1692 688 2061 754 contendere,

413 777 565 833 hanc
594 794 697 848 pro
729 776 861 848 ipsa
891 776 1096 832 mortis
1129 777 1347 848 injuria
1376 778 1617 850 polliciti
1646 784 1785 832 sunt
1815 794 1929 833 non
1962 795 2058 831 ne-

414 882 570 939 gare.
604 865 820 921 Videns
851 865 1168 937 imperator
1216 867 1428 921 horum
1473 885 1585 922 non
1621 884 1790 938 posse
1822 866 2061 921 dissolvi

417 955 832 1023 constantiam,
858 972 1093 1011 omnem
1117 956 1233 1010 fere
1256 956 1314 1009 in
1338 956 1570 1011 beatum
1596 956 1908 1010 Eusebium
1933 972 2063 1009 con-

412 1043 583 1100 torsit
613 1044 795 1116 (1568)
828 1044 1140 1100 insaniam.
1196 1046 1359 1100 Tunc
1407 1046 1567 1101 vario
1619 1046 1802 1117 (1569)
1836 1045 2062 1099 censuit

414 1149 551 1189 eum
583 1132 765 1204 afﬂigi
814 1132 1072 1204 periculo
1117 1134 1299 1204 (1570)
1350 1133 1590 1204 insuper
1631 1135 1868 1188 tandem
1895 1134 2063 1205 jubet

415 1222 590 1294 longo
612 1222 905 1293 deportari
930 1222 1132 1278 exsilio
1158 1240 1170 1278 :
1201 1239 1460 1277 carceres
1483 1228 1538 1277 et
1570 1225 1880 1294 compedes
1903 1240 2059 1278 acer-

414 1311 521 1367 bas
540 1311 729 1382 (1571)
753 1310 1013 1381 pertulit,
1038 1312 1189 1366 fame
1228 1316 1285 1366 et
1306 1312 1400 1367 siti
1429 1312 1601 1384 longo
1626 1316 1884 1384 tempore
1906 1311 2062 1367 labo-

415 1399 563 1455 ravit
592 1417 604 1464 ;
640 1399 825 1472 signis
858 1403 914 1454 et
940 1399 1259 1456 virtutibus
1306 1400 1521 1456 ibidem
1576 1400 1901 1456 declaratus
1932 1406 2056 1469 est;

417 1487 694 1561 angelicis
724 1488 1222 1545 consolationibus
1255 1506 1406 1560 saepe
1430 1490 1793 1545 confortatus
1814 1495 1920 1545 est.
1948 1491 2061 1547 Nec

415 1576 474 1631 in
499 1577 678 1632 tantis
700 1577 873 1632 etiam
894 1578 1078 1648 (1572)
1102 1577 1423 1633 contitutus
1445 1577 1738 1649 periculis,
1763 1579 1853 1633 sui
1875 1580 2060 1634 bonus

414 1669 615 1737 pastor
638 1665 948 1721 immemor
969 1666 1156 1721 factus
1178 1672 1268 1721 est
1288 1667 1480 1738 gregis
1504 1687 1518 1735 ;
1540 1684 1674 1721 nam
1697 1666 1904 1723 litteris
1925 1685 2059 1723 eum

415 1754 488 1810 de
512 1752 852 1825 longinquis
886 1755 1154 1826 partibus
1178 1756 1466 1811 instanter
1486 1756 1777 1826 visitabat,
1798 1758 1943 1811 etde
1964 1774 2059 1812 ca-

413 1841 643 1898 tholicae
662 1842 794 1898 fidei
818 1844 1478 1917 perseverantiajugiter
1493 1846 1922 1900 corroborabat.
1949 1846 2060 1901 Sed

410 1932 663 2003 jamjam
694 1948 842 2002 pene
871 1932 1150 1988 cedebant
1179 1932 1449 1988 catholici
1475 1951 1487 1998 ;
1525 1950 1659 1989 nam
1692 1934 1791 1988 diu
1816 1951 1913 1990 eos
1934 1952 2058 2007 per-

420 2020 818 2092 sequebantur
872 2020 1144 2077 haeretici.
1205 2022 1464 2078 Tandem
1545 2024 1820 2079 misertus
1878 2025 2060 2096 (1573)

421 2109 710 2165 Dominus
735 2116 1047 2182 tyrannum
1069 2110 1348 2167 exstinxit
1368 2112 1728 2183 improbum,
1753 2117 1809 2167 et
1824 2114 2059 2168 beatum

420 2197 739 2254 Eusebium
798 2198 990 2255 solum
1048 2200 1278 2254 reduxit
1334 2201 1405 2255 ad
1469 2202 1789 2273 proprium.
1851 2202 1911 2257 In
1945 2218 2059 2272 quo

418 2285 504 2342 illi
530 2287 718 2360 (1574)
739 2287 947 2343 itinere
969 2289 1225 2344 ostendit
1261 2289 1571 2355 visionem,
1616 2290 1769 2345 unde
1809 2290 1899 2345 sui
1933 2307 2058 2345 cor-

417 2376 575 2447 poris
606 2381 982 2449 cognosceret
1021 2376 1461 2434 resolutionem.
1510 2380 1571 2433 In
1601 2380 1812 2434 vertice
1843 2379 2059 2435 montis

414 2480 518 2536 per
546 2465 739 2520 visum
784 2481 846 2520 se
877 2470 1031 2521 stare
1062 2467 1324 2538 putabat,
1366 2472 1423 2522 et
1451 2466 1625 2522 altius
1657 2469 1728 2522 ad
1762 2469 2056 2539 quoddam

410 2553 695 2624 palatium
726 2553 847 2610 sole
874 2553 1209 2625 praeclarius
1252 2556 1462 2628 pennis
1509 2556 1735 2612 evolare
1764 2558 2053 2612 credebat.

410 2642 699 2699 Intellexit
754 2642 907 2698 illico
965 2660 1026 2698 se
1078 2645 1148 2699 de
1203 2646 1506 2715 prasentis
1565 2646 1748 2717 (1575)
1786 2646 1911 2702 vitae
1941 2645 2056 2702 alta

411 2731 851 2788 conversatione
874 2734 946 2788 ad
979 2736 1201 2788 aeternae
1223 2733 1419 2805 gloriae
1449 2751 1829 2790 ascensurum
1854 2752 2053 2791 remu-

408 2821 790 2877 nerationem.
809 2821 1335 2879 IntereaVercellas
1349 2823 1599 2893 rediens,
1616 2841 1827 2897 magno
1840 2825 2053 2897 gaudio

408 2926 442 2964 a
471 2908 595 2964 suis
624 2913 682 2964 et
715 2926 950 2965 summo
979 2916 1245 2983 receptus
1278 2916 1368 2967 est
1395 2912 1633 2984 honore,
1657 2914 1859 2987 eisque
1877 2915 2051 2970 ﬁdem

408 2996 625 3053 Christi
650 3000 941 3054 constanti
972 3000 1328 3070 praedicabat
1352 3018 1620 3058 sermone
1643 3020 1655 3057 :
1691 3020 1751 3059 se
1777 3021 1908 3059 mox
1934 3004 2050 3059 mi-

407 3090 715 3158 graturum
747 3087 819 3143 de
849 3088 1062 3144 saeculo
1092 3090 1407 3157 asserebat,
1453 3090 1583 3147 illos
1617 3092 1799 3147 multa
1829 3097 1957 3163 post
1988 3111 2049 3149 se

409 3191 690 3246 passuros
714 3179 770 3232 et
789 3176 977 3249 (1576)
996 3177 1343 3250 praedicebat
1372 3196 1383 3234 :
1409 3181 1697 3251 patienter
1715 3186 1911 3236 tamen
1931 3181 2052 3238 haec

407 3263 713 3320 toleranda
728 3267 1025 3333 monebat,
1055 3283 1292 3338 suaque
1315 3269 1652 3324 constantiae
1676 3275 1733 3325 et
1758 3271 2050 3342 passionis

405 3351 669 3425 exempla
699 3355 1079 3425 proponebat,
1113 3360 1167 3411 et
1198 3356 1440 3428 insuper
1460 3362 1685 3412 aeternae
1709 3374 2051 3415 remunera-

403 3440 584 3497 tionis
605 3442 818 3514 gaudia
840 3443 1234 3514 promittebat.
1260 3445 1373 3500 Nec
1404 3446 1591 3501 defuit
1612 3447 1817 3502 seditio
1839 3448 2053 3504 Ariana

404 3528 547 3600 quin
566 3534 881 3602 martyrem
909 3531 1280 3603 compelleret
1302 3534 1373 3588 ad
1400 3551 1693 3604 coronam,
1720 3538 1974 3593 fustibus
1995 3544 2051 3593 et

403 3616 615 3689 gladiis
647 3634 824 3688 super
852 3634 987 3672 cum
1040 3619 1365 3690 insurgere,
1419 3628 1477 3677 et
1506 3623 1801 3695 lapidibus
1832 3643 1945 3681 non
1977 3627 2047 3682 ti-

403 3709 683 3760 muerunt
718 3707 982 3762 obruere.
1039 3708 1253 3763 Ictibus
1310 3710 1544 3767 illorum
1604 3715 1786 3769 fracto
1817 3716 2048 3772 cerebro

404 3793 700 3861 occubuit,
734 3798 792 3849 et
820 3800 1082 3850 sanctam
1117 3801 1228 3853 Deo
1259 3798 1452 3854 taliter
1491 3801 1747 3858 animam
1776 3805 2045 3862 reddidit.

404 3886 468 3937 In
498 3898 567 3937 ea
595 3886 790 3939 autem
822 3902 857 3939 a
884 3884 1007 3941 suis
1039 3886 1345 3958 discipulis
1375 3889 1619 3946 ecclesia
1649 3896 1736 3947 est
1757 3894 2047 3965 sepultus,

403 3986 580 4041 quam
596 3970 721 4043 ipse
732 3971 871 4028 olim
887 3972 945 4028 in
962 3973 1239 4031 honorem
1253 3979 1524 4050 martyris
1539 3980 1847 4037 Theonesti
1863 3984 2046 4057 (1577)

403 4063 809 4116 construxerat
837 4062 1031 4119 divino
1080 4081 1277 4120 amore
1325 4068 1689 4140 compulsus,
1735 4071 1832 4125 ubi
1863 4073 2048 4129 multa

401 4148 683 4205 beneficia
696 4154 1360 4223 praestanturomnibus,
1375 4159 1473 4228 qui
1489 4158 2042 4216 beatumEusebium

401 4236 565 4307 puris
589 4243 831 4293 exorant
852 4240 1144 4310 precibus.
1163 4242 1278 4298 Nos
1303 4261 1535 4315 quoque
1549 4248 1671 4301 suis
1685 4249 2046 4304 orationibus

400 4326 472 4381 ab
496 4328 708 4381 aeterno
725 4326 933 4383 liberet
952 4331 1260 4401 supplicio,
1286 4334 1385 4403 qui
1408 4333 1599 4403 hodie,
1634 4337 1786 4407 quod
1811 4342 1900 4392 est
1921 4338 2041 4393 Kal.

369 4418 575 4485 ‘Aug.,
607 4413 677 4468 de
702 4416 895 4471 carnis
940 4422 1172 4489 ereptus
1204 4424 1293 4475 est
1321 4423 1633 4493 ergastulo.

471 4859 655 4932 (1567)
686 4863 758 4916 M.
785 4864 1137 4932 compertum.

472 4931 654 5000 (1568)
683 4934 756 4985 Μ.
789 4931 1072 4988 conuertit.

496 5002 651 5074 1569)
684 5002 760 5056 M.
794 5002 1079 5074 ﬂagitiose
1108 5008 1271 5061 ratio.

495 5072 652 5147 1570)
684 5074 793 5147 Sex
821 5072 996 5129 verba
1025 5077 1329 5147 sequentia
1358 5078 1558 5133 omisit
1589 5080 1870 5135 Mansius.

496 5142 625 5195 1671
683 5145 759 5198 Μ.
792 5148 1029 5201 acerbos.

496 5144 655 5283 1572;
687 5214 763 5267 M.
802 5218 1009 5270 tamen.

494 5212 655 5270 1572)
687 5214 763 5267 Μ.
802 5218 1009 5270 tamen.

469 5216 655 5348 (1572)
687 5216 763 5267 M.
802 5218 1009 5270 tamen.

496 5282 652 5348 1573)
687 5283 763 5337 M.
795 5288 1087 5341 miserans.

1433 287 1772 351 ATTONIS
1816 284 2397 350 VERCELLENSIS
2440 287 2793 351 EPISCOPI
3671 286 3759 351 886

2765 420 3007 477 SERMO
3048 420 3217 476 XVII.

2173 526 2224 563 IN
2263 524 2665 566 ASSUMPTIONE
2705 528 2895 566 ΒΕΑΤᾹΞ
2934 528 3020 566 DEI
3068 526 3382 566 GENITRICIS
3422 524 3644 567 SEMPER
3674 529 3765 567 VIB-

2792 600 2944 637 GINIS
2985 599 3191 637 ΜΑΗίίΕ.

2240 690 2717 761 Assumptionem
2759 688 3022 761 gloriosa
3065 688 3253 744 Mariae
3304 705 3535 759 semper
3561 688 3768 761 Virginis

2172 777 2341 833 hodie
2372 778 2755 847 celebramus,
2789 795 2965 849 quam
2998 779 3055 832 in
3088 778 3305 833 caelesti
3334 777 3545 832 throno
3575 778 3771 835 colloca-

2172 872 2291 921 tam
2324 867 2545 923 devotis
2579 868 2876 923 mentibus
2912 868 3092 939 (1578)
3142 868 3476 922 adoramus.
3510 868 3646 922 Nam
3677 869 3770 939 ipso

2172 955 2326 1010 Deus
2358 959 2414 1009 et
2446 956 2752 1022 Dominus,
2777 957 2949 1026 cujus
2972 973 3097 1011 eam
3123 957 3306 1027 (1579)
3346 955 3681 1010 Genitricem
3704 974 3774 1011 co-

2170 1042 2348 1099 limus
2373 1046 2453 1099 ait
2474 1045 2532 1098 in
2557 1045 2864 1116 Evangelio
2890 1062 2901 1098 :
2927 1046 3129 1116 Siquis
3150 1045 3291 1100 mihi
3310 1046 3591 1100 ministrat
3610 1047 3774 1115 (1580,,

2170 1149 2255 1187 me
2284 1142 2544 1203 sequatur
2567 1153 2589 1199 ;
2617 1136 2667 1189 et
2691 1134 2788 1188 ubi
2817 1149 2938 1187 sum
2979 1150 3093 1204 ego,
3130 1135 3250 1189 illic
3279 1139 3329 1189 et
3381 1135 3638 1188 minister
3660 1152 3775 1191 meus

2176 1224 2280 1275 erit
2312 1223 2487 1293 (Joan.
2520 1241 2619 1293 x11,
2678 1225 2791 1289 26).
2856 1221 2971 1276 Prae
3031 1222 3256 1278 cunctis
3286 1223 3449 1277 enim
3483 1224 3777 1280 mortalibus

2180 1316 2384 1365 sancta
2415 1311 2515 1367 Dei
2548 1311 2809 1368 Genitrix
2856 1312 3081 1367 Christo
3134 1312 3377 1367 Domino
3432 1312 3772 1381 ministravit;

2169 1416 2343 1471 quem
2376 1402 2519 1455 adeo
2551 1405 2637 1456 est
2668 1404 2887 1467 secuta,
2916 1406 2980 1455 ut
3012 1418 3147 1455 cum
3169 1400 3446 1456 tristante
3470 1401 3773 1471 tristarctur,

2170 1505 2302 1542 cum
2334 1490 2591 1559 patiente
2618 1493 2945 1561 pateretur:
2974 1490 3043 1544 de
3068 1491 3234 1559 cujus
3258 1495 3458 1545 tamen
3482 1490 3721 1562 passione
3736 1493 3772 1547 ei

2169 1577 2509 1647 praedictum
2553 1584 2639 1633 est
2665 1597 2676 1633 :
2711 1580 2775 1633 Et
2804 1587 2953 1633 tuam
2987 1580 3159 1650 ipsius
3189 1581 3443 1633 animam
3468 1582 3775 1651 pertransibit

2167 1668 2392 1736 gladius
2444 1668 2589 1737 (Luc.
2627 1686 2688 1735 ιι,
2720 1667 2832 1737 25).
2856 1668 2999 1723 Vere
3031 1684 3167 1740 ergo
3208 1685 3341 1723 cum
3374 1670 3510 1740 ipso
3541 1674 3711 1723 manet
3732 1670 3773 1723 in

2093 1789 2140 1853 B
2175 1754 2357 1821 caelis,
2393 1756 2487 1810 cui
2520 1756 2723 1811 sedulo
2759 1756 2991 1812 servivit
3023 1756 3082 1810 in
3115 1758 3307 1812 terris.
3340 1758 3493 1812 Item
3524 1757 3777 1827 discipulis

2179 1844 2304 1899 suis
2334 1844 2460 1916 ipse
2494 1845 2631 1899 alibi
2666 1847 2747 1900 ait
2775 1865 2787 1903 :
2838 1849 2901 1901 In.
2930 1847 3027 1901 illo
3076 1846 3163 1901 die
3208 1848 3540 1918 cognoscetis
3570 1849 3684 1916 quia
3706 1864 3774 1914 ego

2170 1948 2293 1986 sum
2325 1934 2385 1987 in
2414 1940 2580 1989 Patre
2604 1951 2741 2000 meo,
2773 1939 2825 1989 et
2842 1952 2936 1999 (vos
2969 1937 3027 1990 in
3057 1952 3165 2001 me,
3197 1944 3248 1990 et
3266 1952 3359 2006 ego
3383 1937 3447 1990 in
3468 1936 3611 1990 vobis
3631 1936 3771 2005 (Joan.

2169 2039 2287 2089 xw,
2317 2024 2430 2090 20).
2490 2025 2662 2078 Item:
2726 2024 2877 2079 Sicut
2937 2040 3039 2096 ego
3095 2030 3148 2079 et
3204 2027 3369 2080 Pater
3433 2042 3604 2079 unum
3629 2042 3774 2079 sumus

2171 2113 2347 2178 (Joan.
2381 2129 2435 2181 Χ,
2469 2113 2585 2179 30),
2616 2114 2699 2168 sic
2728 2130 2829 2169 vos
2861 2114 3045 2184 (1581)
3094 2118 3152 2168 et
3199 2130 3302 2185 ego
3336 2131 3528 2168 unum
3560 2115 3771 2169 manebi-

2170 2215 2340 2265 mus;
2377 2199 2531 2270 quod
2565 2200 2719 2255 enim
2753 2200 2834 2255 ait
2864 2200 3168 2271 apostolis,
3204 2200 3311 2255 hoc
3335 2200 3695 2255 sentiendum
3712 2206 3774 2254 est

2168 2291 2224 2340 et
2254 2287 2323 2341 de
2354 2287 2577 2343 caeteris
2602 2288 2803 2359 justis.
2840 2288 2984 2353 Quid
3018 2304 3153 2360 ergo
3184 2288 3403 2343 mirum
3436 2288 3537 2359 qui
3559 2288 3715 2357 (1882)
3732 2289 3770 2341 in

2167 2390 2231 2429 eo
2256 2380 2413 2441 sunt,
2450 2376 2499 2431 si
2520 2375 2579 2430 in
2603 2376 2763 2431 cmlis
2788 2375 3168 2432 consistunt?
3190 2379 3305 2430 Aut
3324 2377 3469 2447 quid
3494 2376 3659 2431 etiam
3678 2392 3773 2429 ma-

2165 2480 2371 2534 gnum,
2407 2464 2456 2519 si
2488 2466 2659 2520 beata
2689 2467 2871 2521 Maria
2928 2465 3177 2521 caelestis
3234 2482 3363 2521 esse
3414 2465 3643 2528 meruit,
3670 2481 3770 2519 cum

2165 2553 2369 2607 beatus
2402 2554 2716 2623 Apostolus
2750 2555 2820 2609 de
2840 2554 3318 2625 omnibusjustis
3341 2554 3592 2609 dixerit:
3622 2555 3772 2624 Qualis

2161 2640 2400 2697 cwlestis
2430 2643 2631 2713 (1583),
2687 2642 2828 2699 tales
2880 2652 2931 2699 et
2983 2644 3272 2699 caelestes?
3322 2643 3367 2714 (ι
3398 2643 3527 2699 Cor.
3574 2660 3658 2709 xv,
3683 2642 3766 2710 48.)

2162 2729 2425 2785 Caelestis
2457 2731 2613 2786 enim
2649 2731 2915 2787 Christus
2965 2738 3073 2799 est,
3127 2732 3227 2803 qui
3276 2733 3347 2787 de
3389 2731 3539 2787 caelo
3569 2732 3765 2786 descen-

2163 2819 2267 2887 dit,
2328 2836 2501 2890 quem
2561 2821 2736 2875 etiam
2796 2821 3077 2876 imitando
3141 2820 3323 2891 (1584)
3380 2822 3516 2891 ejus
3572 2820 3765 2892 partici-

2162 2908 2397 2979 patione
2440 2909 2627 2964 caeteri
2661 2925 2891 2980 quoque
2918 2910 3059 2980 justi
3114 2909 3374 2966 caelestes
3430 2927 3557 2965 esse
3587 2924 3767 2964 meren-

2161 3001 2258 3051 tur
2284 2998 2489 3069 (1585).
2512 2998 2627 3053 Nec
2652 2998 2916 3053 videatur
2954 2998 3310 3054 contrarium
3337 2998 3499 3069 quod
3529 2998 3766 3053 Dominus

2165 3087 2246 3141 ait
2274 3086 2333 3140 in
2364 3086 2672 3158 Evangelio
2698 3103 2709 3141 :
2742 3092 2919 3143 Nemo
2949 3087 3193 3141 ascendit
3222 3088 3282 3140 in
3325 3088 3545 3153 caelum,
3577 3088 3676 3140 nisi
3698 3084 3767 3155 qui

2085 3153 2127 3219 Ο
2164 3176 2229 3230 de
2258 3177 2389 3230 creto
2418 3153 2697 3231 descendit
2726 3175 2883 3245 ﬁlius
2913 3177 3151 3231 hominis
3182 3178 3355 3247 (Joan.
3393 3194 3484 3247 III,
3519 3177 3620 3247 13).
3648 3153 3767 3229 Deus

2165 3264 2319 3318 enim
2345 3264 2610 3320 Christus
2632 3268 2721 3319 est
2742 3264 2841 3319 Dei
2867 3263 3047 3320 Filius
3069 3270 3126 3321 et
3146 3265 3426 3335 hominis,
3452 3266 3549 3336 qui
3567 3262 3766 3320 solusde

2164 3352 2305 3407 coelo
2362 3353 2684 3421 descendit,
2745 3354 2861 3408 imo
2920 3355 3021 3424 qui
3079 3359 3135 3409 et
3165 3354 3325 3409 solus
3372 3353 3648 3409 ascendit.
3676 3352 3764 3406 Csa-

2161 3440 2267 3495 teri
2301 3441 2483 3511 (1586)
2512 3445 2705 3495 autem
2740 3440 2838 3511 qui
2869 3440 2926 3494 in
2959 3440 3087 3511 ipso
3138 3445 3303 3511 sunt,
3350 3457 3534 3495 unum
3567 3441 3704 3505 sunt,
3725 3440 3766 3491 et

2153 3530 2276 3599 jam
2311 3528 2523 3583 diversi
2557 3546 2670 3583 non
2727 3533 2885 3598 sunt,
2943 3529 3043 3583 sed
3076 3528 3204 3599 ejus
3253 3530 3523 3584 membra
3552 3533 3691 3584 sunt.
3717 3529 3764 3577 Et

2159 3614 2287 3670 ideo
2319 3615 2478 3670 solus
2512 3616 2791 3681 ascendit,
2836 3617 2975 3670 dum
3036 3634 3103 3671 ea
3158 3633 3283 3686 quae
3341 3617 3401 3671 in
3437 3634 3498 3673 se
3528 3621 3671 3677 sunt,
3696 3610 3760 3666 vel

2161 3720 2307 3774 quae.
2345 3747 2356 3758 .
2394 3746 2405 3759 .
2439 3704 2704 3759 habitare
2759 3704 2816 3759 in
2878 3704 3040 3760 coelo.
3088 3706 3235 3760 Nam
3286 3710 3561 3777 apostate
3590 3701 3759 3775 angeli,

2160 3793 2260 3864 qui
2292 3793 2351 3847 in
2376 3793 2514 3849 cmlo
2538 3794 2790 3862 fuerunt,
2829 3794 2929 3864 qui
2970 3811 3003 3847 a
3028 3794 3137 3849 Deo
3161 3800 3526 3849 recesserunt
3545 3794 3682 3848 inde.
3711 3833 3721 3844 .
3748 3829 3758 3841 .

2160 3881 2429 3936 homines
2488 3882 2536 3937 si
2595 3883 2777 3952 (1587)
2834 3883 2948 3937 Deo
3009 3881 3360 3937 adhaeserint
3387 3884 3572 3953 (1588)
3600 3880 3650 3933 in
3678 3894 3760 3934 cce-

2160 3969 2283 4024 lum
2306 3971 2509 4041 (1589),
2526 3970 3006 4025 sublimabuntur
3022 3989 3034 4038 ;
3052 3972 3206 4042 quod
3222 3971 3339 4026 imo
3354 3974 3425 4026 de
3438 3966 3759 4026 beataMaria

2159 4058 2471 4113 dicendum
2503 4064 2612 4123 est,
2656 4060 2812 4129 quod
2845 4076 2960 4131 prie
3009 4060 3236 4114 cunctis
3268 4060 3609 4115 mortalibus
3638 4058 3683 4111 in
3707 4070 3757 4109 ea

2159 4146 2376 4200 mansit
2403 4146 2707 4201 Dominus.
2731 4148 2801 4201 Et
2834 4147 2962 4202 ideo
2986 4147 3044 4201 in
3068 4147 3193 4218 ipso
3228 4164 3356 4202 eam
3381 4162 3609 4203 manere
3630 4142 3755 4199 nullo

2158 4236 2328 4289 modo
2360 4235 2684 4290 difﬁdimus
2714 4254 2726 4302 ;
2790 4238 2861 4291 de
2920 4238 3090 4306 cujus
3143 4236 3315 4291 etiam
3349 4238 3529 4308 (1590)
3560 4245 3755 4305 corpore

2155 4340 2367 4394 corpus
2398 4340 2698 4379 assumere
2729 4324 3004 4397 dignatus
3032 4330 3141 4393 est,
3174 4342 3301 4381 eam
3332 4325 3443 4379 sibi
3468 4324 3755 4379 membrum

2157 4417 2459 4484 coeptasse
2491 4429 2605 4467 non
2637 4412 2881 4467 dubium
2913 4416 3038 4480 est;
3071 4417 3127 4467 et
3149 4414 3241 4468 cui
3264 4430 3380 4484 prae
3403 4412 3658 4468 omnibus
3676 4407 3753 4463 ad-

2074 4523 2122 4586 D
2154 4500 2401 4556 haesitin
2426 4502 2618 4567 terris,
2642 4501 2831 4573 ipsam
2873 4501 2983 4557 sibi
3006 4518 3121 4572 prae
3162 4501 3391 4557 cunctis
3410 4495 3751 4574 applicavitin

2154 4590 2333 4644 caelis.
2368 4590 2633 4663 Corporis
2664 4607 2795 4645 vero
2826 4591 2953 4660 ejus
2984 4590 3165 4662 (1591)
3201 4592 3328 4662 jam
3375 4592 3577 4646 factam
3604 4602 3752 4642 resur-

2154 4679 2469 4734 rectionem
2502 4680 2795 4735 afﬁrmare
2837 4679 3079 4734 minime
3129 4680 3434 4748 audemus,
3464 4679 3595 4750 quia
3621 4691 3706 4731 nec
3726 4689 3751 4726 a

2153 4767 2369 4821 sanctis
2430 4767 2696 4822 Patribus
2756 4768 2863 4822 hoc
2918 4766 3277 4824 declaratum
3333 4785 3458 4824 esse
3494 4761 3748 4838 cognosci-

2224 4874 2407 4945 (1579)
2440 4878 2511 4928 M.
2544 4889 2725 4929 omnes
2755 4890 2858 4945 pro
2890 4890 3030 4929 eam.

2251 4945 2407 5000 1580)
2434 4949 2507 4998 M.
2536 4945 2948 5000 ministraverit.

2252 5016 2410 5083 1581)
2443 5016 2514 5070 M.
2550 5033 2665 5069 nos.

2223 5087 2407 5153 (1582)
2438 5087 2514 5140 M.
2550 5086 2711 5156 quod.

2224 5158 2409 5226 (1583)
2444 5158 2520 5211 M.
2555 5157 2718 5211 addit
2747 5166 2841 5211 est.

2221 5228 2404 5299 ’1584)
2438 5229 2513 5281 Μ.
2548 5230 2607 5283 in
2636 5228 2815 5281 dando
2855 5227 3159 5301 ﬂagitiose.

2219 5258 2403 5348 >1585)
2438 5298 2510 5348 Μ.
2544 5308 2883 5348 meruerunt.

2250 5299 2403 5348 1585)
2438 5298 2489 5348 M
2500 5340 2510 5348 .
2544 5308 2883 5348 meruerunt.
