  <div class='ocr_page' id='page_1' title='image "/cluster/home/n/w/nwhite01/storage/ocr_20150623/134/hvd.32044015471741/426.png"; bbox 0 0 3976 5348; ppageno 0'>
   <div class='ocr_carea' id='block_1_1' title="bbox 182 292 302 358">
    <p class='ocr_par' dir='ltr' id='par_1_1' title="bbox 182 292 302 358">
     <span class='ocr_line' id='line_1_1' title="bbox 182 292 302 358; baseline 0.017 -2"><span class='ocrx_word' id='word_1_1' title='bbox 182 292 302 358; x_wconf 82' lang='lat'>857</span> 
     </span>
    </p>
   </div>
   <div class='ocr_carea' id='block_1_2' title="bbox 1662 296 2103 362">
    <p class='ocr_par' dir='ltr' id='par_1_2' title="bbox 1662 296 2103 362">
     <span class='ocr_line' id='line_1_2' title="bbox 1662 296 2103 362; baseline -0.002 -2"><span class='ocrx_word' id='word_1_2' title='bbox 1662 296 2103 362; x_wconf 79' lang='lat' dir='ltr'>SERMONES.</span> 
     </span>
    </p>
   </div>
   <div class='ocr_carea' id='block_1_3' title="bbox 3467 297 3590 365">
    <p class='ocr_par' dir='ltr' id='par_1_3' title="bbox 3467 297 3590 365">
     <span class='ocr_line' id='line_1_3' title="bbox 3467 297 3590 365; baseline 0.016 -3"><span class='ocrx_word' id='word_1_3' title='bbox 3467 297 3590 365; x_wconf 77' lang='grc'>858</span> 
     </span>
    </p>
   </div>
   <div class='ocr_carea' id='block_1_4' title="bbox 184 427 3583 507">
    <p class='ocr_par' dir='ltr' id='par_1_4' title="bbox 184 427 3583 507">
     <span class='ocr_line' id='line_1_4' title="bbox 184 427 3583 507; baseline 0.002 -24"><span class='ocrx_word' id='word_1_4' title='bbox 184 427 531 501; x_wconf 84' lang='lat' dir='ltr'>mus(1592).</span> <span class='ocrx_word' id='word_1_5' title='bbox 552 428 809 501; x_wconf 84' lang='lat' dir='ltr'>Denique</span> <span class='ocrx_word' id='word_1_6' title='bbox 829 428 886 485; x_wconf 90' lang='lat' dir='ltr'>in</span> <span class='ocrx_word' id='word_1_7' title='bbox 900 430 1047 487; x_wconf 88' lang='lat' dir='ltr'>valle</span> <span class='ocrx_word' id='word_1_8' title='bbox 1068 430 1348 503; x_wconf 87' lang='lat' dir='ltr'>Josephat</span> <span class='ocrx_word' id='word_1_9' title='bbox 1366 431 1492 502; x_wconf 87' lang='lat' dir='ltr'>ejus</span> <span class='ocrx_word' id='word_1_10' title='bbox 1515 430 1827 503; x_wconf 68' lang='lat' dir='ltr'>sepultura</span> <span class='ocrx_word' id='word_1_11' title='bbox 1857 432 1911 498; x_wconf 82' lang='lat' dir='ltr'><strong>A</strong></span> <span class='ocrx_word' id='word_1_12' title='bbox 1940 432 2069 487; x_wconf 82' lang='lat' dir='ltr'>novi</span> <span class='ocrx_word' id='word_1_13' title='bbox 2096 437 2147 488; x_wconf 83' lang='lat' dir='ltr'>te</span> <span class='ocrx_word' id='word_1_14' title='bbox 2165 449 2186 494; x_wconf 83' lang='lat'><strong><em>;</em></strong></span> <span class='ocrx_word' id='word_1_15' title='bbox 2206 441 2259 488; x_wconf 86' lang='lat' dir='ltr'>et</span> <span class='ocrx_word' id='word_1_16' title='bbox 2288 442 2581 507; x_wconf 81' lang='lat' dir='ltr'>antequam</span> <span class='ocrx_word' id='word_1_17' title='bbox 2610 435 2789 491; x_wconf 66' lang='grc' dir='ltr'>σπίνοις</span> <span class='ocrx_word' id='word_1_18' title='bbox 2817 432 2883 491; x_wconf 84' lang='lat' dir='ltr'>de</span> <span class='ocrx_word' id='word_1_19' title='bbox 2907 440 3110 502; x_wconf 79' lang='lat' dir='ltr'>ventre,</span> <span class='ocrx_word' id='word_1_20' title='bbox 3140 433 3485 505; x_wconf 79' lang='lat' dir='ltr'>sanctiﬁcavi</span> <span class='ocrx_word' id='word_1_21' title='bbox 3511 438 3583 507; x_wconf 82' lang='lat' dir='ltr'>te,</span> 
     </span>
    </p>
   </div>
   <div class='ocr_carea' id='block_1_5' title="bbox 184 518 1830 593">
    <p class='ocr_par' dir='ltr' id='par_1_5' title="bbox 184 518 1830 593">
     <span class='ocr_line' id='line_1_5' title="bbox 184 518 1830 593; baseline 0.002 -20"><span class='ocrx_word' id='word_1_22' title='bbox 184 522 383 573; x_wconf 89' lang='lat' dir='ltr'>manet</span> <span class='ocrx_word' id='word_1_23' title='bbox 406 518 588 585; x_wconf 85' lang='lat' dir='ltr'>locus,</span> <span class='ocrx_word' id='word_1_24' title='bbox 624 519 722 573; x_wconf 92' lang='lat' dir='ltr'>ubi</span> <span class='ocrx_word' id='word_1_25' title='bbox 756 523 952 575; x_wconf 86' lang='lat' dir='ltr'>tamen</span> <span class='ocrx_word' id='word_1_26' title='bbox 982 522 1109 590; x_wconf 85' lang='lat' dir='ltr'>ejus</span> <span class='ocrx_word' id='word_1_27' title='bbox 1142 538 1254 575; x_wconf 92' lang='lat' dir='ltr'>non</span> <span class='ocrx_word' id='word_1_28' title='bbox 1283 524 1568 592; x_wconf 86' lang='lat' dir='ltr'>reperitur</span> <span class='ocrx_word' id='word_1_29' title='bbox 1596 539 1830 593; x_wconf 88' lang='lat' dir='ltr'>corpus.</span> 
     </span>
    </p>
   </div>
   <div class='ocr_carea' id='block_1_6' title="bbox 182 607 1832 681">
    <p class='ocr_par' dir='ltr' id='par_1_6' title="bbox 182 607 1832 681">
     <span class='ocr_line' id='line_1_6' title="bbox 182 607 1832 681; baseline 0.004 -22"><span class='ocrx_word' id='word_1_30' title='bbox 182 608 288 662; x_wconf 88' lang='lat' dir='ltr'>Sed</span> <span class='ocrx_word' id='word_1_31' title='bbox 341 607 439 677; x_wconf 88' lang='lat' dir='ltr'>qui</span> <span class='ocrx_word' id='word_1_32' title='bbox 501 608 569 661; x_wconf 88' lang='lat' dir='ltr'>de</span> <span class='ocrx_word' id='word_1_33' title='bbox 628 624 695 662; x_wconf 87' lang='lat' dir='ltr'>ea</span> <span class='ocrx_word' id='word_1_34' title='bbox 744 607 1114 663; x_wconf 78' lang='lat' dir='ltr'>ineil‘abiliter</span> <span class='ocrx_word' id='word_1_35' title='bbox 1168 625 1400 663; x_wconf 88' lang='lat' dir='ltr'>carnem</span> <span class='ocrx_word' id='word_1_36' title='bbox 1459 610 1677 675; x_wconf 83' lang='lat' dir='ltr'>eduxit,</span> <span class='ocrx_word' id='word_1_37' title='bbox 1707 609 1832 681; x_wconf 89' lang='lat' dir='ltr'>ipse</span> 
     </span>
    </p>
   </div>
   <div class='ocr_carea' id='block_1_7' title="bbox 186 696 1831 768">
    <p class='ocr_par' dir='ltr' id='par_1_7' title="bbox 186 696 1831 768">
     <span class='ocr_line' id='line_1_7' title="bbox 186 696 1831 768; baseline 0.001 -17"><span class='ocrx_word' id='word_1_38' title='bbox 186 696 324 767; x_wconf 89' lang='lat' dir='ltr'>quid</span> <span class='ocrx_word' id='word_1_39' title='bbox 353 696 534 767; x_wconf 87' lang='lat'>(1593)</span> <span class='ocrx_word' id='word_1_40' title='bbox 566 697 637 751; x_wconf 91' lang='lat' dir='ltr'>de</span> <span class='ocrx_word' id='word_1_41' title='bbox 663 698 791 767; x_wconf 87' lang='lat' dir='ltr'>ejus</span> <span class='ocrx_word' id='word_1_42' title='bbox 814 698 891 752; x_wconf 87' lang='lat' dir='ltr'>sit</span> <span class='ocrx_word' id='word_1_43' title='bbox 912 714 1151 768; x_wconf 89' lang='lat' dir='ltr'>corpore</span> <span class='ocrx_word' id='word_1_44' title='bbox 1174 699 1349 753; x_wconf 91' lang='lat' dir='ltr'>novit.</span> <span class='ocrx_word' id='word_1_45' title='bbox 1380 700 1599 753; x_wconf 87' lang='lat' dir='ltr'>Tamen</span> <span class='ocrx_word' id='word_1_46' title='bbox 1631 699 1752 753; x_wconf 75' lang='lat' dir='ltr'>sive</span> <span class='ocrx_word' id='word_1_47' title='bbox 1772 699 1831 753; x_wconf 92' lang='lat' dir='ltr'>in</span> 
     </span>
    </p>
   </div>
   <div class='ocr_carea' id='block_1_8' title="bbox 188 785 1831 859">
    <p class='ocr_par' dir='ltr' id='par_1_8' title="bbox 188 785 1831 859">
     <span class='ocr_line' id='line_1_8' title="bbox 188 785 1831 859; baseline 0.002 -20"><span class='ocrx_word' id='word_1_48' title='bbox 188 801 447 855; x_wconf 87' lang='lat' dir='ltr'>corpore,</span> <span class='ocrx_word' id='word_1_49' title='bbox 472 785 587 840; x_wconf 89' lang='lat' dir='ltr'>sive</span> <span class='ocrx_word' id='word_1_50' title='bbox 609 791 768 841; x_wconf 80' lang='lat' dir='ltr'><strong>extra</strong></span> <span class='ocrx_word' id='word_1_51' title='bbox 791 803 1023 857; x_wconf 88' lang='lat' dir='ltr'>corpus,</span> <span class='ocrx_word' id='word_1_52' title='bbox 1048 803 1223 857; x_wconf 81' lang='lat' dir='ltr'>super</span> <span class='ocrx_word' id='word_1_53' title='bbox 1253 787 1459 841; x_wconf 91' lang='lat' dir='ltr'>choros</span> <span class='ocrx_word' id='word_1_54' title='bbox 1490 787 1831 859; x_wconf 85' lang='lat' dir='ltr'>angelorum</span> 
     </span>
    </p>
   </div>
   <div class='ocr_carea' id='block_1_9' title="bbox 184 874 1835 931">
    <p class='ocr_par' dir='ltr' id='par_1_9' title="bbox 184 874 1835 931">
     <span class='ocr_line' id='line_1_9' title="bbox 184 874 1835 931; baseline 0.001 -3"><span class='ocrx_word' id='word_1_55' title='bbox 184 874 245 929; x_wconf 93' lang='lat' dir='ltr'>in</span> <span class='ocrx_word' id='word_1_56' title='bbox 278 874 440 929; x_wconf 79' lang='lat' dir='ltr'>caelis</span> <span class='ocrx_word' id='word_1_57' title='bbox 485 875 792 930; x_wconf 84' lang='lat' dir='ltr'>exaltatam</span> <span class='ocrx_word' id='word_1_58' title='bbox 823 876 1203 930; x_wconf 85' lang='lat' dir='ltr'>conﬁtemur:</span> <span class='ocrx_word' id='word_1_59' title='bbox 1265 878 1313 930; x_wconf 90' lang='lat' dir='ltr'>si</span> <span class='ocrx_word' id='word_1_60' title='bbox 1372 876 1527 930; x_wconf 89' lang='lat' dir='ltr'>enim</span> <span class='ocrx_word' id='word_1_61' title='bbox 1558 876 1835 931; x_wconf 81' lang='lat' dir='ltr'>veraciter</span> 
     </span>
    </p>
   </div>
   <div class='ocr_carea' id='block_1_10' title="bbox 184 961 1834 1036">
    <p class='ocr_par' dir='ltr' id='par_1_10' title="bbox 184 961 1834 1036">
     <span class='ocr_line' id='line_1_10' title="bbox 184 961 1834 1036; baseline 0.002 -20"><span class='ocrx_word' id='word_1_62' title='bbox 184 961 598 1031; x_wconf 86' lang='lat' dir='ltr'>omnesjustos</span> <span class='ocrx_word' id='word_1_63' title='bbox 622 968 1052 1018; x_wconf 82' lang='lat' dir='ltr'>resurrecturos</span> <span class='ocrx_word' id='word_1_64' title='bbox 1065 980 1197 1018; x_wconf 92' lang='lat' dir='ltr'>cum</span> <span class='ocrx_word' id='word_1_65' title='bbox 1223 965 1470 1036; x_wconf 88' lang='lat' dir='ltr'>propriis</span> <span class='ocrx_word' id='word_1_66' title='bbox 1494 965 1834 1036; x_wconf 85' lang='lat' dir='ltr'>corporibus</span> 
     </span>
    </p>
   </div>
   <div class='ocr_carea' id='block_1_11' title="bbox 187 1050 1835 1123">
    <p class='ocr_par' dir='ltr' id='par_1_11' title="bbox 187 1050 1835 1123">
     <span class='ocr_line' id='line_1_11' title="bbox 187 1050 1835 1123; baseline 0.004 -20"><span class='ocrx_word' id='word_1_67' title='bbox 187 1050 541 1121; x_wconf 80' lang='lat' dir='ltr'>quandoque</span> <span class='ocrx_word' id='word_1_68' title='bbox 570 1050 885 1116; x_wconf 85' lang='lat' dir='ltr'>credimus,</span> <span class='ocrx_word' id='word_1_69' title='bbox 936 1068 1151 1123; x_wconf 87' lang='lat' dir='ltr'>eosque</span> <span class='ocrx_word' id='word_1_70' title='bbox 1210 1053 1267 1107; x_wconf 91' lang='lat' dir='ltr'>in</span> <span class='ocrx_word' id='word_1_71' title='bbox 1325 1069 1457 1107; x_wconf 87' lang='lat' dir='ltr'>aera</span> <span class='ocrx_word' id='word_1_72' title='bbox 1488 1070 1835 1109; x_wconf 85' lang='lat' dir='ltr'>occursuros</span> 
     </span>
    </p>
   </div>
   <div class='ocr_carea' id='block_1_12' title="bbox 184 1138 1835 1213">
    <p class='ocr_par' dir='ltr' id='par_1_12' title="bbox 184 1138 1835 1213">
     <span class='ocr_line' id='line_1_12' title="bbox 184 1138 1835 1213; baseline 0.002 -20"><span class='ocrx_word' id='word_1_73' title='bbox 184 1138 321 1204; x_wconf 92' lang='lat' dir='ltr'>Deo,</span> <span class='ocrx_word' id='word_1_74' title='bbox 356 1144 411 1193; x_wconf 92' lang='lat' dir='ltr'>et</span> <span class='ocrx_word' id='word_1_75' title='bbox 441 1139 525 1193; x_wconf 89' lang='lat' dir='ltr'>sic</span> <span class='ocrx_word' id='word_1_76' title='bbox 556 1154 789 1210; x_wconf 89' lang='lat' dir='ltr'>semper</span> <span class='ocrx_word' id='word_1_77' title='bbox 820 1142 1192 1210; x_wconf 86' lang='lat' dir='ltr'>postmodum</span> <span class='ocrx_word' id='word_1_78' title='bbox 1224 1159 1356 1195; x_wconf 88' lang='lat' dir='ltr'>cum</span> <span class='ocrx_word' id='word_1_79' title='bbox 1378 1142 1503 1213; x_wconf 91' lang='lat' dir='ltr'>ipso</span> <span class='ocrx_word' id='word_1_80' title='bbox 1526 1159 1835 1197; x_wconf 88' lang='lat' dir='ltr'>mansuros</span> 
     </span>
    </p>
   </div>
   <div class='ocr_carea' id='block_1_13' title="bbox 184 1227 1837 1302">
    <p class='ocr_par' dir='ltr' id='par_1_13' title="bbox 184 1227 1837 1302">
     <span class='ocr_line' id='line_1_13' title="bbox 184 1227 1837 1302; baseline 0.002 -20"><span class='ocrx_word' id='word_1_81' title='bbox 184 1227 888 1295; x_wconf 81' lang='lat' dir='ltr'>confidimus,secundum</span> <span class='ocrx_word' id='word_1_82' title='bbox 905 1230 1057 1301; x_wconf 88' lang='lat' dir='ltr'>quod</span> <span class='ocrx_word' id='word_1_83' title='bbox 1075 1230 1279 1284; x_wconf 85' lang='lat' dir='ltr'>beatus</span> <span class='ocrx_word' id='word_1_84' title='bbox 1293 1231 1508 1285; x_wconf 87' lang='lat' dir='ltr'>Paulus</span> <span class='ocrx_word' id='word_1_85' title='bbox 1520 1230 1837 1302; x_wconf 85' lang='lat' dir='ltr'>aitaposto-</span> 
     </span>
    </p>
   </div>
   <div class='ocr_carea' id='block_1_14' title="bbox 182 1315 1827 1389">
    <p class='ocr_par' dir='ltr' id='par_1_14' title="bbox 182 1315 1827 1389">
     <span class='ocr_line' id='line_1_14' title="bbox 182 1315 1827 1389; baseline 0.002 -20"><span class='ocrx_word' id='word_1_86' title='bbox 182 1315 275 1370; x_wconf 89' lang='lat' dir='ltr'>lus</span> <span class='ocrx_word' id='word_1_87' title='bbox 303 1316 351 1385; x_wconf 86' lang='grc' dir='ltr'>(Ι</span> <span class='ocrx_word' id='word_1_88' title='bbox 380 1316 553 1371; x_wconf 82' lang='lat' dir='ltr'>Thess.</span> <span class='ocrx_word' id='word_1_89' title='bbox 580 1334 656 1381; x_wconf 84' lang='lat' dir='ltr'>IV,</span> <span class='ocrx_word' id='word_1_90' title='bbox 684 1317 769 1387; x_wconf 89' lang='grc'>16)</span> <span class='ocrx_word' id='word_1_91' title='bbox 800 1335 813 1384; x_wconf 91' lang='grc'>;</span> <span class='ocrx_word' id='word_1_92' title='bbox 838 1318 979 1388; x_wconf 91' lang='lat' dir='ltr'>quid</span> <span class='ocrx_word' id='word_1_93' title='bbox 998 1319 1211 1372; x_wconf 91' lang='lat' dir='ltr'>mirum</span> <span class='ocrx_word' id='word_1_94' title='bbox 1237 1318 1285 1373; x_wconf 90' lang='lat' dir='ltr'>si</span> <span class='ocrx_word' id='word_1_95' title='bbox 1316 1319 1485 1373; x_wconf 83' lang='lat' dir='ltr'>Matri</span> <span class='ocrx_word' id='word_1_96' title='bbox 1508 1335 1611 1389; x_wconf 89' lang='lat' dir='ltr'>per</span> <span class='ocrx_word' id='word_1_97' title='bbox 1630 1336 1827 1389; x_wconf 90' lang='lat' dir='ltr'>quem-</span> 
     </span>
    </p>
   </div>
   <div class='ocr_carea' id='block_1_15' title="bbox 184 1404 1836 1479">
    <p class='ocr_par' dir='ltr' id='par_1_15' title="bbox 184 1404 1836 1479">
     <span class='ocr_line' id='line_1_15' title="bbox 184 1404 1836 1479; baseline 0.001 -19"><span class='ocrx_word' id='word_1_98' title='bbox 184 1405 319 1460; x_wconf 88' lang='lat' dir='ltr'>dam</span> <span class='ocrx_word' id='word_1_99' title='bbox 336 1404 725 1461; x_wconf 82' lang='lat' dir='ltr'>miserationis</span> <span class='ocrx_word' id='word_1_100' title='bbox 739 1406 1295 1461; x_wconf 76' lang='lat' dir='ltr'>eﬁ‘ectumDominus</span> <span class='ocrx_word' id='word_1_101' title='bbox 1310 1407 1682 1479; x_wconf 88' lang='lat' dir='ltr'>anticipando</span> <span class='ocrx_word' id='word_1_102' title='bbox 1696 1424 1836 1478; x_wconf 61' lang='lat' dir='ltr'>prae-</span> 
     </span>
    </p>
   </div>
   <div class='ocr_carea' id='block_1_16' title="bbox 185 1493 1833 1565">
    <p class='ocr_par' dir='ltr' id='par_1_16' title="bbox 185 1493 1833 1565">
     <span class='ocr_line' id='line_1_16' title="bbox 185 1493 1833 1565; baseline 0.001 -17"><span class='ocrx_word' id='word_1_103' title='bbox 185 1493 353 1565; x_wconf 87' lang='lat' dir='ltr'>stitit,</span> <span class='ocrx_word' id='word_1_104' title='bbox 388 1494 542 1565; x_wconf 92' lang='lat' dir='ltr'>quod</span> <span class='ocrx_word' id='word_1_105' title='bbox 574 1494 849 1549; x_wconf 90' lang='lat' dir='ltr'>omnibus</span> <span class='ocrx_word' id='word_1_106' title='bbox 877 1495 933 1550; x_wconf 90' lang='lat' dir='ltr'>in</span> <span class='ocrx_word' id='word_1_107' title='bbox 968 1496 1082 1550; x_wconf 86' lang='lat' dir='ltr'>fine</span> <span class='ocrx_word' id='word_1_108' title='bbox 1112 1495 1305 1550; x_wconf 65' lang='lat' dir='ltr'>saeculi</span> <span class='ocrx_word' id='word_1_109' title='bbox 1331 1496 1549 1550; x_wconf 87' lang='lat' dir='ltr'>sanctis</span> <span class='ocrx_word' id='word_1_110' title='bbox 1572 1495 1833 1555; x_wconf 87' lang='lat' dir='ltr'>donabit.</span> 
     </span>
    </p>
   </div>
   <div class='ocr_carea' id='block_1_17' title="bbox 191 1582 1833 1655">
    <p class='ocr_par' dir='ltr' id='par_1_17' title="bbox 191 1582 1833 1655">
     <span class='ocr_line' id='line_1_17' title="bbox 191 1582 1833 1655; baseline 0.001 -18"><span class='ocrx_word' id='word_1_111' title='bbox 191 1599 322 1638; x_wconf 92' lang='lat' dir='ltr'>cum</span> <span class='ocrx_word' id='word_1_112' title='bbox 344 1582 614 1638; x_wconf 82' lang='lat' dir='ltr'>mortalia</span> <span class='ocrx_word' id='word_1_113' title='bbox 634 1600 876 1655; x_wconf 88' lang='lat' dir='ltr'>corpora</span> <span class='ocrx_word' id='word_1_114' title='bbox 894 1584 1331 1639; x_wconf 81' lang='lat' dir='ltr'>immortalitate</span> <span class='ocrx_word' id='word_1_115' title='bbox 1353 1584 1646 1639; x_wconf 81' lang='lat' dir='ltr'>induerit?</span> <span class='ocrx_word' id='word_1_116' title='bbox 1662 1585 1833 1639; x_wconf 90' lang='lat' dir='ltr'>Deni-</span> 
     </span>
    </p>
   </div>
   <div class='ocr_carea' id='block_1_18' title="bbox 189 1673 1837 1744">
    <p class='ocr_par' dir='ltr' id='par_1_18' title="bbox 189 1673 1837 1744">
     <span class='ocr_line' id='line_1_18' title="bbox 189 1673 1837 1744; baseline 0.001 -17"><span class='ocrx_word' id='word_1_117' title='bbox 189 1689 301 1744; x_wconf 91' lang='lat' dir='ltr'>que</span> <span class='ocrx_word' id='word_1_118' title='bbox 320 1673 605 1744; x_wconf 90' lang='lat' dir='ltr'>scriptum</span> <span class='ocrx_word' id='word_1_119' title='bbox 628 1677 751 1727; x_wconf 90' lang='lat' dir='ltr'>est:</span> <span class='ocrx_word' id='word_1_120' title='bbox 788 1673 919 1728; x_wconf 87' lang='lat' dir='ltr'>Alia</span> <span class='ocrx_word' id='word_1_121' title='bbox 938 1674 1171 1728; x_wconf 74' lang='lat' dir='ltr'>claritas</span> <span class='ocrx_word' id='word_1_122' title='bbox 1190 1675 1344 1742; x_wconf 85' lang='lat' dir='ltr'>solis,</span> <span class='ocrx_word' id='word_1_123' title='bbox 1376 1676 1489 1728; x_wconf 88' lang='lat' dir='ltr'>alia</span> <span class='ocrx_word' id='word_1_124' title='bbox 1520 1674 1691 1739; x_wconf 69' lang='lat' dir='ltr'>lunae,</span> <span class='ocrx_word' id='word_1_125' title='bbox 1719 1674 1837 1728; x_wconf 88' lang='lat' dir='ltr'>alia</span> 
     </span>
    </p>
   </div>
   <div class='ocr_carea' id='block_1_19' title="bbox 185 1761 1834 1833">
    <p class='ocr_par' dir='ltr' id='par_1_19' title="bbox 185 1761 1834 1833">
     <span class='ocr_line' id='line_1_19' title="bbox 185 1761 1834 1833; baseline 0.001 -16"><span class='ocrx_word' id='word_1_126' title='bbox 185 1763 477 1817; x_wconf 80' lang='lat' dir='ltr'>stellarum</span> <span class='ocrx_word' id='word_1_127' title='bbox 503 1762 549 1832; x_wconf 94' lang='lat' dir='ltr'>(I</span> <span class='ocrx_word' id='word_1_128' title='bbox 578 1761 696 1816; x_wconf 87' lang='lat' dir='ltr'>Cor.</span> <span class='ocrx_word' id='word_1_129' title='bbox 722 1778 815 1827; x_wconf 86' lang='lat' dir='ltr'>xv,</span> <span class='ocrx_word' id='word_1_130' title='bbox 874 1764 1001 1832; x_wconf 66' lang='lat' dir='ltr'>li1):</span> <span class='ocrx_word' id='word_1_131' title='bbox 1066 1779 1165 1833; x_wconf 89' lang='lat' dir='ltr'>per</span> <span class='ocrx_word' id='word_1_132' title='bbox 1224 1762 1545 1818; x_wconf 85' lang='lat' dir='ltr'>claritatem</span> <span class='ocrx_word' id='word_1_133' title='bbox 1578 1779 1834 1833; x_wconf 90' lang='lat' dir='ltr'>namque</span> 
     </span>
    </p>
   </div>
   <div class='ocr_carea' id='block_1_20' title="bbox 187 1849 1838 1921">
    <p class='ocr_par' dir='ltr' id='par_1_20' title="bbox 187 1849 1838 1921">
     <span class='ocr_line' id='line_1_20' title="bbox 187 1849 1838 1921; baseline 0.001 -16"><span class='ocrx_word' id='word_1_134' title='bbox 187 1849 328 1905; x_wconf 90' lang='lat' dir='ltr'>solis</span> <span class='ocrx_word' id='word_1_135' title='bbox 353 1850 833 1905; x_wconf 85' lang='lat' dir='ltr'>resurrectionem</span> <span class='ocrx_word' id='word_1_136' title='bbox 859 1850 1170 1921; x_wconf 84' lang='lat' dir='ltr'>Apostolus</span> <span class='ocrx_word' id='word_1_137' title='bbox 1194 1851 1392 1906; x_wconf 82' lang='lat' dir='ltr'>docuit</span> <span class='ocrx_word' id='word_1_138' title='bbox 1414 1850 1751 1918; x_wconf 88' lang='lat' dir='ltr'>Salvatoris,</span> <span class='ocrx_word' id='word_1_139' title='bbox 1769 1853 1838 1907; x_wconf 88' lang='lat' dir='ltr'>de</span> 
     </span>
    </p>
   </div>
   <div class='ocr_carea' id='block_1_21' title="bbox 189 1938 1840 2011">
    <p class='ocr_par' dir='ltr' id='par_1_21' title="bbox 189 1938 1840 2011">
     <span class='ocr_line' id='line_1_21' title="bbox 189 1938 1840 2011; baseline 0.001 -18"><span class='ocrx_word' id='word_1_140' title='bbox 189 1955 303 2011; x_wconf 91' lang='lat' dir='ltr'>quo</span> <span class='ocrx_word' id='word_1_141' title='bbox 326 1938 613 2010; x_wconf 88' lang='lat' dir='ltr'>scriptum</span> <span class='ocrx_word' id='word_1_142' title='bbox 636 1944 726 1995; x_wconf 88' lang='lat' dir='ltr'>est</span> <span class='ocrx_word' id='word_1_143' title='bbox 751 1957 763 1994; x_wconf 87' lang='lat'>:</span> <span class='ocrx_word' id='word_1_144' title='bbox 784 1941 951 1995; x_wconf 81' lang='lat' dir='ltr'>Vobis</span> <span class='ocrx_word' id='word_1_145' title='bbox 972 1941 1068 2010; x_wconf 85' lang='lat' dir='ltr'>qui</span> <span class='ocrx_word' id='word_1_146' title='bbox 1091 1942 1294 1995; x_wconf 76' lang='lat' dir='ltr'>timetis</span> <span class='ocrx_word' id='word_1_147' title='bbox 1320 1942 1729 2007; x_wconf 83' lang='lat' dir='ltr'>Deum,orietur</span> <span class='ocrx_word' id='word_1_148' title='bbox 1750 1940 1840 1995; x_wconf 88' lang='lat' dir='ltr'>Sol</span> 
     </span>
    </p>
   </div>
   <div class='ocr_carea' id='block_1_22' title="bbox 178 2027 1840 2100">
    <p class='ocr_par' dir='ltr' id='par_1_22' title="bbox 178 2027 1840 2100">
     <span class='ocr_line' id='line_1_22' title="bbox 178 2027 1840 2100; baseline 0.001 -17"><span class='ocrx_word' id='word_1_149' title='bbox 178 2029 419 2100; x_wconf 65' lang='lat' dir='ltr'>justitim</span> <span class='ocrx_word' id='word_1_150' title='bbox 441 2027 691 2098; x_wconf 86' lang='lat' dir='ltr'>(Malach.</span> <span class='ocrx_word' id='word_1_151' title='bbox 710 2045 781 2093; x_wconf 82' lang='lat' dir='ltr'>iv,</span> <span class='ocrx_word' id='word_1_152' title='bbox 804 2030 881 2094; x_wconf 82' lang='lat'>2).</span> <span class='ocrx_word' id='word_1_153' title='bbox 908 2027 1509 2099; x_wconf 72' lang='lat' dir='ltr'>Perlunmintelligere</span> <span class='ocrx_word' id='word_1_154' title='bbox 1522 2046 1840 2100; x_wconf 84' lang='lat' dir='ltr'>possumus</span> 
     </span>
    </p>
   </div>
   <div class='ocr_carea' id='block_1_23' title="bbox 187 2116 1840 2188">
    <p class='ocr_par' dir='ltr' id='par_1_23' title="bbox 187 2116 1840 2188">
     <span class='ocr_line' id='line_1_23' title="bbox 187 2116 1840 2188; baseline 0.001 -16"><span class='ocrx_word' id='word_1_155' title='bbox 187 2117 362 2172; x_wconf 90' lang='lat' dir='ltr'>etiam</span> <span class='ocrx_word' id='word_1_156' title='bbox 372 2116 571 2171; x_wconf 89' lang='lat' dir='ltr'>Matris</span> <span class='ocrx_word' id='word_1_157' title='bbox 588 2133 704 2171; x_wconf 67' lang='lat' dir='ltr'>sua:</span> <span class='ocrx_word' id='word_1_158' title='bbox 726 2133 885 2171; x_wconf 90' lang='lat' dir='ltr'>:nam</span> <span class='ocrx_word' id='word_1_159' title='bbox 900 2116 1051 2172; x_wconf 84' lang='lat' dir='ltr'>sicut</span> <span class='ocrx_word' id='word_1_160' title='bbox 1064 2117 1205 2171; x_wconf 91' lang='lat' dir='ltr'>luna</span> <span class='ocrx_word' id='word_1_161' title='bbox 1217 2133 1250 2171; x_wconf 90' lang='lat' dir='ltr'>a</span> <span class='ocrx_word' id='word_1_162' title='bbox 1262 2116 1381 2172; x_wconf 88' lang='lat' dir='ltr'>sole</span> <span class='ocrx_word' id='word_1_163' title='bbox 1395 2118 1677 2188; x_wconf 72' lang='lat' dir='ltr'>praecipue</span> <span class='ocrx_word' id='word_1_164' title='bbox 1691 2118 1840 2173; x_wconf 90' lang='lat' dir='ltr'>inter</span> 
     </span>
    </p>
   </div>
   <div class='ocr_carea' id='block_1_24' title="bbox 190 2204 1839 2276">
    <p class='ocr_par' dir='ltr' id='par_1_24' title="bbox 190 2204 1839 2276">
     <span class='ocr_line' id='line_1_24' title="bbox 190 2204 1839 2276; baseline 0.001 -15"><span class='ocrx_word' id='word_1_165' title='bbox 190 2206 382 2261; x_wconf 87' lang='lat' dir='ltr'>sidera</span> <span class='ocrx_word' id='word_1_166' title='bbox 404 2204 791 2271; x_wconf 89' lang='lat' dir='ltr'>illuminatur,</span> <span class='ocrx_word' id='word_1_167' title='bbox 815 2205 898 2260; x_wconf 90' lang='lat' dir='ltr'>sic</span> <span class='ocrx_word' id='word_1_168' title='bbox 921 2210 977 2261; x_wconf 90' lang='lat' dir='ltr'>et</span> <span class='ocrx_word' id='word_1_169' title='bbox 1006 2205 1136 2276; x_wconf 89' lang='lat' dir='ltr'>ipsa</span> <span class='ocrx_word' id='word_1_170' title='bbox 1158 2223 1190 2259; x_wconf 89' lang='lat' dir='ltr'>a</span> <span class='ocrx_word' id='word_1_171' title='bbox 1221 2205 1466 2261; x_wconf 92' lang='lat' dir='ltr'>Domino</span> <span class='ocrx_word' id='word_1_172' title='bbox 1490 2206 1639 2262; x_wconf 89' lang='lat' dir='ltr'>inter</span> <span class='ocrx_word' id='word_1_173' title='bbox 1668 2212 1839 2262; x_wconf 69' lang='lat' dir='ltr'>caete-</span> 
     </span>
    </p>
   </div>
   <div class='ocr_carea' id='block_1_25' title="bbox 192 2293 1838 2367">
    <p class='ocr_par' dir='ltr' id='par_1_25' title="bbox 192 2293 1838 2367">
     <span class='ocr_line' id='line_1_25' title="bbox 192 2293 1838 2367; baseline 0.002 -17"><span class='ocrx_word' id='word_1_174' title='bbox 192 2312 290 2351; x_wconf 89' lang='lat' dir='ltr'>ros</span> <span class='ocrx_word' id='word_1_175' title='bbox 312 2295 509 2365; x_wconf 90' lang='lat' dir='ltr'>justos</span> <span class='ocrx_word' id='word_1_176' title='bbox 541 2293 731 2350; x_wconf 91' lang='lat' dir='ltr'>divino</span> <span class='ocrx_word' id='word_1_177' title='bbox 763 2294 965 2365; x_wconf 87' lang='lat' dir='ltr'>procul</span> <span class='ocrx_word' id='word_1_178' title='bbox 997 2294 1173 2350; x_wconf 93' lang='lat' dir='ltr'>dubio</span> <span class='ocrx_word' id='word_1_179' title='bbox 1204 2295 1428 2350; x_wconf 88' lang='lat' dir='ltr'>lumine</span> <span class='ocrx_word' id='word_1_180' title='bbox 1484 2297 1677 2367; x_wconf 88' lang='lat' dir='ltr'>potius</span> <span class='ocrx_word' id='word_1_181' title='bbox 1705 2296 1838 2353; x_wconf 92' lang='lat' dir='ltr'>illu-</span> 
     </span>
    </p>
   </div>
   <div class='ocr_carea' id='block_1_26' title="bbox 192 2382 1838 2453">
    <p class='ocr_par' dir='ltr' id='par_1_26' title="bbox 192 2382 1838 2453">
     <span class='ocr_line' id='line_1_26' title="bbox 192 2382 1838 2453; baseline 0.001 -14"><span class='ocrx_word' id='word_1_182' title='bbox 192 2387 430 2440; x_wconf 88' lang='lat' dir='ltr'>stratur.</span> <span class='ocrx_word' id='word_1_183' title='bbox 465 2382 609 2437; x_wconf 90' lang='lat' dir='ltr'>Cum</span> <span class='ocrx_word' id='word_1_184' title='bbox 638 2398 774 2437; x_wconf 90' lang='lat' dir='ltr'>vero</span> <span class='ocrx_word' id='word_1_185' title='bbox 806 2382 1103 2438; x_wconf 88' lang='lat' dir='ltr'>stellarum</span> <span class='ocrx_word' id='word_1_186' title='bbox 1136 2384 1456 2453; x_wconf 85' lang='lat' dir='ltr'>subjunxit,</span> <span class='ocrx_word' id='word_1_187' title='bbox 1500 2389 1838 2441; x_wconf 69' lang='lat' dir='ltr'>casterorum</span> 
     </span>
    </p>
   </div>
   <div class='ocr_carea' id='block_1_27' title="bbox 193 2472 1835 2545">
    <p class='ocr_par' dir='ltr' id='par_1_27' title="bbox 193 2472 1835 2545">
     <span class='ocr_line' id='line_1_27' title="bbox 193 2472 1835 2545; baseline 0.001 -17"><span class='ocrx_word' id='word_1_188' title='bbox 193 2475 531 2528; x_wconf 88' lang='lat' dir='ltr'>sanctorum</span> <span class='ocrx_word' id='word_1_189' title='bbox 547 2472 1028 2527; x_wconf 87' lang='lat' dir='ltr'>resurrectionem</span> <span class='ocrx_word' id='word_1_190' title='bbox 1046 2472 1515 2545; x_wconf 68' lang='lat' dir='ltr'>innotuit(159/i).</span> <span class='ocrx_word' id='word_1_191' title='bbox 1541 2474 1835 2544; x_wconf 85' lang='lat' dir='ltr'>Sequitur:</span> 
     </span>
    </p>
   </div>
   <div class='ocr_carea' id='block_1_28' title="bbox 193 2561 1838 2632">
    <p class='ocr_par' dir='ltr' id='par_1_28' title="bbox 193 2561 1838 2632">
     <span class='ocr_line' id='line_1_28' title="bbox 193 2561 1838 2632; baseline 0 -16"><span class='ocrx_word' id='word_1_192' title='bbox 193 2561 343 2616; x_wconf 85' lang='lat' dir='ltr'>Sicut</span> <span class='ocrx_word' id='word_1_193' title='bbox 368 2562 529 2616; x_wconf 82' lang='lat' dir='ltr'>stella</span> <span class='ocrx_word' id='word_1_194' title='bbox 558 2578 591 2615; x_wconf 88' lang='lat' dir='ltr'>a</span> <span class='ocrx_word' id='word_1_195' title='bbox 621 2561 777 2616; x_wconf 80' lang='lat' dir='ltr'>stella</span> <span class='ocrx_word' id='word_1_196' title='bbox 808 2561 1002 2632; x_wconf 69' lang='lat' dir='ltr'>cli/fert</span> <span class='ocrx_word' id='word_1_197' title='bbox 1053 2565 1113 2616; x_wconf 88' lang='lat' dir='ltr'>in</span> <span class='ocrx_word' id='word_1_198' title='bbox 1160 2563 1433 2629; x_wconf 82' lang='lat' dir='ltr'>claritate,</span> <span class='ocrx_word' id='word_1_199' title='bbox 1465 2566 1544 2617; x_wconf 86' lang='lat' dir='ltr'>sic</span> <span class='ocrx_word' id='word_1_200' title='bbox 1572 2567 1623 2617; x_wconf 86' lang='lat' dir='ltr'>et</span> <span class='ocrx_word' id='word_1_201' title='bbox 1652 2579 1838 2617; x_wconf 82' lang='lat' dir='ltr'>resur-</span> 
     </span>
    </p>
   </div>
   <div class='ocr_carea' id='block_1_29' title="bbox 185 2649 1840 2720">
    <p class='ocr_par' dir='ltr' id='par_1_29' title="bbox 185 2649 1840 2720">
     <span class='ocr_line' id='line_1_29' title="bbox 185 2649 1840 2720; baseline 0.001 -15"><span class='ocrx_word' id='word_1_202' title='bbox 185 2652 356 2705; x_wconf 85' lang='lat' dir='ltr'>rectio</span> <span class='ocrx_word' id='word_1_203' title='bbox 385 2654 732 2704; x_wconf 85' lang='lat' dir='ltr'>mortuorum</span> <span class='ocrx_word' id='word_1_204' title='bbox 762 2649 807 2718; x_wconf 85' lang='grc' dir='ltr'>(ι</span> <span class='ocrx_word' id='word_1_205' title='bbox 838 2649 958 2703; x_wconf 85' lang='lat' dir='ltr'>Cor.</span> <span class='ocrx_word' id='word_1_206' title='bbox 992 2667 1083 2715; x_wconf 85' lang='lat' dir='ltr'>xv,</span> <span class='ocrx_word' id='word_1_207' title='bbox 1116 2652 1205 2715; x_wconf 82' lang='grc'>41,</span> <span class='ocrx_word' id='word_1_208' title='bbox 1256 2652 1343 2720; x_wconf 77' lang='grc'>42)</span> <span class='ocrx_word' id='word_1_209' title='bbox 1371 2667 1382 2705; x_wconf 92' lang='lat'>:</span> <span class='ocrx_word' id='word_1_210' title='bbox 1431 2652 1576 2705; x_wconf 85' lang='lat' dir='ltr'>Nam</span> <span class='ocrx_word' id='word_1_211' title='bbox 1620 2652 1840 2706; x_wconf 89' lang='lat' dir='ltr'>discre-</span> 
     </span>
    </p>
   </div>
   <div class='ocr_carea' id='block_1_30' title="bbox 185 2737 1842 2807">
    <p class='ocr_par' dir='ltr' id='par_1_30' title="bbox 185 2737 1842 2807">
     <span class='ocr_line' id='line_1_30' title="bbox 185 2737 1842 2807; baseline 0 -14"><span class='ocrx_word' id='word_1_212' title='bbox 185 2739 270 2793; x_wconf 86' lang='lat' dir='ltr'>tio</span> <span class='ocrx_word' id='word_1_213' title='bbox 302 2739 426 2792; x_wconf 76' lang='lat' dir='ltr'>vitae</span> <span class='ocrx_word' id='word_1_214' title='bbox 460 2738 794 2791; x_wconf 88' lang='lat' dir='ltr'>varietatem</span> <span class='ocrx_word' id='word_1_215' title='bbox 855 2737 1043 2807; x_wconf 81' lang='lat' dir='ltr'>gignit</span> <span class='ocrx_word' id='word_1_216' title='bbox 1100 2739 1563 2793; x_wconf 89' lang='lat' dir='ltr'>resurrectionis.</span> <span class='ocrx_word' id='word_1_217' title='bbox 1612 2740 1842 2793; x_wconf 86' lang='lat' dir='ltr'>Poterat</span> 
     </span>
    </p>
   </div>
   <div class='ocr_carea' id='block_1_31' title="bbox 188 2824 1838 2896">
    <p class='ocr_par' dir='ltr' id='par_1_31' title="bbox 188 2824 1838 2896">
     <span class='ocr_line' id='line_1_31' title="bbox 188 2824 1838 2896; baseline 0.001 -15"><span class='ocrx_word' id='word_1_218' title='bbox 188 2828 337 2882; x_wconf 86' lang='lat' dir='ltr'>forte</span> <span class='ocrx_word' id='word_1_219' title='bbox 367 2824 711 2892; x_wconf 64' lang='lat' dir='ltr'>resurrectio</span> <span class='ocrx_word' id='word_1_220' title='bbox 743 2824 841 2879; x_wconf 89' lang='lat' dir='ltr'>Dei</span> <span class='ocrx_word' id='word_1_221' title='bbox 875 2824 1182 2880; x_wconf 89' lang='lat' dir='ltr'>Genitricis</span> <span class='ocrx_word' id='word_1_222' title='bbox 1243 2827 1562 2896; x_wconf 67' lang='lat' dir='ltr'>praecedere</span> <span class='ocrx_word' id='word_1_223' title='bbox 1591 2826 1838 2882; x_wconf 86' lang='lat' dir='ltr'>aliorum</span> 
     </span>
    </p>
   </div>
   <div class='ocr_carea' id='block_1_32' title="bbox 185 2912 1839 2986">
    <p class='ocr_par' dir='ltr' id='par_1_32' title="bbox 185 2912 1839 2986">
     <span class='ocr_line' id='line_1_32' title="bbox 185 2912 1839 2986; baseline -0.001 -16"><span class='ocrx_word' id='word_1_224' title='bbox 185 2914 586 2984; x_wconf 86' lang='lat' dir='ltr'>anticipando,</span> <span class='ocrx_word' id='word_1_225' title='bbox 620 2929 766 2984; x_wconf 90' lang='lat' dir='ltr'>quos</span> <span class='ocrx_word' id='word_1_226' title='bbox 800 2930 902 2983; x_wconf 91' lang='lat' dir='ltr'>per</span> <span class='ocrx_word' id='word_1_227' title='bbox 932 2912 1058 2967; x_wconf 69' lang='lat' dir='ltr'>vitae</span> <span class='ocrx_word' id='word_1_228' title='bbox 1091 2914 1367 2969; x_wconf 90' lang='lat' dir='ltr'>meritum</span> <span class='ocrx_word' id='word_1_229' title='bbox 1400 2916 1457 2969; x_wconf 92' lang='lat' dir='ltr'>in</span> <span class='ocrx_word' id='word_1_230' title='bbox 1490 2915 1663 2969; x_wconf 86' lang='lat' dir='ltr'>terris</span> <span class='ocrx_word' id='word_1_231' title='bbox 1696 2933 1839 2986; x_wconf 71' lang='lat' dir='ltr'>prae-</span> 
     </span>
    </p>
   </div>
   <div class='ocr_carea' id='block_1_33' title="bbox 189 3000 1838 3075">
    <p class='ocr_par' dir='ltr' id='par_1_33' title="bbox 189 3000 1838 3075">
     <span class='ocr_line' id='line_1_33' title="bbox 189 3000 1838 3075; baseline 0.001 -18"><span class='ocrx_word' id='word_1_232' title='bbox 189 3006 445 3057; x_wconf 87' lang='lat' dir='ltr'>cesserat</span> <span class='ocrx_word' id='word_1_233' title='bbox 475 3000 738 3056; x_wconf 92' lang='lat' dir='ltr'>vivendo.</span> <span class='ocrx_word' id='word_1_234' title='bbox 776 3006 853 3057; x_wconf 90' lang='lat' dir='ltr'>De</span> <span class='ocrx_word' id='word_1_235' title='bbox 885 3006 1069 3057; x_wconf 89' lang='lat' dir='ltr'>morte</span> <span class='ocrx_word' id='word_1_236' title='bbox 1101 3019 1333 3073; x_wconf 90' lang='lat' dir='ltr'>quoque</span> <span class='ocrx_word' id='word_1_237' title='bbox 1392 3003 1577 3075; x_wconf 86' lang='lat' dir='ltr'>ipsius</span> <span class='ocrx_word' id='word_1_238' title='bbox 1617 3004 1838 3059; x_wconf 91' lang='lat' dir='ltr'>nullam</span> 
     </span>
    </p>
   </div>
   <div class='ocr_carea' id='block_1_34' title="bbox 190 3089 1836 3165">
    <p class='ocr_par' dir='ltr' id='par_1_34' title="bbox 190 3089 1836 3165">
     <span class='ocr_line' id='line_1_34' title="bbox 190 3089 1836 3165; baseline 0.001 -20"><span class='ocrx_word' id='word_1_239' title='bbox 190 3092 485 3161; x_wconf 85' lang='lat' dir='ltr'>ﬁngamus</span> <span class='ocrx_word' id='word_1_240' title='bbox 516 3089 894 3157; x_wconf 86' lang='lat' dir='ltr'>dubietatem,</span> <span class='ocrx_word' id='word_1_241' title='bbox 930 3107 1105 3161; x_wconf 91' lang='lat' dir='ltr'>quam</span> <span class='ocrx_word' id='word_1_242' title='bbox 1139 3096 1194 3146; x_wconf 93' lang='lat' dir='ltr'>et</span> <span class='ocrx_word' id='word_1_243' title='bbox 1225 3092 1280 3145; x_wconf 94' lang='lat' dir='ltr'>in</span> <span class='ocrx_word' id='word_1_244' title='bbox 1312 3093 1400 3146; x_wconf 90' lang='lat' dir='ltr'>sui</span> <span class='ocrx_word' id='word_1_245' title='bbox 1437 3092 1537 3147; x_wconf 77' lang='lat' dir='ltr'>lilii</span> <span class='ocrx_word' id='word_1_246' title='bbox 1569 3093 1836 3165; x_wconf 89' lang='lat' dir='ltr'>cognovi-</span> 
     </span>
    </p>
   </div>
   <div class='ocr_carea' id='block_1_35' title="bbox 188 3166 1911 3237">
    <p class='ocr_par' dir='ltr' id='par_1_35' title="bbox 188 3166 1911 3237">
     <span class='ocr_line' id='line_1_35' title="bbox 188 3166 1911 3237; baseline 0.002 -4"><span class='ocrx_word' id='word_1_247' title='bbox 188 3195 324 3234; x_wconf 92' lang='lat' dir='ltr'>mus</span> <span class='ocrx_word' id='word_1_248' title='bbox 346 3178 733 3234; x_wconf 86' lang='lat' dir='ltr'>humanitate.</span> <span class='ocrx_word' id='word_1_249' title='bbox 753 3179 919 3234; x_wconf 90' lang='lat' dir='ltr'>Morti</span> <span class='ocrx_word' id='word_1_250' title='bbox 943 3184 1137 3235; x_wconf 89' lang='lat' dir='ltr'>tamen</span> <span class='ocrx_word' id='word_1_251' title='bbox 1163 3181 1542 3235; x_wconf 87' lang='lat' dir='ltr'>succumbere</span> <span class='ocrx_word' id='word_1_252' title='bbox 1590 3182 1687 3236; x_wconf 92' lang='lat' dir='ltr'>diu</span> <span class='ocrx_word' id='word_1_253' title='bbox 1722 3199 1835 3237; x_wconf 90' lang='lat' dir='ltr'>non</span> <span class='ocrx_word' id='word_1_254' title='bbox 1868 3166 1911 3231; x_wconf 63' lang='grc' dir='ltr'><strong>(ἶ</strong></span> 
     </span>
    </p>
   </div>
   <div class='ocr_carea' id='block_1_36' title="bbox 186 3268 1839 3341">
    <p class='ocr_par' dir='ltr' id='par_1_36' title="bbox 186 3268 1839 3341">
     <span class='ocr_line' id='line_1_36' title="bbox 186 3268 1839 3341; baseline 0.002 -18"><span class='ocrx_word' id='word_1_255' title='bbox 186 3268 424 3334; x_wconf 89' lang='lat' dir='ltr'>meruit,</span> <span class='ocrx_word' id='word_1_256' title='bbox 449 3284 648 3338; x_wconf 91' lang='lat' dir='ltr'>quam,</span> <span class='ocrx_word' id='word_1_257' title='bbox 678 3283 747 3322; x_wconf 82' lang='lat' dir='ltr'>ex</span> <span class='ocrx_word' id='word_1_258' title='bbox 770 3284 837 3323; x_wconf 88' lang='lat' dir='ltr'>ea</span> <span class='ocrx_word' id='word_1_259' title='bbox 859 3273 1101 3339; x_wconf 88' lang='lat' dir='ltr'>sumpta</span> <span class='ocrx_word' id='word_1_260' title='bbox 1130 3286 1261 3323; x_wconf 88' lang='lat' dir='ltr'>caro</span> <span class='ocrx_word' id='word_1_261' title='bbox 1285 3269 1468 3341; x_wconf 85' lang='lat'>(1595)</span> <span class='ocrx_word' id='word_1_262' title='bbox 1491 3270 1617 3340; x_wconf 90' lang='lat' dir='ltr'>jam</span> <span class='ocrx_word' id='word_1_263' title='bbox 1646 3287 1839 3326; x_wconf 89' lang='lat' dir='ltr'>resur-</span> 
     </span>
    </p>
   </div>
   <div class='ocr_carea' id='block_1_37' title="bbox 186 3355 1843 3429">
    <p class='ocr_par' dir='ltr' id='par_1_37' title="bbox 186 3355 1843 3429">
     <span class='ocr_line' id='line_1_37' title="bbox 186 3355 1843 3429; baseline 0.002 -17"><span class='ocrx_word' id='word_1_264' title='bbox 186 3357 378 3429; x_wconf 89' lang='lat' dir='ltr'>gendo</span> <span class='ocrx_word' id='word_1_265' title='bbox 410 3355 657 3411; x_wconf 88' lang='lat' dir='ltr'>devicit:</span> <span class='ocrx_word' id='word_1_266' title='bbox 695 3372 904 3428; x_wconf 90' lang='lat' dir='ltr'>nempe</span> <span class='ocrx_word' id='word_1_267' title='bbox 947 3357 1117 3426; x_wconf 91' lang='lat' dir='ltr'>cujus</span> <span class='ocrx_word' id='word_1_268' title='bbox 1166 3357 1324 3412; x_wconf 85' lang='lat' dir='ltr'>ﬁlius</span> <span class='ocrx_word' id='word_1_269' title='bbox 1373 3357 1548 3413; x_wconf 73' lang='lat' dir='ltr'>cmlos</span> <span class='ocrx_word' id='word_1_270' title='bbox 1582 3360 1843 3415; x_wconf 86' lang='lat' dir='ltr'>ascendit</span> 
     </span>
    </p>
   </div>
   <div class='ocr_carea' id='block_1_38' title="bbox 184 3445 1838 3520">
    <p class='ocr_par' dir='ltr' id='par_1_38' title="bbox 184 3445 1838 3520">
     <span class='ocr_line' id='line_1_38' title="bbox 184 3445 1838 3520; baseline 0.003 -22"><span class='ocrx_word' id='word_1_271' title='bbox 184 3461 289 3516; x_wconf 90' lang='lat' dir='ltr'>per</span> <span class='ocrx_word' id='word_1_272' title='bbox 320 3445 709 3515; x_wconf 87' lang='lat' dir='ltr'>majestatem,</span> <span class='ocrx_word' id='word_1_273' title='bbox 744 3448 991 3499; x_wconf 88' lang='lat' dir='ltr'>matrem</span> <span class='ocrx_word' id='word_1_274' title='bbox 1015 3445 1152 3500; x_wconf 91' lang='lat' dir='ltr'>illuc</span> <span class='ocrx_word' id='word_1_275' title='bbox 1175 3446 1357 3517; x_wconf 98' lang='lat'>(1596)</span> <span class='ocrx_word' id='word_1_276' title='bbox 1408 3464 1709 3503; x_wconf 82' lang='lat' dir='ltr'>assumere</span> <span class='ocrx_word' id='word_1_277' title='bbox 1740 3466 1838 3520; x_wconf 90' lang='lat' dir='ltr'>po-</span> 
     </span>
    </p>
   </div>
   <div class='ocr_carea' id='block_1_39' title="bbox 182 3532 1836 3606">
    <p class='ocr_par' dir='ltr' id='par_1_39' title="bbox 182 3532 1836 3606">
     <span class='ocr_line' id='line_1_39' title="bbox 182 3532 1836 3606; baseline 0.004 -19"><span class='ocrx_word' id='word_1_278' title='bbox 182 3536 334 3587; x_wconf 91' lang='lat' dir='ltr'>terat</span> <span class='ocrx_word' id='word_1_279' title='bbox 355 3548 456 3603; x_wconf 91' lang='lat' dir='ltr'>per</span> <span class='ocrx_word' id='word_1_280' title='bbox 480 3532 775 3602; x_wconf 87' lang='lat' dir='ltr'>pietatem.</span> <span class='ocrx_word' id='word_1_281' title='bbox 811 3532 927 3588; x_wconf 88' lang='lat' dir='ltr'>Nec</span> <span class='ocrx_word' id='word_1_282' title='bbox 958 3533 1203 3588; x_wconf 91' lang='lat' dir='ltr'>dubium</span> <span class='ocrx_word' id='word_1_283' title='bbox 1235 3539 1325 3591; x_wconf 91' lang='lat' dir='ltr'>est</span> <span class='ocrx_word' id='word_1_284' title='bbox 1354 3534 1405 3590; x_wconf 93' lang='lat' dir='ltr'>ei</span> <span class='ocrx_word' id='word_1_285' title='bbox 1461 3536 1642 3606; x_wconf 86' lang='lat'>(1597)</span> <span class='ocrx_word' id='word_1_286' title='bbox 1670 3554 1836 3592; x_wconf 91' lang='lat' dir='ltr'>suam</span> 
     </span>
    </p>
   </div>
   <div class='ocr_carea' id='block_1_40' title="bbox 182 3621 1838 3694">
    <p class='ocr_par' dir='ltr' id='par_1_40' title="bbox 182 3621 1838 3694">
     <span class='ocr_line' id='line_1_40' title="bbox 182 3621 1838 3694; baseline 0.002 -17"><span class='ocrx_word' id='word_1_287' title='bbox 182 3622 517 3694; x_wconf 90' lang='lat' dir='ltr'>impertisse</span> <span class='ocrx_word' id='word_1_288' title='bbox 529 3621 796 3693; x_wconf 84' lang='lat' dir='ltr'>gloriam,</span> <span class='ocrx_word' id='word_1_289' title='bbox 812 3638 1057 3693; x_wconf 89' lang='lat' dir='ltr'>eamque</span> <span class='ocrx_word' id='word_1_290' title='bbox 1092 3623 1267 3678; x_wconf 88' lang='lat' dir='ltr'>totius</span> <span class='ocrx_word' id='word_1_291' title='bbox 1282 3625 1485 3678; x_wconf 91' lang='lat' dir='ltr'>mundi</span> <span class='ocrx_word' id='word_1_292' title='bbox 1502 3626 1838 3682; x_wconf 89' lang='lat' dir='ltr'>constituis-</span> 
     </span>
    </p>
   </div>
   <div class='ocr_carea' id='block_1_41' title="bbox 186 3710 1839 3782">
    <p class='ocr_par' dir='ltr' id='par_1_41' title="bbox 186 3710 1839 3782">
     <span class='ocr_line' id='line_1_41' title="bbox 186 3710 1839 3782; baseline 0.001 -16"><span class='ocrx_word' id='word_1_293' title='bbox 186 3728 249 3766; x_wconf 89' lang='lat' dir='ltr'>se</span> <span class='ocrx_word' id='word_1_294' title='bbox 280 3710 601 3766; x_wconf 88' lang='lat' dir='ltr'>dominam.</span> <span class='ocrx_word' id='word_1_295' title='bbox 631 3711 776 3765; x_wconf 88' lang='lat' dir='ltr'>Nam</span> <span class='ocrx_word' id='word_1_296' title='bbox 810 3710 909 3782; x_wconf 90' lang='lat' dir='ltr'>qui</span> <span class='ocrx_word' id='word_1_297' title='bbox 956 3715 1179 3782; x_wconf 90' lang='lat' dir='ltr'>patrem</span> <span class='ocrx_word' id='word_1_298' title='bbox 1237 3716 1292 3765; x_wconf 92' lang='lat' dir='ltr'>et</span> <span class='ocrx_word' id='word_1_299' title='bbox 1323 3717 1593 3766; x_wconf 88' lang='lat' dir='ltr'>matrem.</span> <span class='ocrx_word' id='word_1_300' title='bbox 1632 3755 1644 3767; x_wconf 94' lang='lat'>.</span> <span class='ocrx_word' id='word_1_301' title='bbox 1682 3755 1695 3767; x_wconf 94' lang='lat'>.</span> <span class='ocrx_word' id='word_1_302' title='bbox 1728 3714 1839 3768; x_wconf 92' lang='lat' dir='ltr'>im-</span> 
     </span>
    </p>
   </div>
   <div class='ocr_carea' id='block_1_42' title="bbox 186 3798 1839 3873">
    <p class='ocr_par' dir='ltr' id='par_1_42' title="bbox 186 3798 1839 3873">
     <span class='ocr_line' id='line_1_42' title="bbox 186 3798 1839 3873; baseline 0.001 -19"><span class='ocrx_word' id='word_1_303' title='bbox 186 3799 345 3872; x_wconf 86' lang='lat' dir='ltr'>plere</span> <span class='ocrx_word' id='word_1_304' title='bbox 378 3841 392 3855; x_wconf 94' lang='lat'>.</span> <span class='ocrx_word' id='word_1_305' title='bbox 432 3842 445 3855; x_wconf 93' lang='lat'>.</span> <span class='ocrx_word' id='word_1_306' title='bbox 484 3841 496 3853; x_wconf 96' lang='lat'>.</span> <span class='ocrx_word' id='word_1_307' title='bbox 530 3800 965 3871; x_wconf 90' lang='lat' dir='ltr'>Scripturarum</span> <span class='ocrx_word' id='word_1_308' title='bbox 998 3798 1276 3869; x_wconf 83' lang='lat' dir='ltr'>exemplis</span> <span class='ocrx_word' id='word_1_309' title='bbox 1309 3816 1626 3870; x_wconf 89' lang='lat' dir='ltr'>possumus</span> <span class='ocrx_word' id='word_1_310' title='bbox 1656 3802 1839 3873; x_wconf 88' lang='lat'>(1598)</span> 
     </span>
    </p>
   </div>
   <div class='ocr_carea' id='block_1_43' title="bbox 188 3887 1837 3961">
    <p class='ocr_par' dir='ltr' id='par_1_43' title="bbox 188 3887 1837 3961">
     <span class='ocr_line' id='line_1_43' title="bbox 188 3887 1837 3961; baseline 0 -16"><span class='ocrx_word' id='word_1_311' title='bbox 188 3889 510 3961; x_wconf 85' lang='lat' dir='ltr'>approbare</span> <span class='ocrx_word' id='word_1_312' title='bbox 544 3932 556 3944; x_wconf 94' lang='lat'>.</span> <span class='ocrx_word' id='word_1_313' title='bbox 595 3930 606 3942; x_wconf 97' lang='lat'>.</span> <span class='ocrx_word' id='word_1_314' title='bbox 645 3930 656 3942; x_wconf 96' lang='lat'>.</span> <span class='ocrx_word' id='word_1_315' title='bbox 692 3888 874 3960; x_wconf 84' lang='lat' dir='ltr'>igitur</span> <span class='ocrx_word' id='word_1_316' title='bbox 900 3893 1103 3944; x_wconf 88' lang='lat' dir='ltr'>sancta</span> <span class='ocrx_word' id='word_1_317' title='bbox 1144 3887 1318 3959; x_wconf 87' lang='lat' dir='ltr'>Virgo</span> <span class='ocrx_word' id='word_1_318' title='bbox 1376 3888 1586 3960; x_wconf 89' lang='lat' dir='ltr'>adepta</span> <span class='ocrx_word' id='word_1_319' title='bbox 1633 3894 1722 3945; x_wconf 89' lang='lat' dir='ltr'>est</span> <span class='ocrx_word' id='word_1_320' title='bbox 1751 3891 1837 3945; x_wconf 88' lang='lat' dir='ltr'>di-</span> 
     </span>
    </p>
   </div>
   <div class='ocr_carea' id='block_1_44' title="bbox 188 3976 1839 4050">
    <p class='ocr_par' dir='ltr' id='par_1_44' title="bbox 188 3976 1839 4050">
     <span class='ocr_line' id='line_1_44' title="bbox 188 3976 1839 4050; baseline 0.002 -19"><span class='ocrx_word' id='word_1_321' title='bbox 188 3977 493 4049; x_wconf 88' lang='lat' dir='ltr'>gnitatem,</span> <span class='ocrx_word' id='word_1_322' title='bbox 528 3977 670 4031; x_wconf 93' lang='lat' dir='ltr'>dum</span> <span class='ocrx_word' id='word_1_323' title='bbox 702 3976 802 4031; x_wconf 90' lang='lat' dir='ltr'>Dei</span> <span class='ocrx_word' id='word_1_324' title='bbox 833 3976 1047 4031; x_wconf 90' lang='lat' dir='ltr'>meruit</span> <span class='ocrx_word' id='word_1_325' title='bbox 1091 3976 1241 4031; x_wconf 80' lang='lat' dir='ltr'>effici</span> <span class='ocrx_word' id='word_1_326' title='bbox 1304 3976 1502 4033; x_wconf 89' lang='lat' dir='ltr'>Mater.</span> <span class='ocrx_word' id='word_1_327' title='bbox 1536 3977 1710 4049; x_wconf 88' lang='lat' dir='ltr'>Virgo</span> <span class='ocrx_word' id='word_1_328' title='bbox 1742 3996 1839 4050; x_wconf 91' lang='lat' dir='ltr'>pe-</span> 
     </span>
    </p>
   </div>
   <div class='ocr_carea' id='block_1_45' title="bbox 188 4065 1837 4138">
    <p class='ocr_par' dir='ltr' id='par_1_45' title="bbox 188 4065 1837 4138">
     <span class='ocr_line' id='line_1_45' title="bbox 188 4065 1837 4138; baseline 0.003 -18"><span class='ocrx_word' id='word_1_329' title='bbox 188 4066 340 4137; x_wconf 89' lang='lat' dir='ltr'>perit</span> <span class='ocrx_word' id='word_1_330' title='bbox 368 4082 637 4138; x_wconf 90' lang='lat' dir='ltr'>puerum,</span> <span class='ocrx_word' id='word_1_331' title='bbox 661 4065 873 4121; x_wconf 90' lang='lat' dir='ltr'>mulier</span> <span class='ocrx_word' id='word_1_332' title='bbox 901 4066 1107 4137; x_wconf 88' lang='lat' dir='ltr'>genuit</span> <span class='ocrx_word' id='word_1_333' title='bbox 1139 4067 1342 4134; x_wconf 91' lang='lat' dir='ltr'>Deum,</span> <span class='ocrx_word' id='word_1_334' title='bbox 1391 4067 1607 4138; x_wconf 74' lang='lat' dir='ltr'>Spiritu</span> <span class='ocrx_word' id='word_1_335' title='bbox 1636 4073 1837 4125; x_wconf 87' lang='lat' dir='ltr'>sancto</span> 
     </span>
    </p>
   </div>
   <div class='ocr_carea' id='block_1_46' title="bbox 188 4153 1836 4227">
    <p class='ocr_par' dir='ltr' id='par_1_46' title="bbox 188 4153 1836 4227">
     <span class='ocr_line' id='line_1_46' title="bbox 188 4153 1836 4227; baseline 0.002 -18"><span class='ocrx_word' id='word_1_336' title='bbox 188 4155 487 4227; x_wconf 83' lang='lat' dir='ltr'>gravidata</span> <span class='ocrx_word' id='word_1_337' title='bbox 517 4158 623 4225; x_wconf 89' lang='lat' dir='ltr'>est,</span> <span class='ocrx_word' id='word_1_338' title='bbox 667 4158 900 4209; x_wconf 89' lang='lat' dir='ltr'>auctore</span> <span class='ocrx_word' id='word_1_339' title='bbox 958 4153 1163 4208; x_wconf 92' lang='lat' dir='ltr'>mundi</span> <span class='ocrx_word' id='word_1_340' title='bbox 1221 4154 1469 4209; x_wconf 86' lang='lat' dir='ltr'>fecunda</span> <span class='ocrx_word' id='word_1_341' title='bbox 1516 4156 1695 4227; x_wconf 88' lang='lat'>(1599)</span> <span class='ocrx_word' id='word_1_342' title='bbox 1728 4163 1836 4225; x_wconf 89' lang='lat' dir='ltr'>est,</span> 
     </span>
    </p>
   </div>
   <div class='ocr_carea' id='block_1_47' title="bbox 188 4242 1838 4318">
    <p class='ocr_par' dir='ltr' id='par_1_47' title="bbox 188 4242 1838 4318">
     <span class='ocr_line' id='line_1_47' title="bbox 188 4242 1838 4318; baseline 0.001 -19"><span class='ocrx_word' id='word_1_343' title='bbox 188 4260 366 4315; x_wconf 89' lang='lat' dir='ltr'>super</span> <span class='ocrx_word' id='word_1_344' title='bbox 385 4244 594 4299; x_wconf 90' lang='lat' dir='ltr'>choros</span> <span class='ocrx_word' id='word_1_345' title='bbox 635 4242 972 4313; x_wconf 83' lang='lat' dir='ltr'>angelorum</span> <span class='ocrx_word' id='word_1_346' title='bbox 1004 4244 1061 4296; x_wconf 93' lang='lat' dir='ltr'>in</span> <span class='ocrx_word' id='word_1_347' title='bbox 1096 4242 1427 4299; x_wconf 81' lang='lat' dir='ltr'>coelestibus</span> <span class='ocrx_word' id='word_1_348' title='bbox 1476 4244 1657 4318; x_wconf 88' lang='lat'>(1600)</span> <span class='ocrx_word' id='word_1_349' title='bbox 1685 4246 1838 4301; x_wconf 86' lang='lat' dir='ltr'>exal-</span> 
     </span>
    </p>
   </div>
   <div class='ocr_carea' id='block_1_48' title="bbox 185 4330 1837 4403">
    <p class='ocr_par' dir='ltr' id='par_1_48' title="bbox 185 4330 1837 4403">
     <span class='ocr_line' id='line_1_48' title="bbox 185 4330 1837 4403; baseline 0.001 -16"><span class='ocrx_word' id='word_1_350' title='bbox 185 4336 308 4387; x_wconf 87' lang='lat' dir='ltr'>tata</span> <span class='ocrx_word' id='word_1_351' title='bbox 330 4336 439 4399; x_wconf 90' lang='lat' dir='ltr'>est,</span> <span class='ocrx_word' id='word_1_352' title='bbox 472 4348 586 4403; x_wconf 92' lang='lat' dir='ltr'>quo</span> <span class='ocrx_word' id='word_1_353' title='bbox 622 4348 728 4386; x_wconf 92' lang='lat' dir='ltr'>nos</span> <span class='ocrx_word' id='word_1_354' title='bbox 752 4330 884 4402; x_wconf 89' lang='lat' dir='ltr'>pius</span> <span class='ocrx_word' id='word_1_355' title='bbox 907 4330 1088 4401; x_wconf 86' lang='lat'>(1601)</span> <span class='ocrx_word' id='word_1_356' title='bbox 1114 4332 1684 4402; x_wconf 89' lang='lat' dir='ltr'>Dominus,ejusdem</span> <span class='ocrx_word' id='word_1_357' title='bbox 1710 4336 1837 4389; x_wconf 86' lang='lat' dir='ltr'>Vir-</span> 
     </span>
    </p>
   </div>
   <div class='ocr_carea' id='block_1_49' title="bbox 187 4419 1728 4494">
    <p class='ocr_par' dir='ltr' id='par_1_49' title="bbox 187 4419 1728 4494">
     <span class='ocr_line' id='line_1_49' title="bbox 187 4419 1728 4494; baseline 0.002 -19"><span class='ocrx_word' id='word_1_358' title='bbox 187 4421 340 4494; x_wconf 87' lang='lat' dir='ltr'>ginis</span> <span class='ocrx_word' id='word_1_359' title='bbox 370 4420 718 4488; x_wconf 89' lang='lat' dir='ltr'>interventu,</span> <span class='ocrx_word' id='word_1_360' title='bbox 751 4420 1067 4491; x_wconf 89' lang='lat' dir='ltr'>perducere</span> <span class='ocrx_word' id='word_1_361' title='bbox 1098 4419 1388 4490; x_wconf 81' lang='lat' dir='ltr'>dignetur,</span> <span class='ocrx_word' id='word_1_362' title='bbox 1424 4422 1591 4492; x_wconf 90' lang='lat' dir='ltr'>cujus</span> <span class='ocrx_word' id='word_1_363' title='bbox 1620 4428 1728 4479; x_wconf 87' lang='lat' dir='ltr'>etc.</span> 
     </span>
    </p>
   </div>
   <div class='ocr_carea' id='block_1_50' title="bbox 784 4526 1244 4582">
    <p class='ocr_par' dir='ltr' id='par_1_50' title="bbox 784 4526 1244 4582">
     <span class='ocr_line' id='line_1_50' title="bbox 784 4526 1244 4582; baseline -0.002 -1"><span class='ocrx_word' id='word_1_364' title='bbox 784 4526 1020 4582; x_wconf 85' lang='lat' dir='ltr'>SERMO</span> <span class='ocrx_word' id='word_1_365' title='bbox 1051 4526 1244 4581; x_wconf 82' lang='lat' dir='ltr'><strong>XVIII.</strong></span> 
     </span>
    </p>
   </div>
   <div class='ocr_carea' id='block_1_51' title="bbox 189 4630 1839 4674">
    <p class='ocr_par' dir='ltr' id='par_1_51' title="bbox 189 4630 1839 4674">
     <span class='ocr_line' id='line_1_51' title="bbox 189 4630 1839 4674; baseline 0.002 -3"><span class='ocrx_word' id='word_1_366' title='bbox 189 4632 250 4671; x_wconf 81' lang='lat' dir='ltr'>IN</span> <span class='ocrx_word' id='word_1_367' title='bbox 308 4630 721 4672; x_wconf 78' lang='lat' dir='ltr'>DECOLLATIONB</span> <span class='ocrx_word' id='word_1_368' title='bbox 779 4632 1102 4671; x_wconf 75' lang='lat' dir='ltr'>BEATISSIMI</span> <span class='ocrx_word' id='word_1_369' title='bbox 1155 4631 1565 4670; x_wconf 67' lang='lat' dir='ltr'>PRECURSORIS</span> <span class='ocrx_word' id='word_1_370' title='bbox 1616 4632 1839 4674; x_wconf 77' lang='lat' dir='ltr'>CHRISTI</span> 
     </span>
    </p>
   </div>
   <div class='ocr_carea' id='block_1_52' title="bbox 885 4703 1143 4742">
    <p class='ocr_par' dir='ltr' id='par_1_52' title="bbox 885 4703 1143 4742">
     <span class='ocr_line' id='line_1_52' title="bbox 885 4703 1143 4742; baseline -0.008 0"><span class='ocrx_word' id='word_1_371' title='bbox 885 4703 1143 4742; x_wconf 80' lang='lat' dir='ltr'>JOANNIS.</span> 
     </span>
    </p>
   </div>
   <div class='ocr_carea' id='block_1_53' title="bbox 261 4775 1837 4850">
    <p class='ocr_par' dir='ltr' id='par_1_53' title="bbox 261 4775 1837 4850">
     <span class='ocr_line' id='line_1_53' title="bbox 261 4775 1837 4850; baseline 0.001 -19"><span class='ocrx_word' id='word_1_372' title='bbox 261 4776 639 4848; x_wconf 83' lang='lat' dir='ltr'>Magniﬁcum</span> <span class='ocrx_word' id='word_1_373' title='bbox 669 4775 956 4831; x_wconf 87' lang='lat' dir='ltr'>Joannem</span> <span class='ocrx_word' id='word_1_374' title='bbox 987 4791 1404 4848; x_wconf 85' lang='lat' dir='ltr'>praecursorem</span> <span class='ocrx_word' id='word_1_375' title='bbox 1436 4779 1492 4831; x_wconf 89' lang='lat' dir='ltr'>et</span> <span class='ocrx_word' id='word_1_376' title='bbox 1523 4781 1837 4850; x_wconf 83' lang='lat' dir='ltr'>martyrem</span> 
     </span>
    </p>
   </div>
   <div class='ocr_carea' id='block_1_54' title="bbox 191 4864 1837 4934">
    <p class='ocr_par' dir='ltr' id='par_1_54' title="bbox 191 4864 1837 4934">
     <span class='ocr_line' id='line_1_54' title="bbox 191 4864 1837 4934; baseline 0.002 -15"><span class='ocrx_word' id='word_1_377' title='bbox 191 4864 421 4921; x_wconf 92' lang='lat' dir='ltr'>Domini</span> <span class='ocrx_word' id='word_1_378' title='bbox 444 4865 629 4920; x_wconf 87' lang='lat' dir='ltr'>nostri</span> <span class='ocrx_word' id='word_1_379' title='bbox 656 4869 795 4920; x_wconf 91' lang='lat' dir='ltr'>Jesu</span> <span class='ocrx_word' id='word_1_380' title='bbox 816 4864 1056 4932; x_wconf 82' lang='lat' dir='ltr'>Christi,</span> <span class='ocrx_word' id='word_1_381' title='bbox 1086 4865 1257 4934; x_wconf 88' lang='lat' dir='ltr'>cujus</span> <span class='ocrx_word' id='word_1_382' title='bbox 1281 4864 1534 4920; x_wconf 87' lang='lat' dir='ltr'>natalem</span> <span class='ocrx_word' id='word_1_383' title='bbox 1558 4866 1709 4922; x_wconf 90' lang='lat' dir='ltr'>diem</span> <span class='ocrx_word' id='word_1_384' title='bbox 1736 4867 1837 4922; x_wconf 87' lang='lat' dir='ltr'>ho-</span> 
     </span>
    </p>
   </div>
   <div class='ocr_carea' id='block_1_55' title="bbox 188 4952 1835 5021">
    <p class='ocr_par' dir='ltr' id='par_1_55' title="bbox 188 4952 1835 5021">
     <span class='ocr_line' id='line_1_55' title="bbox 188 4952 1835 5021; baseline 0.001 -12"><span class='ocrx_word' id='word_1_385' title='bbox 188 4954 280 5009; x_wconf 88' lang='lat' dir='ltr'>die</span> <span class='ocrx_word' id='word_1_386' title='bbox 309 4953 561 5009; x_wconf 88' lang='lat' dir='ltr'>celebrat</span> <span class='ocrx_word' id='word_1_387' title='bbox 587 4952 764 5018; x_wconf 88' lang='lat' dir='ltr'>orbis,</span> <span class='ocrx_word' id='word_1_388' title='bbox 796 4959 1064 5011; x_wconf 89' lang='lat' dir='ltr'>sanctum</span> <span class='ocrx_word' id='word_1_389' title='bbox 1098 4952 1304 5009; x_wconf 68' lang='lat' dir='ltr'>effudit</span> <span class='ocrx_word' id='word_1_390' title='bbox 1335 4958 1534 5009; x_wconf 89' lang='lat' dir='ltr'>uterus</span> <span class='ocrx_word' id='word_1_391' title='bbox 1593 4955 1796 5010; x_wconf 87' lang='lat' dir='ltr'>matris</span> <span class='ocrx_word' id='word_1_392' title='bbox 1823 4974 1835 5021; x_wconf 93' lang='lat'>;</span> 
     </span>
    </p>
   </div>
   <div class='ocr_carea' id='block_1_56' title="bbox 188 5042 1834 5116">
    <p class='ocr_par' dir='ltr' id='par_1_56' title="bbox 188 5042 1834 5116">
     <span class='ocr_line' id='line_1_56' title="bbox 188 5042 1834 5116; baseline 0.001 -18"><span class='ocrx_word' id='word_1_393' title='bbox 188 5042 341 5098; x_wconf 89' lang='lat' dir='ltr'>sicut</span> <span class='ocrx_word' id='word_1_394' title='bbox 361 5042 645 5113; x_wconf 90' lang='lat' dir='ltr'>scriptum</span> <span class='ocrx_word' id='word_1_395' title='bbox 674 5044 762 5096; x_wconf 88' lang='lat' dir='ltr'>est</span> <span class='ocrx_word' id='word_1_396' title='bbox 786 5058 799 5094; x_wconf 89' lang='lat'>:</span> <span class='ocrx_word' id='word_1_397' title='bbox 822 5045 1165 5116; x_wconf 82' lang='lat' dir='ltr'>Priusquam</span> <span class='ocrx_word' id='word_1_398' title='bbox 1195 5044 1245 5097; x_wconf 79' lang='lat' dir='ltr'>te</span> <span class='ocrx_word' id='word_1_399' title='bbox 1262 5046 1559 5113; x_wconf 78' lang='lat' dir='ltr'>formarem</span> <span class='ocrx_word' id='word_1_400' title='bbox 1579 5043 1638 5097; x_wconf 90' lang='lat' dir='ltr'>in</span> <span class='ocrx_word' id='word_1_401' title='bbox 1659 5053 1834 5111; x_wconf 78' lang='lat' dir='ltr'>utero,</span> 
     </span>
    </p>
   </div>
   <div class='ocr_carea' id='block_1_57' title="bbox 256 5165 1833 5241">
    <p class='ocr_par' dir='ltr' id='par_1_57' title="bbox 256 5165 1833 5241">
     <span class='ocr_line' id='line_1_57' title="bbox 256 5165 1833 5241; baseline -0.007 -20"><span class='ocrx_word' id='word_1_402' title='bbox 256 5167 439 5241; x_wconf 85' lang='lat'>(1592)</span> <span class='ocrx_word' id='word_1_403' title='bbox 471 5165 1036 5241; x_wconf 40' lang='lat' dir='ltr'>Intelligenantiquos</span> <span class='ocrx_word' id='word_1_404' title='bbox 1068 5168 1309 5241; x_wconf 85' lang='lat' dir='ltr'>P_atres;</span> <span class='ocrx_word' id='word_1_405' title='bbox 1352 5185 1487 5241; x_wconf 80' lang='lat' dir='ltr'>nam</span> <span class='ocrx_word' id='word_1_406' title='bbox 1520 5168 1693 5241; x_wconf 56' lang='lat' dir='ltr'>paulo</span> <span class='ocrx_word' id='word_1_407' title='bbox 1744 5185 1833 5224; x_wconf 65' lang='lat' dir='ltr'>re-</span> 
     </span>
    </p>
   </div>
   <div class='ocr_carea' id='block_1_58' title="bbox 190 5234 1837 5307">
    <p class='ocr_par' dir='ltr' id='par_1_58' title="bbox 190 5234 1837 5307">
     <span class='ocr_line' id='line_1_58' title="bbox 190 5234 1837 5307; baseline 0.001 -14"><span class='ocrx_word' id='word_1_408' title='bbox 190 5234 491 5301; x_wconf 80' lang='lat' dir='ltr'>centiores,</span> <span class='ocrx_word' id='word_1_409' title='bbox 525 5234 697 5292; x_wconf 69' lang='lat' dir='ltr'>veluti</span> <span class='ocrx_word' id='word_1_410' title='bbox 732 5234 1048 5307; x_wconf 77' lang='lat' dir='ltr'>Gregorius</span> <span class='ocrx_word' id='word_1_411' title='bbox 1082 5239 1467 5307; x_wconf 88' lang='lat' dir='ltr'>Turonensis,</span> <span class='ocrx_word' id='word_1_412' title='bbox 1510 5234 1837 5296; x_wconf 69' lang='lat' dir='ltr'>fdelfonsus</span> 
     </span>
    </p>
   </div>
   <div class='ocr_carea' id='block_1_59' title="bbox 184 5308 1835 5348">
    <p class='ocr_par' dir='ltr' id='par_1_59' title="bbox 184 5308 1835 5348">
     <span class='ocr_line' id='line_1_59' title="bbox 184 5308 1835 5348; baseline 0 0"><span class='ocrx_word' id='word_1_413' title='bbox 184 5309 492 5348; x_wconf 62' lang='lat' dir='ltr'>Tnlnfnnnq</span> <span class='ocrx_word' id='word_1_414' title='bbox 540 5308 836 5348; x_wconf 60' lang='lat' dir='ltr'>Fnlhnrtnﬂ</span> <span class='ocrx_word' id='word_1_415' title='bbox 870 5308 1083 5348; x_wconf 58' lang='lat' dir='ltr'>Datiane</span> <span class='ocrx_word' id='word_1_416' title='bbox 1110 5308 1426 5348; x_wconf 73' lang='lat' dir='ltr'>nominnna</span> <span class='ocrx_word' id='word_1_417' title='bbox 1479 5313 1682 5348; x_wconf 64' lang='grc' dir='ltr'>Βοὴ-ιτα</span> <span class='ocrx_word' id='word_1_418' title='bbox 1709 5312 1835 5348; x_wconf 66' lang='lat' dir='ltr'>Din-</span> 
     </span>
    </p>
   </div>
   <div class='ocr_carea' id='block_1_60' title="bbox 1940 522 3583 595">
    <p class='ocr_par' dir='ltr' id='par_1_60' title="bbox 1940 522 3583 595">
     <span class='ocr_line' id='line_1_60' title="bbox 1940 522 3583 595; baseline 0.004 -21"><span class='ocrx_word' id='word_1_419' title='bbox 1940 525 1991 575; x_wconf 86' lang='lat' dir='ltr'>et</span> <span class='ocrx_word' id='word_1_420' title='bbox 2014 522 2329 593; x_wconf 82' lang='lat' dir='ltr'>prophetam</span> <span class='ocrx_word' id='word_1_421' title='bbox 2362 526 2419 579; x_wconf 82' lang='lat' dir='ltr'>in</span> <span class='ocrx_word' id='word_1_422' title='bbox 2466 525 2717 595; x_wconf 74' lang='lat' dir='ltr'>gentibus</span> <span class='ocrx_word' id='word_1_423' title='bbox 2764 524 2888 580; x_wconf 78' lang='lat' dir='ltr'>dedi</span> <span class='ocrx_word' id='word_1_424' title='bbox 2941 528 2992 580; x_wconf 81' lang='lat' dir='ltr'>te</span> <span class='ocrx_word' id='word_1_425' title='bbox 3049 525 3254 595; x_wconf 83' lang='lat' dir='ltr'>(Jer.1,</span> <span class='ocrx_word' id='word_1_426' title='bbox 3295 524 3371 595; x_wconf 92' lang='grc'>5).</span> <span class='ocrx_word' id='word_1_427' title='bbox 3398 526 3583 589; x_wconf 87' lang='lat' dir='ltr'>Quam</span> 
     </span>
    </p>
   </div>
   <div class='ocr_carea' id='block_1_61' title="bbox 1943 610 3587 678">
    <p class='ocr_par' dir='ltr' id='par_1_61' title="bbox 1943 610 3587 678">
     <span class='ocr_line' id='line_1_61' title="bbox 1943 610 3587 678; baseline 0.003 -15"><span class='ocrx_word' id='word_1_428' title='bbox 1943 610 2461 667; x_wconf 86' lang='lat' dir='ltr'>sanctiﬁcationem</span> <span class='ocrx_word' id='word_1_429' title='bbox 2495 618 2659 668; x_wconf 89' lang='lat' dir='ltr'>tanta</span> <span class='ocrx_word' id='word_1_430' title='bbox 2706 613 3065 668; x_wconf 90' lang='lat' dir='ltr'>custodierat</span> <span class='ocrx_word' id='word_1_431' title='bbox 3112 611 3482 678; x_wconf 88' lang='lat' dir='ltr'>abstinentia,</span> <span class='ocrx_word' id='word_1_432' title='bbox 3522 618 3587 668; x_wconf 92' lang='lat' dir='ltr'>ut</span> 
     </span>
    </p>
   </div>
   <div class='ocr_carea' id='block_1_62' title="bbox 1943 698 3581 773">
    <p class='ocr_par' dir='ltr' id='par_1_62' title="bbox 1943 698 3581 773">
     <span class='ocr_line' id='line_1_62' title="bbox 1943 698 3581 773; baseline 0.004 -22"><span class='ocrx_word' id='word_1_433' title='bbox 1943 698 2103 753; x_wconf 91' lang='lat' dir='ltr'>nulla</span> <span class='ocrx_word' id='word_1_434' title='bbox 2132 716 2277 771; x_wconf 89' lang='lat' dir='ltr'>pene</span> <span class='ocrx_word' id='word_1_435' title='bbox 2324 700 2458 754; x_wconf 72' lang='lat' dir='ltr'>vitae</span> <span class='ocrx_word' id='word_1_436' title='bbox 2506 702 2633 771; x_wconf 81' lang='lat' dir='ltr'>ejus</span> <span class='ocrx_word' id='word_1_437' title='bbox 2684 702 3003 757; x_wconf 66' lang='lat' dir='ltr'>adhaereret</span> <span class='ocrx_word' id='word_1_438' title='bbox 3051 702 3268 773; x_wconf 89' lang='lat' dir='ltr'>peccati</span> <span class='ocrx_word' id='word_1_439' title='bbox 3313 701 3581 757; x_wconf 88' lang='lat' dir='ltr'>macula:</span> 
     </span>
    </p>
   </div>
   <div class='ocr_carea' id='block_1_63' title="bbox 1943 796 3583 864">
    <p class='ocr_par' dir='ltr' id='par_1_63' title="bbox 1943 796 3583 864">
     <span class='ocr_line' id='line_1_63' title="bbox 1943 796 3583 864; baseline 0.004 -15"><span class='ocrx_word' id='word_1_440' title='bbox 1943 812 2077 850; x_wconf 90' lang='lat' dir='ltr'>nam</span> <span class='ocrx_word' id='word_1_441' title='bbox 2092 796 2291 851; x_wconf 89' lang='lat' dir='ltr'>vinum</span> <span class='ocrx_word' id='word_1_442' title='bbox 2306 802 2361 852; x_wconf 90' lang='lat' dir='ltr'>et</span> <span class='ocrx_word' id='word_1_443' title='bbox 2374 798 2617 853; x_wconf 89' lang='lat' dir='ltr'>siceram</span> <span class='ocrx_word' id='word_1_444' title='bbox 2641 816 2754 854; x_wconf 91' lang='lat' dir='ltr'>non</span> <span class='ocrx_word' id='word_1_445' title='bbox 2774 800 3005 864; x_wconf 89' lang='lat' dir='ltr'>bibit,et</span> <span class='ocrx_word' id='word_1_446' title='bbox 3018 815 3188 854; x_wconf 88' lang='lat' dir='ltr'>omne</span> <span class='ocrx_word' id='word_1_447' title='bbox 3207 798 3583 855; x_wconf 91' lang='lat' dir='ltr'>immundum</span> 
     </span>
    </p>
   </div>
   <div class='ocr_carea' id='block_1_64' title="bbox 1944 886 3583 960">
    <p class='ocr_par' dir='ltr' id='par_1_64' title="bbox 1944 886 3583 960">
     <span class='ocr_line' id='line_1_64' title="bbox 1944 886 3583 960; baseline 0.003 -21"><span class='ocrx_word' id='word_1_448' title='bbox 1944 900 2061 939; x_wconf 91' lang='lat' dir='ltr'>non</span> <span class='ocrx_word' id='word_1_449' title='bbox 2093 887 2483 942; x_wconf 88' lang='lat' dir='ltr'>manducavit.</span> <span class='ocrx_word' id='word_1_450' title='bbox 2519 886 2781 960; x_wconf 89' lang='lat' dir='ltr'>Elegerat</span> <span class='ocrx_word' id='word_1_451' title='bbox 2806 888 3046 960; x_wconf 88' lang='lat' dir='ltr'>insuper</span> <span class='ocrx_word' id='word_1_452' title='bbox 3095 888 3359 944; x_wconf 86' lang='lat' dir='ltr'>habitare</span> <span class='ocrx_word' id='word_1_453' title='bbox 3389 890 3583 944; x_wconf 87' lang='lat' dir='ltr'>deser-</span> 
     </span>
    </p>
   </div>
   <div class='ocr_carea' id='block_1_65' title="bbox 1946 976 3598 1049">
    <p class='ocr_par' dir='ltr' id='par_1_65' title="bbox 1946 976 3598 1049">
     <span class='ocr_line' id='line_1_65' title="bbox 1946 976 3598 1049; baseline 0.004 -22"><span class='ocrx_word' id='word_1_454' title='bbox 1946 977 2092 1039; x_wconf 89' lang='lat' dir='ltr'>tum,</span> <span class='ocrx_word' id='word_1_455' title='bbox 2118 992 2189 1029; x_wconf 91' lang='lat' dir='ltr'>ne</span> <span class='ocrx_word' id='word_1_456' title='bbox 2213 976 2340 1044; x_wconf 87' lang='lat' dir='ltr'>ejus</span> <span class='ocrx_word' id='word_1_457' title='bbox 2369 976 2545 1031; x_wconf 86' lang='lat' dir='ltr'>vitam</span> <span class='ocrx_word' id='word_1_458' title='bbox 2578 976 2776 1048; x_wconf 90' lang='lat' dir='ltr'>populi</span> <span class='ocrx_word' id='word_1_459' title='bbox 2805 976 3007 1032; x_wconf 84' lang='lat' dir='ltr'>saltem</span> <span class='ocrx_word' id='word_1_460' title='bbox 3033 977 3317 1049; x_wconf 89' lang='lat' dir='ltr'>pollueret</span> <span class='ocrx_word' id='word_1_461' title='bbox 3341 995 3598 1034; x_wconf 88' lang='lat' dir='ltr'>conven-</span> 
     </span>
    </p>
   </div>
   <div class='ocr_carea' id='block_1_66' title="bbox 1945 1064 3598 1139">
    <p class='ocr_par' dir='ltr' id='par_1_66' title="bbox 1945 1064 3598 1139">
     <span class='ocr_line' id='line_1_66' title="bbox 1945 1064 3598 1139; baseline 0.004 -23"><span class='ocrx_word' id='word_1_462' title='bbox 1945 1066 2059 1117; x_wconf 88' lang='lat' dir='ltr'>tus.</span> <span class='ocrx_word' id='word_1_463' title='bbox 2086 1064 2340 1119; x_wconf 90' lang='lat' dir='ltr'>Verbum</span> <span class='ocrx_word' id='word_1_464' title='bbox 2369 1065 2596 1120; x_wconf 90' lang='lat' dir='ltr'>Domini</span> <span class='ocrx_word' id='word_1_465' title='bbox 2620 1066 3067 1121; x_wconf 84' lang='lat' dir='ltr'>advenientibus</span> <span class='ocrx_word' id='word_1_466' title='bbox 3096 1068 3371 1123; x_wconf 90' lang='lat' dir='ltr'>continue</span> <span class='ocrx_word' id='word_1_467' title='bbox 3397 1070 3598 1139; x_wconf 81' lang='lat' dir='ltr'>praedi-</span> 
     </span>
    </p>
   </div>
   <div class='ocr_carea' id='block_1_67' title="bbox 1946 1152 3592 1227">
    <p class='ocr_par' dir='ltr' id='par_1_67' title="bbox 1946 1152 3592 1227">
     <span class='ocr_line' id='line_1_67' title="bbox 1946 1152 3592 1227; baseline 0.005 -21"><span class='ocrx_word' id='word_1_468' title='bbox 1946 1152 2133 1222; x_wconf 88' lang='lat' dir='ltr'>cabat,</span> <span class='ocrx_word' id='word_1_469' title='bbox 2162 1155 2379 1224; x_wconf 87' lang='lat' dir='ltr'>quibus</span> <span class='ocrx_word' id='word_1_470' title='bbox 2410 1155 2815 1210; x_wconf 88' lang='lat' dir='ltr'>recedentibus</span> <span class='ocrx_word' id='word_1_471' title='bbox 2840 1155 2969 1227; x_wconf 89' lang='lat' dir='ltr'>jugi</span> <span class='ocrx_word' id='word_1_472' title='bbox 3015 1156 3265 1213; x_wconf 90' lang='lat' dir='ltr'>orationi</span> <span class='ocrx_word' id='word_1_473' title='bbox 3313 1159 3592 1216; x_wconf 88' lang='lat' dir='ltr'>vacabat:</span> 
     </span>
    </p>
   </div>
   <div class='ocr_carea' id='block_1_68' title="bbox 1945 1252 3598 1327">
    <p class='ocr_par' dir='ltr' id='par_1_68' title="bbox 1945 1252 3598 1327">
     <span class='ocr_line' id='line_1_68' title="bbox 1945 1252 3598 1327; baseline 0.003 -20"><span class='ocrx_word' id='word_1_474' title='bbox 1945 1253 2115 1321; x_wconf 88' lang='lat' dir='ltr'>cujus</span> <span class='ocrx_word' id='word_1_475' title='bbox 2137 1252 2330 1307; x_wconf 84' lang='lat' dir='ltr'>cultus</span> <span class='ocrx_word' id='word_1_476' title='bbox 2352 1252 2745 1319; x_wconf 90' lang='lat' dir='ltr'>humillimus,</span> <span class='ocrx_word' id='word_1_477' title='bbox 2765 1254 3013 1309; x_wconf 87' lang='lat' dir='ltr'>vestitus</span> <span class='ocrx_word' id='word_1_478' title='bbox 3034 1255 3415 1327; x_wconf 88' lang='lat' dir='ltr'>asperrimus,</span> <span class='ocrx_word' id='word_1_479' title='bbox 3432 1256 3598 1312; x_wconf 87' lang='lat' dir='ltr'>cibus</span> 
     </span>
    </p>
   </div>
   <div class='ocr_carea' id='block_1_69' title="bbox 1943 1340 3595 1416">
    <p class='ocr_par' dir='ltr' id='par_1_69' title="bbox 1943 1340 3595 1416">
     <span class='ocr_line' id='line_1_69' title="bbox 1943 1340 3595 1416; baseline 0.002 -21"><span class='ocrx_word' id='word_1_480' title='bbox 1943 1340 2266 1395; x_wconf 87' lang='lat' dir='ltr'>vilissimus</span> <span class='ocrx_word' id='word_1_481' title='bbox 2291 1341 2640 1396; x_wconf 88' lang='lat' dir='ltr'>declaratur.</span> <span class='ocrx_word' id='word_1_482' title='bbox 2675 1342 2940 1413; x_wconf 88' lang='lat' dir='ltr'>Legimus</span> <span class='ocrx_word' id='word_1_483' title='bbox 2974 1342 3129 1397; x_wconf 89' lang='lat' dir='ltr'>enim</span> <span class='ocrx_word' id='word_1_484' title='bbox 3175 1342 3234 1397; x_wconf 92' lang='lat' dir='ltr'>in</span> <span class='ocrx_word' id='word_1_485' title='bbox 3284 1343 3595 1416; x_wconf 81' lang='lat' dir='ltr'>Evangelia</span> 
     </span>
    </p>
   </div>
   <div class='ocr_carea' id='block_1_70' title="bbox 1945 1430 3597 1502">
    <p class='ocr_par' dir='ltr' id='par_1_70' title="bbox 1945 1430 3597 1502">
     <span class='ocr_line' id='line_1_70' title="bbox 1945 1430 3597 1502; baseline 0.004 -20"><span class='ocrx_word' id='word_1_486' title='bbox 1945 1430 2099 1501; x_wconf 91' lang='lat' dir='ltr'>quod</span> <span class='ocrx_word' id='word_1_487' title='bbox 2133 1430 2384 1484; x_wconf 88' lang='lat' dir='ltr'>habebat</span> <span class='ocrx_word' id='word_1_488' title='bbox 2412 1430 2826 1485; x_wconf 88' lang='lat' dir='ltr'>vestimentum</span> <span class='ocrx_word' id='word_1_489' title='bbox 2860 1432 2928 1485; x_wconf 90' lang='lat' dir='ltr'>de</span> <span class='ocrx_word' id='word_1_490' title='bbox 2959 1430 3096 1502; x_wconf 88' lang='lat' dir='ltr'>pilis</span> <span class='ocrx_word' id='word_1_491' title='bbox 3126 1431 3506 1501; x_wconf 91' lang='lat' dir='ltr'>camelorum,</span> <span class='ocrx_word' id='word_1_492' title='bbox 3541 1437 3597 1488; x_wconf 87' lang='lat' dir='ltr'>et</span> 
     </span>
    </p>
   </div>
   <div class='ocr_carea' id='block_1_71' title="bbox 1944 1517 3594 1589">
    <p class='ocr_par' dir='ltr' id='par_1_71' title="bbox 1944 1517 3594 1589">
     <span class='ocr_line' id='line_1_71' title="bbox 1944 1517 3594 1589; baseline 0.002 -17"><span class='ocrx_word' id='word_1_493' title='bbox 1944 1535 2150 1572; x_wconf 88' lang='lat' dir='ltr'>zonam</span> <span class='ocrx_word' id='word_1_494' title='bbox 2182 1517 2485 1589; x_wconf 89' lang='lat' dir='ltr'>pelliceam</span> <span class='ocrx_word' id='word_1_495' title='bbox 2519 1519 2673 1573; x_wconf 85' lang='lat' dir='ltr'>circa</span> <span class='ocrx_word' id='word_1_496' title='bbox 2702 1519 2936 1575; x_wconf 91' lang='lat' dir='ltr'>lumbos</span> <span class='ocrx_word' id='word_1_497' title='bbox 2991 1537 3164 1575; x_wconf 89' lang='lat' dir='ltr'>suos:</span> <span class='ocrx_word' id='word_1_498' title='bbox 3218 1537 3350 1576; x_wconf 87' lang='lat' dir='ltr'>esca</span> <span class='ocrx_word' id='word_1_499' title='bbox 3397 1525 3594 1577; x_wconf 89' lang='lat' dir='ltr'>autem</span> 
     </span>
    </p>
   </div>
   <div class='ocr_carea' id='block_1_72' title="bbox 1945 1606 3594 1677">
    <p class='ocr_par' dir='ltr' id='par_1_72' title="bbox 1945 1606 3594 1677">
     <span class='ocr_line' id='line_1_72' title="bbox 1945 1606 3594 1677; baseline 0.002 -17"><span class='ocrx_word' id='word_1_500' title='bbox 1945 1606 2073 1677; x_wconf 91' lang='lat' dir='ltr'>ejus</span> <span class='ocrx_word' id='word_1_501' title='bbox 2104 1612 2269 1661; x_wconf 89' lang='lat' dir='ltr'>erant</span> <span class='ocrx_word' id='word_1_502' title='bbox 2300 1607 2537 1661; x_wconf 61' lang='lat' dir='ltr'>locusta;</span> <span class='ocrx_word' id='word_1_503' title='bbox 2570 1611 2626 1661; x_wconf 89' lang='lat' dir='ltr'>et</span> <span class='ocrx_word' id='word_1_504' title='bbox 2657 1607 2768 1662; x_wconf 89' lang='lat' dir='ltr'>mel</span> <span class='ocrx_word' id='word_1_505' title='bbox 2799 1607 3083 1673; x_wconf 81' lang='lat' dir='ltr'>silvestre,</span> <span class='ocrx_word' id='word_1_506' title='bbox 3117 1612 3173 1663; x_wconf 88' lang='lat' dir='ltr'>et</span> <span class='ocrx_word' id='word_1_507' title='bbox 3222 1612 3345 1663; x_wconf 88' lang='lat' dir='ltr'>erat</span> <span class='ocrx_word' id='word_1_508' title='bbox 3401 1609 3459 1663; x_wconf 91' lang='lat' dir='ltr'>in</span> <span class='ocrx_word' id='word_1_509' title='bbox 3491 1610 3594 1665; x_wconf 88' lang='lat' dir='ltr'>de-</span> 
     </span>
    </p>
   </div>
   <div class='ocr_carea' id='block_1_73' title="bbox 1947 1695 3591 1769">
    <p class='ocr_par' dir='ltr' id='par_1_73' title="bbox 1947 1695 3591 1769">
     <span class='ocr_line' id='line_1_73' title="bbox 1947 1695 3591 1769; baseline 0.002 -20"><span class='ocrx_word' id='word_1_510' title='bbox 1947 1699 2099 1749; x_wconf 90' lang='lat' dir='ltr'>serto</span> <span class='ocrx_word' id='word_1_511' title='bbox 2124 1696 2445 1766; x_wconf 79' lang='lat' dir='ltr'>praedicans</span> <span class='ocrx_word' id='word_1_512' title='bbox 2468 1695 2829 1767; x_wconf 87' lang='lat' dir='ltr'>baptismum</span> <span class='ocrx_word' id='word_1_513' title='bbox 2858 1696 3208 1768; x_wconf 73' lang='lat' dir='ltr'>poenitentiae</span> <span class='ocrx_word' id='word_1_514' title='bbox 3231 1697 3416 1768; x_wconf 80' lang='lat' dir='ltr'>(Marc.</span> <span class='ocrx_word' id='word_1_515' title='bbox 3447 1715 3487 1767; x_wconf 78' lang='grc' dir='ltr'>ι,</span> <span class='ocrx_word' id='word_1_516' title='bbox 3505 1698 3591 1769; x_wconf 91' lang='lat'>6):</span> 
     </span>
    </p>
   </div>
   <div class='ocr_carea' id='block_1_74' title="bbox 1869 1792 3657 1865">
    <p class='ocr_par' dir='ltr' id='par_1_74' title="bbox 1869 1792 3657 1865">
     <span class='ocr_line' id='line_1_74' title="bbox 1869 1792 3657 1865; baseline -0.001 -19"><span class='ocrx_word' id='word_1_517' title='bbox 1869 1801 1917 1864; x_wconf 87' lang='grc' dir='ltr'><strong>Β</strong></span> <span class='ocrx_word' id='word_1_518' title='bbox 1949 1792 2047 1863; x_wconf 94' lang='lat' dir='ltr'>qui</span> <span class='ocrx_word' id='word_1_519' title='bbox 2080 1809 2197 1847; x_wconf 65' lang='lat' dir='ltr'>suae</span> <span class='ocrx_word' id='word_1_520' title='bbox 2232 1793 2663 1864; x_wconf 55' lang='lat' dir='ltr'>praedicationis</span> <span class='ocrx_word' id='word_1_521' title='bbox 2694 1793 2903 1865; x_wconf 88' lang='lat' dir='ltr'>gratia,</span> <span class='ocrx_word' id='word_1_522' title='bbox 2938 1794 3088 1848; x_wconf 88' lang='lat' dir='ltr'>mira</span> <span class='ocrx_word' id='word_1_523' title='bbox 3117 1810 3260 1849; x_wconf 90' lang='lat' dir='ltr'>usus</span> <span class='ocrx_word' id='word_1_524' title='bbox 3282 1798 3371 1849; x_wconf 90' lang='lat' dir='ltr'>est</span> <span class='ocrx_word' id='word_1_525' title='bbox 3400 1795 3594 1850; x_wconf 90' lang='lat' dir='ltr'>obser-</span> <span class='ocrx_word' id='word_1_526' title='bbox 3648 1836 3657 1845; x_wconf 81' lang='lat'>.</span> 
     </span>
    </p>
   </div>
   <div class='ocr_carea' id='block_1_75' title="bbox 1950 1881 3599 1955">
    <p class='ocr_par' dir='ltr' id='par_1_75' title="bbox 1950 1881 3599 1955">
     <span class='ocr_line' id='line_1_75' title="bbox 1950 1881 3599 1955; baseline 0.002 -20"><span class='ocrx_word' id='word_1_527' title='bbox 1950 1882 2182 1936; x_wconf 88' lang='lat' dir='ltr'>vantia:</span> <span class='ocrx_word' id='word_1_528' title='bbox 2217 1887 2281 1936; x_wconf 91' lang='lat' dir='ltr'>ut</span> <span class='ocrx_word' id='word_1_529' title='bbox 2311 1882 2463 1953; x_wconf 85' lang='lat' dir='ltr'>quod</span> <span class='ocrx_word' id='word_1_530' title='bbox 2491 1882 2845 1953; x_wconf 71' lang='lat' dir='ltr'>praedicabat</span> <span class='ocrx_word' id='word_1_531' title='bbox 2865 1881 2989 1953; x_wconf 90' lang='lat' dir='ltr'>ipse</span> <span class='ocrx_word' id='word_1_532' title='bbox 3012 1899 3251 1954; x_wconf 87' lang='lat' dir='ltr'>prorsus</span> <span class='ocrx_word' id='word_1_533' title='bbox 3294 1887 3507 1955; x_wconf 87' lang='lat' dir='ltr'>ageret,</span> <span class='ocrx_word' id='word_1_534' title='bbox 3540 1887 3599 1938; x_wconf 88' lang='lat' dir='ltr'>et</span> 
     </span>
    </p>
   </div>
   <div class='ocr_carea' id='block_1_76' title="bbox 1953 1968 3593 2041">
    <p class='ocr_par' dir='ltr' id='par_1_76' title="bbox 1953 1968 3593 2041">
     <span class='ocr_line' id='line_1_76' title="bbox 1953 1968 3593 2041; baseline 0.001 -18"><span class='ocrx_word' id='word_1_535' title='bbox 1953 1970 2105 2040; x_wconf 90' lang='lat' dir='ltr'>quod</span> <span class='ocrx_word' id='word_1_536' title='bbox 2121 1970 2365 2038; x_wconf 89' lang='lat' dir='ltr'>jubebat</span> <span class='ocrx_word' id='word_1_537' title='bbox 2380 1968 2667 2041; x_wconf 89' lang='lat' dir='ltr'>impleret.</span> <span class='ocrx_word' id='word_1_538' title='bbox 2690 1970 3047 2041; x_wconf 88' lang='lat' dir='ltr'>Baptismurn</span> <span class='ocrx_word' id='word_1_539' title='bbox 3064 1970 3434 2041; x_wconf 67' lang='lat' dir='ltr'>praedicabat,</span> <span class='ocrx_word' id='word_1_540' title='bbox 3450 1975 3507 2025; x_wconf 89' lang='lat' dir='ltr'>et</span> <span class='ocrx_word' id='word_1_541' title='bbox 3523 1971 3593 2026; x_wconf 89' lang='lat' dir='ltr'>ad</span> 
     </span>
    </p>
   </div>
   <div class='ocr_carea' id='block_1_77' title="bbox 1953 2057 3595 2130">
    <p class='ocr_par' dir='ltr' id='par_1_77' title="bbox 1953 2057 3595 2130">
     <span class='ocr_line' id='line_1_77' title="bbox 1953 2057 3595 2130; baseline 0.001 -18"><span class='ocrx_word' id='word_1_542' title='bbox 1953 2074 2013 2112; x_wconf 90' lang='lat' dir='ltr'>se</span> <span class='ocrx_word' id='word_1_543' title='bbox 2046 2058 2338 2114; x_wconf 87' lang='lat' dir='ltr'>venientes</span> <span class='ocrx_word' id='word_1_544' title='bbox 2356 2059 2708 2130; x_wconf 88' lang='lat' dir='ltr'>baptizabat.</span> <span class='ocrx_word' id='word_1_545' title='bbox 2728 2057 3130 2114; x_wconf 78' lang='lat' dir='ltr'>Pcenitentiam</span> <span class='ocrx_word' id='word_1_546' title='bbox 3156 2058 3595 2129; x_wconf 89' lang='lat' dir='ltr'>docebat,cujus</span> 
     </span>
    </p>
   </div>
   <div class='ocr_carea' id='block_1_78' title="bbox 1951 2144 3594 2218">
    <p class='ocr_par' dir='ltr' id='par_1_78' title="bbox 1951 2144 3594 2218">
     <span class='ocr_line' id='line_1_78' title="bbox 1951 2144 3594 2218; baseline 0.001 -18"><span class='ocrx_word' id='word_1_547' title='bbox 1951 2144 2008 2200; x_wconf 89' lang='lat' dir='ltr'>in</span> <span class='ocrx_word' id='word_1_548' title='bbox 2043 2162 2104 2201; x_wconf 90' lang='lat' dir='ltr'>se</span> <span class='ocrx_word' id='word_1_549' title='bbox 2136 2162 2401 2201; x_wconf 89' lang='lat' dir='ltr'>normam</span> <span class='ocrx_word' id='word_1_550' title='bbox 2434 2147 2793 2202; x_wconf 89' lang='lat' dir='ltr'>ostendebat.</span> <span class='ocrx_word' id='word_1_551' title='bbox 2830 2147 2873 2202; x_wconf 94' lang='grc' dir='ltr'><strong>Ο</strong></span> <span class='ocrx_word' id='word_1_552' title='bbox 2921 2152 3173 2216; x_wconf 90' lang='lat' dir='ltr'>quantus</span> <span class='ocrx_word' id='word_1_553' title='bbox 3203 2147 3290 2202; x_wconf 89' lang='lat' dir='ltr'>vir</span> <span class='ocrx_word' id='word_1_554' title='bbox 3327 2148 3458 2213; x_wconf 89' lang='lat' dir='ltr'>iste,</span> <span class='ocrx_word' id='word_1_555' title='bbox 3493 2146 3594 2218; x_wconf 91' lang='lat' dir='ltr'>qui</span> 
     </span>
    </p>
   </div>
   <div class='ocr_carea' id='block_1_79' title="bbox 1951 2234 3595 2307">
    <p class='ocr_par' dir='ltr' id='par_1_79' title="bbox 1951 2234 3595 2307">
     <span class='ocr_line' id='line_1_79' title="bbox 1951 2234 3595 2307; baseline -0.002 -16"><span class='ocrx_word' id='word_1_556' title='bbox 1951 2234 2156 2307; x_wconf 88' lang='lat' dir='ltr'>angelo</span> <span class='ocrx_word' id='word_1_557' title='bbox 2188 2235 2494 2290; x_wconf 86' lang='lat' dir='ltr'>nuntiante</span> <span class='ocrx_word' id='word_1_558' title='bbox 2525 2240 2837 2307; x_wconf 88' lang='lat' dir='ltr'>conceptus</span> <span class='ocrx_word' id='word_1_559' title='bbox 2867 2240 2975 2305; x_wconf 90' lang='lat' dir='ltr'>est,</span> <span class='ocrx_word' id='word_1_560' title='bbox 3008 2239 3067 2291; x_wconf 89' lang='lat' dir='ltr'>et</span> <span class='ocrx_word' id='word_1_561' title='bbox 3109 2236 3180 2291; x_wconf 85' lang='lat' dir='ltr'>ab</span> <span class='ocrx_word' id='word_1_562' title='bbox 3229 2236 3358 2306; x_wconf 91' lang='lat' dir='ltr'>ipso</span> <span class='ocrx_word' id='word_1_563' title='bbox 3388 2235 3595 2291; x_wconf 85' lang='lat' dir='ltr'>matris</span> 
     </span>
    </p>
   </div>
   <div class='ocr_carea' id='block_1_80' title="bbox 1951 2323 3598 2395">
    <p class='ocr_par' dir='ltr' id='par_1_80' title="bbox 1951 2323 3598 2395">
     <span class='ocr_line' id='line_1_80' title="bbox 1951 2323 3598 2395; baseline 0.001 -18"><span class='ocrx_word' id='word_1_564' title='bbox 1951 2330 2117 2379; x_wconf 90' lang='lat' dir='ltr'>utero</span> <span class='ocrx_word' id='word_1_565' title='bbox 2150 2324 2551 2379; x_wconf 68' lang='lat' dir='ltr'>sanctificata:</span> <span class='ocrx_word' id='word_1_566' title='bbox 2582 2325 2704 2378; x_wconf 82' lang='lat' dir='ltr'>est!</span> <span class='ocrx_word' id='word_1_567' title='bbox 2741 2324 2841 2394; x_wconf 88' lang='lat' dir='ltr'>qui</span> <span class='ocrx_word' id='word_1_568' title='bbox 2872 2340 3105 2395; x_wconf 88' lang='lat' dir='ltr'>semper</span> <span class='ocrx_word' id='word_1_569' title='bbox 3133 2323 3331 2394; x_wconf 89' lang='lat' dir='ltr'>deguit</span> <span class='ocrx_word' id='word_1_570' title='bbox 3376 2324 3434 2378; x_wconf 90' lang='lat' dir='ltr'>in</span> <span class='ocrx_word' id='word_1_571' title='bbox 3467 2324 3598 2379; x_wconf 90' lang='lat' dir='ltr'>abs-</span> 
     </span>
    </p>
   </div>
   <div class='ocr_carea' id='block_1_81' title="bbox 1949 2412 3591 2484">
    <p class='ocr_par' dir='ltr' id='par_1_81' title="bbox 1949 2412 3591 2484">
     <span class='ocr_line' id='line_1_81' title="bbox 1949 2412 3591 2484; baseline -0.001 -17"><span class='ocrx_word' id='word_1_572' title='bbox 1949 2413 2216 2480; x_wconf 88' lang='lat' dir='ltr'>tinentia,</span> <span class='ocrx_word' id='word_1_573' title='bbox 2249 2418 2305 2467; x_wconf 88' lang='lat' dir='ltr'>et</span> <span class='ocrx_word' id='word_1_574' title='bbox 2336 2412 2580 2467; x_wconf 91' lang='lat' dir='ltr'>aliorum</span> <span class='ocrx_word' id='word_1_575' title='bbox 2634 2412 2798 2484; x_wconf 90' lang='lat' dir='ltr'>quasi</span> <span class='ocrx_word' id='word_1_576' title='bbox 2851 2412 3083 2484; x_wconf 89' lang='lat' dir='ltr'>propria</span> <span class='ocrx_word' id='word_1_577' title='bbox 3133 2412 3308 2467; x_wconf 85' lang='lat' dir='ltr'>ﬂebat</span> <span class='ocrx_word' id='word_1_578' title='bbox 3338 2412 3591 2479; x_wconf 89' lang='lat' dir='ltr'>scelera;</span> 
     </span>
    </p>
   </div>
   <div class='ocr_carea' id='block_1_82' title="bbox 1951 2510 3593 2582">
    <p class='ocr_par' dir='ltr' id='par_1_82' title="bbox 1951 2510 3593 2582">
     <span class='ocr_line' id='line_1_82' title="bbox 1951 2510 3593 2582; baseline -0.001 -17"><span class='ocrx_word' id='word_1_579' title='bbox 1951 2512 2051 2582; x_wconf 90' lang='lat' dir='ltr'>qui</span> <span class='ocrx_word' id='word_1_580' title='bbox 2084 2510 2233 2566; x_wconf 88' lang='lat' dir='ltr'>viam</span> <span class='ocrx_word' id='word_1_581' title='bbox 2266 2510 2513 2566; x_wconf 93' lang='lat' dir='ltr'>Domino</span> <span class='ocrx_word' id='word_1_582' title='bbox 2544 2510 2910 2582; x_wconf 57' lang='lat' dir='ltr'>pradicando</span> <span class='ocrx_word' id='word_1_583' title='bbox 2940 2528 3053 2565; x_wconf 90' lang='lat' dir='ltr'>non</span> <span class='ocrx_word' id='word_1_584' title='bbox 3088 2514 3411 2566; x_wconf 88' lang='lat' dir='ltr'>cessaverat</span> <span class='ocrx_word' id='word_1_585' title='bbox 3452 2527 3593 2580; x_wconf 79' lang='lat' dir='ltr'>prae-</span> 
     </span>
    </p>
   </div>
   <div class='ocr_carea' id='block_1_83' title="bbox 1952 2599 3597 2672">
    <p class='ocr_par' dir='ltr' id='par_1_83' title="bbox 1952 2599 3597 2672">
     <span class='ocr_line' id='line_1_83' title="bbox 1952 2599 3597 2672; baseline -0.001 -19"><span class='ocrx_word' id='word_1_586' title='bbox 1952 2615 2176 2672; x_wconf 90' lang='lat' dir='ltr'>parare,</span> <span class='ocrx_word' id='word_1_587' title='bbox 2228 2604 2286 2653; x_wconf 88' lang='lat' dir='ltr'>et</span> <span class='ocrx_word' id='word_1_588' title='bbox 2334 2616 2435 2669; x_wconf 92' lang='lat' dir='ltr'>pro</span> <span class='ocrx_word' id='word_1_589' title='bbox 2482 2599 2744 2654; x_wconf 85' lang='lat' dir='ltr'>veritatis</span> <span class='ocrx_word' id='word_1_590' title='bbox 2794 2599 3080 2669; x_wconf 68' lang='lat' dir='ltr'>praeconio</span> <span class='ocrx_word' id='word_1_591' title='bbox 3130 2602 3306 2670; x_wconf 90' lang='lat' dir='ltr'>caput</span> <span class='ocrx_word' id='word_1_592' title='bbox 3352 2614 3470 2652; x_wconf 90' lang='lat' dir='ltr'>non</span> <span class='ocrx_word' id='word_1_593' title='bbox 3507 2604 3597 2653; x_wconf 90' lang='lat' dir='ltr'>est</span> 
     </span>
    </p>
   </div>
   <div class='ocr_carea' id='block_1_84' title="bbox 1952 2687 3594 2758">
    <p class='ocr_par' dir='ltr' id='par_1_84' title="bbox 1952 2687 3594 2758">
     <span class='ocr_line' id='line_1_84' title="bbox 1952 2687 3594 2758; baseline -0.001 -15"><span class='ocrx_word' id='word_1_594' title='bbox 1952 2688 2542 2743; x_wconf 78' lang='lat' dir='ltr'>cunctatus-amittere</span> <span class='ocrx_word' id='word_1_595' title='bbox 2567 2705 2579 2753; x_wconf 91' lang='lat'><strong>;</strong></span> <span class='ocrx_word' id='word_1_596' title='bbox 2605 2688 2775 2758; x_wconf 89' lang='lat' dir='ltr'>cujus</span> <span class='ocrx_word' id='word_1_597' title='bbox 2797 2687 2970 2742; x_wconf 91' lang='lat' dir='ltr'>etiam</span> <span class='ocrx_word' id='word_1_598' title='bbox 2992 2687 3047 2741; x_wconf 91' lang='lat' dir='ltr'>in</span> <span class='ocrx_word' id='word_1_599' title='bbox 3065 2692 3293 2742; x_wconf 90' lang='lat' dir='ltr'>tantum</span> <span class='ocrx_word' id='word_1_600' title='bbox 3314 2687 3594 2742; x_wconf 89' lang='lat' dir='ltr'>sanctitas</span> 
     </span>
    </p>
   </div>
   <div class='ocr_carea' id='block_1_85' title="bbox 1951 2774 3589 2847">
    <p class='ocr_par' dir='ltr' id='par_1_85' title="bbox 1951 2774 3589 2847">
     <span class='ocr_line' id='line_1_85' title="bbox 1951 2774 3589 2847; baseline -0.002 -16"><span class='ocrx_word' id='word_1_601' title='bbox 1951 2776 2147 2842; x_wconf 90' lang='lat' dir='ltr'>crevit,</span> <span class='ocrx_word' id='word_1_602' title='bbox 2184 2782 2248 2830; x_wconf 87' lang='lat' dir='ltr'>ut</span> <span class='ocrx_word' id='word_1_603' title='bbox 2277 2793 2309 2830; x_wconf 91' lang='lat' dir='ltr'>a</span> <span class='ocrx_word' id='word_1_604' title='bbox 2340 2774 2739 2847; x_wconf 89' lang='lat' dir='ltr'>compluribus</span> <span class='ocrx_word' id='word_1_605' title='bbox 2767 2775 3032 2830; x_wconf 86' lang='lat' dir='ltr'>Christus</span> <span class='ocrx_word' id='word_1_606' title='bbox 3063 2791 3191 2829; x_wconf 88' lang='lat' dir='ltr'>esse</span> <span class='ocrx_word' id='word_1_607' title='bbox 3224 2775 3589 2831; x_wconf 88' lang='lat' dir='ltr'>crederetur:</span> 
     </span>
    </p>
   </div>
   <div class='ocr_carea' id='block_1_86' title="bbox 1952 2858 3595 2946">
    <p class='ocr_par' dir='ltr' id='par_1_86' title="bbox 1952 2858 3595 2946">
     <span class='ocr_line' id='line_1_86' title="bbox 1952 2858 3595 2946; baseline -0.001 -18"><span class='ocrx_word' id='word_1_608' title='bbox 1952 2875 2106 2946; x_wconf 91' lang='lat' dir='ltr'>quod</span> <span class='ocrx_word' id='word_1_609' title='bbox 2132 2873 2485 2929; x_wconf 87' lang='lat' dir='ltr'>humilitatis</span> <span class='ocrx_word' id='word_1_610' title='bbox 2508 2877 2705 2927; x_wconf 89' lang='lat' dir='ltr'>custos</span> <span class='ocrx_word' id='word_1_611' title='bbox 2729 2873 2870 2927; x_wconf 90' lang='lat' dir='ltr'>adeo</span> <span class='ocrx_word' id='word_1_612' title='bbox 2892 2858 3128 2943; x_wconf 81' lang='lat' dir='ltr'>refugit,</span> <span class='ocrx_word' id='word_1_613' title='bbox 3151 2871 3326 2928; x_wconf 88' lang='lat' dir='ltr'>veluti</span> <span class='ocrx_word' id='word_1_614' title='bbox 3359 2872 3405 2927; x_wconf 87' lang='lat' dir='ltr'>si</span> <span class='ocrx_word' id='word_1_615' title='bbox 3431 2871 3482 2926; x_wconf 93' lang='lat' dir='ltr'>ei</span> <span class='ocrx_word' id='word_1_616' title='bbox 3500 2888 3595 2926; x_wconf 92' lang='lat' dir='ltr'>ve-</span> 
     </span>
    </p>
   </div>
   <div class='ocr_carea' id='block_1_87' title="bbox 1950 2961 3597 3033">
    <p class='ocr_par' dir='ltr' id='par_1_87' title="bbox 1950 2961 3597 3033">
     <span class='ocr_line' id='line_1_87' title="bbox 1950 2961 3597 3033; baseline -0.002 -15"><span class='ocrx_word' id='word_1_617' title='bbox 1950 2979 2168 3019; x_wconf 88' lang='lat' dir='ltr'>nenum</span> <span class='ocrx_word' id='word_1_618' title='bbox 2193 2961 2600 3033; x_wconf 87' lang='lat' dir='ltr'>propinaretur</span> <span class='ocrx_word' id='word_1_619' title='bbox 2620 2961 2842 3017; x_wconf 89' lang='lat' dir='ltr'>mortis.</span> <span class='ocrx_word' id='word_1_620' title='bbox 2879 2962 2951 3016; x_wconf 89' lang='lat' dir='ltr'>Se</span> <span class='ocrx_word' id='word_1_621' title='bbox 2971 2977 3167 3015; x_wconf 86' lang='lat' dir='ltr'>vocem</span> <span class='ocrx_word' id='word_1_622' title='bbox 3182 2961 3487 3016; x_wconf 78' lang='lat' dir='ltr'>confessus</span> <span class='ocrx_word' id='word_1_623' title='bbox 3508 2965 3597 3015; x_wconf 87' lang='lat' dir='ltr'>est</span> 
     </span>
    </p>
   </div>
   <div class='ocr_carea' id='block_1_88' title="bbox 1950 3048 3594 3121">
    <p class='ocr_par' dir='ltr' id='par_1_88' title="bbox 1950 3048 3594 3121">
     <span class='ocr_line' id='line_1_88' title="bbox 1950 3048 3594 3121; baseline -0.002 -15"><span class='ocrx_word' id='word_1_624' title='bbox 1950 3050 2259 3106; x_wconf 88' lang='lat' dir='ltr'>clamantis</span> <span class='ocrx_word' id='word_1_625' title='bbox 2285 3067 2296 3104; x_wconf 92' lang='lat'>:</span> <span class='ocrx_word' id='word_1_626' title='bbox 2331 3048 2626 3105; x_wconf 90' lang='lat' dir='ltr'>Christum</span> <span class='ocrx_word' id='word_1_627' title='bbox 2660 3054 2790 3119; x_wconf 89' lang='lat' dir='ltr'>post</span> <span class='ocrx_word' id='word_1_628' title='bbox 2821 3066 2880 3105; x_wconf 91' lang='lat' dir='ltr'>se</span> <span class='ocrx_word' id='word_1_629' title='bbox 2904 3052 3217 3104; x_wconf 88' lang='lat' dir='ltr'>venturum</span> <span class='ocrx_word' id='word_1_630' title='bbox 3239 3066 3366 3105; x_wconf 91' lang='lat' dir='ltr'>esse</span> <span class='ocrx_word' id='word_1_631' title='bbox 3388 3050 3594 3121; x_wconf 71' lang='lat' dir='ltr'>praedi-</span> 
     </span>
    </p>
   </div>
   <div class='ocr_carea' id='block_1_89' title="bbox 1950 3138 3597 3212">
    <p class='ocr_par' dir='ltr' id='par_1_89' title="bbox 1950 3138 3597 3212">
     <span class='ocr_line' id='line_1_89' title="bbox 1950 3138 3597 3212; baseline -0.001 -17"><span class='ocrx_word' id='word_1_632' title='bbox 1950 3140 2121 3205; x_wconf 85' lang='lat' dir='ltr'>cavit,</span> <span class='ocrx_word' id='word_1_633' title='bbox 2152 3156 2325 3212; x_wconf 91' lang='lat' dir='ltr'>quem</span> <span class='ocrx_word' id='word_1_634' title='bbox 2376 3143 2551 3192; x_wconf 73' lang='lat' dir='ltr'>tantae</span> <span class='ocrx_word' id='word_1_635' title='bbox 2600 3138 2944 3208; x_wconf 63' lang='lat' dir='ltr'>praedixerat</span> <span class='ocrx_word' id='word_1_636' title='bbox 2992 3138 3375 3204; x_wconf 89' lang='lat' dir='ltr'>auctoritatis,</span> <span class='ocrx_word' id='word_1_637' title='bbox 3427 3139 3597 3208; x_wconf 84' lang='lat' dir='ltr'>cujus</span> 
     </span>
    </p>
   </div>
   <div class='ocr_carea' id='block_1_90' title="bbox 1953 3225 3597 3299">
    <p class='ocr_par' dir='ltr' id='par_1_90' title="bbox 1953 3225 3597 3299">
     <span class='ocr_line' id='line_1_90' title="bbox 1953 3225 3597 3299; baseline -0.002 -15"><span class='ocrx_word' id='word_1_638' title='bbox 1953 3228 2329 3285; x_wconf 88' lang='lat' dir='ltr'>calceamenti</span> <span class='ocrx_word' id='word_1_639' title='bbox 2345 3226 2652 3299; x_wconf 87' lang='lat' dir='ltr'>corrigiam</span> <span class='ocrx_word' id='word_1_640' title='bbox 2668 3243 2730 3281; x_wconf 90' lang='lat' dir='ltr'>se</span> <span class='ocrx_word' id='word_1_641' title='bbox 2752 3228 2823 3282; x_wconf 90' lang='lat' dir='ltr'>ad</span> <span class='ocrx_word' id='word_1_642' title='bbox 2843 3225 3185 3281; x_wconf 89' lang='lat' dir='ltr'>solvendum</span> <span class='ocrx_word' id='word_1_643' title='bbox 3206 3243 3321 3281; x_wconf 91' lang='lat' dir='ltr'>non</span> <span class='ocrx_word' id='word_1_644' title='bbox 3345 3226 3597 3281; x_wconf 64' lang='lat' dir='ltr'>aestima-</span> 
     </span>
    </p>
   </div>
   <div class='ocr_carea' id='block_1_91' title="bbox 1952 3315 3596 3388">
    <p class='ocr_par' dir='ltr' id='par_1_91' title="bbox 1952 3315 3596 3388">
     <span class='ocr_line' id='line_1_91' title="bbox 1952 3315 3596 3388; baseline -0.002 -14"><span class='ocrx_word' id='word_1_645' title='bbox 1952 3323 2039 3374; x_wconf 88' lang='lat' dir='ltr'>ret</span> <span class='ocrx_word' id='word_1_646' title='bbox 2077 3318 2353 3373; x_wconf 89' lang='lat' dir='ltr'>idoneum</span> <span class='ocrx_word' id='word_1_647' title='bbox 2403 3316 2587 3388; x_wconf 80' lang='lat' dir='ltr'>(Marc.</span> <span class='ocrx_word' id='word_1_648' title='bbox 2634 3332 2670 3382; x_wconf 87' lang='grc' dir='ltr'>ι,</span> <span class='ocrx_word' id='word_1_649' title='bbox 2700 3316 2779 3387; x_wconf 87' lang='lat'>7).</span> <span class='ocrx_word' id='word_1_650' title='bbox 2813 3321 3085 3371; x_wconf 82' lang='lat' dir='ltr'>Assertor</span> <span class='ocrx_word' id='word_1_651' title='bbox 3112 3315 3252 3385; x_wconf 88' lang='lat' dir='ltr'>veri,</span> <span class='ocrx_word' id='word_1_652' title='bbox 3282 3332 3455 3387; x_wconf 91' lang='lat' dir='ltr'>quem</span> <span class='ocrx_word' id='word_1_653' title='bbox 3490 3331 3596 3371; x_wconf 87' lang='lat' dir='ltr'>nec</span> 
     </span>
    </p>
   </div>
   <div class='ocr_carea' id='block_1_92' title="bbox 1950 3412 3595 3485">
    <p class='ocr_par' dir='ltr' id='par_1_92' title="bbox 1950 3412 3595 3485">
     <span class='ocr_line' id='line_1_92' title="bbox 1950 3412 3595 3485; baseline -0.003 -13"><span class='ocrx_word' id='word_1_654' title='bbox 1950 3413 2430 3472; x_wconf 64' lang='lat' dir='ltr'>humanmlaudis</span> <span class='ocrx_word' id='word_1_655' title='bbox 2452 3413 2737 3484; x_wconf 88' lang='lat' dir='ltr'>jactantia</span> <span class='ocrx_word' id='word_1_656' title='bbox 2765 3412 3128 3485; x_wconf 90' lang='lat' dir='ltr'>compulerat</span> <span class='ocrx_word' id='word_1_657' title='bbox 3157 3413 3410 3484; x_wconf 81' lang='lat' dir='ltr'>proferre</span> <span class='ocrx_word' id='word_1_658' title='bbox 3432 3427 3595 3467; x_wconf 91' lang='lat' dir='ltr'>men-</span> 
     </span>
    </p>
   </div>
   <div class='ocr_carea' id='block_1_93' title="bbox 1951 3500 3595 3575">
    <p class='ocr_par' dir='ltr' id='par_1_93' title="bbox 1951 3500 3595 3575">
     <span class='ocr_line' id='line_1_93' title="bbox 1951 3500 3595 3575; baseline -0.003 -14"><span class='ocrx_word' id='word_1_659' title='bbox 1951 3504 2205 3569; x_wconf 90' lang='lat' dir='ltr'>dacium,</span> <span class='ocrx_word' id='word_1_660' title='bbox 2239 3519 2344 3557; x_wconf 91' lang='lat' dir='ltr'>nec</span> <span class='ocrx_word' id='word_1_661' title='bbox 2375 3501 2712 3575; x_wconf 82' lang='lat' dir='ltr'>tyrannicus</span> <span class='ocrx_word' id='word_1_662' title='bbox 2735 3518 2912 3572; x_wconf 88' lang='lat' dir='ltr'>pavor</span> <span class='ocrx_word' id='word_1_663' title='bbox 2932 3500 3238 3556; x_wconf 86' lang='lat' dir='ltr'>averitatis</span> <span class='ocrx_word' id='word_1_664' title='bbox 3262 3504 3487 3573; x_wconf 89' lang='lat' dir='ltr'>poterat</span> <span class='ocrx_word' id='word_1_665' title='bbox 3508 3517 3595 3556; x_wconf 90' lang='lat' dir='ltr'>re-</span> 
     </span>
    </p>
   </div>
   <div class='ocr_carea' id='block_1_94' title="bbox 1950 3587 3599 3663">
    <p class='ocr_par' dir='ltr' id='par_1_94' title="bbox 1950 3587 3599 3663">
     <span class='ocr_line' id='line_1_94' title="bbox 1950 3587 3599 3663; baseline -0.004 -15"><span class='ocrx_word' id='word_1_666' title='bbox 1950 3597 2218 3663; x_wconf 88' lang='lat' dir='ltr'>torquere</span> <span class='ocrx_word' id='word_1_667' title='bbox 2266 3589 2623 3655; x_wconf 88' lang='lat' dir='ltr'>testimonio,</span> <span class='ocrx_word' id='word_1_668' title='bbox 2674 3605 2778 3645; x_wconf 90' lang='lat' dir='ltr'>nec</span> <span class='ocrx_word' id='word_1_669' title='bbox 2826 3588 3035 3661; x_wconf 78' lang='lat' dir='ltr'>reginae</span> <span class='ocrx_word' id='word_1_670' title='bbox 3085 3587 3340 3643; x_wconf 90' lang='lat' dir='ltr'>adulatio</span> <span class='ocrx_word' id='word_1_671' title='bbox 3384 3588 3599 3646; x_wconf 86' lang='lat' dir='ltr'>fecerat</span> 
     </span>
    </p>
   </div>
   <div class='ocr_carea' id='block_1_95' title="bbox 1951 3683 3596 3761">
    <p class='ocr_par' dir='ltr' id='par_1_95' title="bbox 1951 3683 3596 3761">
     <span class='ocr_line' id='line_1_95' title="bbox 1951 3683 3596 3761; baseline -0.002 -18"><span class='ocrx_word' id='word_1_672' title='bbox 1951 3690 2186 3761; x_wconf 90' lang='lat' dir='ltr'>palpare</span> <span class='ocrx_word' id='word_1_673' title='bbox 2210 3687 2515 3760; x_wconf 86' lang='lat' dir='ltr'>ﬂagitium.</span> <span class='ocrx_word' id='word_1_674' title='bbox 2546 3687 2829 3742; x_wconf 86' lang='lat' dir='ltr'>Herodem</span> <span class='ocrx_word' id='word_1_675' title='bbox 2845 3683 3448 3740; x_wconf 80' lang='lat' dir='ltr'>afraternisthalamis</span> <span class='ocrx_word' id='word_1_676' title='bbox 3469 3701 3596 3757; x_wconf 88' lang='lat' dir='ltr'>pro-</span> 
     </span>
    </p>
   </div>
   <div class='ocr_carea' id='block_1_96' title="bbox 1951 3772 3593 3847">
    <p class='ocr_par' dir='ltr' id='par_1_96' title="bbox 1951 3772 3593 3847">
     <span class='ocr_line' id='line_1_96' title="bbox 1951 3772 3593 3847; baseline -0.004 -14"><span class='ocrx_word' id='word_1_677' title='bbox 1951 3778 2225 3842; x_wconf 90' lang='lat' dir='ltr'>hibendo,</span> <span class='ocrx_word' id='word_1_678' title='bbox 2257 3777 2340 3830; x_wconf 91' lang='lat' dir='ltr'>ita</span> <span class='ocrx_word' id='word_1_679' title='bbox 2388 3776 2575 3847; x_wconf 89' lang='lat' dir='ltr'>ipsius</span> <span class='ocrx_word' id='word_1_680' title='bbox 2611 3819 2623 3830; x_wconf 95' lang='lat'>.</span> <span class='ocrx_word' id='word_1_681' title='bbox 2661 3816 2673 3829; x_wconf 92' lang='lat'>.</span> <span class='ocrx_word' id='word_1_682' title='bbox 2710 3816 2722 3828; x_wconf 96' lang='lat'>.</span> <span class='ocrx_word' id='word_1_683' title='bbox 2758 3772 2987 3829; x_wconf 89' lang='lat' dir='ltr'>adulter</span> <span class='ocrx_word' id='word_1_684' title='bbox 3019 3814 3031 3827; x_wconf 96' lang='lat'>.</span> <span class='ocrx_word' id='word_1_685' title='bbox 3068 3814 3082 3827; x_wconf 97' lang='lat'>.</span> <span class='ocrx_word' id='word_1_686' title='bbox 3120 3816 3132 3829; x_wconf 91' lang='lat'>.</span> <span class='ocrx_word' id='word_1_687' title='bbox 3166 3791 3279 3829; x_wconf 89' lang='lat' dir='ltr'>non</span> <span class='ocrx_word' id='word_1_688' title='bbox 3328 3773 3462 3829; x_wconf 90' lang='lat' dir='ltr'>licet</span> <span class='ocrx_word' id='word_1_689' title='bbox 3489 3773 3593 3829; x_wconf 86' lang='lat' dir='ltr'>tibi</span> 
     </span>
    </p>
   </div>
   <div class='ocr_carea' id='block_1_97' title="bbox 1949 3861 3595 3933">
    <p class='ocr_par' dir='ltr' id='par_1_97' title="bbox 1949 3861 3595 3933">
     <span class='ocr_line' id='line_1_97' title="bbox 1949 3861 3595 3933; baseline -0.003 -12"><span class='ocrx_word' id='word_1_690' title='bbox 1949 3871 2014 3921; x_wconf 92' lang='lat' dir='ltr'>ut</span> <span class='ocrx_word' id='word_1_691' title='bbox 2042 3866 2259 3921; x_wconf 89' lang='lat' dir='ltr'>habeas</span> <span class='ocrx_word' id='word_1_692' title='bbox 2282 3880 2520 3919; x_wconf 86' lang='lat' dir='ltr'>uxorem</span> <span class='ocrx_word' id='word_1_693' title='bbox 2544 3862 2741 3917; x_wconf 80' lang='lat' dir='ltr'>fratris</span> <span class='ocrx_word' id='word_1_694' title='bbox 2795 3862 2881 3915; x_wconf 91' lang='lat' dir='ltr'>tui</span> <span class='ocrx_word' id='word_1_695' title='bbox 2925 3861 3249 3916; x_wconf 88' lang='lat' dir='ltr'>adulteram</span> <span class='ocrx_word' id='word_1_696' title='bbox 3298 3863 3481 3933; x_wconf 81' lang='lat' dir='ltr'>(Marc.</span> <span class='ocrx_word' id='word_1_697' title='bbox 3515 3881 3595 3931; x_wconf 84' lang='lat' dir='ltr'>v1,</span> 
     </span>
    </p>
   </div>
   <div class='ocr_carea' id='block_1_98' title="bbox 1951 3950 3595 4025">
    <p class='ocr_par' dir='ltr' id='par_1_98' title="bbox 1951 3950 3595 4025">
     <span class='ocr_line' id='line_1_98' title="bbox 1951 3950 3595 4025; baseline -0.002 -16"><span class='ocrx_word' id='word_1_698' title='bbox 1951 3955 2060 4025; x_wconf 89' lang='lat'>18).</span> <span class='ocrx_word' id='word_1_699' title='bbox 2084 3953 2227 4008; x_wconf 86' lang='lat' dir='ltr'>Hinc</span> <span class='ocrx_word' id='word_1_700' title='bbox 2259 3952 2384 4005; x_wconf 91' lang='lat' dir='ltr'>diro</span> <span class='ocrx_word' id='word_1_701' title='bbox 2429 3956 2695 4005; x_wconf 90' lang='lat' dir='ltr'>retrusus</span> <span class='ocrx_word' id='word_1_702' title='bbox 2736 3954 2825 4005; x_wconf 89' lang='lat' dir='ltr'>est</span> <span class='ocrx_word' id='word_1_703' title='bbox 2870 3966 3097 4005; x_wconf 89' lang='lat' dir='ltr'>carcere</span> <span class='ocrx_word' id='word_1_704' title='bbox 3129 3990 3141 4003; x_wconf 91' lang='lat'>.</span> <span class='ocrx_word' id='word_1_705' title='bbox 3176 3991 3189 4004; x_wconf 97' lang='lat'>.</span> <span class='ocrx_word' id='word_1_706' title='bbox 3225 3992 3239 4005; x_wconf 95' lang='lat'>.</span> <span class='ocrx_word' id='word_1_707' title='bbox 3276 3950 3409 4004; x_wconf 92' lang='lat' dir='ltr'>talis</span> <span class='ocrx_word' id='word_1_708' title='bbox 3438 3950 3595 4006; x_wconf 85' lang='lat' dir='ltr'>fama</span> 
     </span>
    </p>
   </div>
   <div class='ocr_carea' id='block_1_99' title="bbox 1949 4046 3593 4119">
    <p class='ocr_par' dir='ltr' id='par_1_99' title="bbox 1949 4046 3593 4119">
     <span class='ocr_line' id='line_1_99' title="bbox 1949 4046 3593 4119; baseline -0.005 -11"><span class='ocrx_word' id='word_1_709' title='bbox 1949 4054 2221 4108; x_wconf 86' lang='lat' dir='ltr'>cessaret.</span> <span class='ocrx_word' id='word_1_710' title='bbox 2244 4048 2456 4104; x_wconf 87' lang='lat' dir='ltr'>Christi</span> <span class='ocrx_word' id='word_1_711' title='bbox 2474 4051 2672 4103; x_wconf 88' lang='lat' dir='ltr'>tamen</span> <span class='ocrx_word' id='word_1_712' title='bbox 2690 4046 2968 4102; x_wconf 89' lang='lat' dir='ltr'>athletam</span> <span class='ocrx_word' id='word_1_713' title='bbox 2994 4052 3212 4117; x_wconf 89' lang='lat' dir='ltr'>quanto</span> <span class='ocrx_word' id='word_1_714' title='bbox 3236 4047 3424 4119; x_wconf 88' lang='lat' dir='ltr'>magis</span> <span class='ocrx_word' id='word_1_715' title='bbox 3444 4046 3593 4101; x_wconf 81' lang='lat' dir='ltr'>afﬂi-</span> 
     </span>
    </p>
   </div>
   <div class='ocr_carea' id='block_1_100' title="bbox 1949 4133 3590 4213">
    <p class='ocr_par' dir='ltr' id='par_1_100' title="bbox 1949 4133 3590 4213">
     <span class='ocr_line' id='line_1_100' title="bbox 1949 4133 3590 4213; baseline -0.004 -17"><span class='ocrx_word' id='word_1_716' title='bbox 1949 4140 2164 4213; x_wconf 90' lang='lat' dir='ltr'>gebant</span> <span class='ocrx_word' id='word_1_717' title='bbox 2183 4136 2435 4205; x_wconf 88' lang='lat' dir='ltr'>vincula,</span> <span class='ocrx_word' id='word_1_718' title='bbox 2468 4140 2629 4191; x_wconf 89' lang='lat' dir='ltr'>tanto</span> <span class='ocrx_word' id='word_1_719' title='bbox 2662 4135 2851 4207; x_wconf 91' lang='lat' dir='ltr'>magis</span> <span class='ocrx_word' id='word_1_720' title='bbox 2883 4135 3207 4189; x_wconf 88' lang='lat' dir='ltr'>detestabat</span> <span class='ocrx_word' id='word_1_721' title='bbox 3230 4133 3454 4190; x_wconf 84' lang='lat' dir='ltr'>illicita.</span> <span class='ocrx_word' id='word_1_722' title='bbox 3478 4135 3590 4190; x_wconf 89' lang='lat' dir='ltr'>No-</span> 
     </span>
    </p>
   </div>
   <div class='ocr_carea' id='block_1_101' title="bbox 1947 4224 3592 4297">
    <p class='ocr_par' dir='ltr' id='par_1_101' title="bbox 1947 4224 3592 4297">
     <span class='ocr_line' id='line_1_101' title="bbox 1947 4224 3592 4297; baseline -0.005 -11"><span class='ocrx_word' id='word_1_723' title='bbox 1947 4229 2185 4286; x_wconf 88' lang='lat' dir='ltr'>vissime</span> <span class='ocrx_word' id='word_1_724' title='bbox 2201 4227 2437 4282; x_wconf 89' lang='lat' dir='ltr'>tandem</span> <span class='ocrx_word' id='word_1_725' title='bbox 2461 4225 2646 4297; x_wconf 89' lang='lat' dir='ltr'>capite</span> <span class='ocrx_word' id='word_1_726' title='bbox 2663 4228 2993 4288; x_wconf 88' lang='lat' dir='ltr'>truncatus,</span> <span class='ocrx_word' id='word_1_727' title='bbox 3017 4224 3288 4296; x_wconf 89' lang='lat' dir='ltr'>migravit</span> <span class='ocrx_word' id='word_1_728' title='bbox 3304 4225 3374 4279; x_wconf 89' lang='lat' dir='ltr'>ad</span> <span class='ocrx_word' id='word_1_729' title='bbox 3397 4225 3592 4279; x_wconf 91' lang='lat' dir='ltr'>Domi-</span> 
     </span>
    </p>
   </div>
   <div class='ocr_carea' id='block_1_102' title="bbox 1948 4312 3591 4388">
    <p class='ocr_par' dir='ltr' id='par_1_102' title="bbox 1948 4312 3591 4388">
     <span class='ocr_line' id='line_1_102' title="bbox 1948 4312 3591 4388; baseline -0.004 -15"><span class='ocrx_word' id='word_1_730' title='bbox 1948 4335 2113 4383; x_wconf 90' lang='lat' dir='ltr'>num,</span> <span class='ocrx_word' id='word_1_731' title='bbox 2148 4315 2246 4388; x_wconf 90' lang='lat' dir='ltr'>qui</span> <span class='ocrx_word' id='word_1_732' title='bbox 2273 4314 2528 4370; x_wconf 83' lang='lat' dir='ltr'>veritatis</span> <span class='ocrx_word' id='word_1_733' title='bbox 2560 4331 2674 4368; x_wconf 90' lang='lat' dir='ltr'>non</span> <span class='ocrx_word' id='word_1_734' title='bbox 2724 4329 2935 4385; x_wconf 90' lang='lat' dir='ltr'>passus</span> <span class='ocrx_word' id='word_1_735' title='bbox 2978 4321 3061 4367; x_wconf 89' lang='lat' dir='ltr'>est</span> <span class='ocrx_word' id='word_1_736' title='bbox 3109 4312 3295 4367; x_wconf 90' lang='lat' dir='ltr'>celare</span> <span class='ocrx_word' id='word_1_737' title='bbox 3326 4313 3591 4368; x_wconf 59' lang='lat' dir='ltr'>testimov</span> 
     </span>
    </p>
   </div>
   <div class='ocr_carea' id='block_1_103' title="bbox 1948 4401 3592 4475">
    <p class='ocr_par' dir='ltr' id='par_1_103' title="bbox 1948 4401 3592 4475">
     <span class='ocr_line' id='line_1_103' title="bbox 1948 4401 3592 4475; baseline -0.004 -13"><span class='ocrx_word' id='word_1_738' title='bbox 1948 4408 2136 4462; x_wconf 93' lang='lat' dir='ltr'>nium.</span> <span class='ocrx_word' id='word_1_739' title='bbox 2166 4404 2394 4459; x_wconf 88' lang='lat' dir='ltr'>Veritas</span> <span class='ocrx_word' id='word_1_740' title='bbox 2424 4403 2581 4458; x_wconf 90' lang='lat' dir='ltr'>enim</span> <span class='ocrx_word' id='word_1_741' title='bbox 2613 4408 2763 4458; x_wconf 90' lang='lat' dir='ltr'>Deus</span> <span class='ocrx_word' id='word_1_742' title='bbox 2793 4406 2903 4468; x_wconf 89' lang='lat' dir='ltr'>est,</span> <span class='ocrx_word' id='word_1_743' title='bbox 2930 4401 3427 4475; x_wconf 90' lang='lat' dir='ltr'>quemadmodum</span> <span class='ocrx_word' id='word_1_744' title='bbox 3466 4402 3592 4473; x_wconf 91' lang='lat' dir='ltr'>ipse</span> 
     </span>
    </p>
   </div>
   <div class='ocr_carea' id='block_1_104' title="bbox 1949 4498 3589 4574">
    <p class='ocr_par' dir='ltr' id='par_1_104' title="bbox 1949 4498 3589 4574">
     <span class='ocr_line' id='line_1_104' title="bbox 1949 4498 3589 4574; baseline -0.005 -14"><span class='ocrx_word' id='word_1_745' title='bbox 1949 4504 2028 4560; x_wconf 89' lang='lat' dir='ltr'>ait</span> <span class='ocrx_word' id='word_1_746' title='bbox 2048 4504 2106 4558; x_wconf 92' lang='lat' dir='ltr'>in</span> <span class='ocrx_word' id='word_1_747' title='bbox 2128 4502 2439 4574; x_wconf 88' lang='lat' dir='ltr'>Evangelio</span> <span class='ocrx_word' id='word_1_748' title='bbox 2464 4520 2476 4569; x_wconf 94' lang='lat'><strong>;</strong></span> <span class='ocrx_word' id='word_1_749' title='bbox 2508 4504 2616 4573; x_wconf 86' lang='lat' dir='ltr'>Ego</span> <span class='ocrx_word' id='word_1_750' title='bbox 2645 4518 2768 4555; x_wconf 84' lang='lat' dir='ltr'>sum</span> <span class='ocrx_word' id='word_1_751' title='bbox 2790 4502 2900 4565; x_wconf 83' lang='lat' dir='ltr'>via,</span> <span class='ocrx_word' id='word_1_752' title='bbox 2934 4501 3132 4555; x_wconf 80' lang='lat' dir='ltr'>veritas</span> <span class='ocrx_word' id='word_1_753' title='bbox 3161 4507 3210 4553; x_wconf 84' lang='lat' dir='ltr'>et</span> <span class='ocrx_word' id='word_1_754' title='bbox 3240 4500 3356 4553; x_wconf 88' lang='lat' dir='ltr'>vita</span> <span class='ocrx_word' id='word_1_755' title='bbox 3399 4498 3589 4569; x_wconf 83' lang='lat' dir='ltr'>(Joan.</span> 
     </span>
    </p>
   </div>
   <div class='ocr_carea' id='block_1_105' title="bbox 1949 4585 3590 4664">
    <p class='ocr_par' dir='ltr' id='par_1_105' title="bbox 1949 4585 3590 4664">
     <span class='ocr_line' id='line_1_105' title="bbox 1949 4585 3590 4664; baseline -0.004 -16"><span class='ocrx_word' id='word_1_756' title='bbox 1949 4611 2065 4659; x_wconf 82' lang='lat' dir='ltr'>xw,</span> <span class='ocrx_word' id='word_1_757' title='bbox 2120 4593 2196 4664; x_wconf 93' lang='lat'>6).</span> <span class='ocrx_word' id='word_1_758' title='bbox 2245 4591 2352 4656; x_wconf 87' lang='lat' dir='ltr'>Qui</span> <span class='ocrx_word' id='word_1_759' title='bbox 2401 4590 2557 4645; x_wconf 90' lang='lat' dir='ltr'>enim</span> <span class='ocrx_word' id='word_1_760' title='bbox 2607 4588 2911 4645; x_wconf 90' lang='lat' dir='ltr'>veritatem</span> <span class='ocrx_word' id='word_1_761' title='bbox 2956 4604 3071 4643; x_wconf 91' lang='lat' dir='ltr'>non</span> <span class='ocrx_word' id='word_1_762' title='bbox 3130 4586 3339 4642; x_wconf 90' lang='lat' dir='ltr'>metuit</span> <span class='ocrx_word' id='word_1_763' title='bbox 3385 4585 3590 4658; x_wconf 89' lang='lat' dir='ltr'>celare,</span> 
     </span>
    </p>
   </div>
   <div class='ocr_carea' id='block_1_106' title="bbox 1948 4674 3592 4752">
    <p class='ocr_par' dir='ltr' id='par_1_106' title="bbox 1948 4674 3592 4752">
     <span class='ocr_line' id='line_1_106' title="bbox 1948 4674 3592 4752; baseline -0.004 -15"><span class='ocrx_word' id='word_1_764' title='bbox 1948 4683 2132 4738; x_wconf 90' lang='lat' dir='ltr'>Deum</span> <span class='ocrx_word' id='word_1_765' title='bbox 2165 4680 2597 4752; x_wconf 90' lang='lat' dir='ltr'>quodammodo</span> <span class='ocrx_word' id='word_1_766' title='bbox 2630 4676 2837 4732; x_wconf 88' lang='lat' dir='ltr'>nititur</span> <span class='ocrx_word' id='word_1_767' title='bbox 2878 4675 3204 4741; x_wconf 89' lang='lat' dir='ltr'>occultare;</span> <span class='ocrx_word' id='word_1_768' title='bbox 3256 4680 3314 4730; x_wconf 88' lang='lat' dir='ltr'>et</span> <span class='ocrx_word' id='word_1_769' title='bbox 3360 4674 3459 4746; x_wconf 90' lang='lat' dir='ltr'>qui</span> <span class='ocrx_word' id='word_1_770' title='bbox 3489 4691 3592 4745; x_wconf 92' lang='lat' dir='ltr'>pro</span> 
     </span>
    </p>
   </div>
   <div class='ocr_carea' id='block_1_107' title="bbox 1949 4763 3597 4843">
    <p class='ocr_par' dir='ltr' id='par_1_107' title="bbox 1949 4763 3597 4843">
     <span class='ocr_line' id='line_1_107' title="bbox 1949 4763 3597 4843; baseline -0.006 -16"><span class='ocrx_word' id='word_1_771' title='bbox 1949 4774 2077 4843; x_wconf 91' lang='lat' dir='ltr'>ejus</span> <span class='ocrx_word' id='word_1_772' title='bbox 2097 4768 2432 4826; x_wconf 88' lang='lat' dir='ltr'>testimonio</span> <span class='ocrx_word' id='word_1_773' title='bbox 2456 4766 2550 4822; x_wconf 88' lang='lat' dir='ltr'>hic</span> <span class='ocrx_word' id='word_1_774' title='bbox 2573 4764 2877 4836; x_wconf 83' lang='lat' dir='ltr'>afﬂigitur,</span> <span class='ocrx_word' id='word_1_775' title='bbox 2910 4765 2979 4819; x_wconf 89' lang='lat' dir='ltr'>ab</span> <span class='ocrx_word' id='word_1_776' title='bbox 3010 4763 3138 4834; x_wconf 89' lang='lat' dir='ltr'>ipsa</span> <span class='ocrx_word' id='word_1_777' title='bbox 3156 4764 3314 4833; x_wconf 90' lang='lat' dir='ltr'>quod</span> <span class='ocrx_word' id='word_1_778' title='bbox 3337 4764 3491 4819; x_wconf 91' lang='lat' dir='ltr'>Deus</span> <span class='ocrx_word' id='word_1_779' title='bbox 3508 4768 3597 4817; x_wconf 89' lang='lat' dir='ltr'>est</span> 
     </span>
    </p>
   </div>
   <div class='ocr_carea' id='block_1_108' title="bbox 1946 4850 3596 4927">
    <p class='ocr_par' dir='ltr' id='par_1_108' title="bbox 1946 4850 3596 4927">
     <span class='ocr_line' id='line_1_108' title="bbox 1946 4850 3596 4927; baseline -0.007 -12"><span class='ocrx_word' id='word_1_780' title='bbox 1946 4860 2007 4915; x_wconf 90' lang='lat' dir='ltr'>in</span> <span class='ocrx_word' id='word_1_781' title='bbox 2039 4863 2321 4914; x_wconf 73' lang='lat' dir='ltr'>aeternum</span> <span class='ocrx_word' id='word_1_782' title='bbox 2352 4855 2748 4913; x_wconf 88' lang='lat' dir='ltr'>coronabitur.</span> <span class='ocrx_word' id='word_1_783' title='bbox 2790 4854 3107 4927; x_wconf 85' lang='lat' dir='ltr'>Fugiamus</span> <span class='ocrx_word' id='word_1_784' title='bbox 3126 4851 3345 4923; x_wconf 88' lang='lat' dir='ltr'>itaque,</span> <span class='ocrx_word' id='word_1_785' title='bbox 3376 4850 3596 4907; x_wconf 83' lang='lat' dir='ltr'>charis-</span> 
     </span>
    </p>
   </div>
   <div class='ocr_carea' id='block_1_109' title="bbox 1948 4939 3599 5017">
    <p class='ocr_par' dir='ltr' id='par_1_109' title="bbox 1948 4939 3599 5017">
     <span class='ocr_line' id='line_1_109' title="bbox 1948 4939 3599 5017; baseline -0.007 -13"><span class='ocrx_word' id='word_1_786' title='bbox 1948 4949 2107 5017; x_wconf 90' lang='lat' dir='ltr'>simi,</span> <span class='ocrx_word' id='word_1_787' title='bbox 2130 4948 2526 5013; x_wconf 89' lang='lat' dir='ltr'>mendacium,</span> <span class='ocrx_word' id='word_1_788' title='bbox 2552 4946 2809 5016; x_wconf 86' lang='lat' dir='ltr'>ejusque</span> <span class='ocrx_word' id='word_1_789' title='bbox 2834 4940 3011 5001; x_wconf 87' lang='lat' dir='ltr'>simul</span> <span class='ocrx_word' id='word_1_790' title='bbox 3032 4945 3251 5009; x_wconf 86' lang='lat' dir='ltr'>patrem</span> <span class='ocrx_word' id='word_1_791' title='bbox 3280 4939 3599 4996; x_wconf 86' lang='lat' dir='ltr'>diabolum.</span> 
     </span>
    </p>
   </div>
   <div class='ocr_carea' id='block_1_110' title="bbox 1948 5035 3611 5111">
    <p class='ocr_par' dir='ltr' id='par_1_110' title="bbox 1948 5035 3611 5111">
     <span class='ocr_line' id='line_1_110' title="bbox 1948 5035 3611 5111; baseline -0.011 -6"><span class='ocrx_word' id='word_1_792' title='bbox 1948 5048 2265 5105; x_wconf 86' lang='lat' dir='ltr'>Veritatem</span> <span class='ocrx_word' id='word_1_793' title='bbox 2297 5047 2618 5107; x_wconf 88' lang='lat' dir='ltr'>imitemur,</span> <span class='ocrx_word' id='word_1_794' title='bbox 2653 5056 2851 5111; x_wconf 86' lang='lat' dir='ltr'>quam</span> <span class='ocrx_word' id='word_1_795' title='bbox 2882 5061 2916 5100; x_wconf 78' lang='lat' dir='ltr'>a</span> <span class='ocrx_word' id='word_1_796' title='bbox 2939 5039 3051 5094; x_wconf 91' lang='lat' dir='ltr'>Deo</span> <span class='ocrx_word' id='word_1_797' title='bbox 3075 5038 3423 5105; x_wconf 87' lang='lat' dir='ltr'>processisse</span> <span class='ocrx_word' id='word_1_798' title='bbox 3439 5035 3611 5091; x_wconf 80' lang='lat' dir='ltr'>conti-</span> 
     </span>
    </p>
   </div>
   <div class='ocr_carea' id='block_1_111' title="bbox 2021 5160 2778 5243">
    <p class='ocr_par' dir='ltr' id='par_1_111' title="bbox 2021 5160 2778 5243">
     <span class='ocr_line' id='line_1_111' title="bbox 2021 5160 2778 5243; baseline -0.015 -18"><span class='ocrx_word' id='word_1_799' title='bbox 2021 5171 2203 5243; x_wconf 82' lang='grc'>(1594)</span> <span class='ocrx_word' id='word_1_800' title='bbox 2232 5170 2329 5243; x_wconf 68' lang='lat' dir='ltr'>Sic</span> <span class='ocrx_word' id='word_1_801' title='bbox 2364 5187 2419 5243; x_wconf 75' lang='lat' dir='ltr'>p.</span> <span class='ocrx_word' id='word_1_802' title='bbox 2451 5168 2536 5235; x_wconf 90' lang='lat'>17,</span> <span class='ocrx_word' id='word_1_803' title='bbox 2570 5184 2628 5220; x_wconf 82' lang='grc' dir='ltr'>ν.</span> <span class='ocrx_word' id='word_1_804' title='bbox 2666 5160 2778 5217; x_wconf 90' lang='lat' dir='ltr'>ult.</span> 
     </span>
    </p>
   </div>
   <div class='ocr_carea' id='block_1_112' title="bbox 2019 5240 2718 5348">
    <p class='ocr_par' dir='ltr' id='par_1_112' title="bbox 2019 5240 2718 5348">
     <span class='ocr_line' id='line_1_112' title="bbox 2019 5240 2718 5348; baseline -0.013 -51"><span class='ocrx_word' id='word_1_805' title='bbox 2019 5240 2202 5348; x_wconf 75' lang='lat'>(1595)</span> <span class='ocrx_word' id='word_1_806' title='bbox 2235 5240 2499 5322; x_wconf 83' lang='lat' dir='ltr'>Mansius</span> <span class='ocrx_word' id='word_1_807' title='bbox 2524 5249 2718 5293; x_wconf 83' lang='lat' dir='ltr'>carne.</span> 
     </span>
     <span class='ocr_line' id='line_1_113' title="bbox 2021 5312 2502 5348; baseline 0 0"><span class='ocrx_word' id='word_1_808' title='bbox 2021 5314 2181 5348; x_wconf 58' lang='lat' dir='ltr'>(non</span> <span class='ocrx_word' id='word_1_809' title='bbox 2235 5312 2290 5348; x_wconf 78' lang='grc' dir='ltr'>Μ</span> <span class='ocrx_word' id='word_1_810' title='bbox 2346 5313 2502 5348; x_wconf 69' lang='lat' dir='ltr'>mm.</span> 
     </span>
    </p>
   </div>
   <div class='ocr_carea' id='block_1_113' title="bbox 2021 5312 2502 5348">
    <p class='ocr_par' dir='ltr' id='par_1_113' title="bbox 2021 5312 2502 5348">
     <span class='ocr_line' id='line_1_114' title="bbox 2021 5312 2502 5348; baseline 0 0"><span class='ocrx_word' id='word_1_811' title='bbox 2021 5316 2063 5348; x_wconf 73' lang='grc'>[4</span> <span class='ocrx_word' id='word_1_812' title='bbox 2080 5312 2202 5348; x_wconf 60' lang='grc' dir='ltr'>ἷζΟΑΧ</span> <span class='ocrx_word' id='word_1_813' title='bbox 2235 5312 2290 5348; x_wconf 80' lang='grc' dir='ltr'>Μ</span> <span class='ocrx_word' id='word_1_814' title='bbox 2346 5313 2502 5348; x_wconf 55' lang='grc' dir='ltr'>411ιί1(</span> 
     </span>
    </p>
   </div>
  </div>
