3976 5348
375 358 491 427 863

1388 371 1724 435 ATTONIS
1771 366 2360 436 VERGELLENSIS
2406 366 2760 433 EPISCOPI

3643 368 3734 433 864

374 497 572 553 saavire
603 514 707 572 per
736 517 920 569 arma,
954 503 1218 560 subsidia
1243 506 1537 578 oppressis
1568 507 2019 577 denegant,nam
2050 506 2103 571 Α
2134 507 2199 557 ut
2230 503 2307 557 sit
2336 501 2595 558 incursio
2644 520 2855 575 nequa,
2886 506 3100 559 terreat
3127 517 3254 574 qua
3302 499 3484 572 ipsos,
3516 501 3608 556 sed
3642 520 3735 559 me-

374 587 611 642 szevient
660 589 795 660 ipsi.
830 592 1134 663 Specimen
1186 601 1463 666 praeterea
1509 600 1687 650 restat
1735 594 1874 661 doli,
1911 609 2025 664 quo

372 674 671 731 eliduntur
716 680 884 735 affusi
920 682 977 736 in
1027 682 1144 737 imo
1191 684 1412 739 tribuni
1438 686 1502 738 ³⁸.
1538 686 1754 739 Horum
1807 682 2026 737 milites

375 781 549 820 auras
581 784 712 822 cum
746 769 934 840 regias
966 776 1198 843 captant
1232 773 1768 844 blandas,indeque
1798 771 2026 827 onustis

375 854 448 909 ad
482 856 714 927 propria
747 860 991 914 redeunt
1020 860 1305 929 humeris,
1340 864 1696 918 muniatores
1730 861 1927 915 dictati
1958 860 2024 929 ³⁷,

373 944 626 1000 arbitros
662 946 921 1017 ipsorum
950 950 1241 1020 dominos,
1275 968 1378 1006 nec
1409 952 1582 1007 etiam
1616 953 1674 1005 in
1725 949 2024 1022 largiendo

368 1031 554 1108 ferent
604 1035 883 1091 beneﬁcia
930 1038 1119 1108 primo
1169 1045 1326 1095 sarta
1374 1032 1511 1105 sint,
1546 1042 1592 1096 si
1638 1058 1698 1096 se
1742 1041 1919 1095 duces
1952 1055 2023 1093 an

365 1103 531 1193 larga
563 1132 921 1196 praaponent.
948 1128 1248 1184 Faanerant
1272 1130 1544 1185 inmunes
1568 1136 1624 1184 et
1655 1147 1688 1185 a
1720 1130 1951 1201 proprio
1982 1131 2025 1163 ³⁸

365 1210 607 1267 alterius
658 1213 887 1285 sibique
937 1216 1084 1271 ﬁdos
1133 1219 1486 1274 detrimento
1531 1219 1874 1290 provehunt.
1918 1217 2026 1282 Qui

366 1306 612 1356 sumunt
642 1318 742 1373 per
791 1319 939 1373 quos
970 1306 1306 1374 praaferunt,
1339 1308 1438 1362 sed
1495 1325 1609 1362 non
1646 1325 1677 1361 a
1710 1307 1926 1379 quibus
1957 1309 2019 1362 3°.

365 1388 481 1444 Hos
513 1396 746 1462 separat
790 1392 839 1447 si
872 1394 1009 1458 fors,
1042 1400 1143 1449 aut
1173 1396 1231 1449 in
1264 1413 1448 1451 unum
1484 1397 1594 1468 ipsi
1625 1397 1695 1451 ab
1744 1396 2024 1451 alterutro

366 1478 601 1549 melius,
636 1497 760 1551 quaa
811 1482 993 1535 donec
1025 1483 1084 1537 in
1116 1483 1462 1540 alterutrum
1510 1485 1731 1554 prolata
1762 1485 2020 1541 silerent.

367 1570 521 1632 Quos
552 1568 849 1639 explorare
881 1572 1119 1641 quidem
1155 1578 1423 1629 statuunt
1465 1578 1521 1629 et
1552 1576 1841 1630 instruere
1874 1593 2021 1631 sese.

364 1656 640 1727 Singulas
664 1674 693 1712 e
718 1656 935 1729 quibus
958 1677 1059 1731 per
1086 1661 1290 1717 domos
1311 1662 1468 1718 velut
1490 1663 1710 1718 semina
1738 1668 2026 1735 spargunt

366 1761 578 1817 nugas,
611 1747 764 1801 unde
796 1764 947 1819 saepe
980 1755 1229 1817 metunt,
1261 1752 1744 1824 expedientiaque
1784 1754 2024 1824 praesci-

364 1839 554 1888 scunt.
595 1835 734 1889 [linc
769 1836 982 1891 milites
1016 1838 1265 1909 primam
1297 1840 1532 1895 diluunt
1563 1840 1606 1876 ‘0
1636 1841 2023 1908 dominis,ﬁr-

365 1926 530 1977 mant
560 1923 687 1993 jam
736 1940 966 1980 servare
996 1928 1334 1993 sccundam,
1387 1946 1513 2000 quae
1564 1929 1745 1985 deerit
1798 1931 2018 2000 princi-

366 2012 538 2082 pibus
570 2012 765 2067 ﬁdem.
819 2014 967 2068 Tum
1000 2032 1064 2070 se
1094 2016 1339 2072 infamia
1379 2022 1603 2086 notant,
1636 2018 2021 2090 supplantant

365 2099 768 2168 dominos,nec
798 2103 1058 2172 dejerare
1087 2122 1407 2177 supernum
1433 2108 1839 2177 respuunt.Sic
1869 2109 2020 2163 foeda

366 2188 638 2259 cupidine
690 2189 907 2259 inlecti,
940 2191 1087 2247 levia
1117 2194 1157 2227 ⁴¹
1192 2200 1463 2265 praestare
1503 2195 1727 2251 maestis
1760 2197 1804 2230 θ’
1834 2213 2018 2267 quan-

365 2276 557 2347 doque
606 2284 936 2348 sperantur,
972 2280 1210 2351 periculi
1241 2284 1559 2355 quicquam
1590 2285 1707 2340 fors
1763 2289 1827 2339 ut
1855 2301 2017 2339 cum-

366 2381 478 2436 que
508 2365 557 2419 si
589 2366 783 2423 differt
811 2367 1086 2439 ingerunt
1115 2386 1183 2425 ex
1212 2373 1466 2442 proprio,
1500 2377 1557 2427 et
1587 2373 1945 2428 cumulando
1976 2374 2020 2407 ‘3

365 2458 764 2524 prosternunt.

437 2543 490 2596 3.
525 2543 809 2599 Scabrosa
838 2561 942 2615 par
968 2562 1204 2602 exesum
1237 2549 1462 2604 addunt
1493 2550 1673 2621 igitur
1702 2550 2015 2623 principes,

362 2631 695 2701 vadosaque
726 2634 954 2688 munire
984 2640 1194 2690 cuncta
1222 2637 1430 2704 (1620),
1456 2643 1519 2692 ut
1548 2644 1721 2710 queat
1750 2640 2016 2710 ignotum

366 2719 501 2789 quis
555 2719 636 2773 nil
674 2721 977 2777 traducere
1020 2723 1152 2779 sibi.
1204 2724 1631 2798 Praevalidaque
1680 2728 1770 2783 cui
1824 2729 2016 2783 muni-

366 2809 528 2863 mina
575 2814 791 2877 extant,
824 2812 1129 2868 obsidibus
1159 2819 1262 2869 aut
1308 2821 1600 2885 premunt,
1635 2825 1732 2871 aut
1770 2816 2019 2873 eximere

366 2898 844 2955 nituntur.lnﬁde
864 2900 912 2955 si
931 2901 1074 2957 forte
1091 2919 1341 2973 quorum
1375 2905 1619 2960 fundum
1640 2907 1842 2961 credas
1866 2923 2020 2961 com-

368 2984 597 3041 mittere
627 2991 817 3059 tuum,
844 2994 908 3043 ut
936 2996 1164 3045 servent
1193 2992 1432 3058 tibi,aut
1454 2994 1762 3049 hominum
1797 2995 1847 3049 si
1879 2996 2019 3049 titu-

367 3072 491 3128 lum
524 3075 785 3146 ipsorum
808 3093 976 3133 cures
996 3080 1294 3151 imponere
1312 3081 1498 3137 ullum
1523 3084 2021 3150 heredibus,hunc

369 3164 621 3235 propriis
652 3164 907 3236 elogium
940 3169 1123 3241 (1621)
1153 3175 1355 3226 tenent
1386 3172 1576 3227 metiri
1600 3174 1727 3242 jam
1760 3172 1893 3228 inde
1915 3173 2018 3227 do-

2136 592 2320 647 ditata
2350 592 2664 664 tranquille
2696 593 2933 648 reddere
2958 591 3196 647 cuilibet
3224 590 3456 646 valeant
3481 590 3736 647 inibi.Au-

2136 680 2316 735 matia
2363 682 2546 752 (1622)
2594 681 2651 735 in
2701 699 2815 753 qua
2863 685 3131 736 statuunt
3177 685 3233 735 et
3281 680 3523 751 tristega
3566 696 3737 752 conpo-

2135 772 2380 824 nunt.At
2413 774 2721 841 postquam
2752 770 3011 825 labentes
3044 768 3380 841 perﬁxerint
3410 768 3588 823 solide
3615 771 3737 838 plan-

2134 862 2245 928 tas,
2280 859 2480 930 jurgia
2535 864 2660 913 tum
2720 875 3017 930 percerum
3072 858 3299 912 animos
3353 856 3508 911 inter
3560 856 3739 929 digesta

2135 953 2445 1018 reponunt,
2477 947 2907 1003 adversantium
2958 963 3137 1018 seque
3167 950 3436 1000 utrorum
3475 946 3741 1001 adﬁrmant

2135 1053 2261 1091 esse
2311 1037 2519 1093 socios.
2550 1038 2711 1102 Quod
2762 1053 2992 1107 quoque
3030 1052 3294 1107 perverse
3343 1034 3647 1106 fungantur
3671 1036 3739 1090 in-

2135 1126 2281 1180 ﬁdos
2329 1126 2400 1193 ei,
2435 1132 2491 1180 et
2537 1125 2763 1180 zemulis
2815 1125 3078 1195 aemulos,
3110 1129 3391 1179 accusant
3441 1122 3739 1193 plagiatcres

2135 1216 2319 1285 (1623)
2371 1220 2625 1270 semotos
2675 1219 2931 1286 arguunt
2991 1212 3233 1268 crimine
3282 1216 3471 1277 tanto,
3522 1211 3741 1282 pharetra

2136 1304 2316 1375 (1624)
2350 1321 2421 1359 ne
2475 1305 2764 1375 pandetur
2792 1303 3014 1374 iniqua,
3047 1301 3309 1357 mordeat
3337 1305 3399 1355 et
3438 1316 3740 1371 quemquam

2136 1394 2255 1448 fore
2285 1393 2682 1448 indifferenter
2714 1392 3009 1463 ingratum
3042 1393 3104 1445 “.
3139 1390 3370 1445 Accitos
3401 1394 3609 1443 canunt
3634 1406 3741 1459 prae-

2136 1482 2757 1552 clues,discidiumque
2790 1482 3109 1553 perdurant
3138 1478 3520 1534 contestando
3543 1478 3742 1545 sacris”,

2136 1590 2207 1627 ne
2237 1571 2414 1627 simul
2468 1572 2538 1625 ad
2574 1570 2884 1642 pristinum
2940 1570 3128 1640 (1625)
3171 1568 3416 1623 redeant
3446 1582 3574 1620 cum
3617 1566 3741 1636 ipsis,

2133 1662 2317 1715 donec
2350 1661 2406 1715 in
2442 1660 2559 1715 imo
2608 1663 2931 1714 versentur.
2963 1659 3087 1713 Non
3120 1660 3567 1728 sequestrantur
3591 1660 3634 1707 et
3661 1655 3742 1725 ipsi

2132 1750 2354 1805 indices
2404 1751 2466 1814 ιδ,
2519 1749 2672 1804 haud
2727 1764 2896 1803 secus
2925 1746 3126 1803 ethos
3176 1743 3469 1800 revolvere
3517 1743 3739 1797 nitentes.

2132 1841 2295 1894 Tunc
2326 1838 2586 1893 crinibus
2617 1839 2659 1871 ‘7
2690 1835 2917 1907 plaudit
2944 1834 3159 1891 Alecto.
3256 1846 3261 1847 '

2200 1929 2251 1981 4.
2272 1928 2549 1982 Versutas
2581 1930 2641 1980 at
2654 1926 2813 1981 vafer
2836 1924 2941 1979 bas
2973 1924 3021 1979 si
3040 1924 3172 1995 quis
3202 1919 3573 1994 praesenserit
3589 1935 3738 1981 curas,

2128 2020 2393 2072 susurrat
2438 2016 2665 2070 deserta
2699 2014 2913 2069 fuerint
2943 2013 3065 2068 haec
3113 2012 3161 2068 si
3195 2016 3252 2067 et
3281 2010 3501 2065 infecta
3544 2006 3735 2071 valebit,

2128 2123 2242 2161 non
2292 2104 2554 2160 insontes
2606 2103 2791 2169 luant,
2828 2119 2976 2174 quos
3026 2117 3130 2156 nec
3179 2116 3432 2156 censura
3461 2099 3503 2141 ιδ
3555 2096 3733 2166 fatigat.

2127 2194 2422 2249 Premitur
2449 2198 2574 2248 tum
2606 2193 2846 2248 horrore
2875 2191 3171 2246 bronchus
3201 2191 3265 2258 ‘9,
3297 2194 3353 2245 et
3387 2186 3553 2243 exilis
3580 2186 3639 2239 ad
3666 2199 3738 2238 au-

2129 2301 2221 2339 ras
2256 2282 2639 2339 stridentibus
2682 2281 2874 2336 evadit
2900 2297 3008 2336 vox
3057 2279 3325 2352 postibus
3375 2278 3443 2345 ⁸ο,
3477 2274 3739 2344 lividisque

2129 2371 2386 2444 pupillis,
2407 2370 2717 2443 praestigiis
2748 2386 3005 2442 urguens
3037 2367 3236 2441 politis
3265 2368 3307 2403 ⁶¹
3341 2366 3536 2422 edicta
3558 2362 3735 2418 fulcire.

2128 2462 2413 2533 Stigmate
2442 2460 2537 2513 hic
2585 2458 2703 2514 veri
2735 2459 2936 2513 rabido
2968 2462 3205 2513 notatur
3251 2456 3542 2519 adsertor,
3572 2458 3628 2507 ut
3652 2450 3739 2504 dis-

2128 2550 2417 2621 cerpenda
2464 2548 2812 2619 quantocius
2844 2548 3057 2619 praeda.
3100 2545 3456 2616 Mastrugati
3484 2541 3649 2614 (1626)
3676 2540 3739 2592 in-

2126 2643 2355 2695 tentant
2385 2654 2519 2694 cum
2568 2636 2813 2708 scorpiis
2845 2635 3217 2708 tragelaphos
3247 2635 3463 2703 (1627),
3494 2627 3741 2702 quomodo

2128 2728 2346 2797 Parthi,
2380 2726 2626 2799 praevius
2686 2730 2741 2781 et
2767 2724 3042 2797 gradiens
3092 2724 3189 2778 leti
3226 2721 3543 2794 captaverit
3586 2733 3741 2779 auras,

2129 2818 2367 2889 agmina
2398 2833 2459 2871 se
2479 2816 2627 2870 duce
2642 2826 2784 2869 tunc
2806 2814 3098 2884 pecudum
3122 2817 3516 2882 contorquens
3536 2824 3629 2880 per
3643 2816 3743 2859 aera

2129 2908 2317 2976 fugat,
2351 2907 2604 2974 imputat
2634 2904 2981 2967 arcitenens,
3007 2902 3158 2973 quod
3194 2902 3285 2955 cui
3320 2898 3592 2971 prostrati
3621 2894 3744 2966 quis'

2130 3011 2243 3066 que
2275 2994 2525 3048 fuissent
2553 3009 2669 3047 non
2700 2990 3300 3061 omnes,blasphemat
3330 2989 3648 3060 imprecans
3672 2998 3741 3036 so-

2128 3084 2249 3139 lum
2286 3098 2457 3153 quem
2510 3085 2568 3136 et
2597 3096 2941 3153 conpescere
2993 3079 3217 3150 fatigat,
3271 3078 3429 3133 valet
3477 3077 3525 3131 si
3569 3075 3742 3129 ducum

2131 3172 2214 3228 sic
2247 3171 2345 3242 qui
2394 3186 2744 3243 cognoscere
2775 3169 3007 3224 fraudes
3063 3166 3368 3239 protulerit
3399 3166 3460 3220 in
3510 3162 3742 3221 medium,

369 3256 598 3321 tatum;
631 3270 661 3309 e
693 3256 919 3310 cunctis
953 3257 1092 3312 utile
1122 3258 1232 3313 sibi
1266 3259 1583 3327 vindicant,
1609 3261 1887 3332 quicquid
1919 3264 2026 3326 est,
2062 3246 2104 3313 C
2141 3260 2489 3315 Abscidibus
2539 3264 2597 3314 et
2627 3257 2881 3314 camuris
2918 3272 3207 3312 consonos
3258 3255 3543 3310 mandant
3587 3247 3746 3321 plastis

372 3356 561 3412 neque
608 3343 940 3416 dispergere
985 3352 1214 3416 ponunt
1243 3353 1466 3418 partem
1518 3350 1575 3404 in
1610 3366 1726 3418 eos,
1765 3351 1865 3422 qui
1914 3350 2028 3405 sal-

371 3429 476 3483 tim
528 3439 873 3501 paraverant
904 3433 1066 3489 olim.
1101 3434 1340 3491 Concilii
1391 3438 1533 3507 quin
1567 3456 1729 3495 arces
1771 3443 2027 3506 struunt,

2140 3348 2341 3404 caelare
2387 3348 2664 3417 coruscis,
2699 3346 2978 3402 martisiis
3008 3345 3191 3416 (1628)
3221 3344 3559 3413 intritisque
3599 3335 3744 3409 (1629)

2140 3437 2492 3510 frequenter,
2523 3440 2582 3492 et
2626 3435 2979 3492 hemistibus
3009 3433 3192 3505 (1630)
3234 3433 3537 3496 advocant,
3568 3432 3625 3483 ut
3648 3438 3744 3481 sese

1924 3572 2235 3629 GLOSSZE.

445 3681 489 3715 ³⁸
514 3681 731 3759 pefecti
766 3682 1055 3759 majores.
1116 3685 1159 3719 ³⁷
1186 3684 1359 3759 Regis
1409 3687 1725 3742 consiliarii
1774 3689 2109 3759 frequenter
2153 3686 2361 3743 vocati.
2436 3687 2482 3719 ³⁸
2514 3687 2815 3759 Immunes
2845 3701 2879 3739 a
2907 3682 3165 3759 proprio.
3197 3681 3251 3735 id
3286 3684 3396 3759 est
3422 3697 3457 3759 _a
3495 3694 3609 3747 suo,
3637 3673 3743 3759 quia

378 3752 448 3824 de
480 3751 718 3807 alterius
749 3751 1100 3810 detrimento
1153 3772 1251 3811 eos
1271 3751 1566 3824 ‘f'enerant,
1602 3759 1656 3813 id
1707 3766 1795 3814 cst
1842 3751 2171 3814 munerant.
2250 3760 2295 3793 ³ο
2326 3759 2483 3813 [dest
2512 3775 2546 3811 a
2575 3756 2850 3811 dominis.
2907 3751 2972 3790 ’³ο

3056 3753 3303 3809 issinant
3351 3752 3439 3807 vel
3486 3750 3738 3806 evacuant.

450 3826 749 3893 Prospera.
792 3825 1519 3906 “(Tristibus-dominis.”
1557 3823 1607 3863 7‘3
1640 3830 1939 3906 Implendo
1990 3830 2210 3906 scilicet
2239 3829 2587 3906 periculum.
2666 3829 3004 3906 “__Exosum.
3081 3823 3547 3906 “durandonper
3592 3833 3738 3906 ξῇετῆ·

375 3895 420 3929 “
477 3890 778 3950 Auc'tores.
838 3898 897 3970 4‘7
947 3897 1308 3970 Serpentinis
1356 3900 1636 3956 crinibus.
1706 3890 1750 3942 ‘5
1798 3903 1927 3958 Lex.
2009 3903 2053 3936 ⁴⁹
2100 3890 2402 3958 Bronchus
2467 3899 2814 3955 eminentior
2860 3916 2995 3970 pars
3046 3896 3322 3970 gutturis.
3399 3890 3468 3929 ⁵0⁷
3488 3890 3737 3949 Dentibus.

377 3970 573 4021 Postes
602 3982 735 4023 vero
765 3968 904 4035 oris,
937 3968 1141 4025 dentes
1172 3975 1329 4026 sunt.
1408 3973 1450 4007 ⁵1
1482 3972 1795 4029 Affectatis.

1736 4099 2037 4155 SCHOLIA
2075 4098 2165 4153 ET
2202 4097 2428 4152 NOT/E.

450 4207 634 4285 (1626)
664 4208 1202 4285 Statuuntquidem
1232 4216 1425 4285 castra
1454 4213 1512 4267 in
1537 4214 1845 4285 praeruptis
1868 4230 2034 4267 mon-

381 4278 677 4345 tium,sive
708 4278 1057 4336 transitibus
1078 4282 1391 4338 fluminum
1413 4278 1686 4340 custodes
1706 4278 1881 4340 etiam
1904 4301 2036 4339 con-

380 4350 654 4416 stituunt,
690 4357 755 4405 ut
785 4351 1029 4418 nulli,se
1057 4353 1373 4424 incognito,
1408 4356 1806 4412 transmeandi
1842 4358 2037 4427 pateat

380 4437 671 4477 accessus.

452 4493 634 4567 (1621)
669 4490 866 4567 Elogia
915 4494 1191 4567 dicuntur
1216 4496 1546 4567 ignominiaa
1578 4498 1695 4553 sive
1745 4504 1891 4554 nota:
1923 4497 2034 4552 cri-

382 4563 633 4641 minum.
666 4564 870 4641 elogia
899 4582 1031 4621 vero
1064 4563 1340 4641 dicuntur
1369 4569 1629 4641 convivia
1657 4595 1670 4636 ;
1705 4571 1870 4630 bene.
1896 4570 2035 4641 quia

381 4636 607 4711 antiqui
638 4635 879 4711 silentes
909 4642 965 4691 et
996 4638 1173 4708 quieti
1205 4640 1588 4711 prandebant.
1611 4642 1869 4697 Moderni
1900 4635 2033 4697 vino

380 4705 439 4783 in
486 4708 764 4783 conviviis
814 4705 1061 4778 utentes,
1095 4705 1227 4765 cum
1279 4728 1393 4783 quo
1425 4729 1537 4767 non
1588 4719 1675 4767 est
1706 4714 1793 4769 fas
1837 4719 2033 4769 custo-

2144 4214 2397 4267 ferarum
2431 4211 2698 4266 habitum
2730 4209 3135 4265 transformari
3163 4208 3493 4263 videantur.
3514 4208 3647 4275 Apta
3670 4214 3739 4277 ve;

2144 4283 2467 4353 natoribus,
2520 4288 2576 4337 et
2623 4281 2872 4353 maxime
2920 4280 3239 4352 sagittariis
3276 4295 3466 4353 :rnam
3512 4268 3628 4331 fere
3666 4268 3741 4325 tali

2145 4356 2335 4427 specie
2366 4352 2650 4427 deceptae,
2674 4352 2841 4427 facile
2871 4354 2949 4427 a_b_
2975 4353 3120 4423 ipsis
3148 4352 3618 4427 propinquantum

2213 4418 2849 4505 (1627)_Tragelaphus
2896 4418 3051 4505 idefn
3094 4418 3201 4505 est,
3247 4418 3408 4505 quod
3439 4418 3739 4505 etnplatace-

2144 4491 2247 4553 ron
2288 4498 2348 4551 in
2382 4491 2882 4563 'Deutewronomio;
2917 4495 3132 4550 animal
3185 4491 3317 4549 latis
3364 4491 3641 4563 cornibus,
3667 4499 3738 4563 ftaj

2144 4570 2277 4623 dem
2326 4584 2485 4640 paene
2534 4568 2723 4638 specie
2774 4572 2835 4640 ut
2871 4556 3055 4640 cervi,
3085 4566 3330 4640 villosos
3361 4568 3561 4640 _tamen
3606 4556 3739 4640 habet

2144 4627 2360 4708 armos,
2403 4627 2665 4715 mentum
2698 4638 3010 4715 prolixum,
3038 4627 3284 4715 barbam
3319 4635 3609 4715 birsptam.
3639 4627 3737 4715 ῌξξο

2144 4700 2358 4767 ctenim
2393 4710 2668 4765 animalia
2698 4700 2875 4780 'juxta
2904 4700 3210 4764 Phasidem
3252 4710 3406 4763 sunt.
3440 4703 3623 4761 Latine
3647 4700 3736 4753 bir-

381 4777 504 4866 dire
535 4772 1139 4866 silentiumtqumrunt
1165 4772 1318 4863 inter
1350 4784 1555 4854 pocula
1586 4787 1743 4866 quod.
1772 4784 1868 4866 dia
1900 4802 2032 4866 poe-
2063 4772 2110 4835 D
2142 4799 2435 4866 cocelrvus:

380 4854 539 4904 mata
571 4856 825 4907 narrent.
848 4854 991 4907 Ante
1022 4853 1413 4909 inventionem
1446 4853 1659 4910 etenim
1693 4856 1811 4910 vini
1844 4853 2029 4911 nemi-

383 4920 795 4995 nemglegimus
825 4923 889 4995 in,
914 4925 1173 4995 prandiis
1206 4926 1385 4980 fuisse
1417 4926 1701 4981 locutum.

456 4992 639 5067 (1622)
661 4992 932 5067 Aumatia
961 4993 1087 5049 loca
1127 5002 1265 5049 sunt
1289 5002 1509 5052 secreta
1542 4999 1598 5051 in
1632 4998 1878 5052 theatro.
1914 5000 2033 5067 (In-

381 5061 633 5144 ﬁdeliter
662 5064 921 5144 Mansius
954 5067 1415 5144 humgtja.i\1x1.)

2213 4854 2395 4924 (1628)
2424 4852 2743 4907 Martisium
2794 4855 2883 4907 est
2911 4850 3076 4924 cibus
3123 4851 3183 4905 in
3228 4848 3495 4905 mortario
3540 4846 3734 4901 factum.

2145 4922 2388 5002 undeet
2420 4940 2632 5002 nomen
2662 4922 3011 5002 adsumpsit.
3109 4993 3119 5002 .
3422 4992 3432 5002 _

2216 4998 2402 5068 (1629)
2432 4995 2726 5070 Intritutn
2751 4988 3039 5065 siqu-idem
3064 4992 3347 5070 (similiter
3367 4990 3547 5070 _cibus_
3567 4988 3659 5070 fast,
3684 4995 3737 5070 ςξ

2146 5059 2294 5138 pane
2326 5059 2448 5144 arte
2479 5059 3205 5144 cocinaria‘pirmparatum-
3240 5064 3435 5144 Panis~
3460 5059 3733 5144 quidem-if
