4008 5388
201 445 319 506 869

1643 434 2170 499 POLYPTICUM.

3489 444 3609 507 870

204 592 398 634 nemo.
422 574 541 646 Ops
568 572 752 645 (1646)
782 570 955 643 longe
983 568 1333 636 considerat,
1368 585 1470 626 nec
1500 574 1723 639 partem
1757 586 1846 626 se-
1878 574 1927 637 Α
1962 570 2369 642 promissaque
2395 571 2723 644 requirunt,
2775 577 2857 629 ut.
2886 578 3099 646 surgat
3133 574 3193 630 in
3246 576 3520 633 adversos
3551 581 3607 633 et

206 682 341 722 cum
374 664 433 719 in
460 662 554 719 his
582 663 915 733 prospectat
943 659 1126 729 (1647)
1158 658 1440 714 buteones
1469 659 1530 692 ¹⁰¹
1556 675 1703 729 quos
1724 674 1853 713 neo-

204 754 368 811 terici
402 752 645 819 stipant,
679 764 929 822 quorum
959 747 1273 820 plaudente
1304 751 1537 802 caterva
1563 746 1852 802 mucisso-

206 858 340 899 nem
374 842 443 877 ¹⁰³
473 839 677 897 audies
706 837 843 893 velit
872 836 923 891 si
954 836 1191 908 opipare
1218 851 1352 890 cum
1400 834 1564 906 ipsis,
1597 834 1859 890 obsoleta

207 931 449 988 veritate
477 928 753 1000 proferre.
787 925 830 981 Ο
860 930 1125 996 tempora
1156 941 1282 996 quin
1314 922 1600 980 celebrem
1632 929 1856 995 protra~

206 1019 351 1075 hitis
374 1017 444 1073 ad
464 1016 726 1088 judicem
751 1011 1405 1081 nullum,insistantetsi
1427 1010 1648 1067 rustici!
1676 1010 1859 1066 Busti-

207 1112 340 1165 ceta
372 1106 443 1142 ¹⁰⁴
472 1104 788 1169 recolo,sed
814 1118 927 1157 non
952 1100 1317 1172 qualesistos
1338 1116 1625 1171 prepenso
1644 1099 1858 1154 librare

208 1194 582 1267 prospiciunt
612 1192 786 1249 rebus
816 1189 1085 1247 consules
1107 1190 1207 1261 qui
1225 1189 1309 1245 sic
1333 1194 1541 1243 cuncta
1563 1188 1856 1244 secundis.

205 1284 521 1358 Symposia
544 1283 687 1336 dum
718 1279 1089 1353 protrahunt,
1123 1284 1357 1333 resonat
1386 1277 1588 1332 inﬂata
1632 1294 1733 1348 per
1763 1295 1857 1331 ur-

203 1376 428 1439 bem,et
458 1387 800 1443 repercussa
831 1367 1084 1424 modulis
1116 1367 1449 1438 fidibusque
1481 1366 1712 1437 pulsata
1734 1383 1860 1438 pro-

206 1463 403 1519 ductis
452 1459 679 1516 musica
711 1475 724 1513 :
754 1475 864 1512 vox
906 1457 1042 1512 inde
1091 1472 1305 1511 canora
1352 1455 1721 1526 suppeditat;
1764 1454 1863 1508 dat

208 1551 383 1608 Istria
423 1548 607 1619 (1648)
655 1546 861 1602 saltus.
913 1543 1225 1616 Invigilant
1273 1542 1561 1615 perpetim
1603 1542 1863 1597 defecata

208 1638 568 1695 confundere
606 1635 893 1707 pincernas
943 1633 1076 1687 vina
1123 1630 1301 1687 simul
1352 1636 1601 1697 nectare,
1652 1634 1711 1685 et
1756 1647 1861 1686 caac

208 1727 357 1783 liam
387 1725 570 1797 (1649)
600 1724 965 1793 siceramque
997 1720 1351 1787 ministrant,
1386 1725 1455 1774 ut
1484 1719 1687 1791 fugent
1730 1736 1861 1790 par-

210 1832 335 1883 cos,
367 1819 425 1868 et
455 1812 778 1869 temulenta
804 1808 1097 1865 resolvant
1128 1804 1772 1880 corpora.Prodentium
1797 1809 1863 1842 ¹⁰⁵

209 1904 351 1959 hinc
372 1903 485 1959 heu
507 1901 672 1958 nefas
694 1898 996 1957 cachinnis
1027 1897 1129 1968 qui
1151 1912 1385 1969 quoque
1422 1895 1673 1969 petulcis
1696 1913 1865 1968 pers-

210 1990 729 2065 trepunglascivas
750 1992 808 2044 et
832 1991 1036 2043 mutuo
1057 1985 1341 2058 instigant
1361 2001 1422 2041 se
1436 1984 1756 2056 jaculando
1780 1984 1861 2038 fa-

211 2081 418 2139 bellas.
454 2083 701 2152 Stupera
730 2082 874 2132 tunc
904 2074 1204 2131 inlecebrae
1253 2078 1576 2147 suggerunt
1616 2074 1864 2130 incesta-

213 2188 352 2245 que.
370 2171 440 2226 Et
468 2168 620 2226 servi
649 2165 905 2223 dominis
935 2164 1395 2236 circumquaque
1427 2163 1775 2219 bacchantes
1805 2161 1864 2216 in

213 2261 312 2318 his
350 2257 759 2331 morigerando
789 2258 1154 2327 pernoctant.

288 2352 345 2403 9.
378 2347 489 2405 Sed
523 2362 630 2403 nec
660 2345 760 2401 diu
780 2342 1005 2416 perfrui
1035 2341 1129 2397 his
1159 2340 1410 2412 alicujus
1460 2340 1586 2398 sine
1617 2339 1736 2396 zelo
1766 2356 1866 2411 po-

218 2441 579 2507 terunt,cum
612 2434 735 2491 sint
761 2432 965 2488 ordine
1012 2447 1181 2502 pares
1229 2430 1471 2498 ceteris,
1505 2432 1561 2484 et
1588 2432 1753 2485 tanta
1782 2428 1866 2483 di-

222 2526 451 2599 gnitate
483 2520 877 2596 praepolleant.
897 2520 1041 2577 Nam
1074 2519 1239 2575 labor
1267 2518 1661 2585 concordiam,
1693 2517 1871 2572 disci-

221 2616 389 2672 dium
421 2610 733 2670 insolentia
764 2607 1304 2683 parat.Accelerant
1333 2607 1601 2662 semotim
1632 2607 1869 2677 pariter,

227 2710 287 2759 et
340 2720 403 2759 se
452 2702 621 2759 unire
650 2701 929 2763 minores,
962 2700 1252 2769 majorum
1286 2696 1342 2750 in
1373 2695 1613 2766 injuria,
1644 2694 1874 2765 sibique

226 2792 426 2849 deberi
473 2794 791 2846 caueantur
848 2786 1102 2859 plurima
1158 2802 1282 2855 quae
1338 2786 1611 2850 retinent,
1661 2788 1719 2836 et
1774 2800 1875 2837 ex—

223 2881 513 2954 aequanda
545 2878 834 2948 castigant
865 2875 952 2928 ‘05.
984 2872 1075 2927 Hii
1126 2876 1405 2942 superant
1447 2870 1779 2942 agmnibus,
1823 2874 1880 2925 et

223 2976 349 3025 toto
381 2970 561 3024 fervet
589 2966 796 3020 robore
814 2960 1313 3017 virtus.Maturior
1334 2959 1451 3014 illis
1474 2975 1683 3014 sensus
1703 2959 1875 3029 viget,

225 3057 445 3114 excellu
457 3052 945 3125 ntqueopibus,et
965 3050 1246 3105 moenium
1261 3047 1623 3103 sublimitate
1646 3048 1878 3103 firman-

224 3145 461 3200 tur.Sed
492 3148 688 3197 tamen
719 3138 1273 3209 considerant,quod
1307 3135 1511 3192 ebullit
1541 3137 1880 3207 extinguere

226 3231 555 3289 invalidum
577 3231 642 3266 ¹⁰⁷
674 3244 822 3296 esse,
857 3227 917 3282 ni
948 3230 1211 3282 statuant
1239 3225 1586 3297 principem,
1618 3225 1727 3278 sub
1760 3240 1875 3294 quo

1898 1947 1945 2011 B

1964 658 2191 713 docent.
2226 658 2372 722 Quid
2407 660 2614 716 faciet?
2644 662 2935 719 Poteritnc
2966 668 3249 736 utrasque
3276 665 3457 721 vitare
3488 667 3605 721 rui-

1964 747 2421 817 nas(1650)?Sed
2454 766 2558 805 nec
2590 751 2822 822 ingenia
2851 752 3257 824 suffragantur
3278 754 3606 826 inepto.Re-

1966 839 2081 892 stat
2103 841 2167 890 ut
2189 852 2387 891 osores
2409 837 2952 911 eil'ugiat,vacetque
2969 841 3535 913 privatungnavnm
3554 844 3608 899 si

1964 941 2098 980 vero
2133 941 2196 980 se
2234 926 2490 996 primum
2527 927 2914 998 propalaverit
2945 934 3088 995 arte,
3119 929 3362 1002 eluceat,
3394 936 3450 987 et
3478 948 3611 1004 pro-

1966 1014 2127 1069 tinus
2158 1014 2468 1085 prudentia
2486 1014 2815 1072 diademate
2843 1017 2903 1071 in
2934 1034 3048 1088 quo
3080 1018 3306 1075 favente
3328 1020 3461 1077 odia
3482 1037 3609 1092 per-

1968 1102 2151 1156 territi
2182 1101 2449 1158 clanculo
2479 1108 2602 1159 tum
2624 1103 2818 1175 sopire
2849 1112 3183 1176 procurant,
3214 1124 3420 1164 rursus
3447 1113 3504 1165 et
3550 1109 3611 1165 in

1969 1206 2150 1245 unum
2185 1207 2246 1245 se
2276 1191 2550 1247 reducere
2581 1198 2871 1259 mussant,
2908 1194 3151 1263 hujusce
3194 1201 3359 1266 pacto
3394 1201 3614 1267 queant

1968 1278 2209 1333 herilem
2244 1284 2307 1333 ut
2336 1280 2547 1334 iterum
2577 1284 2834 1336 retexere
2867 1287 3111 1352 pestem,
3145 1299 3272 1354 qua
3301 1284 3483 1357 (1651)
3516 1302 3610 1342 co-

1969 1367 2231 1439 gnitione
2262 1367 2419 1423 clara
2448 1385 2553 1422 nec
2587 1375 2859 1439 poterunt
2889 1369 3231 1427 delitescere
3259 1372 3392 1427 duci
3423 1390 3435 1427 :
3471 1391 3615 1444 quas

1970 1454 2201 1511 abolere
2214 1472 2403 1527 nugas
2426 1462 2737 1528 paratcum
2758 1458 3082 1529 nugacibus
3104 1462 3616 1527 unazQuemetiam

1971 1545 2226 1599 adversae
2257 1544 2402 1600 solio
2421 1550 2474 1600 et
2498 1545 2609 1617 ipsi
2634 1547 2893 1617 gestiunt
2916 1547 3221 1604 excludere
3239 1550 3314 1604 ab
3335 1558 3503 1606 aucto
3528 1552 3616 1607 “0.

1974 1634 2307 1704 impediunt
2334 1651 2481 1704 quos
2513 1634 2833 1706 plurimum
2862 1652 2989 1707 qua:
3022 1638 3405 1708 precedentia
3433 1640 3619 1710 (1652)

1971 1722 2179 1777 ducem
2212 1722 2549 1789 informant,
2582 1724 2940 1779 arbitrentur
2966 1742 3032 1780 ac
3062 1726 3111 1780 si
3145 1727 3396 1782 verenda
3426 1726 3545 1783 hinc
3560 1731 3621 1783 et

1973 1812 2256 1866 duntaxat
2285 1817 2472 1867 semet
2501 1811 2815 1883 opinentur
2862 1813 3107 1870 deficere
3138 1814 3196 1869 in
3237 1814 3380 1885 ipsis
3410 1815 3615 1886 (1653).

1972 1900 2134 1954 Tunc
2166 1916 2398 1970 quoque
2427 1916 2601 1973 gazas
2619 1900 2882 1972 dirigunt
2911 1901 3115 1958 heroes
3145 1902 3378 1959 eminus
3395 1905 3621 1960 condu-

1975 2004 2102 2044 cere
2132 1986 2419 2044 sibi.llinc
2439 1990 2706 2060 augenda
2736 1994 2938 2046 tenent
2968 1990 3179 2047 solatia
3209 1994 3301 2047 1“.
3326 1993 3622 2049 Extimnm

1977 2076 2116 2147 quin
2151 2078 2325 2133 etiam
2358 2080 2533 2148 atque
2563 2078 2871 2134 robustum
2894 2078 3029 2134 inde
3050 2096 3395 2151 promovere
3420 2087 3628 2153 parant

1978 2166 2204 2233 ducem,
2238 2170 2295 2221 et
2324 2166 2673 2222 submitterd
2705 2165 2869 2222 colla.
2908 2168 3059 2223 Tum
3091 2169 3327 2239 quidem
3367 2171 3622 2241 (1654)...

1978 2253 2272 2325 suifragia,
2304 2258 2361 2309 et
2389 2255 2645 2326 primum
2679 2271 2779 2326 per
2805 2255 3050 2313 vicarius
3079 2257 3129 2312 si
3160 2273 3275 2313 non
3314 2258 3488 2315 fuerit
3535 2261 3625 2315 fas

1979 2342 2269 2398 celebrare
2299 2346 2637 2408 conventus,
2672 2344 2887 2414 quibus
2918 2344 3145 2415 digesta
3191 2346 3535 2403 diﬂ‘eranitur
3569 2349 3622 2404 si

1978 2432 2102 2487 1]ωο
2126 2432 2463 2504 imperfecta
2491 2432 2789 2503 paulisper
2816 2433 3106 2489 deficient.

2054 2522 2138 2575 10.
2172 2520 2442 2575 Prassidis
2473 2520 2719 2577 interius
2751 2536 2855 2576 nec
2879 2522 3132 2577 cessabit
3161 2525 3462 2594 praesentis
3485 2544 3621 2583 cono

1982 2628 2191 2665 cursus
2224 2609 2420 2664 saevire
2451 2610 2627 2676 furor,
2660 2609 3029 2681 torpebitque
3058 2611 3371 2684 depascere
3405 2621 3627 2672 sontes.

1984 2699 2452 2768 Perpetitores“2
2471 2698 2526 2752 in
2552 2714 2873 2769 supernum
2896 2704 3028 2769 aget
3044 2701 3273 2756 enixius
3294 2703 3515 2760 hostire
3538 2707 3631 2774 “3,

1985 2786 2299 2842 subversis.
2336 2787 2475 2841 Etsi
2506 2786 2813 2841 subvenire
2858 2793 3061 2857 parent
3106 2788 3198 2844 his
3247 2790 3385 2846 olim
3437 2795 3631 2864 prodi-

1988 2892 2113 2930 cere
2137 2876 2204 2909 ¹¹⁴
2227 2891 2373 2944 quos
2398 2892 2553 2945 saepe
2576 2874 2883 2929 salutando
2904 2877 3629 2951 tentabant;hocprimum

1988 2964 2238 3019 labentis
2271 2968 2334 3017 ut
2364 2964 2529 3017 famae
2555 2962 2795 3043 sibilum
2830 2966 3430 3037 persenserint,immo
3452 2970 3629 3026 decli-

1988 3058 2149 3117 nant,
2181 3052 2430 3124 vigentis
2462 3051 2720 3107 referunt
2763 3046 2819 3107 et
2869 3054 3036 3109 ducis
3086 3055 3158 3110 ad
3207 3073 3379 3112 aures
3415 3058 3627 3129 ipsius,

1988 3142 2142 3211 quod
2175 3158 2208 3195 a
2240 3140 2487 3211 propriis
2519 3140 2690 3195 fuerit
2721 3140 3007 3197 militibus
3030 3145 3210 3214 pestis
3234 3147 3313 3200 ad
3340 3146 3502 3218 ipsos
3530 3166 3627 3205 ex-

1988 3230 2207 3300 quisita
2236 3228 2432 3293 nimis,
2464 3246 2717 3300 quorum
2755 3229 2990 3286 animus
3035 3232 3245 3303 poterit
3280 3237 3631 3304 persuadere

217 3322 328 3377 sed
361 3337 424 3376 se
455 3323 715 3375 statuere
744 3313 1373 3373 recusant.Consilium
1404 3313 1609 3368 ineunt
1635 3312 1874 3366 tandem
1907 3313 1948 3377 C
1988 3318 2207 3385 nullus,
2240 3323 2297 3373 et,
2324 3318 2563 3373 caritate
2590 3318 2794 3374 relicta
2822 3319 3096 3375 inﬁciunt
3142 3338 3270 3393 qua
3313 3328 3508 3380 metu;
3536 3326 3633 3383 de.

220 3424 560 3481 praeponere
589 3406 701 3462 sibi
735 3404 1036 3473 stolidum,
1071 3402 1375 3475 perﬁciant
1405 3418 1530 3473 qua;
1561 3405 1701 3455 sunt
1718 3416 1874 3455 com-

223 3499 406 3555 moda
429 3513 533 3568 per
563 3493 1075 3568 quem,inquirere
1104 3508 1209 3548 nec
1242 3491 1555 3563 quicquam
1590 3489 1742 3556 illos,
1775 3489 1875 3561 qui

222 3587 318 3643 vel
347 3602 619 3643 recusare
650 3588 985 3654 praesumat.
1015 3580 1218 3636 Divina
1248 3584 1464 3652 cogunt
1493 3578 1669 3635 etiam
1700 3594 1875 3649 quem

220 3677 349 3732 hinc
375 3680 584 3732 testare
608 3691 708 3746 per
725 3673 1243 3737 sacra.Incassum;
1271 3670 1444 3724 fuerit
1463 3685 1598 3723 nam
1625 3683 1877 3739 cumque

226 3763 583 3839 praelatus,si
617 3763 797 3819 hebes
829 3760 1168 3834 perstiterit,
1191 3759 1487 3815 luctamen
1520 3757 1713 3812 deluet
1745 3755 1873 3810 nul-

223 3853 679 3923 lum.Adjicient
699 3851 843 3923 quin
873 3850 1049 3905 etiam
1074 3850 1321 3920 juvenes
1346 3846 1693 3919 priscisjam
1715 3847 1878 3901 dero-

223 3960 366 4017 gare
398 3944 680 4013 potenter.
712 3940 826 3995 Nec
856 3937 1163 3994 dominum
1195 3936 1490 4007 excipiunt
1538 3936 1625 3999 “’3,
1676 3934 1734 3989 ni
1781 3951 1877 3989 se-

223 4036 504 4105 gregetur
532 4030 604 4084 ab
637 4028 773 4083 illis.
807 4028 913 4092 Qui
948 4032 1150 4082 contra
1178 4024 1411 4081 facundi
1435 4023 1681 4079 rudibus
1706 4024 1877 4078 10"in-

226 4122 410 4193 ﬁgere
450 4118 737 4175 deteriora
789 4118 1115 4181 minantur,
1157 4120 1213 4171 et
1258 4119 1524 4171 exercent
1551 4114 1878 4169 dominum.

1986 3408 2191 3463 luerat.
2228 3407 2585 3478 Talibusque
2633 3408 2930 3479 ﬁgmentis
2983 3409 3204 3465 foenera
3232 3412 3301 3446 ¹¹⁸
3328 3419 3636 3484 expectant

1987 3498 2114 3567 ejus
2132 3513 2165 3551 a
2181 3495 2379 3563 latere,
2413 3496 2681 3567 quamvis
2704 3498 3114 3569 praerogativae
3145 3499 3369 3556 dudum
3390 3502 3482 3558 his
3501 3520 3633 3575 pro-

1985 3602 2143 3641 ceres
2175 3584 2338 3639 inﬁdi
2368 3585 2760 3655 promiserint,
2793 3602 2921 3656 quin
2963 3591 3105 3642 sunt
3131 3588 3444 3660 dejerando
3468 3607 3631 3648 mer-

1987 3680 2122 3730 cati.
2147 3674 2395 3745 Porrigit
2409 3674 2508 3729 sed
2534 3690 2718 3744 pauca
2738 3674 3015 3743 providus
3037 3675 3252 3747 quibus
3272 3678 3636 3753 duxmrguit-

1991 3780 2100 3835 que
2131 3763 2750 3828 modestus,maturius
2782 3763 2904 3818 haec
2935 3765 3102 3820 nobis
3131 3771 3321 3821 vestra
3349 3768 3396 3822 si
3420 3769 3636 3839 pande-

1991 3857 2194 3909 rentur
2224 3868 2257 3906 a
2287 3856 2447 3922 parte
2466 3852 2608 3906 dum
2630 3868 2779 3907 caica
2808 3851 3073 3923 laterent,
3097 3855 3358 3923 juvaret;
3385 3872 3634 3928 quorum

1991 3946 2049 3997 et
2068 3939 2352 3996 invalidos
2368 3941 2668 4012 despectat
2682 3945 2845 3996 artus
2861 3943 3153 4014 cordaque
3170 3944 3372 4000 tabida
3391 3943 3652 4002 subeas--

1993 4034 2111 4085 nat.
2145 4030 2377 4085 Externi
2409 4033 2545 4084 sunt
2572 4028 2747 4084 etiam
2787 4029 3027 4086 alterius
3060 4033 3353 4105 principes
3384 4034 3639 4090 militum

1994 4110 2093 4181 qui
2130 4127 2264 4164 cum
2295 4109 2552 4165 lamenta
2583 4126 2684 4181 per
2712 4109 2924 4166 latores
2954 4111 3258 4169 hauserint
3289 4115 3359 4169 ad
3392 4116 3641 4187 gratiam

1776 4236 2090 4294 GLOSSIE.

296 4352 366 4387 ¹⁰³
393 4351 668 4407 Juvenes.
749 4350 817 4386 ¹⁰⁸
845 4352 891 4403 Α
922 4348 1133 4403 mutire
1166 4364 1269 4403 seu
1302 4346 1514 4402 mutire
1560 4345 1695 4401 MAI.
1740 4345 1844 4418 {0‘
1889 4342 2169 4418 Sep‘ulgra
2217 4342 2683 4418 majorumquze
2733 4361 2888 4418 nunc
2934 4344 3079 4418 ipsis
3126 4345 3370 4402 mortuis
3418 4345 3636 4418 posuit.

229 4424 302 4459 ¹⁰⁶
345 4421 869 4478 Manifestantium.
952 4421 1016 4455 ¹⁰⁶
1049 4420 1307 4473 Monent.
1384 4420 1446 4453 ¹⁰⁷
1481 4415 1868 4488 lmpossibile.

230 4495 397 4567 [Cod.
429 4493 730 4565 exipz’unt.]
826 4492 891 4567 f°’
919 4489 1250 4567 Juvenibus
1268 4489 1354 4544 vel
1387 4488 1695 4567 imperitis.

1794 4415 1868 4471 le.
1968 4414 2037 4449 "0'
2070 4415 2379 4482 Excusant,
2414 4414 2634 4470 scilicet
2664 4433 2697 4470 a
2730 4416 2906 4471 minis
2936 4414 3023 4471 vel
3063 4435 3095 4473 a
3138 4419 3274 4473 dero
3319 4414 3634 4474 ationibus.

1794 4488 1863 4521 ¹¹⁰
1894 4485 2165 4541 Sublimi.
2262 4488 2329 4521 ¹¹¹
2366 4485 2591 4541 Auxilia
2623 4487 3069 4541 magniﬁcanda.
3150 4491 3221 4526 ιη
3250 4434 3634 4541 Ίβοιθιιειοιιθε.

1940 4502 2165 4540 UDllml.

2262 4488 2329 4521 ¹¹¹
2366 4485 2591 4561 Auxilia
2623 4487 3069 4561 magniﬁcanda.
3150 4491 3221 4526 ¹¹¹
3250 4485 3637 4561 Toleratores,

225 4556 331 4638 qui
366 4556 595 4621 sunt'et
627 4556 994 4638 potentiores.
1027 4561 1348 4632 Majoribus
1376 4556 1509 4615 vero
1536 4559 1667 4613 fulti
1694 4557 1982 4630 praesidiis
2012 4556 2201 4628 magis
2232 4557 2545 4628 praevalent
2578 4556 2821 4614 adversa
2854 4558 3102 4615 tolerare
3202 4560 3269 4596 ¹¹³
3296 4560 3565 4633 Equare.

228 4634 305 4673 1'“
334 4642 700 4693 Promovere.
780 4634 851 4670 “5
886 4635 1090 4689 Lucra.

1591 4744 1891 4801 SCHOLIA
1930 4744 2022 4799 ET
2062 4743 2293 4798 NOTIE.

303 4852 493 4923 (1646)
523 4850 641 4921 Ops
674 4849 889 4905 dicitur
928 4847 1280 4913 misericors,
1327 4862 1393 4901 eo
1436 4845 1591 4916 quod
1643 4843 1892 4899 libenter
1920 4846 1965 4910 D
2000 4846 2156 4923 serat
2185 4842 2243 4895 in
2278 4841 2553 4923 omnibus
2588 4843 3060 4923 pareat.Mino_res
3083 4843 3402 4923 quoquein
3432 4841 3642 4923 aliqui-

234 4940 408 4995 opem
444 4924 607 4978 ferat.
1705 4987 1713 4995 _

306 4992 895 5075 (16117)_Speculatur;
922 4991 1142 5046 nullam
1167 5005 1421 5075 namque
1444 4993 1667 5075 partem
1692 5004 1755 5075 in
1792 4987 1884 5075 his

230 5060 723 5172 Ernspicitq'uam
757 5064 815 5117 in
847 5080 908 5117 se
940 5066 1333 5172 recognoscat,
1354 5076 1488 5115 cum
1519 5060 1650 5114 illos
1682 5060 1883 5113 crude-

289 5154 316 5172 α
373 5153 432 5172 σο
466 5137 897 5172 νηίεονιίηηνπὶοπι
933 5136 1067 5172 intui
1105 5136 1219 5172 iant

373 5153 432 5172 an
466 5137 897 5172 minnninnnr‘nm
933 5136 1219 5172 inionian

1996 4914 2127 5040 lbust
2157 4917 2457 4983 superant,
2494 4912 2745 4982 majores
2776 4932 2907 4971 vero
2961 4917 3019 4970 in
3073 4912 3428 4985 quibusdam
3458 4912 3643 4968 excel-

2022 5002 2096 5039 un
2135 5028 2146 5038 .

2022 5002 2146 5039 υωι.

2070 5056 2254 5125 (1651)
2286 5055 2422 5118 Quae
2452 5062 2725 5111 neutrum
2754 5057 3090 5114 absolutum
3140 5061 3250 5118 est,
3283 5058 3338 5111 id
3382 5060 3472 5112 est
3518 5071 3643 5125 quis

1998 5145 2111 5172 res,
2138 5127 2281 5172 “init
2312 5126 2462 5172 enim
2512 5130 2643 5172 nnin
2681 5130 2725 5172 ei
2762 5136 2896 5172 ante
2928 5131 3306 5172 ndsnmntnm
3341 5128 3643 5172 imum-em.
