4008 5388
185 338 303 400 877

1631 335 2136 400 POLYPTICUM
2147 383 2159 394 .

3472 334 3596 397 8'18

262 473 347 526 16.
383 471 546 526 Unde
574 474 741 543 pasta
764 472 830 507 “5
852 471 997 527 mihi
1028 488 1239 543 ponere
1280 489 1432 527 nunc
1464 473 1741 544 dogmata
1761 471 1834 526 li-
1866 473 1919 538 Α
1950 470 2173 525 tithetis
2230 470 2374 541 quin
2424 484 2689 525 recusare
2748 468 3029 543 appendit
3058 472 3198 525 tunc
3230 469 3492 542 mulgata
3522 472 3587 507 ¹⁹¹

186 562 304 617 bet.
336 558 495 633 Λόγῳ
524 559 713 633 κυρίου
734 560 873 616 Saul
897 561 1071 617 Israél
1093 562 1164 616 de
1185 578 1361 632 parva
1384 564 1471 616 est
1492 566 1558 615 ut
1578 566 1840 615 tueretur

190 651 428 705 traduce
457 649 701 705 levatus.
736 649 879 704 Hinc
912 650 1244 721 palazstinos
1268 650 1452 704 trudit
1482 649 1573 705 sui
1603 654 1837 703 caeteras

190 743 246 793 et
277 738 603 809 perduelles
635 742 866 810 ceperat
904 740 962 793 in
996 738 1265 793 tirocinio
1299 739 1461 809 regni
1494 754 1597 809 per
1629 753 1837 809 gyrum

191 828 460 882 nationes
491 826 715 883 levibus
751 828 1042 883 exinanire
1087 827 1424 899 triumphis.
1478 830 1655 892 Quem
1690 826 1842 897 pleo-

194 916 363 971 nexia
393 918 457 950 "5
490 920 553 970 ut
583 918 775 973 vetitis
824 917 1050 971 inhiare
1094 917 1300 987 coegit,
1334 933 1366 969 a
1398 932 1595 987 pugna
1627 919 1839 970 teretes

194 1022 327 1060 mox
357 1006 485 1075 ejus
532 1010 827 1061 cesserant
854 1007 1134 1077 torpendo
1184 1005 1403 1060 lacerti.
1444 1003 1741 1060 Terribola
1776 1004 1839 1038 “7

193 1111 362 1150 mens
390 1095 563 1149 etiam
588 1094 775 1150 hostis
805 1094 987 1149 aciem
1007 1096 1176 1165 cujus
1200 1112 1312 1149 non
1338 1098 1599 1165 spectare
1632 1109 1843 1165 praesu-

194 1200 362 1239 mens
417 1188 603 1239 semet
635 1182 747 1238 telo
794 1184 1028 1255 proprio
1060 1183 1303 1255 impegit
1350 1188 1582 1239 aztnaaas
1619 1198 1841 1254 poenas.

192 1274 467 1329 Eudoxus
498 1272 561 1306 "3
598 1275 653 1326 et
683 1287 878 1343 regem
911 1272 1219 1327 Manassen
1251 1271 1502 1327 redivivo
1534 1272 1718 1341 (1670)
1752 1275 1845 1325 tu-

195 1364 343 1418 lerat
369 1363 439 1417 de
462 1360 748 1433 sanguine
769 1360 1391 1432 princeps.Succedens
1412 1360 1673 1432 extingui
1698 1360 1845 1415 inte-

198 1452 307 1505 rim
344 1450 526 1521 (1671)
558 1449 787 1505 censuit
833 1450 1060 1521 genitor
1087 1450 1146 1503 in
1177 1450 1402 1515 throao,
1436 1449 1529 1504 cui
1562 1466 1687 1520 quae
1720 1449 1847 1519 ipse

199 1541 467 1612 ﬂagrare,
493 1543 695 1610 etquae
726 1539 1022 1594 subsiciva
1049 1540 1235 1609 (1672)
1265 1539 1477 1611 prodit,
1502 1538 1595 1593 his
1617 1537 1847 1609 suppli-

200 1630 386 1684 canda
411 1626 658 1683 sancivit
684 1626 1048 1697 ,theusebian
1084 1628 1456 1698 impugnans,
1482 1627 1765 1681 daemonis
1794 1629 1851 1680 et

202 1717 366 1789 orgia
423 1718 673 1787 fanaque
718 1716 1021 1771 reducens.
1056 1715 1289 1786 Collega
1349 1714 1609 1770 Licinius
1668 1716 1848 1770 donec

1948 560 2206 614 cruentis
2226 559 2377 614 alme
2420 560 2487 594 ¹⁹²
2519 576 2723 631 nuper.
2754 560 2957 615 Jesum
2989 560 3361 615 confiteretur
3382 560 3508 630 jam
3542 559 3592 615 si

1950 649 2433 719 quis,sectoribus
2453 650 2708 719 primum
2730 649 3082 715 destinabat,
3106 653 3162 704 et
3183 648 3319 703 inde
3338 649 3591 704 lanistis.

1949 737 2093 791 Cum
2127 754 2260 792 mox
2290 742 2344 792 et
2375 738 2603 791 Bromio
2652 738 2935 794 bacchare
2982 738 3242 802 donavit,
3294 736 3593 809 simulque

1950 826 2194 896 Cynthio
2212 826 2595 898 complicibus
2625 843 2825 881 eorum
2845 831 2900 882 et
2932 827 3147 883 Incubo
3177 831 3348 882 tenus
3371 842 3593 883 omnes.

1952 915 2229 970 Prmterea
2250 931 2373 970 rom
2381 914 2607 986 phzeam
2626 916 2947 987 principem
2971 920 3231 971 erexerat
3243 918 3446 970 contra
3464 920 3593 970 tum

1951 1002 2427 1071 Constantinum,
2460 1020 2493 1059 a
2523 1021 2635 1076 quo
2658 1004 2975 1077 stipulatus
2996 1004 3054 1059 in
3077 1020 3255 1077 regno
3285 1014 3391 1073 est,
3420 1004 3597 1061 etiam

1952 1091 2316 1164 conglorium
2350 1094 2475 1163 ejus
2519 1098 2575 1148 et
2602 1093 2966 1165 cognationis
2996 1093 3262 1149 adtinxit.
3299 1093 3433 1149 Ilico
3481 1098 3600 1149 tra-

1954 1181 2130 1236 ducta
2160 1182 2226 1215 ¹⁰³
2255 1182 2355 1237 sed
2384 1182 2435 1236 ei
2466 1186 2529 1237 ut
2578 1187 2717 1237 sunt
2762 1182 2883 1238 haec
2931 1182 3060 1254 ipsa
3090 1181 3388 1254 refragans
3418 1199 3453 1237 a
3490 1199 3599 1238 nu-

1954 1269 2111 1325 mine
2141 1271 2208 1305 '9‘
2235 1271 2450 1327 exemit
2479 1287 2635 1340 eum,
2686 1277 2839 1328 tersa
2889 1271 3030 1343 quin
3072 1274 3129 1327 et
3170 1272 3307 1342 jura
3348 1270 3602 1328 ﬁrmavit

1954 1358 2158 1427 (1677).

2029 1447 2115 1501 17.
2151 1446 2339 1518 Digna
2369 1446 2605 1519 quidem
2645 1448 2868 1520 species
2901 1466 2935 1503 a
2962 1448 3193 1519 torpido
3227 1448 3320 1502 vix
3351 1447 3609 1519 pullulat

1956 1534 2045 1589 vel
2079 1536 2387 1606 nequando
2419 1553 2647 1608 genere.
2698 1538 2811 1593 Nec
2859 1554 2987 1609 quae
3029 1537 3203 1593 etiam
3236 1537 3309 1592 ab
3340 1540 3606 1609 expecta-

1958 1623 2060 1678 bili
2096 1626 2163 1660 ηδ
2192 1629 2371 1690 extat,
2422 1627 2819 1682 indifferenter
2878 1626 3161 1698 provenit,
3224 1626 3324 1680 sed
3359 1625 3609 1680 subinde

1960 1714 2249 1785 pracipuo
2276 1714 2479 1770 deﬂuit
2508 1733 2541 1770 a
2561 1715 2842 1787 germine,
2886 1731 3075 1787 neque
3100 1718 3165 1770 ut
3195 1718 3511 1787 praataxata
3542 1714 3608 1750 ³³⁸

203 1808 420 1879 quippe
451 1805 708 1859 militum
738 1804 797 1858 in
849 1804 1081 1875 agmine
1132 1804 1338 1873 tendit,
1400 1803 1635 1874 scytalis
1666 1803 1847 1874 (1673)
1885 1844 1933 1909 B
1963 1807 2167 1857 tonant
2214 1803 2285 1857 ad
2333 1807 2582 1875 sceptra,
2629 1809 2686 1860 et
2714 1808 2803 1860 est
2833 1804 2966 1860 inde
3018 1819 3184 1859 ruere
3224 1803 3465 1859 crimen.
3498 1803 3606 1858 Sed

204 1910 405 1950 eorum
438 1894 509 1948 ad
533 1909 721 1963 usque
744 1892 999 1947 obtinuit
1022 1891 1257 1947 inlicere
1279 1896 1528 1956 mentes,
1557 1892 1855 1946 favoribus
1885 1891 1933 1909 ”
1966 1908 2323 1963 quemquam
2383 1894 2658 1964 perficiet,
2721 1910 2825 1949 nec
2883 1893 3008 1949 sola
3054 1893 3266 1949 dicatio
3326 1908 3608 1965 magnum

205 1989 270 2037 ut
298 1998 433 2038 eum
482 1984 800 2054 urguerent
828 1980 1050 2036 calculo
1080 1980 1243 2051 (1674
1296 1979 1491 2051 inepte
1541 1979 1713 2051 potiri
1743 1979 1853 2033 im-

208 2072 450 2144 perii,se
480 2070 790 2125 concinant
812 2070 1051 2141 impune
1081 2070 1192 2125 sub
1214 2074 1269 2124 et
1299 2085 1414 2139 quo
1437 2068 1626 2123 silere.
1652 2072 1854 2139 Augu-

208 2166 367 2216 stum
400 2158 684 2215 inluserat
714 2160 868 2230 quod
922 2158 1192 2212 sedulum
1222 2158 1429 2227 (1575),
1480 2161 1544 2211 ut
1577 2157 1772 2211 falciat
1800 2161 1857 2212 et

208 2251 355 2321 ipse.
388 2250 568 2313 Quem
601 2248 777 2303 etiam
810 2247 1091 2319 applicuit
1118 2248 1303 2316 (1676)
1354 2247 1641 2313 insodem,
1689 2262 1856 2301 suam

210 2339 432 2395 deﬂans
466 2340 532 2373 “9
563 2338 721 2393 haud
746 2338 956 2409 jugare
1006 2352 1347 2408 germanam
1400 2337 1529 2407 ejus
1561 2335 1855 2390 thalamis.

208 2429 366 2499 Toga
396 2427 494 2498 qui
525 2426 815 2497 tantisper
866 2431 994 2480 tum
1047 2426 1175 2480 rudi
1210 2430 1265 2480 te
1295 2426 1618 2480 obduxerat
1649 2424 1857 2496 pellax,

211 2517 550 2573 hortodoxis
572 2516 829 2571 secunda
851 2514 1102 2586 spirans,
1126 2519 1181 2569 et
1203 2514 1641 2569 daemonolatria
1663 2529 1859 2568 ruens.

211 2608 467 2661 Auxerat
498 2606 563 2639 ¹⁸⁰
594 2609 717 2659 tum
750 2603 1068 2675 delphicos,
1120 2609 1176 2660 et
1203 2604 1498 2675 tugularia
1530 2604 1593 2639 ¹⁸¹
1653 2601 1866 2673 pressit

214 2711 457 2767 prorsus
487 2695 796 2764 abjurabat
827 2693 1175 2747 mechanicze
1204 2693 1267 2727 ¹⁸²
1299 2697 1691 2763 acceptatores
1716 2692 1784 2725 ¹⁸³
1808 2694 1867 2745 et

214 2784 381 2850 artis,
413 2782 719 2837 archontes
754 2782 820 2823 ιδι
859 2780 1193 2835 adlexerant
1223 2779 1399 2851 prisci
1430 2796 1578 2849 quos
1608 2784 1665 2833 et
1695 2780 1863 2833 adse-

214 2872 339 2928 clas
364 2872 475 2926 sibi
508 2874 566 2925 et
596 2869 978 2940 spiculatores
1011 2867 1230 2922 cimilia
1264 2868 1329 2901 ¹⁸⁵
1370 2868 1594 2922 idoneis
1626 2872 1689 2921 ut
1721 2872 1865 2922 atta-

214 2962 515 3017 minarent
544 2974 677 3013 cum
705 2958 851 3029 ipsis
881 2961 938 3011 et
993 2956 1283 3011 aﬂaverat
1332 2957 1399 3011 is.
1434 2959 1600 3011 Anna
1652 2957 1716 2992 ¹⁸⁶
1740 2958 1866 3027 jam

215 3067 334 3107 non
367 3049 670 3118 auspicata
699 3046 975 3101 caluisset
1008 3047 1095 3113 ‘37,
1130 3050 1429 3101 auctorata
1461 3045 1527 3081 ¹⁸³
1559 3046 1747 3100 fuerat
1768 3062 1871 3117 per

218 3138 456 3193 climata
487 3137 571 3193 18°.
600 3136 710 3191 Sed
736 3145 797 3191 ut
828 3134 1134 3207 praesentia
1160 3136 1225 3170 ¹⁹⁰
1254 3136 1423 3206 cujus
1460 3134 1736 3207 desipuit,
1765 3152 1866 3189 an-

1966 1997 2148 2051 aequa,
2179 1980 2505 2037 minoribus
2528 1982 2825 2054 dignatem
2852 1982 3093 2037 imbutis
3115 1997 3347 2054 quoque
3378 1986 3611 2053 proten-

1967 2070 2068 2124 dat
2097 2069 2401 2135 honestus,
2422 2072 2613 2141 quoad
2634 2071 2692 2125 in
2710 2075 2993 2126 aeternum
3019 2070 3209 2125 valeat
3230 2071 3615 2126 conscendere

1969 2174 2236 2230 regnum.
2272 2158 2553 2215 Redimiis
2594 2160 2777 2230 (1678)
2808 2160 3093 2216 debentur
3122 2159 3212 2216 hae
3255 2160 3529 2215 omnibus
3562 2164 3619 2215 et

1970 2247 2340 2319 phylacterize
2375 2249 2439 2283 ¹⁹⁷
2498 2247 2736 2303 Christi.
2796 2248 2858 2303 In
2920 2265 3200 2303 mensura
3250 2248 3378 2303 vitze
3409 2248 3618 2319 cuique

1970 2336 2208 2407 propria
2244 2352 2471 2392 servare
2504 2338 2854 2393 modestum.
2880 2337 3177 2393 Accidiam
3201 2337 3422 2415 ambire
3445 2340 3623 2409 ponat

1971 2428 2151 2489 extra,
2186 2424 2261 2480 sit
2290 2430 2346 2479 et
2395 2426 2683 2497 abrogans
2716 2426 2802 2496 "3,
2837 2426 2914 2481 sit
2968 2442 3155 2497 neque
3202 2442 3483 2499 congerro
3533 2427 3621 2480 19°.

1972 2513 2075 2567 Sat
2106 2512 2199 2567 cui
2229 2512 2349 2567 sint
2377 2514 2656 2583 beneficia
2678 2514 2839 2584 juste
2869 2514 2919 2569 ei
2952 2530 3077 2586 qua:
3126 2514 3422 2587 liquerant
3473 2514 3623 2569 anti-

1973 2618 2154 2674 genze,
2190 2602 2478 2673 impendit
2506 2607 2563 2657 et
2592 2602 2793 2659 herilis
2830 2603 3149 2659 liberalitas
3196 2621 3324 2675 quae
3376 2603 3622 2659 inlibato

1976 2689 2260 2744 falumatu
2292 2694 2550 2763 cogente,
2588 2692 2723 2761 jure
2777 2696 2833 2747 et
2890 2696 3087 2747 exacta
3133 2693 3204 2747 de
3235 2692 3467 2763 proprio
3495 2708 3623 2762 quae

1975 2778 2276 2834 rusticatio
2305 2780 2518 2848 fundit,
2548 2796 2641 2834 ars
2664 2784 2719 2835 et
2748 2779 3013 2851 injuncta
3035 2797 3160 2851 qua:
3183 2781 3289 2835 rite
3311 2780 3623 2852 depromit.

1976 2868 2178 2924 Officia
2210 2868 2482 2939 delegent
2511 2873 2566 2923 et
2596 2869 2796 2924 sedulo
2815 2869 2864 2924 si
2897 2870 3042 2924 forte
3068 2870 3339 2939 majores,
3359 2868 3629 2941 suppleat

1977 2974 2091 3012 non
2122 2974 2395 3028 pompam
2418 2957 2511 3013 hic
2543 2958 2642 3013 sed
2665 2958 2966 3029 gestiendo
2990 2958 3367 3029 perhennem.
3392 2957 3625 3013 Emolu-

1976 3051 2239 3100 mentum
2294 3062 2421 3117 quas
2452 3046 2501 3099 si
2534 3046 2805 3111 referant,
2826 3045 3029 3101 laudes
3063 3050 3275 3102 aeterno
3324 3046 3625 3118 rependat,

1976 3139 2033 3189 et
2059 3134 2275 3205 pariter
2294 3134 2596 3205 obsequia.
2624 3134 2959 3206 Deliquium
2976 3139 3032 3190 et
3060 3134 3329 3206 quamvis
3350 3134 3626 3207 patiatur,

1771 3278 2080 3334 GLOSSAZ.
2186 3316 2189 3317 ν

298 3379 363 3414 ¹⁷⁵
395 3376 703 3433 Praeclara:
740 3378 893 3432 unde
925 3382 982 3433 et
1037 3376 1412 3449 pastophoria
1464 3376 1734 3449 dicimus.
1818 3376 1881 3411 “5
1941 3375 2205 3431 Avaritia.
2290 3376 2365 3449 “7_
2412 3376 2831 3449 Formidolosa.
2911 3377 2977 3412 ¹⁷⁸
3036 3378 3205 3433 Bonae
3265 3376 3462 3449 gloriae
3504 3392 3628 3449 rex.

319 3450 674 3529 pespiciens.
704 3449 836 3529 .-.ηιξ
860 3447 1342 3529 suppresserat."
1376 3449 1439 3488 ¹ε¹
1475 3447 1789 3529 νεεῐιθῐὶοἱε).2

1864 3463 1948 3501 uae
1981 3463 2157 3518 super
2212 3446 2439 3518 tegulas
2498 3448 2999 3503 sacrificabantur.
3079 3450 3146 3485 ¹⁸²
3178 3446 3627 3504 Fraudulentiee.

227 3464 674 3521 In'1)espiciens.
764 3464 830 3484 ιου
860 3464 1295 3529 suppresserat.
1379 3464 1439 3488 ιιι
1485 3464 1789 3511 venenoia,
1822 3464 1948 3574 qua:
1981 3464 2157 3518 super
2212 3464 2439 3518 tegulas
2498 3464 2999 3503 sacrincanantur.
3079 3464 3146 3485 ιη
3178 3464 3627 3504 r'rauauientue.

227 3522 294 3559 ¹³³
321 3524 623 3576 Auctores.
673 3521 769 3592 7'“
802 3520 1121 3592 Princxpes.
1202 3521 1267 3554 ¹⁸⁵
1296 3520 1448 3575 Vasa
1478 3536 1663 3574 sacra.
1744 3520 1831 3592 mi
1868 3519 2170 3592 nterjectio
2200 3524 2289 3574 est
2319 3519 2707 3592 deprecantis,
2754 3520 2923 3590 quasi
2972 3519 3188 3576 diceret
3243 3520 3489 3587 utinam,
3536 3518 3627 3592 vel

226 3594 488 3648 obsecro.
570 3593 633 3626 ¹⁸⁷
664 3590 1300 3662 Numquam'inchoata
1329 3596 1687 3648 evacuasset.
1770 3590 2224 3662 1837Auctoritate
2254 3591 2546 3662 majorum
2578 3590 2829 3646 ﬁrmata.
2911 3592 2977 3628 13°
3014 3596 3124 3647 Per

224 3664 673 3719 1“Dominatio.
753 3661 1103 3718 “"Prolata.
1185 3665 1250 3698 ¹⁰²
1290 3664 1516 3718 Sancte.
1598 3664 1664 3698 ‘93
1723 3661 1862 3717 Publ

1983 3678 2043 3716 ’δ’
2126 3663 2194 3697 19".

3211 3596 3362 3647 artes
3394 3591 3622 3646 mundi.

2253 3661 2560 3717 Potestate.
2644 3664 2709 3698 ¹⁹⁵
2765 3662 2977 3718 Nobili.
3055 3664 3121 3699 ¹⁹⁶
3171 3661 3478 3719 Praedicta.
3558 3662 3625 3698 ¹⁹τ

220 3736 685 3793 Observationes.
768 3735 833 3769 ¹⁹⁸
866 3733 1135 3789 Humilis.
1216 3736 1283 3769 ¹⁹⁹
1311 3739 1708 3807 Congerrones
1738 3734 2016 3789 dicuntur
2045 3733 2146 3803 qui
2170 3732 2359 3789 aliena
2380 3734 2533 3789 bona
2549 3732 2662 3789 sibi
2684 3737 3024 3806 congerunt,
3049 3735 3106 3789 id
3131 3739 3221 3791 est
3245 3737 3623 3807 congregant.

1575 3858 1871 3913 SCIIOLIA
1914 3859 2005 3912 ET
2044 3857 2279 3912 NOTIE.

295 3960 481 4037 (1670)
512 3957 905 4037 Reviviscente
932 3975 945 4013 :
980 3961 1295 4037 postquam
1327 3957 1483 4037 enim
1515 3962 1664 4037 Deus
1696 3955 1874 4037 quOin-
1907 3957 1950 4023 C
1990 3955 2680 4037 compone_bant..Dicitur
2700 3956 2875 4037 etiam
2901 3955 3413 4037 calculus-adeptio
3434 3954 3637 4011 culmi-

229 4027 415 4087 decim
448 4027 633 4085 annos
664 4029 917 4084 Ezechiae
976 4027 1149 4084 auxit“
1183 4030 1253 4083 ad
1300 4028 1501 4095 vitam,
1537 4032 1735 4101 postea
1767 4027 1875 4083 iste

231 4108 401 4159 natus
432 4107 523 4159 est
553 4102 872 4156 Manasses.

301 4176 483 4245 (1671)
517 4172 775 4245 Interim,
808 4173 1012 4228 donec.
1048 4170 1285 4245 Interim
1338 4175 1532 4245 autem
1582 4172 1727 4245 dixit
1756 4187 1883 4242 pro-

234 4242 361 4317 pter
377 4242 565 4317 ipsius
584 4244 851 4317 ultimam
874 4242 1885 4317 conversationem.Notandumsane

238 4313 628 4388 quod—horum
677 4315 854 4369 trium
888 4331 1088 4388 regum
1140 4313 1443 4388 exemplus
1473 4314 1636 4385 satis,
1669 4314 1886 4388 adhoc

240 4385 391 4459 quod
423 4393 804 4460 proposuerat
850 4385 1257 4460 explicandum
1304 4386 1571 4460 sufﬁcere
1618 4385 1884 4460 credidit.

238 4456 384 4515 Nam
414 4456 494 4514 hii
519 4456 777 4530 legitime
809 4456 1107 4512 sumentes
1131 4457 1442 4528 imperium
1467 4456 1890 4530 nefandissime

281 4528 617 4587 ostmodum
648 4530 973 4585 conversati
1006 4532 1142 4583 sunt
1167 4546 1181 4581 :
1207 4545 1455 4598 quorum
1482 4528 1781 4583 Manasses
1805 4544 1891 4582 so-

266 4620 334 4658 us
356 4603 473 4674 egit
505 4601 903 4674 paenitentiam
931 4617 943 4655 :
979 4599 1150 4655 ceteri
1184 4616 1316 4674 vero
1348 4599 1484 4674 inid
1512 4600 1893 4674 perdurantes

251 4620 334 4658 IIIS
356 4620 473 4674 egit
545 4620 903 4656 cenuenuam
931 4620 943 4655 ζ
979 4620 1150 4655 οϐῑΘΙῚ
1184 4620 1316 4653 νεξΓο
1348 4620 1406 4653 1n
1429 4620 1484 4653 1(1
1512 4620 1893 4671 pBI‘GUI‘BHICS

251 4675 322 4729 ad
378 4620 667 4728 infeiicem
706 4676 1092 4744 pervenerunt
1139 4671 1385 4744 exitum.
1446 4672 1504 4725 In
1558 4670 1773 4741 quibus
1802 4686 1893 4724 os-

245 4745 431 4800 tendit
465 4743 932 4799 nullum’debere
958 4760 1058 4814 pro
1082 4743 1430 4797 rectitudine
1451 4759 1577 4797 esse
1600 4758 1893 4807 securum,

245 4817 332 4871 vel
367 4833 469 4887 pro
501 4816 849 4872 criminibus
873 4816 1201 4887 desperare.
1270 4848 1281 4855 ι

1990 4027 2082 4081 nis
2108 4025 2196 4082 vel
2229 4025 2504 4096 victoriae,
2529 4027 2667 4097 quia
2689 4028 2958 4098 quotiens
2990 4028 3060 4081 ad
3094 4025 3488 4081 millenarium
3510 4043 3638 4098 cre-

1991 4100 2190 4155 scebat
2220 4114 2522 4165 numerus,
2547 4096 2931 4153 millesimum
2957 4097 3067 4153 sibi
3090 4096 3643 4168 computatoresad-

1992 4170 2305 4225 sumebant
2317 4168 3021 4240 calculum,dicebantque
3034 4186 3094 4224 se
3110 4166 3447 4240 totadeptos
3461 4166 3643 4240 fuisse

1994 4242 2270 4307 calculos,
2304 4244 2446 4312 quot
2475 4245 2531 4295 et
2564 4240 2727 4296 milia
2776 4238 3203 4296 numérassent.
3236 4238 3470 4312 Et’ideo
3503 4238 3645 4309 quia

1996 4310 2359 4368 millenarius
2387 4328 2669 4367 numerus
2690 4328 2961 4367 summus
2992 4317 3099 4382 est,
3133 4316 3189 4367 et
3216 4310 3370 4366 ultra
3392 4310 3514 4381 jam
3541 4327 3646 4382 nu-

1998 4384 2208 4440 merari
2243 4400 2356 4438 non
2390 4388 2597 4454 potest,
2633 4384 2818 4454 siquis
2842 4381 3136 4438 summam
3160 4382 3408 4452 alicujus
3438 4382 3517 4437 rei
3550 4381 3647 4437 ad-

1999 4456 2299 4527 quisisset,
2346 4455 2539 4527 ipsum
2576 4454 2848 4510 dicebant
2879 4455 3170 4527 calculum
3202 4454 3546 4510 obtinuisse.

2070 4526 2254 4595 (1675)
2287 4523 2563 4581 Sedulum
2609 4530 2960 4597 Augustum,
2996 4525 3244 4595 ﬁdelem,
3297 4527 3517 4597 absque
3549 4523 3651 4577 do-

2002 4599 2078 4653 lo.
2114 4598 2559 4670 Constantinum
2583 4596 2874 4670 siquidem
2898 4598 3059 4665 dicit,
3090 4599 3241 4669 quod
3260 4596 3389 4651 etin
3409 4609 3653 4667 sequen-

2004 4670 2163 4724 tibus
2198 4668 2496 4723 indicabit.

2080 4741 2263 4810 (1676)
2295 4738 2626 4811 Adumpsit.
2680 4739 2936 4811 Audiens
2970 4739 3206 4811 quidem
3239 4736 3659 4811 Constantinus

2008 4806 2143 4866 eum
2176 4806 2403 4865 tantum
2436 4806 2663 4865 laudari
2696 4829 2728 4864 a
2752 4806 3060 4879 militibus,
3094 4826 3293 4864 secum
3324 4808 3569 4863 adscivit
3601 4806 3663 4858 in

318 4878 503 4965 (16717.)
560 4888 896 4965 Abicienda.
949 4878 1251 4965 subsiciva
1305 4884 1534 4965 proprie
1591 4888 1731 4941 sunt
1772 4900 1899 4955 quae
2008 4884 2279 4965 imperio,
2314 4900 2605 4965 suamque
2637 4882 2721 4935 illi
2753 4897 3095 4965 germanam
3128 4878 3667 4965 in‘matrimoni‘u‘tn

252 4966 417 5014 sutor
447 4960 517 5013 de
551 4959 796 5014 materia
840 4958 1157 5030 praecidens
1189 4958 1356 5027 quasi
1387 4973 1747 5028 supervacua
1777 4972 1902 5010 am-

253 5035 441 5103 putat.

2011 4946 2296 5029 tradidit;
2328 4955 2428 5029 qui
2460 4946 2606 5010 intio
2631 4946 2793 5029 regn'i
2833 4953 3422 5029 ficte_se_modestum
3461 4946 3666 5029 reddi—

2015 5027 2134 5092 dit;
2172 5022 2488 5103 Πογίεᾷἱῐξὶθ
2509 5022 2734 5103 versati
2758 5028 2958 5103 omnia
2979 5022 3239 5103 facinora
3263 5022 3562 5103 delapsus,
3580 5022 3676 5099 in-

328 5102 509 5169 (1673)
562 5100 809 5171 Scytalis
867 5116 1053 5171 genus
1111 5103 1199 5153 est
1229 5100 1538 5170 serpentis,
1582 5116 1709 5171 qua:
1742 5102 1907 5154 tanta
2016 5088 2197 5171 super
2227 5102 2283 5151 et
2313 5097 2536 5171 eisdem
2571 5096 2789 5152 bellum
2820 5097 3109 5161 indicens,
3144 5094 3216 5149 ab
3243 5109 3307 5147 eo
3330 5088 3415 5148 de'
3430 5088 3679 5165 imperio

254 5172 560 5245 praefulget
591 5170 736 5245 tergi
766 5172 1060 5245 varietate,
1107 5176 1171 5225 ut
1214 5176 1506 5245 notarum;
1529 5170 1717 5243 gratia
1747 5171 1907 5245 aspis

257 5242 753 5323 cientes-retardet
778 5261 791 5323 ξ
820 5248 877 5323 et
908 5242 1008 5323 qui
1050 5242 1330 5323 reptando
1362 5242 1581 5323 pigrior
1602 5245 1716 5323 est,
1752 5242 1907 5323 quod

2021 5170 2155 5225 ilico
2188 5173 2275 5223 est
2306 5170 2591 5240 abjectus.

2094 5242 2276 5311 (1677)
2311 5234 2531 5311 Βεῇθοὶῐ
2562 5240 2690 5309 ejus
2721 5237 3151 5297 abominandas
3186 5234 3361 5306 leges,
3389 5239 3447 5291 et
3476 5235 3689 5305 dignas

258 5315 500 5386 adsequi
533 5330 646 5371 non
707 5314 874 5388 valet,
909 5312 1193 5388 miraculo
1238 5313 1329 5367 sui
1366 5312 1685 5388 stupentes
1733 5312 1909 5386 capit.
1942 5334 1989 5388 ῃ
2024 5312 2671 5388 po_s_u_it_ob_servandas.
2738 5384 2745 5388 _
