4008 5388
446 395 563 457 8'79

1472 392 1805 453 ATTONIS
1852 388 2434 453 VERCELLENSIS
2482 389 2834 453 EPISCOPI

444 528 693 583 eundem
726 542 841 582 non
872 541 1045 597 expes
1074 525 1333 597 ﬂagitare
1363 525 1613 590 deserat,
1648 540 1752 579 nec
1782 524 1838 579 in
1862 528 2089 595 egesta-
2118 526 2171 592 Α
2205 523 2420 594 ﬁgulus
2452 523 2577 595 ipse
2609 524 2816 595 plastis
2859 522 3063 594 (1683).
3118 521 3454 578 Formulam
3485 524 3548 577 et
3575 520 3630 576 si
3662 520 3850 592 perﬁci

442 621 500 672 te
528 616 911 685 blasphemet,
943 616 1182 687 ignarus
1205 631 1321 686 qua
1363 615 1441 669 sit
1471 613 1758 669 sententia
1790 617 1981 668 tactus
2001 614 2085 670 ²⁰ο.

442 704 758 776 Inopinatm
810 708 1107 774 nequeunt
1154 719 1294 757 num
1344 703 1652 757 succedere
1706 702 1860 756 vices
1892 702 1918 755 ‘?
1966 702 2087 756 Prae

442 810 504 849 se
536 794 599 828 ²⁰¹
636 793 966 849 cenodoxus
997 792 1181 847 inhiet
1211 795 1447 862 egratus
1479 792 1567 861 ’0',
1614 807 1750 846 nam
1782 791 1830 846 si
1861 791 2086 846 auctio-

442 883 571 943 nari
597 883 664 917 ²⁰³
694 881 870 938 erinis
918 882 988 917 ²⁰⁴
1017 880 1111 936 hic
1157 880 1339 937 elisus
1394 880 1625 952 poterit,
1678 880 1967 950 ereboque
1996 895 2087 934 re-

440 970 617 1027 trudi.

512 1060 599 1114 18.
658 1059 934 1131 Patagine
992 1060 1176 1131 (1679)
1234 1059 1509 1131 profusus
1563 1059 1693 1115 hem
1746 1057 1951 1129 (1680),
1984 1058 2081 1113 sed

440 1148 577 1221 quid
611 1164 738 1220 ego,
771 1149 1051 1220 praeconis
1086 1149 1272 1205 instar
1301 1148 1638 1220 emphatici,
1672 1146 1954 1219 explicare
1986 1163 2087 1201 sse-

438 1237 553 1293 culi
584 1238 814 1293 diaatam
844 1239 911 1273 ²⁹⁵
941 1236 1240 1308 liquentis,
1287 1237 1503 1291 diserta
1533 1237 1705 1307 cujus
1736 1252 1839 1290 nec
1892 1235 2089 1306 glossa

437 1327 641 1383 suffert
658 1326 919 1382 conicere
941 1327 1174 1382 morbos
1195 1326 1221 1379 ?
1243 1326 1352 1381 Sed
1377 1325 1605 1397 languit
1624 1324 1882 1380 deterius
1907 1340 2086 1394 quon-

438 1416 573 1469 dam
598 1415 739 1469 dum
765 1414 1010 1469 clinicus
1025 1429 1298 1484 caenoque
1320 1412 2082 1485 depressus,congeminans

434 1503 672 1558 threnos
705 1504 925 1558 defreta
954 1504 1021 1537 ²⁰⁶
1054 1505 1179 1573 jam
1231 1502 1418 1558 salute
1448 1502 1701 1557 tabebat.
1754 1502 1856 1555 Cui
1907 1518 2082 1572 super

434 1592 667 1647 astabat
717 1593 1011 1647 morsibus
1064 1592 1240 1646 etiam
1295 1590 1680 1662 protocleptes
1714 1592 1778 1624 207
1812 1590 2078 1645 demoliri

430 1680 666 1735 virosis.
732 1682 965 1735 Interim
1010 1681 1222 1736 adtrito
1272 1680 1586 1751 respiciens
1626 1680 1919 1743 subvenit,
1953 1678 2084 1734 vola

427 1769 1011 1841 sedquiconlinierat
1046 1770 1265 1840 ipsum,
1299 1770 1554 1825 excussit
1587 1770 1656 1823 ab
1676 1784 1772 1824 ore
1790 1769 2077 1837 ejusdem,

2200 629 2300 682 per
2328 613 2650 668 humanam
2670 613 2825 684 quod
2844 612 3114 677 fateatur,
3145 610 3412 666 almusin
3430 628 3501 667 ea
3533 614 3739 665 manet
3761 612 3849 680 qui

2197 702 2439 773 spiritus
2470 703 2524 757 id
2562 706 2754 757 tamen
2789 701 3109 770 ministrat,
3143 716 3286 772 pure
3319 701 3368 755 si
3406 700 3502 755 cui
3537 698 3851 755 famulatur

2195 790 2256 845 in
2289 808 2497 858 aevum,
2530 791 2602 846 ab
2634 790 2735 846 illa
2756 790 3061 847 devenient
3083 805 3394 862 prosperes
3415 805 3673 861 quaeque
3696 787 3846 843 ﬁant

2196 878 2526 935 Sceleribus
2560 880 2693 935 inde
2733 879 2885 935 citus
2935 883 2993 935 et
3018 879 3202 950 fugiet
3257 878 3305 934 si
3363 876 3850 949 commulgavsrit

2197 968 2270 1005 ³1⁸
2300 973 2503 1024 semet.
2538 969 2781 1025 Actibus
2812 969 3040 1025 deserta
3068 971 3207 1023 tunc
3238 967 3370 1023 ilicO
3392 983 3531 1023 cum
3564 967 3698 1023 suis
3730 983 3849 1037 qua

2197 1074 2316 1112 una
2344 1058 2576 1129 peribit,
2612 1058 2671 1113 ni
2702 1075 2764 1114 se
2796 1060 2867 1114 ab
2898 1058 3042 1129 ipsis
3072 1058 3360 1125 eruderat,
3387 1062 3447 1113 et
3469 1060 3534 1113 ut
3560 1061 3702 1113 ante
3723 1073 3849 1112 con-

2195 1146 2386 1202 sistat.

2268 1236 2353 1290 19.
2389 1235 2547 1291 Hanc
2578 1237 2731 1291 unde
2760 1236 3029 1309 congruit
3059 1236 3309 1307 Augusti
3360 1240 3567 1291 caveat
3618 1236 3721 1306 qui
3754 1252 3850 1308 po-

2195 1324 2289 1379 tiri
2314 1342 2621 1380 censuram
2655 1331 2716 1379 ut
2747 1326 2983 1381 nomine
3016 1333 3196 1397 parat.
3242 1325 3493 1380 Inlatum
3547 1327 3851 1380 communi

2196 1412 2477 1483 suscipiat
2496 1418 2625 1468 voto
2655 1414 2739 1469 sic
2770 1431 3003 1485 quoque
3025 1414 3177 1469 vivat
3197 1414 3407 1486 adepto
3431 1429 3506 1468 ne
3531 1418 3852 1469 temerave-

2197 1501 2271 1555 rit
2292 1502 2507 1571 ipsum.
2528 1502 2851 1558 Nutibusin
2868 1519 2983 1574 quo
3003 1518 3064 1557 se
3096 1502 3246 1557 divis
3276 1508 3435 1574 agat,
3460 1519 3771 1574 suumque
3789 1504 3852 1539 ²¹⁸

2196 1590 2510 1644 frustretur
2528 1591 2733 1661 [1684).
2758 1590 3040 1646 Inlustres
3066 1591 3186 1646 sint
3214 1592 3427 1656 adhuc,
3452 1591 3554 1663 qui
3572 1598 3851 1663 superant

2192 1680 2391 1734 arbitri
2427 1680 2497 1715 ²¹⁸
2529 1684 2585 1733 et
2614 1681 2715 1750 qui
2739 1681 2865 1751 jam
2899 1686 3314 1751 praecesserant
3348 1682 3510 1748 hinc,
3534 1686 3596 1736 et
3626 1682 3846 1736 diathe.

2190 1785 2316 1822 cam
2352 1768 2415 1801 9”
2448 1773 2625 1839 ponat
2672 1769 2975 1840 speculum
3028 1770 3181 1841 quod
3216 1769 3462 1826 callidus
3510 1787 3626 1825 nec
3669 1770 3849 1825 reluat

430 1862 487 1914 et
515 1875 648 1913 eum
682 1875 874 1958 quem.
899 1859 1071 1958 etiam
1104 1859 1397 1958 edentavit
1437 1858 1503 1892 ²⁰⁸
1534 1858 1761 1912 evirans
1800 1858 1889 1958 28:3,
1918 1856 2076 1955 solu-
2112 1895 2154 1958 Β
2189 1858 2594 1958 kaupo(1685).
2617 1858 3260 1958 Imploretquapropter
3276 1860 3845 1957 Dominumjugiter,

432 1952 678 2018 tumque
709 1946 1031 2002 resolidans
1055 1948 1365 2015 mundum,
1398 1952 1523 2001 tum
1557 1953 1613 2001 et
1643 1952 1798 2002 stare
1828 1945 2082 2000 firmavit
2112 1945 2154 1958 "
2191 1946 2517 2017 adiciatque
2540 1963 2655 2001 non
2687 1947 3201 2018 comperendinare
3219 1948 3477 2004 devotus.
3509 1952 3641 2003 Hoc
3674 1949 3845 2003 etiam

431 2035 746 2091 elumbem.
782 2037 1043 2092 Innotuit
1074 2036 1311 2091 vitanda
1333 2037 1504 2105 cujus
1528 2037 1743 2106 pariter
1774 2040 1830 2089 et
1864 2036 2082 2089 utenda

431 2123 625 2181 saluti.
652 2126 813 2189 Quod
840 2125 978 2195 quia
998 2129 1424 2196 transgressus,
1451 2124 1639 2179 noxiis
1661 2124 2078 2190 communicat,

429 2212 825 2286 salutariaque
850 2219 1097 2282 recusat,
1123 2213 1259 2269 hinc
1278 2214 1593 2270 recidivare
1617 2214 1829 2268 totiens
1852 2213 2080 2283 conspi-

428 2302 597 2357 citur.
630 2303 801 2358 Ponit
831 2303 930 2357 sed
962 2308 1017 2357 et
1070 2302 1194 2373 ipse
1245 2302 1533 2359 medelam
1588 2301 1832 2373 ingratis
1889 2300 2079 2372 opifex

426 2391 692 2446 medicus
715 2390 923 2446 salutis
937 2394 992 2445 et
1009 2395 1229 2446 auctor.
1248 2390 1537 2445 Antidotis
1555 2390 1839 2461 impensis
1863 2392 2079 2460 pariter

426 2484 482 2535 et
506 2479 831 2551 lixopyritis
858 2480 928 2515 ²¹⁰
950 2478 1132 2533 tensis
1158 2480 1577 2549 perszepejam.
1603 2480 1766 2533 Nunc
1793 2478 2079 2534 instanter

426 2583 684 2633 oremus,
716 2583 777 2623 se
806 2584 1047 2623 manum
1072 2566 1346 2634 retrahat,
1365 2567 1451 2621 vel
1476 2567 1831 2639 chirurgiam
1852 2572 2078 2638 premat

425 2654 616 2710 adhuc
648 2656 841 2711 furore
866 2660 1079 2722 motus,
1124 2657 1225 2710 sed
1267 2655 1497 2727 delegat
1526 2660 1827 2725 unguenta
1848 2672 1881 2709 a
1912 2672 2076 2711 sum-

426 2744 539 2799 mis
572 2745 924 2815 dynamidiis
957 2745 1140 2815 (1681)
1173 2745 1445 2799 infundat
1475 2749 1531 2799 et
1558 2744 1740 2812 liniat,
1776 2745 1990 2814 quibus
2019 2748 2077 2799 et

424 2833 666 2904 repellat
700 2834 929 2888 tabifica
958 2877 970 2900 ,
1004 2834 1313 2904 chirurgiae
1344 2833 1567 2889 venerit
1598 2834 1753 2888 sacio
1786 2835 1852 2866 ²¹¹
1888 2833 1980 2887 his
2015 2838 2076 2887 ut

424 2938 558 2977 cum
614 2924 911 2978 modicum
970 2924 1151 2977 dilata
1201 2938 1440 2977 exurere
1476 2923 1747 2991 inveniat,
1801 2923 1952 2993 quod
1986 2922 2072 2976 vel

425 3027 620 3067 secare
650 3016 988 3083 praesumat.
1018 3012 1099 3066 Ne
1130 3011 1341 3066 Christi
1375 3011 1567 3066 dicata
1602 3010 1857 3065 thalamo
1888 3012 2071 3081 (1582)

424 3100 633 3155 defleat
661 3100 1048 3172 praesegmina
1070 3101 1163 3166 Μ,
1201 3100 1445 3172 mystica
1466 3117 1593 3171 qua:
1627 3100 1987 3156 mnasiterna
2003 3100 2072 3133 ³³⁸

420 3188 580 3245 lavit.
613 3189 807 3252 Quibit
838 3188 1138 3245 medicinis
1188 3206 1368 3260 capax
1400 3188 1597 3244 nullus
1647 3204 1774 3244 esse
1822 3189 2069 3260 peritus,

2189 2034 2461 2106 supplere
2488 2036 2557 2070 ²¹⁸
2589 2052 2660 2091 ne
2690 2037 3007 2092 seducatur
3038 2037 3110 2073 ³η
3140 2038 3211 2093 ab
3244 2038 3371 2109 ipso
3402 2042 3665 2093 cunctus
3698 2039 3847 2092 debi-

2188 2129 2314 2177 tum
2344 2128 2429 2178 est
2451 2128 2513 2179 ut
2545 2124 2796 2195 populus
2826 2125 3021 2181 instet.
3056 2126 3331 2197 Graecipui
3352 2126 3644 2197 quoniam
3670 2132 3843 2181 testa-

2190 2213 2368 2267 menti
2401 2213 2518 2267 vim
2550 2212 2779 2269 abolere
2808 2213 3065 2269 luctatur
3084 2231 3186 2285 pro
3214 2230 3322 2286 ope
3345 2214 3445 2287 qui
3474 2215 3569 2269 sui
3594 2214 3842 2270 stolidus

2188 2300 2442 2373 neglegit
2514 2302 2778 2373 ﬂagitare
2835 2305 3085 2374 patroni.
3144 2303 3355 2360 Praasto
3412 2320 3549 2358 sum
3610 2304 3839 2359 indiffe-

2187 2406 2321 2445 rens
2353 2392 2441 2456 πο,
2474 2400 2630 2446 orate
2665 2391 2830 2447 vobis
2878 2397 2942 2446 ut
2972 2392 3091 2447 ﬁat.
3144 2394 3280 2447 Adae
3330 2393 3389 2446 in
3420 2391 3631 2465 lingua
3661 2393 3840 2463 (1686)

2186 2494 2342 2533 nunc
2350 2478 2477 2548 jam
2497 2484 2560 2533 ut
2580 2479 2681 2533 fiat
2703 2479 2868 2534 vobis
2884 2479 3269 2550 respondebo,
3283 2479 3394 2535 etsi
3414 2480 3839 2536 mavultisaus-

2184 2566 2408 2637 epicare
2465 2582 2579 2622 me.
2625 2608 2639 2621 .
2685 2585 2765 2622 .a
2820 2567 3127 2637 majestate
3174 2572 3430 2624 vestrum
3489 2574 3631 2625 ante
3687 2586 3835 2624 sum-

2186 2671 2280 2709 ma
2312 2655 2515 2726 (1687).
2554 2698 2565 2710 .
2604 2698 2616 2709 .
2653 2696 2665 2709 .
2702 2660 2766 2710 ut
2788 2656 3012 2726 placido
3042 2656 3242 2712 deluat
3270 2656 3492 2712 lumine
3522 2674 3743 2713 noxam
3769 2658 3833 2711 de

2185 2760 2297 2811 me,
2331 2745 2512 2816 fingat
2532 2751 2589 2800 et
2619 2763 2792 2817 quem
2824 2746 2927 2800 tibi
2953 2752 3206 2817 gratum,
3242 2763 3565 2819 precesque
3598 2749 3833 2802 funden-

2183 2835 2285 2889 das
2316 2839 2592 2905 acceptet,
2629 2836 2783 2890 inlex
2814 2836 2881 2869 ²²¹
2916 2852 3063 2907 quas
3112 2852 3215 2890 nec
3251 2836 3476 2906 primus
3505 2836 3705 2893 valeat
3728 2838 3830 2892 im-

2182 2923 2340 2993 piare
2373 2922 2679 2993 molestus,
2724 2924 2944 2979 hiantis
2993 2922 3264 2979 mutitare
3310 2924 3603 2996 linguam,
3638 2942 3746 2981 nec
3774 2943 3834 2980 ea

2180 3012 2505 3084 inspirante
2526 3013 2789 3084 politam,
2807 3030 2913 3069 nec
2932 3004 3099 3069 {Rite
3125 3030 3251 3085 quae
3272 3013 3449 3069 etiam
3482 3031 3687 3070 meum
3704 3015 3833 3069 alibi

2181 3101 2442 3156 subferat
2471 3117 2569 3156 cor
2595 3100 2836 3173 inquam
2858 3101 3059 3171 dilabi,
3074 3104 3176 3158 sed
3196 3102 3459 3158 exaudiri
3479 3103 3577 3174 pio
3613 3120 3835 3159 merear

2179 3190 2471 3260 apietatis
2502 3195 2758 3247 auctore.
2812 3190 3036 3247 Auxilio
3086 3208 3202 3263 quo
3259 3192 3465 3263 fretus,
3518 3194 3832 3265 supplices,

420 3278 721 3349 physicam
757 3279 975 3333 intente
1010 3295 1079 3333 ne
1111 3278 1394 3333 rationem
1429 3282 1738 3333 scrutetur.
1780 3277 2063 3350 Intellegit
2097 3264 2139 3332 C
2181 3278 2335 3332 oriar
2362 3282 2488 3333 tum
2540 3279 2864 3349 dependere
2922 3296 3112 3337 voces.
3180 3280 3500 3337 Hebraicus
3531 3264 3834 3337 conﬁrmet

420 3367 684 3439 figmenti
734 3367 941 3437 nequis
991 3372 1065 3431 et,
1109 3370 1173 3421 ut
1205 3367 1305 3437 qui
1366 3368 1612 3421 finxerat
1661 3367 1875 3438 ipsum.
1926 3366 2067 3431 Quis

419 3471 555 3527 ergo
587 3456 797 3527 poterit
818 3455 1106 3510 mundum
1138 3455 1326 3511 salute
1357 3455 1526 3526 tueri,
1553 3456 1708 3511 haud
1731 3455 1919 3510 dicam
1944 3472 2067 3511 mo-

419 3544 721 3601 narchiam
754 3544 839 3599 vel
871 3544 1306 3616 proportionem
1336 3544 1395 3599 in
1428 3546 1554 3616 ipsa
1594 3544 1721 3616 ejus
1752 3545 1977 3617 primae,
2010 3545 2069 3599 ni

2178 3370 2367 3422 vester
2396 3383 2542 3436 quas
2558 3372 2615 3421 et
2648 3384 2766 3421 una
2780 3367 3030 3423 dictione
3050 3373 3385 3435 succentus,
3408 3369 3543 3439 ejus
3569 3375 3629 3424 et
3653 3376 3828 3425 extre-

2180 3456 2294 3511 mis
2322 3456 2552 3512 coronis
2584 3461 2815 3528 aptetur
2844 3459 2901 3513 in
2935 3456 3072 3513 oris.

1964 3724 2270 3780 GLOSSIE.

492 3876 560 3954 30°
588 3874 815 3930 Judicio
846 3874 1133 3954 pulsatus.
1312 3874 1480 3954 Ultra
1502 3876 1767 3954 modum.
1803 3950 1811 3954 _
1848 3876 2046 3954 2“_“‘_Qui
2071 3882 2267 3954 grates
2290 3893 2405 3954 non
2429 3876 2643 3954 reddit1
2681 3951 2702 3954 _
2722 3878 2791 3912 “3
2816 3879 3216 3954 Augmentari.
3257 3952 3266 3954 _
3298 3880 3366 3954 9°}
3386 3880 3827 3954 Miser-iis,un

421 3946 599 4025 etiam
630 3947 1418 4025 nomenfuriaegessedicunt.
1454 3948 1857 4025 Dicgf'rzrumm's.
1881 3948 2014 4003 MAI.
2042 4024 2047 4025 γ
2076 3946 2525 4025 ὮοδᾍΒεεμῙαῐηη
2578 3949 2645 4025 ῗῗσ
2678 3946 3011 4025 Desperata.
3058 3951 3127 3984 ²⁰⁷
3147 3950 3444 4025 Diabolus.
3496 3952 3569 3987 ²⁰⁸
3590 3946 3822 4025 Absque

420 4018 699 4093 dedtibus
751 4018 902 4093 fecit.
931 4090 945 4093 _
981 4018 1050 4093 ξοθ
1098 4018 1469 4093 Exinanicns.
1550 4019 1617 4053 ²¹⁰
1664 4018 2115 4093 Cataplasmata,
2159 4019 2433 4093 Antidota
2480 4024 2537 4074 et
2586 4018 2916 4092 lixopyrita,
2968 4037 3144 4093 opera
3194 4022 3619 4079 misericordia
3650 4018 3826 4080 vocat.

420 4090 797 4170 9“.Tempus.
821 4160 835 4170 '
984 4090 1756 4170 Prsasegminasuntpartes
1787 4091 2045 4170 corporis
2076 4092 2293 4170 recisae.
2373 4094 2445 4127 ²¹³
2477 4090 2846 4170 Aqussurna.
2925 4090 3517 4170 ’{f‘Coinquinaver-it.
3601 4098 3675 4131 ³³⁸
3698 4098 3829 4152 Pro-

414 4162 630 4233 prium.
669 4160 681 4161 ί
709 4160 1043 4238 "f‘dudices
1066 4162 1163 4231 qui
1180 4160 1413 4238 'vivunt.
1492 4162 1563 4197 “7
1584 4163 1825 4238 Librum
1848 4160 2099 4238 duorum
2124 4160 2613 4238 testamentorum
2636 4163 2861 4227 Veteris
2888 4169 2943 4220 et
2961 4164 3123 4220 Novi.
3181 4160 3267 4200 “²¹⁸
3293 4164 3564 4238 Implere.
3649 4170 3721 4203 3"
3739 4171 3828 4223 Se-

413 4238 666 4304 paretur.
752 4233 823 4268 ²²⁰
854 4233 1098 4289 Paratus
1130 4249 1262 4288 sum
1298 4234 1369 4288 ad
1402 4234 1894 4303 respondendum,
1929 4233 2014 4288 nil
2044 4250 2302 4289 morans.
2337 4234 2405 4270 ²²¹
2436 4233 2734 4305 Deceptor.

1760 4410 2062 4468 SCHOLIA
2099 4411 2187 4467 ET
2225 4410 2458 4468 NOV/E.

479 4562 658 4635 (1679)
692 4564 845 4618 Inter
891 4563 1219 4635 pataginem
1253 4567 1308 4618 et
1358 4563 1653 4635 patagium
1682 4563 1790 4635 hoc
1823 4563 2037 4619 differt.
2079 4566 2125 4630 D

406 4636 615 4707 Patago
643 4634 735 4691 est
766 4634 1113 4690 exulceratio
1144 4635 1282 4699 oris,
1317 4635 1467 4705 quod
1504 4652 1636 4689 cum
1680 4634 2048 4701 intumuerit,

404 4724 564 4778 paene
585 4707 877 4778 elinguem
911 4707 1066 4760 facit.
1102 4707 1404 4777 Patagium
1436 4723 1567 4761 vero
1595 4711 1681 4761 cst
1710 4707 1949 4779 pallium
1983 4724 2051 4762 ex

403 4796 544 4833 auro
578 4795 942 4849 perpuraquc
969 4779 1275 4833 variatum.

484 4797 544 4832 ro
578 4797 677 4849 per
724 4797 942 4849 uraquc
969 4797 1275 4833 variatum.

474 4851 654 4919 (1680)
681 4797 827 4908 ﬁdem
861 4850 1092 4920 quando
1116 4867 1247 4904 cum
1269 4849 1623 4920 aspiratione
1646 4848 1939 4915 scribitur,
1965 4847 2049 4903 in-

474 4867 654 4919 (108U)
688 4867 827 4908 nem
861 4867 1092 4920 quando
1116 4867 1247 4904 cum
1269 4867 1330 4904 as
1379 4867 1623 4904 iratione
1646 4867 2047 4915 scrmuur,1n-

400 4921 1086 5003 terje'ctio.est.doten.tis,
1106 4920 1295 5003 ‘quasi
1338 4867 1446 5003 ἔθα
1467 4938 1605 5003 _mc‘..
1644 4920 1884 5001 Quando
1914 4937 2047 4975 vero

398 4990 523 5046 sine
538 4992 917 5063 inspiratione
931 4990 1265 5047 adverbium
1281 4990 1839 5063 ostendentis.quasi
1854 5007 2042 5045 enme.

469 5062 652 5134 (1681)
686 5064 871 5118 Libris
904 5063 1370 5117 medicinalibus.
1396 5062 1673 5134 Dynamis
1699 5062 1911 5134 dicitur
1942 5079 2041 5132 po-

395 5136 575 5188 testas
597 5139 653 5189 et
674 5135 759 5189 vis
800 5136 1109 5189 herbarum
1139 5152 1151 5197 ;
1191 5136 1343 5187 unde
1374 5135 1546 5187 etiam
1590 5133 1926 5202 dynamidia
1950 5134 2042 5186 di-

2228 4563 2407 4636 (1683)
2469 4562 2614 4636 Dicit
2662 4564 2890 4620 nullum
2924 4582 3051 4623 esse
3108 4568 3427 4636 medicum,
3489 4569 3614 4625 nisi
3650 4570 3820 4627 fuerit

2165 4633 2465 4715 physicus.
2529 4635 2755 4715 Rursus
2804 4637 3034 4715 nullum
3069 4642 3210 4715 _tam
3263 4633 3429 4715 plene
3487 4640 3817 4715 intelligam

2162 4705 2466 4785 physicam
2500 4707 2783 4785 rationem
2809 4705 3281 4785 uniuscujusque
3307 4711 3416 4785 rei,
3468 4729 3656 4783 quam
3687 4705 3813 4785 “qui

2160 4778 2783 4856 eandemcomposuit.
2819 4780 3019 4856 Restat
3047 4778 3447 4856 ergo—nullum
3481 4778 3659 4856 posse
3692 4778 3814 4841 tue~

2159 4847 2525 4972 ritmundum
2558 4847 2765 4921 salute,
2815 4852 2929 4907 nisi
2978 4847 3232 4925 ipsevqui
3288 4872 3422 4910 eum
3481 4847 3816 4927 plasmave-

2159 4935 2201 4971 ri

2158 4935 2201 4971 ΓΙ

2224 4990 2407 5061 (1684)
2442 4996 2564 5046 Non
2615 4996 2846 5047 tantum
2896 5010 3022 5065 quae
3070 4993 3154 5049 illi
3187 4995 3380 5051 solum
3422 4997 3580 5052 bona
3608 4999 3809 5053 viden-

2153 5063 2253 5141 tur
2309 5078 2477 5141 agere
2536 5063 3411 5141 praesumattsed_auctoritate
3469 5071 3808 5139 preceden-

2151 5134 2298 5186 tium
2324 5136 2626 5189 doctorum
2660 5141 2716 5190 et
2745 5135 2986 5191 consilio
3039 5136 3420 5194 honestorum
3469 5134 3675 5198 potius
3707 5142 3804 5196 ad-
