4008 5388
182 491 303 555 88!

1241 490 1772 554 POLYPTICUM.
1807 522 1884 537 -—
1914 490 2223 553 TEXTUS
2268 491 2551 552 ALTER.

3482 491 3604 553 882

2755 649 3580 677 I==:_.__‘-‘-"'__'—__——_—_—___-—-

1046 812 1704 907 POLYPTICI
1788 812 2267 908 TEXTUS
2345 817 2753 911 ALTER

591 1019 782 1074 Editus
811 1036 845 1074 a
872 1019 1079 1075 Joanne
1106 1019 1385 1075 Dominico
1417 1018 1626 1087 MANSI,
1660 1020 1720 1074 iu
1747 1018 2112 1075 Illisceltaneis
2142 1021 2312 1075 sacris
2345 1021 2585 1087 Balum‘i,
2620 1021 2756 1077 edit.
2790 1024 2942 1092 Luc.,
2971 1041 3027 1093 ρ.
3059 1025 3185 1081 560.

411 1320 772 1414 INCIPIT
820 1320 1447 1413 POLYPTICUM
1496 1320 1748 1419 QUOD
1797 1322 2453 1415 APPELLATUB
2499 1323 3366 1417 PERPENDICULUM.

737 1686 949 1726 INCIPIT
996 1685 1277 1726 EPISTOLA.

251 1760 586 1817 Reverendo
620 1760 678 1814 in
714 1776 806 1814 me
838 1759 1058 1814 Fulano
1100 1758 1267 1815 valde
1300 1758 1553 1831 praesuli.

255 1850 515 1907 Fulanus
542 1849 788 1921 cupiens
813 1866 905 1904 me
927 1848 1010 1903 sic
1034 1849 1269 1903 beatum
1294 1848 1513 1903 exitum
1542 1848 1727 1903 instat
1749 1848 1841 1902 Fe-

180 1936 1011 2010 licissimiOpilionisSilvestri
1027 1937 1245 1992 summi
1262 1936 1507 1991 mortuis
1522 1936 1838 2008 aliquibus,

185 2030 290 2087 sed
316 2028 461 2084 mihi
483 2044 588 2083 nec
612 2033 919 2083 emortuus
941 2026 1107 2082 vivus
1151 2027 1332 2082 immo
1357 2027 1501 2082 mihi
1524 2025 1748 2081 vividus
1778 2042 1840 2080 es

188 2124 459 2174 mortuus
489 2118 589 2172 sed
613 2116 779 2172 vivus
803 2116 860 2171 in
887 2132 1000 2172 me.
1039 2116 1226 2187 Hujus
1246 2116 1559 2172 laberinthi
1579 2116 1688 2171 iter
1708 2132 1837 2170 cur-

184 2212 401 2277 rentes,
429 2210 533 2262 aut
557 2223 673 2277 qua
707 2205 1028 2261 insistendo
1062 2206 1241 2261 vitare
1280 2205 1614 2278 voraginem
1640 2205 1835 2275 edoce,

183 2302 287 2353 aut
307 2312 424 2368 quo
449 2294 718 2351 salubres
740 2294 961 2350 sublati
1001 2293 1301 2365 adtingere
1324 2295 1551 2365 possint
1576 2294 1835 2349 delicias.

188 2389 323 2451 Quae
354 2385 543 2441 sentio
576 2384 633 2439 in
669 2384 776 2439 hoc
821 2400 1060 2451 cernes;
1123 2385 1223 2438 sed
1284 2384 1367 2439 sic
1398 2398 1503 2454 ego
1534 2401 1658 2455 quae
1690 2387 1746 2438 et
1774 2389 1836 2437 tu

182 2477 624 2545 comparantur.
661 2472 983 2528 Contabres
1014 2475 1081 2527 ut
1110 2471 1337 2544 pollini.
1375 2472 1454 2526 En
1489 2488 1616 2543 qua:
1647 2488 1751 2544 ego
1773 2476 1835 2527 tu

185 2578 315 2635 qua:
349 2561 615 2618 fcnliciter
656 2561 852 2616 redde.
885 2563 1089 2617 Amen.

735 2651 988 2722 Explicit
1027 2650 1272 2722 epistola.

678 2755 891 2793 INCIPIT
927 2755 1346 2794 ARGUMENTUM.

256 2828 380 2884 Non
413 2827 591 2883 chaos
622 2827 917 2897 explicant
945 2826 1242 2897 sOphistm,
1274 2826 1619 2881 bombinare
1642 2840 1836 2879 rerum

184 2934 439 2989 exequar
471 2915 777 2972 assiduum
809 2915 953 2970 orbi.
988 2915 1112 2970 Non
1146 2913 1271 2969 ocia
1300 2914 1407 2969 hoc
1442 2913 1665 2968 calamo
1698 2930 1833 2968 con-

183 3023 362 3063 cussa
392 3004 623 3102 pistico,
648 3021 750 3060 nec
773 3002 943 3059 osilla
964 3004 1301 3102 pinsabunt.
1327 3003 1680 3073 Fessusjam
1698 3002 1835 3101 hinc
1869 3040 1915 3102 B

186 3092 669 3167 perpendiculum
704 3110 937 3165 ponam.
992 3092 1173 3162 Cujus
1226 3108 1423 3147 vocem
1483 3108 1597 3147 non
1627 3092 1839 3162 poterit

185 3198 557 3255 compescere
590 3182 798 3250 aciare,
848 3198 953 3237 nec
1000 3182 1191 3236 Attica
1240 3181 1421 3237 Rema
1451 3181 1747 3236 inrumine
1779 3182 1838 3236 Ε.

182 3275 252 3327 Α.
284 3272 339 3327 J.
372 3272 435 3326 P.

669 3361 913 3432 Explicit
940 3361 1362 3429 Argumentum.

187 3466 395 3504 INCIPIT
410 3466 769 3506 POLYPTICUM
785 3466 935 3511 QUOD
950 3465 1315 3505 APPELLA'I‘UR
1333 3463 1839 3504 PERPENDICULUM.

260 3538 508 3611 Fragilis
526 3556 740 3611 pompa
762 3539 939 3608 hujus
965 3538 1066 3593 aevi
1089 3536 1339 3609 languor
1359 3542 1449 3592 est
1470 3541 1527 3592 et
1544 3537 1839 3608 quaeritur,

186 3627 388 3699 pestis,
423 3632 511 3683 est
544 3632 600 3682 et
630 3628 987 3682 omnimodis
1021 3627 1299 3682 ambitur.
1353 3628 1486 3692 Quae
1536 3626 1753 3681 arridet
1781 3625 1839 3679 in

187 3733 448 3785 accessu,
474 3733 609 3771 cum
644 3717 826 3787 serpit
863 3715 1126 3785 delectat,
1162 3717 1219 3769 in
1248 3716 1420 3784 cujus
1451 3714 1844 3770 adolescentia

187 3810 278 3860 est
300 3804 505 3878 ingens
530 3804 713 3869 labor,
738 3820 872 3858 cum
896 3804 1235 3859 intumescit
1258 3804 1595 3875 prosternit,
1622 3809 1676 3857 et
1707 3820 1839 3857 cum

189 3894 498 3949 recesserit
528 3892 997 3965 blasphematur,
1056 3892 1196 3964 quia
1254 3893 1403 3947 solet
1433 3892 1672 3947 clientes
1703 3908 1842 3946 suos

188 3983 429 4037 reddere
462 3980 771 4054 ignobiles,
797 3985 1137 4052 spernentes
1161 3984 1354 4037 autem
1380 3998 1441 4035 se
1464 3980 1703 4035 reddere
1725 3978 1841 4049 glo-

187 4070 395 4127 riosos.

258 4159 384 4213 Non
409 4158 530 4214 haec
553 4157 768 4212 mirum
790 4157 927 4229 quia
944 4174 1079 4213 cum
1100 4158 1386 4214 hactenus
1405 4157 1844 4213 extiteritruina

188 4262 335 4317 pene
356 4246 633 4301 omnibus
653 4261 779 4301 sese
804 4247 1236 4317 appetentibus,
1263 4262 1367 4301 nec
1386 4251 1727 4318 arrogantes
1745 4246 1842 4300 de-

184 4334 393 4390 ficiunt
413 4335 625 4404 adhuc,
656 4350 756 4389 nec
779 4334 1067 4390 acerbitas
1100 4352 1160 4390 se
1189 4335 1449 4390 elevandi
1482 4336 1837 4390 moderatur.

1865 1673 1919 1738 Α
1951 1673 2450 1743 reprazsentaverit
2470 1673 2811 1745 ipocondria
2834 1672 2989 1727 stilo.
3014 1672 3151 1729 Tale
3178 1672 3329 1745 quod
3362 1670 3597 1727 resolvi-

1951 1778 2084 1816 mus
2115 1761 2458 1817 discrimine
2488 1762 2642 1817 trino
2674 1762 2979 1816 scanditur
3009 1762 3330 1833 fastigium,
3356 1760 3595 1831 quidam

1951 1850 2233 1920 adjiciunt
2257 1867 2446 1905 assem
2473 1856 2574 1905 aut
2614 1868 2745 1905 cum
2772 1867 2986 1923 prarses
3028 1850 3375 1905 nominatim
3405 1850 3599 1920 signat

1950 1955 2124 2011 quem
2158 1940 2331 1994 claris
2365 1941 2609 1995 nutibus
2640 1939 2727 1995 vel
2778 1957 2911 1994 cum
2962 1939 3163 1994 eadem
3196 1956 3299 1993 vox
3334 1938 3595 1993 omnium

1950 2029 2121 2084 calat.
2150 2028 2250 2083 Vel
2274 2046 2407 2084 cum
2432 2030 2635 2084 eadem
2665 2046 2867 2095 unum,
2893 2033 2993 2083 aut
3032 2045 3165 2082 cum
3210 2027 3466 2099 parentis
3496 2044 3599 2082 va-

1948 2118 2215 2189 lidojure
2238 2119 2326 2173 fas
2349 2124 2439 2173 est
2465 2118 2684 2190 perfrui
2708 2119 2937 2173 throno.
2986 2117 3294 2188 Improbus
3318 2122 3417 2171 aut
3439 2116 3602 2171 labor

1950 2211 2160 2261 etcum
2186 2222 2401 2262 vesana
2421 2206 2743 2279 triumphis
2769 2206 2963 2278 praelia
2988 2206 3343 2261 conveniunt
3360 2222 3601 2277 propere

1947 2295 2393 2350 trucibusalteri
2410 2295 2713 2367 insurgere
2732 2296 3040 2368 quemjam
3062 2298 3397 2349 cantaverat
3416 2310 3599 2366 praeco

1947 2384 2268 2456 prophanis
2288 2401 2401 2438 non
2416 2385 2704 2455 conjurati
2726 2384 2998 2439 manibus
3017 2383 3366 2439 execrabiles
3384 2384 3595 2439 favent.

1948 2474 2095 2539 Quid
2123 2474 2150 2527 ‘I
2172 2472 2519 2527 Exinanitur
2540 2472 2788 2527 zemulus
2811 2473 3068 2544 penitus,
3111 2474 3280 2543 cujus
3320 2473 3597 2528 beneﬁcio

1949 2562 2212 2618 ditantur
2238 2562 2410 2634 primi
2432 2561 2634 2617 velites
2657 2578 2760 2617 nec
2788 2567 3039 2634 poscunt
3074 2561 3474 2619 intemerabile
3496 2562 3595 2616 fa:-

1948 2652 2059 2707 dus
2090 2651 2147 2705 in
2182 2668 2296 2723 quo
2329 2650 2531 2705 herilis
2565 2668 2810 2707 somnus
2841 2650 3032 2722 capiat
3059 2650 3451 2706 dulcedinem.

2020 2740 2130 2795 Sed
2159 2741 2329 2811 juvat
2352 2740 2581 2793 interim
2606 2739 2929 2809 jocundius
2954 2739 3253 2793 traducere
3280 2739 3595 2795 remissum

1947 2833 2182 2900 tempus
2208 2833 2266 2883 et
2306 2827 2517 2899 placito
2564 2828 2736 2899 potiri
2764 2828 2993 2898 adeptis
3017 2832 3081 2881 ut
3111 2827 3283 2881 ambo
3308 2827 3602 2899 principes

1946 2921 2277 2972 terreantur
2297 2932 2401 2987 per
2422 2915 2694 2970 adversus
2736 2914 2866 2969 lites
2908 2931 3011 2970 nec
3055 2915 3309 2970 audeant
3339 2920 3602 2987 potentes

1946 3004 2283 3075 exippitare.
2311 3006 2521 3059 Contra
2549 3003 2765 3059 milites
2805 3003 2891 3058 vel
2917 3020 3129 3075 negare
3169 3004 3490 3075 quidquam
3514 3023 3601 3060 re-

1952 3098 2071 3149 stat
2103 3096 2166 3147 ut
2190 3092 2417 3165 vigeant
2441 3092 2730 3163 principes
2754 3096 2984 3148 tantum
3023 3093 3344 3148 miserabili
3369 3094 3602 3149 nomine

1952 3186 2017 3236 ut
2041 3182 2232 3252 potius
2258 3197 2362 3237 nec
2380 3186 2680 3252 compotes
2705 3181 2823 3236 sint
2855 3181 3039 3236 immo
3065 3182 3297 3254 privatae
3333 3182 3413 3236 rei
3438 3197 3595 3236 com-

1951 3276 2139 3343 potes.
2162 3272 2311 3325 Tum
2334 3270 2538 3326 sedulo
2564 3270 2863 3325 ruminant
2884 3276 2941 3326 et
2982 3275 3205 3326 secreta
3228 3287 3370 3325 cura
3391 3286 3599 3342 repen-

1952 3362 2085 3415 dere
2138 3359 2313 3415 sociis
2362 3361 2468 3414 has
2518 3360 2813 3431 strophas.
2867 3362 3233 3431 Quapropter
3281 3376 3384 3414 nec
3434 3360 3606 3414 ta3det

1951 3448 2218 3503 clanculo
2243 3449 2611 3519 frequentare
2635 3464 2761 3503 sese
2783 3449 2931 3503 divis
2956 3450 3136 3504 ramis
3161 3466 3262 3520 per
3283 3454 3487 3503 cautos
3513 3466 3603 3503 re-

1949 3536 2280 3591 vercdarios
2312 3538 2410 3607 qui
2448 3554 2551 3591 nec
2604 3537 2918 3592 nunciassc
2970 3537 3169 3592 frivole
3218 3537 3329 3608 piis
3359 3535 3604 3592 solertes

1950 3642 2053 3697 per
2083 3626 2237 3696 quod
2274 3626 2489 3682 milites
2523 3626 2711 3697 prima
2763 3626 3116 3698 instigentur
3144 3626 3419 3696 indagine
3450 3624 3601 3681 fulti.

1951 3716 2231 3770 Externos
2255 3715 2426 3769 etiam
2453 3716 2633 3769 duces
2653 3720 2709 3770 et
2730 3714 3103 3769 conniventia
3122 3719 3329 3785 rogant
3346 3718 3402 3769 et
3417 3714 3605 3769 xeniis

1951 3803 2255 3857 cumulant
2275 3808 2331 3858 et
2358 3820 2600 3875 propere
2618 3807 2808 3857 macta
2830 3805 3149 3874 deponunt.
3172 3803 3285 3857 Cur
3302 3802 3608 3873 pollicetur

1952 3892 2184 3947 extimis
2210 3894 2445 3946 fortuna
2473 3897 2777 3963 potentum
2824 3893 3070 3946 necdum
3115 3896 3339 3946 extorta
3363 3907 3537 3962 quam
3567 3890 3608 3945 ii

1952 3985 2287 4051 sequestres
2309 3981 2570 4050 gestiunt
2590 3979 2892 4049 prelibaro
2912 3979 2995 4033 vel
3016 3980 3287 4046 strictim,
3312 3983 3376 4033 ut
3392 3979 3611 4033 auxilia

1950 4085 2153 4124 eorum
2173 4069 2428 4123 ferveant
2447 4069 2719 4122 edomare
2737 4067 3023 4137 superbos
3045 4084 3268 4137 secum,
3287 4067 3375 4121 vel
3394 4067 3440 4121 si
3462 4069 3610 4124 desi-

1951 4159 2054 4213 des
2078 4162 2347 4229 torpeant
2371 4162 2510 4211 tunc
2536 4156 2734 4211 sazvire
2753 4173 2855 4227 per
2872 4173 2979 4211 sua
2996 4173 3152 4210 arma
3169 4156 3457 4227 denegent
3474 4156 3609 4210 sub-

1952 4246 2104 4301 sulia
2128 4246 2423 4317 oppressis
2448 4262 2579 4299 nam
2603 4244 2715 4316 ipsi
2740 4246 2997 4300 saevient.
3020 4244 3325 4316 Specimen
3349 4248 3607 4315 propter-

1953 4354 2020 4392 ea
2044 4340 2220 4390 restat
2244 4335 2361 4389 doli
2403 4351 2518 4405 quo
2569 4334 2754 4389 affecti
2796 4335 3018 4389 tribuni
3058 4334 3434 4389 elidunturin
3462 4334 3602 4402 imo,

260 4422 548 4479 Fallentes
570 4438 632 4477 se
654 4422 890 4493 quidem
915 4422 1345 4493 praestantiores
1360 4423 1675 4494 veteribus,
1692 4439 1839 4494 quos
1871 4403 1913 4469 (ἶ
1952 4441 2085 4480 cum
2114 4426 2321 4480 horum
2348 4403 2562 4479 milites
2586 4428 2822 4495 captant
2842 4423 3087 4478 blandas
3111 4422 3300 4494 regias
3320 4438 3493 4477 auras
3516 4439 3528 4489 ;
3549 4426 3608 4476 et

186 4512 429 4582 provida
450 4528 699 4567 censura
720 4516 957 4567 accusat
977 4511 1295 4583 segniores.
1321 4512 1539 4567 Horum
1563 4512 1742 4583 igitur
1763 4513 1841 4566 fa-

188 4616 316 4656 sces
339 4600 388 4655 si
411 4599 699 4657 enucleati
724 4601 1015 4673 gradatim
1042 4600 1368 4667 initientur,
1392 4600 1632 4672 dignum
1643 4600 1846 4669 judico

190 4690 599 4759 praenotandos
616 4707 766 4762 quos
786 4690 1047 4762 rigentes
1063 4694 1215 4745 serto
1233 4689 1507 4745 exhibent
1522 4690 1842 4745 remiditos.

189 4777 340 4834 Num
372 4778 642 4834 Chronici
702 4779 977 4833 fraudant
1032 4778 1141 4834 hoc
1196 4779 1294 4849 qui
1330 4779 1648 4850 prmsertim
1683 4794 1843 4833 sum-

189 4883 351 4923 mum
386 4884 489 4935 vae,
524 4871 581 4922 et
612 4867 875 4938 ipsorum
908 4883 1079 4922 omne
1109 4871 1462 4937 concrepant
1492 4867 1599 4921 ohe
1622 4867 1649 4921 ?
1680 4866 1843 4921 Haud

188 4959 569 5026 perstrepunt
593 4971 805 5026 agmen
819 4954 1148 5025 eorum,qui
1172 4956 1489 5026 gradiendo
1508 4954 1841 5026 perplexum

186 5042 391 5099 collem
418 5044 512 5098 ind
525 5047 773 5098 uxerunt
795 5049 1111 5114 sequentes
1130 5049 1389 5112 perrecta
1402 5043 1630 5098 rubrica
1646 5059 1847 5113 quam-

184 5132 269 5189 vis
302 5132 550 5205 pingant
582 5132 1043 5188 inextricabilem
1094 5137 1401 5199 tesseram,
1434 5133 1531 5203 qui
1564 5133 1842 5188 durantes

185 5239 288 5268 non
311 5221 659 5268 aunerstites
686 5220 895 5268 vixere-
923 5239 1026 5270 nec
1060 5221 1272 5270 miselli
1299 5222 1707 5270 inmmdantu’r.
1732 5225 1836 5270 Sed

1950 4516 2149 4569 dictati
2175 4514 2535 4569 muniatores
2563 4514 2807 4568 redeunt
2837 4512 2972 4567 inde
2996 4514 3065 4567 ad
3109 4510 3345 4583 propria
3369 4510 3598 4566 onustis

1957 4603 2220 4657 humeris
2248 4619 2349 4657 nec
2374 4604 2558 4657 ferent
2580 4602 2756 4656 duces
2780 4602 3049 4656 dominos
3088 4600 3351 4672 ipsorum
3385 4601 3606 4671 primos

1956 4692 2206 4748 arbitros
2229 4691 2402 4745 etiam
2430 4692 2485 4745 in
2511 4690 2807 4761 largiendo
2832 4690 3111 4745 beneficia
3128 4706 3253 4744 sese
3271 4692 3609 4760 praeponent

1955 4781 2004 4836 si
2038 4780 2156 4835 sint
2186 4784 2347 4834 arcta
2378 4798 2450 4835 an
2493 4778 2674 4850 larga.

2026 4871 2094 4924 Et
2128 4870 2415 4923 fomerant
2447 4868 2740 4921 immunes
2785 4884 2817 4920 a
2857 4865 3110 4938 proprio,
3162 4868 3218 4919 et
3247 4865 3467 4920 vehunt
3497 4864 3608 4919 sibi

1953 4959 2103 5015 ﬁdos
2136 4957 2503 5012 detrimendo
2530 4954 2794 5009 alterius.
2843 4955 2951 5019 Qui
2984 4954 3301 5025 prmferunt
3331 4970 3433 5025 per
3464 4969 3610 5024 quos

1953 5052 2219 5113 sumunt,
2245 5048 2345 5100 sed
2377 5063 2489 5101 non
2519 5062 2551 5097 a
2574 5044 2814 5115 quibus.
2860 5046 2917 5098 Si
2964 5045 3080 5096 fors
3120 5047 3321 5111 sparat
3346 5042 3475 5109 bos,
3500 5039 3613 5110 ipsi

1952 5137 2571 5194 ministrabuntdonec
2588 5133 2819 5186 discant
2835 5135 2912 5188 ab
2932 5133 3210 5185 alterutro
3226 5128 3516 5199 perlatain
3532 5126 3616 5181 al-

1951 5235 1968 5270 +
1982 5231 2184 5272 orniru
2197 5242 2247 5272 m
2260 5242 2311 5272 .n
2324 5243 2407 5272 nm.
2425 5223 2634 5272 melius
2650 5220 3084 5272 silerentDuos
3099 5220 3369 5272 statuunt
3383 5218 3618 5272 quidem
