4008 5388
484 308 601 374 883

1503 310 1841 373 ATTONIS
1886 308 2473 373 VERGELLENSIS
2517 308 2872 373 EPISCOPI

3744 312 3827 377 884

486 458 626 518 gare
648 458 1015 516 supremum.
1050 443 1141 499 Sic
1170 441 1350 499 illecti
1381 444 1534 500 foeda
1556 444 1850 517 cupidine,
1875 445 2132 516 quando-
2160 446 2213 512 Α
2245 444 2467 511 derent,
2493 448 2550 499 et
2569 446 2893 515 exposcunt
2932 441 3174 499 attribui
3215 439 3325 499 sibi
3363 442 3497 499 ﬁdis
3537 458 3659 515 quae
3678 461 3827 517 posse-

491 550 604 607 que
636 538 878 606 sperant
905 534 1131 593 maestis
1178 538 1454 605 praestare
1504 533 1650 589 levia
1700 535 1747 589 si
1797 534 1915 611 fors
1946 534 2138 588 differt

491 622 804 695 quicquam
835 622 1079 695 periculi
1108 627 1432 695 utcumque
1461 622 1673 695 ingerit
1721 639 1789 678 ex
1818 623 2051 695 proprio
2083 627 2139 678 et

494 712 926 768 communando
958 716 1355 783 prosternunt.

568 802 749 873 Igitur
764 800 1062 872 Principes
1080 803 1303 856 addunt
1320 801 1548 856 munire
1567 801 1840 856 scabrosa
1857 805 1913 855 et
1930 803 2141 855 cuncta

496 890 708 945 radosa
736 906 839 961 per
859 883 1091 945 exesum
1117 892 1180 944 ut
1216 889 1296 945 nil
1338 893 1513 961 queat
1551 889 1683 959 quis
1706 890 2007 943 traducere
2029 887 2139 943 sibi

494 979 785 1052 ignotum.
810 979 879 1033 Et
901 980 995 1034 cui
1013 982 1209 1033 extant
1226 977 1535 1051 praevalida
1551 977 1879 1032 munimina
1898 982 2000 1033 aut
2017 994 2141 1049 pre-

500 1072 672 1124 munt
699 1068 1027 1136 obsidibus,
1062 1073 1161 1123 aut
1193 1068 1463 1122 nituntur
1492 1066 1763 1122 eximere.
1796 1067 1858 1122 In
1892 1083 2139 1137 quorum

500 1158 635 1225 ﬁde,
662 1158 711 1213 si
738 1157 883 1213 forie
904 1157 1129 1223 credas,
1172 1157 1535 1213 committere
1573 1160 1742 1210 tuum
1774 1156 2045 1225 fundum,
2079 1160 2144 1211 ut

497 1248 721 1303 fervent
741 1247 869 1313 tibi,
912 1251 1012 1301 aut
1051 1247 1099 1302 si
1143 1263 1309 1301 cures
1355 1246 1655 1317 imponere
1686 1245 1871 1301 ullum
1903 1246 2143 1301 titulum

499 1341 627 1393 tum
660 1335 849 1392 metiri
901 1336 1151 1408 propriis
1201 1335 1528 1391 hznredibus
1569 1335 1823 1407 elogium
1857 1335 2144 1407 quidquid

500 1425 645 1483 utile
662 1429 751 1481 est
768 1426 995 1480 cunctis
1014 1425 1124 1480 sibi
1145 1426 1461 1492 vindicant,
1486 1441 1672 1496 neque
1688 1430 1911 1496 ponunt
1928 1426 2147 1497 disper-

501 1531 634 1589 gere
677 1514 885 1571 saltem
927 1519 1151 1586 partem
1196 1515 1254 1569 in
1306 1515 1419 1580 his,
1455 1531 1578 1585 quae
1610 1514 1748 1569 olim
1780 1520 2142 1585 paraverant.

468 1662 475 1675 ,
504 1605 644 1669 Quis
668 1608 906 1659 struunt
929 1620 1090 1659 arces
1130 1603 1383 1671 concilii,
1420 1608 1485 1657 ut
1515 1620 1588 1659 ne
1618 1620 1734 1674 qua
1764 1603 2021 1659 incursio
2049 1605 2145 1671 sit,

509 1711 637 1765 quae
661 1698 876 1748 terreat
899 1693 1082 1763 ipsos,
1109 1694 1205 1747 sed
1228 1692 1563 1765 tranquille,
1587 1692 1819 1748 valeant
1852 1694 1995 1747 mibi
2018 1695 2147 1749 red-

2251 532 2385 588 dere
2410 532 2676 599 rebelles,
2719 537 2783 586 ut
2821 537 3094 587 maneant
3132 533 3295 589 dotes
3332 532 3704 604 proditionis;
3737 552 3827 606 spe

2247 625 2408 676 ctant
2430 621 2699 677 revellere
2722 638 2849 693 quae
2872 626 3013 677 tunc
3035 622 3267 692 cedunt,
3292 625 3348 676 et
3369 621 3563 693 prisca
3585 622 3711 678 dum
3732 626 3828 680 sub~

2248 711 2429 782 pedite
2453 710 2669 765 fuerint
2691 712 2912 766 abrasas
2934 711 3207 765 dimersis
3239 710 3523 781 procintis
3545 715 3600 765 et
3618 712 3830 769 dimersis

2248 799 2322 854 iis
2353 800 2453 871 qui
2485 800 2681 872 vigent
2710 799 2981 867 solertia;
3015 805 3140 855 tum
3172 804 3227 856 et
3258 800 3315 854 hi
3348 799 3523 854 luunt
3546 800 3832 859 detrimenta

2249 894 2305 945 et
2336 889 2489 944 tristi
2519 906 2793 944 successu
2820 890 3152 945 efﬁciuntur
3200 894 3459 945 extorres
3512 906 3545 943 a
3573 893 3834 946 commodis

2251 995 2355 1033 nec
2386 983 2654 1051 vegetant
2682 980 2753 1034 ab
2785 979 2925 1034 ullo.
2962 980 3231 1034 Vicissim
3266 978 3531 1050 ejulant;
3565 996 3661 1034 nec
3703 980 3836 1035 deerit

2248 1067 2456 1122 titulus
2490 1067 2781 1135 facinoris,
2817 1085 2931 1140 quo
2964 1068 3276 1141 instigatur
3306 1084 3613 1132 aarumma,
3642 1074 3836 1123 utcete-

2252 1157 2332 1212 ris
2364 1174 2489 1228 qua:
2521 1156 2654 1224 heu,
2690 1158 2833 1228 prob
2866 1157 3031 1213 dolor
3063 1159 3074 1212 ι
3133 1174 3369 1229 rapaces
3422 1158 3719 1212 ambrones
3744 1176 3835 1229 pro-

2253 1246 2616 1317 palaverunt.

2324 1336 2485 1391 Tunc
2508 1336 2682 1391 etiam
2708 1352 2817 1391 nex
2856 1340 3031 1405 atque
3071 1336 3243 1391 ruina
3264 1340 3605 1391 caeterorum
3626 1335 3838 1404 obiicitur

2254 1424 2369 1490 bis,
2394 1429 2449 1481 et
2470 1426 2649 1480 duces
2673 1425 2770 1497 qui
2797 1426 3057 1480 fecerunt
3098 1426 3248 1481 foeda
3270 1443 3371 1497 per
3392 1441 3601 1480 omnes
3623 1434 3837 1480 accusant

2256 1514 2362 1569 hos
2386 1514 2641 1570 fomenta
2662 1514 2969 1569 scelerum.
3006 1514 3190 1569 Pudet
3230 1531 3309 1585 se,
3355 1531 3464 1569 nec
3488 1519 3839 1569 conanturtra-

2257 1605 2464 1659 ductos
2496 1604 2774 1675 redigere.
2810 1604 2920 1658 Sed
2966 1604 3087 1658 haec
3132 1608 3361 1658 tantum
3417 1608 3484 1658 ut
3515 1604 3724 1675 possint
3747 1604 3837 1673 inji-

2260 1708 2387 1748 cere
2411 1692 2564 1760 odia,
2599 1693 2754 1747 fama
2784 1692 3009 1747 diducit
3054 1693 3370 1763 quamdam
3419 1694 3678 1748 acerbam
3709 1708 3837 1757 avem,

511 1784 646 1837 dere
667 1781 945 1837 meditata
967 1780 1225 1837 cuilibet.
1251 1782 1313 1836 In
1355 1799 1469 1853 qua
1511 1786 1779 1837 statuunt
1802 1782 2066 1838 humatis
2094 1789 2150 1838 et
2179 1817 2227 1881 B
2261 1798 2387 1852 quae
2410 1782 2550 1836 dum
2586 1781 2792 1852 pipliat
2812 1782 3158 1853 glicescente
3183 1781 3421 1854 genitali
3456 1780 3640 1836 calore
3659 1780 3837 1835 etblan-

510 1875 870 1943 componunt
890 1870 1149 1943 tristega.
1172 1872 1243 1925 At
1268 1874 1576 1942 postquam
1599 1870 1781 1927 solide
1804 1872 2153 1943 praeﬁxerint

507 1959 771 2016 labentes
802 1960 1054 2031 plantas,
1089 1964 1215 2014 tum
1241 1959 1530 2031 diponunt
1550 1960 1775 2032 digesta
1794 1961 1985 2034 jurgia
2007 1963 2156 2017 inter

507 2048 735 2105 animos
766 2065 1092 2120 procerum,
1127 2053 1183 2104 et
1211 2048 1508 2104 affirmant
1536 2066 1598 2105 se
1628 2065 1755 2105 esse
1788 2050 1974 2105 socios
1996 2054 2155 2106 utro-

507 2153 639 2192 rum
663 2136 1117 2207 adversantium,
1151 2141 1208 2192 et
1237 2136 1587 2208 plagiatores
1619 2142 1897 2193 accusant
1926 2138 2154 2195 aemulis

507 2225 748 2281 aemulos
772 2225 1004 2293 infidos,
1031 2226 1184 2296 quod
1210 2226 1548 2297 fungantur,
1573 2227 1623 2280 ei
1648 2243 1880 2297 quoque
1903 2224 2154 2298 perversi

508 2319 575 2370 ut
594 2314 731 2371 illis.
756 2315 1021 2370 Semotos
1045 2319 1302 2386 arguunt
1318 2320 1476 2371 tanto
1495 2315 1757 2385 crimine,
1780 2333 1850 2371 ne
1864 2319 2156 2389 pandatur

509 2403 715 2475 iniqua
743 2403 1038 2475 pharetra,
1069 2407 1125 2458 et
1157 2419 1227 2457 ne
1258 2404 1523 2458 mordeat
1552 2420 1911 2477 quemquam
1932 2406 2156 2461 indiffe-

510 2496 704 2548 renter
750 2492 869 2548 fore
917 2492 1235 2565 ingratum.
1286 2493 1513 2547 Accitos
1564 2499 1784 2549 canunt
1815 2493 2078 2566 perclues
2101 2500 2157 2550 et

512 2582 836 2654 perdurant
866 2581 1200 2649 dissidium,
1235 2583 1615 2637 contestando
1658 2583 1841 2639 sacris
1874 2600 1944 2639 ne
1976 2584 2153 2639 simul

513 2671 753 2727 redeant
775 2688 907 2726 cum
939 2670 1083 2742 ipsis
1105 2671 1175 2725 ad
1201 2670 1538 2742 pristinum,
1562 2672 1747 2727 donec
1768 2679 2071 2728 versentur
2094 2673 2152 2728 in

510 2760 630 2816 imo
653 2764 710 2816 et
730 2760 842 2831 ipsi
864 2759 1085 2815 indices
1108 2775 1224 2815 non
1250 2765 1694 2830 sequestrantur
1735 2761 2151 2818 nitentes.......

513 2849 623 2905 has
643 2852 907 2903 versutas
930 2864 1101 2903 curas
1123 2852 1179 2903 et
1219 2853 1521 2916 susurret;
1562 2849 1777 2905 valebit
1818 2849 1866 2905 si
1889 2850 2008 2906 haec
2032 2852 2154 2908 fue-

510 2936 630 2992 rint
651 2938 879 2992 deserta
901 2936 1137 2993 infecta.
1180 2936 1305 2991 Non
1347 2935 1542 2992 lavant
1569 2936 1849 3005 insontes,
1875 2956 2023 3011 quos
2050 2957 2154 2996 nec

510 3042 760 3082 censura
783 3024 1004 3097 fatigat.
1031 3027 1181 3081 Tum
1206 3026 1509 3083 Bronchus
1532 3028 1819 3099 premitur
1845 3028 2081 3084 horrore
2099 3034 2155 3085 et
2204 3018 2211 3025 ’

505 3132 616 3172 vox
656 3131 873 3187 urgens
922 3114 1127 3170 fulcire
1176 3114 1365 3170 edicta
1414 3115 1609 3187 politis
1660 3117 1968 3190 praestigiis
1998 3117 2152 3172 exilii

2264 1871 2422 1926 ditur
2442 1871 2686 1927 remissa
2716 1870 2824 1927 alis
2848 1871 3119 1927 subvenit
3155 1872 3369 1942 conjux
3407 1870 3649 1942 imparis
3674 1870 3837 1941 generis

2266 1978 2381 2015 non
2413 1966 2653 2016 naturae.
2688 1962 2809 2024 Quo
2841 1965 3110 2031 patrante
3149 1960 3267 2015 ales
3312 1958 3677 2032 praesenserit
3704 1976 3749 2013 se
3772 1959 3836 2012 ῑςεο

2263 2053 2382 2105 tam
2438 2050 2790 2120 insequitur,
2824 2049 3087 2121 gaudens
3118 2048 3435 2104 dissolvere
3459 2049 3651 2104 dotata
3682 2047 3837 2100 viscera

2266 2139 2489 2209 sponsi.
2524 2138 2615 2194 Sic
2646 2139 2823 2193 duces
2855 2143 3195 2194 crassantur
3225 2138 3282 2192 in
3314 2137 3565 2201 exuviis,
3598 2136 3783 2190 inhiant
3799 2138 3837 2187 ut

2264 2231 2511 2298 surgant
2532 2227 2590 2281 in
2616 2226 2983 2292 alterutrum,
3003 2243 3074 2282 ne
3096 2244 3242 2282 vana
3261 2226 3447 2281 libido
3472 2223 3835 2297 impediatur-ari

2265 2332 2436 2371 omne
2468 2317 2694 2371 facinus
2720 2317 2872 2387 quod
2920 2317 3155 2388 appetit.
3180 2317 3329 2371 Dum
3350 2314 3624 2386 impacati
3641 2313 3837 2368 custodes
3905 2302 3909 2306 ’

2262 2405 2507 2459 trahunt
2536 2405 2763 2461 diversa
2801 2406 2957 2461 exosi
3011 2405 3161 2461 inter
3213 2422 3294 2475 se,
3346 2421 3457 2460 nec
3504 2403 3619 2458 bini
3651 2399 3838 2457 sentiunt

2266 2510 2473 2558 unum,
2499 2510 2604 2548 nec
2627 2494 2843 2565 singuli
2868 2499 3115 2566 possunt
3137 2495 3407 2549 resistere
3439 2493 3676 2547 vittatim
3698 2506 3835 2562 proce-

2266 2584 2412 2637 dunt
2444 2599 2793 2654 quocunque
2820 2588 3052 2638 tantum
3092 2588 3181 2638 est
3229 2587 3536 2655 expectare
3585 2597 3698 2652 quae
3720 2578 3835 2633 actiat

2266 2689 2433 2727 urna.

2335 2761 2519 2815 Pudet
2541 2777 2897 2832 quemquam
2921 2762 3149 2817 vibrare
3171 2762 3368 2834 ipsum
3391 2760 3661 2833 spiritum
3682 2773 3760 2829 per
3776 2772 3835 2809 su-

2264 2866 2432 2922 peras
2462 2865 2657 2919 auras,
2689 2866 2932 2921 quaeque
2982 2854 3220 2904 manent
3258 2849 3494 2920 ingrata
3537 2848 3720 2918 cuique
3743 2844 3835 2898 dum

2264 2943 2495 2995 tenetur
2522 2939 2836 2994 auferenda
2860 2937 3082 2993 felicior
3105 2939 3232 3009 jam
3256 2938 3544 3010 proditus,
3570 2937 3659 3009 qui
3682 2936 3833 2989 immu-

2264 3030 2355 3084 nis
2385 3032 2665 3083 extasset.
2698 3028 2844 3082 Hinc
2890 3026 2987 3083 alii
3032 3026 3229 3083 exules
3273 3028 3587 3099 repudiant
3611 3024 3747 3079 basia
3770 3034 3835 3073 nec

2262 3121 2537 3173 verentur
2566 3117 2834 3172 frustrari
2866 3121 3054 3173 natos.
3105 3118 3171 3171 Et
3220 3115 3317 3171 alii
3365 3116 3602 3187 quidem
3631 3108 3835 3184 perstrin-

508 3205 701 3261 evadit
720 3205 791 3260 ad
805 3204 970 3261 aulas
993 3204 1377 3261 stridentibus
1393 3205 1657 3278 postibus
1676 3211 1730 3261 et
1750 3188 1946 3263 lividis
1962 3207 2153 3279 pupil-
2187 3188 2229 3255 C
2269 3210 2415 3280 gunt
2436 3205 2626 3261 lurida
2645 3204 2871 3261 viscera
2892 3204 3288 3277 paschemate.
3314 3205 3382 3259 Et
3404 3208 3545 3259 sunt
3559 3204 3743 3258 inertes
3756 3212 3837 3268 spe-

507 3294 602 3350 lis.
637 3293 739 3349 Hic
771 3298 1028 3349 assertor
1056 3294 1175 3349 veri
1230 3298 1466 3349 notatur
1519 3295 1719 3350 rabido
1768 3295 2062 3367 stigmate,
2096 3302 2162 3351 ut

511 3386 707 3457 praeda
730 3383 1081 3456 quantocius
1104 3383 1507 3455 discerpenda.
1538 3386 1837 3450 Quomodo
1869 3402 1999 3440 cum
2036 3403 2162 3440 ma-

514 3472 765 3546 strugati
796 3472 993 3527 Pharti
1047 3472 1343 3528 intentant
1390 3473 1782 3545 Tragelapbos
1824 3476 2076 3546 Scorpus
2108 3479 2164 3530 et

517 3562 767 3636 praevius
791 3561 1064 3633 gradiens
1084 3561 1582 3631 captaveritauras
1601 3562 1761 3629 lethi,
1784 3567 1910 3617 tum
1935 3580 1995 3619 se
2018 3565 2164 3620 duce

521 3654 922 3721 contorquens
955 3650 1192 3721 agmina
1231 3650 1521 3721 pecudum
1548 3651 1711 3722 fugat
1728 3667 1837 3722 per
1884 3669 2037 3720 acra,
2069 3654 2163 3708 cui

519 3738 1035 3811 imputatquisque
1049 3738 1557 3811 arcitenens,quod
1574 3757 1686 3794 non
1704 3741 2165 3798 fuissentomnes

518 3827 794 3902 prostrati
824 3846 836 3895 ;
873 3845 1049 3900 quem
1080 3829 1255 3884 etiam
1288 3829 1477 3884 solum
1530 3829 1860 3901 imprecans
1890 3830 2165 3903 blasphe-

516 3922 658 3984 mat,
688 3922 745 3972 ct
768 3916 972 3989 fatigat
994 3933 1377 3988 compescere.
1407 3918 1499 3973 Sic
1523 3919 1623 3990 qui
1644 3919 1796 3974 valet
1819 3936 2166 3992 cognoscere

518 4006 753 4061 fraudes
776 4006 994 4060 ducum
1019 4006 1067 4060 si
1090 4006 1391 4076 protulerit
1410 4008 1464 4060 in
1491 4006 1770 4061 medium.
1792 4010 1864 4062 At
1880 4026 2168 4065 consonos

518 4095 760 4150 mandat
790 4093 992 4149 caelare
1014 4096 1273 4149 coruscis
1310 4094 1516 4166 plastis
1538 4101 1595 4150 et
1634 4098 1968 4168 frequenter
1989 4099 2159 4153 advo-

517 4188 651 4239 cant
670 4183 952 4238 martisus
976 4187 1033 4238 et
1055 4184 1114 4237 in
1137 4183 1321 4238 tristis
1342 4188 1397 4239 et
1435 4184 1762 4252 emistibus,
1787 4193 1851 4240 ut
1873 4187 2163 4242 resolvant

519 4288 648 4327 sese
672 4271 903 4326 condito
929 4272 1069 4326 dum
1108 4277 1246 4327 sunt
1268 4273 1486 4344 quibus
1527 4278 1582 4327 et
1604 4273 1921 4329 horridulis
1945 4276 2165 4331 offatim

520 4360 764 4431 insuper
795 4360 1033 4415 student
1060 4360 1385 4416 discludere
1433 4364 1502 4416 de
1544 4378 1767 4417 cruore.
1805 4404 1815 4416 .
1854 4406 1864 4417 .
1904 4407 1915 4418 .
1952 4407 1965 4419 .
2004 4407 2016 4418 .
2053 4408 2065 4419 .
2103 4408 2115 4421 .
2155 4408 2167 4419 .

520 4453 625 4505 aut
642 4465 768 4520 qua:
793 4446 1133 4520 relinquunt
1155 4466 1301 4521 quos
1325 4452 1708 4522 pessundant.
1730 4452 2059 4508 Ministrant
2080 4454 2171 4509 his

2270 3300 2497 3352 ctantes
2530 3296 2749 3350 nodum
2792 3293 3111 3367 pyramidis
3143 3296 3200 3349 et
3230 3293 3465 3365 speleon
3499 3292 3679 3366 yconis
3702 3287 3767 3343 vel
3782 3286 3833 3339 la-

2271 3403 2451 3440 cunac.
2488 3386 2556 3440 Et
2588 3388 2814 3439 restant
2845 3384 3060 3455 quibus
3092 3383 3397 3438 fraudatur
3425 3385 3681 3454 aspectus
3705 3382 3834 3447 tyran-

2274 3474 2364 3529 nis
2403 3473 2491 3529 vel
2549 3490 2695 3544 quos
2746 3473 3050 3543 praecisum
3104 3489 3315 3527 nomen
3365 3470 3636 3543 parentis,
3673 3465 3837 3519 videtur

2273 3578 2502 3618 servare
2533 3561 2823 3633 impubes.

2346 3651 2490 3706 Aliis
2513 3651 2796 3706 adimitur
2811 3668 2945 3723 pars
2965 3668 3092 3722 quae
3111 3650 3413 3722 experiens
3432 3649 3641 3721 bajulat
3656 3647 3835 3717 quatuor

2276 3757 2485 3796 sensus
2516 3745 2572 3795 et
2602 3741 2830 3796 revulsa
2871 3741 3184 3811 compescit
3214 3740 3418 3796 alium.

2346 3830 2459 3883 Nec
2492 3828 2573 3884 sic
2604 3829 2739 3884 odia
2771 3833 3047 3900 premunt
3095 3829 3303 3900 sopita,
3357 3829 3458 3884 sed
3489 3824 3836 3899 persequuntur

2277 3918 2561 3988 quidquid
2598 3922 2780 3974 restat
2804 3919 2875 3973 de
2919 3918 3204 3989 germine,
3232 3919 3331 3972 sed
3362 3916 3661 3972 furibunda
3687 3906 3833 3979 cupido

2277 4006 2416 4059 dum
2433 4005 2646 4060 fruitur
2659 4005 2947 4072 sontibus,
2966 4022 3036 4060 ne
3051 4022 3175 4077 quae
3201 4006 3378 4060 donat
3399 4001 3835 4075 excipiendumne-

2282 4095 2367 4148 fas
2386 4095 2617 4149 etl‘ra'ma
2641 4096 2800 4150 saevit
2822 4095 2879 4149 in
2905 4096 3221 4165 abruptum
3263 4110 3365 4165 per
3406 4094 3561 4165 ipsos
3582 4089 3767 4163 probos.
3792 4081 3835 4134 Et

2281 4188 2595 4256 postquam
2628 4183 2886 4255 insignes
2918 4184 3096 4238 diruti
3118 4183 3462 4254 compendio
3497 4181 3709 4235 traenant
3728 4172 3836 4227 hiare

2279 4289 2480 4328 eorum
2505 4272 2791 4328 derisores
2816 4272 3416 4344 implicanturtaediis.
3434 4261 3834 4340 thuiquoudam

2282 4362 2693 4417 abdicaverunt
2716 4362 2874 4433 ipsos
2896 4361 3062 4416 irrita
3084 4361 3195 4416 fide
3215 4366 3338 4417 tum
3364 4361 3622 4432 quaerunt
3636 4352 3833 4409 seductas

2282 4453 2512 4505 dextras
2536 4452 2661 4522 jam
2693 4450 2870 4506 nullis
2904 4450 3133 4522 praediis
3172 4451 3263 4506 vel
3315 4449 3665 4505 facultatibus
3688 4441 3832 4494 dotau-

521 4544 859 4610 provectum
883 4539 1087 4594 donec.
1113 4540 1224 4595 Sed
1267 4521 1338 4595 de
1378 4540 1625 4596 aliorum
1661 4543 1913 4613 jactura.
1939 4544 2019 4597 Ex
2042 4544 2169 4615 qui-
2202 4557 2248 4623 D
2283 4521 2570 4610 dos,quas
2613 4521 2915 4609 jucundaai
2941 4540 3104 4610 prius
3153 4540 3575 4593 committerent
3617 4521 3831 4623 praedictis

522 4627 633 4682 bus
656 4631 795 4682 sunt
815 4628 990 4682 etiam
1014 4629 1274 4699 quidam,
1301 4630 1400 4699 qui
1420 4630 1561 4684 dum
1580 4630 1858 4685 aemulant
1878 4631 2169 4687 fortunam

522 4715 769 4771 aliorum
796 4715 906 4770 sibi
934 4717 1232 4787 indeptam
1260 4717 1507 4790 fatigant
1532 4736 1630 4775 eos
1662 4736 1891 4775 caesare
1913 4719 2005 4775 his
2028 4738 2169 4791 prae-

520 4803 712 4875 stigiis
744 4805 1281 4861 ostendantinliccs
1305 4805 1518 4874 luctus,
1551 4813 1608 4863 et
1637 4809 1987 4878 depromunt
2018 4810 2171 4879 quod

520 4892 841 4963 Principes,
868 4893 966 4965 qui
990 4899 1270 4949 auxerant
1291 4896 1450 4963 ipsos
1475 4896 1867 4951 fixissentillis
1882 4913 2171 4952 aerumnas

524 4997 672 5051 quos
694 4987 752 5036 et
773 4982 1027 5053 produnt
1050 4983 1293 5053 dignum
1319 4984 1610 5048 exludere,
1639 4990 1694 5039 et
1718 4985 2021 5056 repulsant
2042 4985 2171 5041 vin-

524 5068 719 5123 dicare
742 5069 883 5137 haec,
910 5075 964 5124 et
987 5070 1289 5125 dissorunt
1318 5071 1597 5126 validum.
1623 5072 1712 5126 Illi
1738 5073 1876 5126 dum
1904 5072 2173 5127 nituntur

525 5156 634 5209 hoc
666 5164 998 5228 perpetrare
1029 5159 1342 5229 exquirunt
1376 5160 1580 5215 modos
1612 5160 1828 5231 potius,
1863 5165 1925 5214 ut
1947 5160 2171 5215 dictant

526 5243 673 5298 tales
698 5245 1030 5316 amphifari,
1056 5247 1155 5318 qui
1188 5248 1236 5303 si
1270 5254 1569 5319 aspcctent
1592 5250 1717 5318 jam
1750 5253 1984 5303 nactum
2015 5250 2169 5304 unde

526 5329 747 5383 valeant
779 5332 984 5388 elidere
1007 5336 1351 5388 duces.tunc
1370 5337 2163 5388 auteruntindenroventum.

2283 4627 2533 4681 dominis
2564 4627 2611 4681 si
2659 4632 2989 4683 servassent
3039 4627 3228 4698 prima
3274 4628 3505 4681 foedera.
3559 4626 3619 4676 Et
3659 4619 3698 4673 si
3721 4612 3832 4681 origo

2282 4716 2590 4787 protulerit
2619 4716 2725 4772 hos
2754 4733 3003 4789 eugenes
3038 4716 3237 4770 niortii
3269 4715 3521 4770 continui
3552 4708 3830 4784 pareantne-

2283 4805 2499 4876 quitizc.
2535 4806 2669 4860 Post
2700 4812 2913 4877 cogunt
2944 4823 3004 4861 se
3034 4806 3116 4860 ire
3150 4806 3460 4876 naufragos
3490 4800 3625 4856 abiis
3652 4790 3833 4877 pedibus

2282 4874 2337 4949 et
2367 4902 2686 4950 causentur
2715 4874 2996 4964 dediticii,
3030 4900 3093 4948 ut
3122 4893 3206 4949 vel
3240 4874 3404 4948 inviti
3436 4874 3830 4970 suppleaatq‘uvtl

2281 4984 2719 5055 Spoponderant
2750 4963 3008 5038 fcenerati
3043 4983 3351 5038 munerati.
3405 4976 3603 5036 Arbitri
3632 4971 3710 5044 qui
3735 4963 3832 5021 deli-

2283 5054 2542 5143 gantur?
2573 5089 2718 5143 quos
2750 5089 2853 5129 nec
2878 5073 3050 5144 juvat
3088 5073 3297 5127 referre
3328 5073 3591 5143 spectata,
3622 5054 3833 5144 ηθοὶιῖγθί

2280 5140 2541 5231 spectare
2573 5140 2792 5217 inserta
2830 5140 3072 5217 vetustis
3124 5160 3321 5218 tomis.
3361 5140 3831 5231 ‘Inteutanthariles

2279 5255 2459 5304 nutus
2491 5249 2761 5305 inductos
2787 5255 2842 5305 et
2866 5252 2949 5305 sic
2972 5250 3471 5321 concinnantjura
3492 5244 3680 5300 infecta
3699 5244 3831 5321 Πυνωιξ

2278 5344 2482 5388 smate-
2519 5344 2585 5388 nt
2618 5343 2900 5388 pxenuata
2930 5338 3061 5388 lanx
3094 5318 3635 5388 iustitimlneminem
3656 5318 3831 5380 trutinet
