4008 5388
230 303 347 367 885

1277 296 1811 363 POLYPTICUM.
1843 330 1921 343 -
1949 295 2263 360 TEXTUS
2308 295 2589 358 ALTER.

3513 284 3629 347 886

233 438 475 493 abactus
505 434 756 491 insidiis.
782 435 894 492 Nec
926 450 1171 491 censura
1193 435 1414 490 durans
1446 435 1503 489 in
1535 433 1689 489 idem
1723 450 1875 506 saepe
1904 435 1959 500 Α
1989 449 2163 489 suum
2196 431 2383 501 silere,
2418 430 2503 485 vel
2545 426 2789 485 moleste
2819 426 3118 483 obducunt
3162 419 3280 477 luci
3310 421 3367 477 et
3414 422 3631 491 cogunt

234 526 547 599 respondet
594 542 711 579 una
758 524 1068 590 sententia,
1120 541 1243 593 quae
1295 541 1449 578 nunc
1490 524 1700 596 arguit,
1748 540 1880 578 mox

234 617 445 671 iterum
478 616 642 669 inﬂat
672 614 967 683 laudibus,
1001 619 1057 669 et
1088 631 1293 668 rursus
1325 613 1644 686 proclamat
1675 613 1877 667 eadem

233 705 538 778 prophana
567 704 806 775 insuper
837 707 892 758 et
923 703 1229 758 deteriora.

302 796 407 848 Ast
436 793 700 849 conditor
719 793 910 848 arduae
943 792 1093 848 arcis
1117 792 1255 863 quin
1291 793 1589 847 laureatus
1620 791 1763 847 solio
1787 792 1883 845 ni-

232 900 340 939 xus
372 882 632 937 elevatur
683 882 899 954 opimo,
935 887 992 937 et
1040 884 1277 937 foetatur
1305 882 1538 936 eludere
1581 881 1877 935 residuam

231 972 531 1028 cohortem
557 971 803 1026 rudibus
817 970 1473 1043 syllogismisjubilatsi
1501 988 1647 1042 quos
1668 971 1881 1025 eximet

234 1079 473 1118 summa
504 1061 627 1116 dies
657 1062 797 1115 dum
830 1062 1008 1115 intret
1039 1061 1383 1115 caducarius
1414 1066 1471 1115 et
1499 1060 1712 1124 viduis,
1753 1077 1879 1131 quae

233 1155 571 1223 superstant
600 1151 670 1205 ab
707 1150 871 1221 ipsis,
903 1166 1015 1204 non
1044 1150 1219 1204 datur
1249 1150 1404 1221 optio
1432 1151 1479 1203 si
1504 1149 1587 1203 sic
1610 1153 1883 1203 maneant

235 1246 338 1297 aut
354 1240 570 1311 quibus
594 1243 995 1311 praeparentse
1017 1238 1225 1293 bivitas
1244 1239 1299 1293 ni
1317 1239 1608 1293 redimant
1631 1254 1879 1309 quorum

236 1331 432 1401 inepta
473 1329 767 1384 connubia
796 1332 895 1383 aut
944 1332 1276 1383 mercantur
1307 1328 1379 1382 ab
1428 1326 1738 1382 immeritis
1783 1331 1882 1380 aut

237 1420 472 1491 erigunt
519 1424 753 1489 egentes
807 1416 1047 1473 clientes
1102 1417 1274 1489 regis,
1307 1418 1407 1488 qui
1457 1433 1561 1472 nec
1611 1416 1883 1470 dubitant

237 1508 523 1565 oﬂ'uscare
546 1508 843 1580 privignos
866 1524 970 1563 nec
998 1507 1303 1562 excludere
1336 1507 1610 1578 prodigas
1643 1510 1881 1560 matres.

310 1602 376 1653 Et
398 1599 514 1653 dux
534 1597 828 1651 interdum
853 1601 1046 1651 sumet
1066 1595 1377 1667 insignitas
1404 1595 1608 1666 figuris
1640 1596 1698 1649 in
1724 1595 1885 1666 Lyto-

240 1692 485 1744 stratam
509 1686 702 1742 aulam
724 1686 999 1758 turpibus
1030 1685 1255 1740 usibus.
1282 1684 1496 1739 Deinde
1518 1684 1672 1756 cogit
1694 1682 1884 1754 priva-

237 1778 346 1833 tim
377 1778 585 1849 degere
628 1780 863 1831 czeteros
912 1776 1227 1846 productos
1258 1774 1564 1846 indigenas
1613 1778 1668 1829 et
1690 1773 1886 1843 jaceat
1914 1808 1962 1873 Β

238 1883 452 1939 egenos
474 1867 724 1921 advenas
754 1864 951 1921 electis
982 1864 1267 1920 aurilibus
1291 1864 1432 1936 quia
1462 1862 1730 1935 dapsyles
1754 1878 1882 1932 spe-

238 1960 329 2011 rat
359 1972 458 2011 eos
488 1954 621 2010 sibi.
656 1956 721 2009 Et
755 1954 803 2009 si
835 1954 923 2009 vel
958 1954 1111 2009 cives
1144 1958 1375 2009 tantum
1428 1953 1642 2007 buccos
1676 1967 1876 2021 seque-

239 2050 465 2102 straate
486 2062 655 2101 sacra
684 2060 1020 2099 mammona
1046 2061 1059 2111 ;
1095 2048 1159 2097 ut
1194 2043 1386 2114 potius
1409 2041 1703 2097 celebrent
1724 2040 1887 2095 obse-

240 2136 398 2206 quia,
433 2139 490 2189 et
520 2132 961 2204 pareantjussis
993 2148 1096 2204 per
1124 2148 1316 2187 omne.
1340 2132 1693 2201 Necjactent
1729 2129 1885 2184 :haec

241 2222 537 2295 magnalia
560 2222 710 2277 fudit
729 2221 894 2276 nobis
917 2220 1171 2292 genuina
1192 2218 1632 2291 prosapia.Quia
1654 2218 1885 2273 attoniti

241 2312 531 2385 plaudunt
561 2312 660 2367 sed
693 2311 879 2383 ignari
911 2309 1049 2381 quid
1082 2309 1279 2365 rutilet
1308 2327 1409 2381 per
1462 2310 1745 2376 trabeam,
1781 2323 1886 2363 nec

240 2402 439 2458 docuit
467 2406 757 2473 prietexta.
792 2400 1003 2456 Obsius
1035 2399 1181 2454 fallit
1210 2400 1317 2454 hos
1346 2402 1403 2453 et
1431 2398 1669 2454 licorem
1712 2414 1885 2468 quem

239 2508 448 2546 cauma
477 2490 699 2562 expulit
729 2493 915 2559 antro,
932 2489 1123 2544 solent
1146 2489 1413 2560 praeferre
1442 2486 1659 2557 lapillis
1678 2486 1887 2541 indicis

240 2584 296 2636 et
324 2579 576 2635 caucasi.
614 2580 682 2633 Et
713 2580 853 2633 dum
896 2577 1111 2632 tollunt
1139 2576 1425 2632 ciliartica
1471 2575 1749 2645 insignia,
1784 2590 1887 2628 nec

241 2673 495 2725 noscunt
526 2668 780 2722 secunde
824 2670 1111 2737 coaptare.
1145 2666 1410 2735 Cumque
1441 2664 1605 2734 plebs
1638 2662 1890 2717 consulit

240 2759 349 2814 hos
374 2757 703 2811 frendentes
722 2759 995 2825 premunt
1012 2755 1218 2808 rudere
1242 2753 1575 2807 barbaricas
1599 2751 1886 2821 sequelae.

242 2846 574 2901 Fastidiunt
595 2844 735 2914 quid
761 2843 999 2897 reboent
1020 2842 1270 2913 leges,et
1288 2841 1497 2913 frigore
1528 2841 1617 2895 sui
1638 2841 1890 2895 barritus

244 2934 627 3007 perterritant
642 2932 930 2988 subditos.
950 2932 1017 2986 Et
1038 2932 1294 3002 primum
1309 2931 1565 3003 gaudent
1590 2931 1892 2985 traducere

246 3040 524 3096 pompam
556 3021 775 3094 ignotis
807 3021 1199 3087 successibus,
1233 3024 1298 3075 ut
1327 3037 1461 3075 vero
1492 3019 1771 3090 cmperint
1798 3019 1891 3071 in-

245 3113 471 3184 spicere
496 3128 688 3167 mores
717 3111 955 3165 fortanaa
980 3110 1115 3165 licet
1139 3109 1276 3164 foris
1298 3109 1681 3180 perendinent
1700 3124 1890 3173 curas,

1995 522 2253 595 experire
2300 521 2570 576 acerbum
2602 520 2731 585 iter,
2769 522 2825 573 et
2872 516 3121 570 lustrare
3168 512 3361 585 ignota
3396 508 3626 565 saecula.

1991 613 2136 668 Hinc
2158 612 2405 667 efﬂuunt
2437 610 2651 664 animis
2683 609 2822 662 dum
2854 608 3150 675 compotes
3182 600 3473 657 caducarii
3498 615 3632 653 eve-

1992 704 2160 759 niunt
2191 699 2462 773 prostrati
2514 699 2685 769 regis.
2722 697 2883 751 Unde
2926 708 3077 764 saepe
3108 691 3305 745 colunt
3346 686 3631 743 caltudias

1991 792 2347 850 ostendendo
2378 788 2647 859 superba,
2671 790 2728 840 et
2760 786 3092 839 conducunt
3120 797 3181 835 se
3213 778 3418 849 alogiis
3450 776 3632 831 libare

1991 882 2217 938 nibaria
2248 878 2516 935 carcazsia
2546 880 2603 931 et
2632 876 2898 929 tribuunt
2947 872 3143 926 calbas
3176 871 3244 925 ad
3298 868 3545 922 invicem
3578 868 3635 919 et

1992 972 2244 1026 reddunt
2275 967 2466 1022 sabzea
2496 962 2823 1019 semicintia
2854 966 3092 1033 gravata
3139 956 3399 1013 coruscis
3432 954 3630 1009 bullis.

1991 1062 2216 1115 Rursus
2247 1055 2609 1125 ingeminant
2639 1070 2699 1107 se
2731 1050 2944 1105 vincire
2974 1048 3207 1103 novella
3237 1047 3349 1101 ﬁde
3381 1045 3635 1100 alternas

1991 1149 2226 1205 sibimet
2248 1150 2449 1199 mutuo
2473 1144 2647 1197 dante
2672 1139 2943 1212 prosapia
2967 1136 3277 1209 nymphas,
3306 1132 3635 1188 etviCissim

1991 1237 2286 1307 excipiunt
2316 1233 2425 1288 sibi
2459 1232 2705 1303 pignora
2740 1228 3047 1283 delubro...
3082 1224 3365 1280 servanda
3400 1222 3636 1276 cliente-

1990 1327 2067 1391 la,
2100 1330 2157 1380 et
2186 1324 2273 1378 vel
2306 1322 2406 1376 tali
2438 1321 2714 1375 atrabone
2742 1316 3059 1389 persistant
3087 1316 3406 1383 compacta.
3432 1310 3635 1364 Caeteri

1984 1416 2239 1487 jurando
2273 1428 2373 1484 per
2397 1411 2709 1466 Dominum
2740 1406 3147 1478 spirituum,et
3178 1418 3279 1473 per
3307 1416 3485 1455 urnas
3508 1400 3636 1468 ejus

1993 1504 2415 1559 ﬁdissimorum
2450 1499 2687 1554 testium
2720 1497 2933 1551 celatas
2964 1493 3021 1547 in
3052 1491 3229 1563 polito
3261 1489 3433 1560 opho.
3456 1487 3639 1557 Igitur

1994 1592 2367 1664 distinguunt
2396 1589 2548 1643 inter
2568 1604 2630 1642 se
2661 1589 2893 1657 gentem
2913 1586 2968 1637 et
2998 1580 3270 1652 patriam,
3294 1581 3351 1633 et
3372 1579 3640 1631 evertunt

1995 1683 2218 1753 inopes,
2252 1684 2307 1735 et
2341 1678 2487 1733 haud
2523 1676 2728 1732 odiunt
2757 1670 3048 1727 temerarii
3080 1667 3352 1739 quaelibet
3380 1681 3564 1720 sacra.

2068 1772 2246 1826 Fama
2274 1772 2363 1824 est
2393 1784 2526 1823 cum
2580 1763 2862 1833 Autolops
2892 1758 3129 1831 cmperit
3154 1756 3368 1811 elidere
3410 1769 3639 1808 comam

1994 1860 2261 1916 hericinae
2310 1855 2573 1929 implicat
2621 1869 2684 1908 se
2734 1851 2883 1913 neci,
2915 1852 2972 1904 et
3002 1848 3240 1902 tandem
3296 1850 3354 1899 et
3400 1842 3639 1897 tandem

1994 1950 2235 2023 prodere
2267 1964 2328 2002 se
2377 1944 2610 2018 propria
2658 1958 2811 1997 voce.
2846 1939 2939 1993 Sic
2970 1936 3160 1992 evenit
3194 1934 3307 1988 illis
3358 1931 3455 2003 qui
3490 1946 3640 2001 prtB-

1995 2018 2237 2095 sumunt
2266 2034 2478 2091 violare
2527 2049 2711 2087 sacra.
2747 2032 2973 2083 Interea
3020 2042 3124 2081 nec
3157 2027 3346 2079 cessat
3388 2018 3638 2093 punitio,

1997 2127 2265 2200 quamvis
2296 2126 2607 2180 credantur
2637 2120 2963 2181 obliterata,
2983 2132 3108 2186 qua:
3140 2112 3363 2168 dudum
3388 2108 3641 2163 tulerant

1997 2218 2259 2282 moleste,
2277 2214 2361 2269 vel
2386 2214 2433 2268 si
2461 2229 2575 2267 non
2600 2209 2815 2264 fuerint
2838 2206 3147 2275 impetrata
3168 2217 3295 2273 quae
3315 2200 3637 2270 jusserant,

1997 2304 2405 2379 opportunitas
2457 2300 2714 2355 vindicat
2744 2298 2801 2350 in
2848 2295 3011 2365 ipsis.
3068 2294 3311 2362 Insuper
3338 2285 3645 2358 tripliciter

1997 2377 2223 2452 addunt
2267 2392 2540 2465 perficere
2571 2404 2750 2443 nexos
2796 2401 2898 2456 pro
2929 2381 3145 2453 quibus
3184 2378 3323 2433 olim
3356 2377 3645 2431 tinxerant

1999 2483 2278 2556 repellere
2307 2482 2521 2535 lucem.
2545 2477 2767 2541 Quibus
2792 2473 2985 2545 praeda
3014 2474 3101 2524 est
3130 2465 3412 2556 supellex,
3438 2465 3507 2518 de
3531 2478 3646 2556 qua

2001 2552 2204 2629 rursus
2229 2570 2549 2642 proclamat
2567 2566 2812 2632 curiam,
2842 2578 2975 2616 cum
3002 2574 3171 2613 nemo
3203 2557 3281 2612 sit
3311 2555 3409 2625 qui
3436 2552 3646 2607 mutiat

2000 2665 2069 2717 de
2115 2660 2296 2715 curia.
2331 2658 2449 2729 Ops
2493 2654 2823 2710 considerat
2863 2650 3034 2720 longe
3084 2662 3187 2700 nec
3231 2643 3539 2715 prophetat
3584 2642 3645 2694 in

1999 2752 2091 2806 his
2126 2753 2346 2820 partem
2367 2760 2567 2799 secum
2586 2758 2733 2814 quos
2751 2739 2971 2809 stipant
2990 2732 3314 2789 Neotherici
3342 2732 3643 2794 buteones,

2001 2817 2249 2911 quorum
2276 2835 2586 2908 plaudente
2607 2824 3261 2896 caterva,mucissonem
3286 2820 3490 2875 audies
3511 2817 3648 2874 velit

2002 2907 2050 2983 si
2082 2907 2319 2998 opipare
2349 2940 2482 2978 cum
2534 2920 2678 2992 ipsis
2709 2916 2969 2973 obsoleta
2999 2913 3237 2968 veritate
3285 2910 3556 2979 proferre.
3577 2907 3644 2998 70

2001 2996 2264 3087 tempora
2295 3031 2421 3085 quas
2453 3010 2682 3065 nullum
2705 3007 2987 3062 celebrem
3015 3000 3355 3074 protrahitis
3387 2999 3455 3052 ad
3478 2996 3647 3087 ijudi-

2002 3086 2208 3161 cemiet
2236 3103 2514 3158 insistant
2542 3096 2766 3153 rustici.
2802 3092 3009 3149 Recolo
3043 3089 3359 3153 Busticeta,
3394 3086 3495 3141 sed
3528 3101 3643 3139 non

246 3202 347 3257 sed
376 3201 591 3256 vulnus
622 3199 968 3272 inspiciatur
1016 3200 1124 3254 sub
1157 3202 1405 3270 pectore.
1438 3198 1527 3251 Sic
1576 3202 1889 3269 postquam
1922 3180 1964 3246 (ἶ
2005 3210 2289 3268 propensa
2322 3189 2613 3253 consules,
2646 3184 2848 3258 quales
2880 3183 3024 3237 istos
3047 3178 3144 3249 qui
3169 3178 3251 3232 sic
3281 3174 3648 3272 prospiciunt

246 3307 309 3346 se
342 3290 551 3345 dedere
601 3289 778 3360 quieti
813 3287 946 3344 altis
978 3287 1263 3343 fulcribus
1293 3293 1431 3342 tunc
1461 3293 1517 3342 et
1562 3286 1892 3357 suscipiunt

246 3378 620 3450 stephadium
643 3377 752 3431 sub
776 3377 871 3432 dio
901 3380 959 3432 et
989 3376 1700 3447 frequentantclypsidras
1724 3374 1891 3429 lucu-

247 3469 349 3523 bre
380 3473 436 3522 et
465 3467 513 3522 si
546 3465 753 3521 fallant
776 3465 1198 3521 metiri.Animi
1230 3466 1475 3520 ﬂuctant
1504 3465 1596 3519 his
1623 3466 1765 3519 dum
1798 3464 1892 3519 in-

248 3560 425 3611 suetae
459 3554 765 3622 rimantur,
800 3553 1057 3609 furtuitae
1100 3569 1255 3607 nunc
1286 3570 1444 3625 opes,
1481 3569 1636 3607 nunc
1685 3557 1742 3607 et
1774 3554 1890 3606 rui-

248 3662 385 3701 nam
416 3647 699 3716 expavent
735 3644 912 3714 degra
942 3642 1253 3713 Principis,
1285 3646 1349 3696 ut
1398 3643 1647 3697 docuere
1674 3657 1892 3712 praece-

249 3735 452 3789 dentes
482 3733 623 3787 dum
669 3732 967 3786 crederent
996 3729 1397 3801 tranquillam.
1433 3731 1595 3794 Quod
1645 3746 1749 3783 nec
1781 3730 1894 3783 du-

251 3827 391 3878 cunt
416 3820 723 3887 veniabile,
756 3837 861 3875 nec
894 3819 1051 3874 ullus
1080 3820 1291 3873 modus
1335 3822 1572 3873 excusat
1603 3817 1895 3889 praeterire

251 3913 393 3966 dum
412 3927 657 3983 quaeque
683 3910 933 3964 servitus
950 3908 1240 3963 excutitur
1256 3910 1326 3963 ab
1345 3908 1489 3980 ipsis
1518 3912 1580 3962 ut
1602 3908 1672 3961 ab
1696 3907 1897 3960 imme-

251 4001 382 4056 ritis
410 3999 648 4066 villicis,
678 4002 733 4053 et
784 4000 1078 4054 neminem
1126 4002 1366 4053 excusat
1395 3997 1529 4051 inde
1578 3996 1895 4052 auctoritas

251 4088 406 4144 sedis
452 4106 559 4143 suo
609 4093 900 4159 respectu,
934 4104 1037 4144 nec
1085 4088 1231 4143 doxa
1269 4088 1432 4159 fugat
1480 4084 1894 4141 contumeliam

252 4195 399 4250 quos
425 4177 680 4250 dignitas
710 4182 767 4233 et
797 4177 1038 4249 eulogia;
1070 4176 1395 4249 priscorum
1413 4176 1621 4230 caelatae
1640 4173 1894 4229 cathalo-

251 4267 341 4341 gis
370 4269 686 4323 retardant.
721 4266 780 4321 Si
812 4268 972 4339 origo
1013 4267 1173 4321 dedit
1202 4282 1422 4321 naevum
1475 4269 1681 4337 parant
1711 4264 1894 4318 obdu-

253 4373 382 4412 cere
411 4361 467 4412 et
494 4356 747 4411 emicare
778 4354 970 4411 solum
1019 4355 1089 4409 de
1120 4358 1393 4425 suscepta
1440 4354 1745 4423 dignitate.
1780 4352 1895 4406 lioc

252 4444 559 4502 stimulant
590 4461 737 4500 sese.
772 4445 882 4499 Sed
914 4445 1057 4498 dum
1087 4440 1443 4498 conscientia
1470 4446 1638 4496 vexat
1669 4442 1895 4495 animos

2001 3264 2213 3341 cuncta
2234 3282 2446 3336 lib'rare
2469 3275 2740 3332 secundis
2763 3271 3103 3333 rebus,dum
3119 3264 3467 3339 pertrahunt
3488 3278 3644 3334 sym-

2003 3372 2240 3445 phosias
2260 3369 2485 3443 musica
2504 3384 2603 3439 per
2634 3365 2836 3418 urbem
2858 3358 3109 3415 modulis
3133 3356 3352 3423 inﬂata,
3373 3356 3428 3406 et
3449 3368 3647 3421 reper-

2003 3440 2197 3527 cussa,
2230 3473 2286 3515 et
2317 3440 2549 3530 pulsata
2578 3451 2873 3525 proruptis
2893 3448 3126 3510 tidibus,
3150 3445 3281 3498 inde
3312 3440 3648 3530 sudpeditat

2002 3567 2215 3607 canora
2258 3529 2385 3604 vox.
2422 3544 2591 3600 Istria
2642 3544 2742 3596 dat
2788 3539 2975 3594 saltus
3007 3535 3293 3607 pincernae
3344 3529 3650 3601 invigilant

2003 3640 2285 3712 perpetim
2318 3634 2493 3691 simul
2526 3630 2880 3686 confundere
2930 3626 3202 3679 defamata
3230 3621 3365 3675 vina
3396 3622 3645 3681 nectare,

2003 3711 2059 3785 et
2090 3728 2426 3783 ministrant
2456 3722 2697 3785 caeliam,
2725 3722 2781 3774 et
2810 3717 3057 3772 siceram
3091 3716 3157 3766 ut
3189 3711 3390 3782 fugent
3420 3723 3645 3778 parcos,

2004 3823 2061 3872 et
2092 3815 2380 3871 resolvant
2422 3808 2741 3865 temulenta
2788 3820 3066 3874 corpora;
3116 3801 3228 3855 heu
3274 3796 3646 3869 prodentium

2006 3908 2142 3961 hinc
2177 3904 2359 3959 nefas.
2394 3899 2502 3963 Qui
2552 3896 2924 3968 perstrepunt
2973 3905 3206 3960 quoquo
3257 3884 3505 3957 petulcis
3548 3900 3647 3937 ca-

2006 3994 2257 4061 chinnis,
2283 3996 2339 4046 et
2369 3993 2571 4044 mutuo
2599 3985 2885 4054 instigant
2916 3996 3041 4035 sese
3070 3974 3380 4046 jaculando
3400 3972 3648 4026 lascivas

2006 4060 2269 4140 fabellas.
2303 4080 2465 4134 Tunc
2496 4074 2780 4131 illecebrae
2824 4069 3146 4140 suggerunt
3175 4069 3376 4133 stupra
3406 4064 3463 4115 et
3492 4060 3646 4114 ince-

2006 4179 2128 4241 sta;
2163 4177 2219 4227 et
2248 4168 2395 4225 servi
2449 4160 2853 4235 morigerando
2903 4153 3157 4210 dominis
3204 4150 3546 4222 pernoctant
3588 4147 3646 4200 in

2005 4264 2097 4319 his
2128 4262 2584 4329 circumquaque
2613 4249 2984 4306 bacchantes.

2076 4351 2185 4405 Sed
2212 4365 2317 4402 nec
2340 4325 2613 4418 poterunt
2639 4341 2737 4395 diu
2754 4335 2970 4409 perfrui
2995 4333 3087 4387 his
3110 4332 3235 4386 sine
3257 4328 3377 4418 zelo
3400 4325 3649 4394 alicujus

2007 4456 2140 4495 cum
2164 4439 2282 4492 sint
2304 4416 2471 4507 pares
2493 4431 2716 4487 cazteris
2738 4425 3196 4495 0rdine,ettanta
3213 4416 3651 4507 dignitate

253 4534 558 4606 degeneris
590 4532 928 4605 propaginis
960 4548 1108 4603 quos
1158 4531 1375 4586 arctius
1407 4529 1669 4602 implicat
1712 4535 1896 4584 terror
1926 4545 1972 4609 D
2004 4528 2289 4601 polleant;
2311 4541 2445 4578 nam
2464 4522 2629 4576 labor
2653 4507 3374 4609 concordiam,dissidium
3398 4499 3651 4600 insolen-

253 4622 553 4678 revolvunt
586 4638 889 4693 procacem
912 4621 1238 4692 dominum,
1263 4625 1319 4675 et
1339 4623 1655 4675 retractant
1676 4620 1889 4690 praede-

253 4726 513 4765 cessores
544 4714 601 4764 et
648 4708 919 4765 consules
970 4713 1026 4763 et
1072 4707 1451 4779 speculantur
1498 4724 1741 4779 pervasa
1770 4724 1896 4779 quae

253 4800 613 4871 subegerunt
629 4803 686 4855 et
714 4802 985 4853 metuunt
1014 4796 1166 4851 exire
1183 4798 1339 4851 unde
1369 4803 1618 4867 poscunt
1635 4812 1695 4850 se
1727 4796 1895 4851 soda-

251 4888 403 4945 les...
438 4887 653 4942 minaci
685 4886 1000 4959 perficitur.
1028 4890 1175 4940 Dum
1198 4886 1327 4955 jam
1358 4885 1586 4940 diutina
1616 4886 1900 4941 securitas

252 4979 486 5033 incaute
527 4978 853 5048 praeparant
882 4975 1136 5047 lapsum,
1172 4979 1237 5028 ut
1285 4975 1455 5046 fingit
1484 4973 1779 5031 didascala
1809 4992 1899 5031 se-

2003 4588 2147 4673 tiam
2179 4617 2428 4686 parat,et
2457 4611 2712 4664 minores
2746 4602 3019 4659 semotim
3052 4595 3377 4651 accelerant
3396 4588 3654 4686 ulni-re‘se

2008 4675 2224 4779 pariter
2238 4702 2453 4773 injuria
2468 4699 2851 4768 majorum,et
2863 4690 3181 4749 caueantur
3194 4682 3387 4737 deberi
3403 4675 3655 4779 sibiplu:

2008 4766 2227 4866 ra,quaa
2253 4766 2502 4847 retinent
2525 4766 2581 4842 et
2602 4781 2906 4851 castigant
2925 4771 3360 4866 exequenti-adii
3381 4766 3661 4866 superant

2009 4857 2428 4957 agminibus,et
2440 4878 2620 4933 fervet
2636 4872 2838 4928 virtus
2860 4876 2982 4930 toto
3000 4858 3351 4957 robore.lllis
3371 4857 3523 4957 viget
3543 4866 3665 4957 nia.-

2011 4937 2196 5031 tujrior
2218 4937 2449 5039 sensus,
2474 4972 2530 5021 et
2551 4959 2875 5022 excellunt
2893 4954 3101 5030 opibus
3115 4946 3482 5039 etﬂrmantur
3499 4937 3679 5039 subii-

2016 5065 2215 5120 mitate
2241 5025 2546 5116 moenium.
2570 5051 2685 5109 Sed
2720 5025 2963 5114 tamen
2984 5031 3349 5094 communi
3373 5025 3689 5120 luvallfmm

2015 5116 2142 5210 esse
2161 5149 2498 5221 extinguere
2531 5139 2689 5215 quod
2712 5138 2792 5191 el)
2807 5157 2865 5200 [ι
2880 5140 2977 5205 uit
3008 5122 3070 5181 ni
3099 5122 3355 5221 statuant
3370 5116 3699 5221 ‘Principe‘m‘

2017 5243 2127 5299 sub
2152 5254 2287 5309 quo,
2323 5198 2421 5294 (sed
2459 5198 2739 5289 reclisant
2779 5244 2885 5291 se
2922 5220 3199 5309 εωὶιξθτθ·
3230 5208 3485 5262 Tandem
3510 5198 3713 5309 ίηθὶξῖδ

2018 5283 2328 5388 σοιιεῖιὶυᾶ
2362 5333 2686 5388 proponere
2705 5313 2861 5376 sibi
2910 5301 3333 5379 stolidumvpe“
3363 5307 3525 5365 quem

250 5069 383 5123 ries.
417 5067 532 5121 Nec
561 5063 930 5121 exclucidant
973 5068 1279 5133 compacta
1310 5064 1449 5120 dum
1484 5065 1557 5120 ad
1588 5079 1773 5117 unum
1806 5082 1899 5121 co-

250 5160 393 5230 gant
421 5156 481 5211 in
528 5155 783 5227 glomere
828 5152 1103 5208 inductos
1151 5153 1389 5222 milites,
1426 5162 1489 5211 ut
1541 5153 1620 5209 sit
1668 5169 1739 5209 ne
1771 5157 1903 5226 quis

251 5247 472 5318 quaerat
501 5244 781 5300 obsistere
810 5257 883 5295 ne
912 5240 1125 5299 exulet.

318 5335 468 5388 Tum
500 5348 615 5388 una
642 5330 785 5386 facie
832 5334 1231 5388 prorumpunt
1280 5331 1548 5388 incusare
1579 5330 1779 5388 decem
1811 5340 1901 5388 cui
