4008 5388
380 329 495 394 887

1403 335 1740 397 ATTONIS
1784 333 2373 396 VERCELLENSIS
2418 335 2773 398 EPISCOPI

3682 333 3777 397 888

381 481 493 537 que
540 465 716 522 fuerit
759 465 1060 536 Prmlatus,
1093 467 1143 523 si
1194 468 1373 525 hebes
1423 470 1743 541 perstiterit
1792 468 2022 525 nullum
2053 470 2108 535 Α
2139 467 2185 522 si
2211 470 2337 539 jam
2388 469 2653 524 radiante
2711 474 2943 524 caterva
2994 467 3327 524 subsistunt
3372 471 3434 522 et
3486 466 3778 538 frigescunt

381 554 606 611 luctum
636 555 853 613 deluet.
887 557 1035 621 Quin
1083 558 1257 613 etiam
1298 560 1545 629 juvenes
1596 563 1861 631 potenter
1904 560 2025 629 jam

382 643 661 714 adjicient
690 646 969 717 derogare
1002 646 1234 717 priscis.
1256 648 1370 702 Nec
1401 648 1694 719 excipiunt
1725 650 2027 703 dominum

378 732 493 789 nisi
512 738 851 804 segregetur
871 734 1102 789 abillis.
1122 734 1226 798 Qui
1252 736 1482 791 facundi
1507 743 1707 791 contra
1731 738 2031 791 minantur

378 821 626 877 rudibus
657 821 896 894 inﬁgere
929 823 1218 878 deteriora
1246 829 1302 878 et
1341 831 1603 879 exercent
1634 826 1937 879 dominum
1972 830 2029 879 et

379 910 758 981 requiruntur
808 911 1118 982 promissa,
1153 918 1217 966 ut
1263 920 1509 983 surgant
1542 915 1599 967 in
1646 915 1937 981 adversos,
1971 919 2029 968 et

378 999 604 1055 docent.
629 1000 775 1064 Quid
806 1001 1015 1056 faciet?
1042 1003 1250 1073 poterit
1281 1019 1350 1057 ne
1381 1008 1659 1073 utrasque
1703 1004 1883 1058 vitare
1915 1004 2029 1057 rui-

379 1088 516 1143 nas?
548 1089 648 1144 sed
682 1105 784 1145 nec
816 1089 1050 1161 ingenia
1075 1091 1474 1162 suffragantur
1495 1096 1708 1163 inepto.
1746 1093 1944 1148 Restat
1965 1099 2027 1147 ut

379 1178 618 1251 effugiat
663 1194 881 1245 osores,
916 1184 972 1234 et
1017 1185 1179 1235 vacet
1206 1180 1485 1250 privatus.
1535 1182 1593 1236 Si
1624 1198 1755 1236 vero
1803 1183 2025 1253 primus

378 1266 767 1339 propalaverit
808 1284 869 1323 se
910 1268 1185 1339 ignavum
1221 1273 1343 1324 arte
1376 1270 1433 1324 in
1490 1287 1604 1342 quo
1654 1277 1711 1325 et
1762 1272 2025 1342 protinus

376 1355 601 1412 eluceat
618 1357 926 1428 prudentia
954 1358 1177 1413 favente
1199 1358 1525 1415 diademate
1550 1377 1561 1415 :
1588 1364 1711 1414 tum
1734 1361 2023 1431 perterriti

374 1443 638 1500 clanculo
670 1449 986 1516 procurant
1017 1447 1208 1519 sopire
1239 1448 1391 1503 odia.
1419 1450 1489 1504 Et
1518 1466 1724 1504 rursus
1756 1454 2024 1505 mussant

377 1535 654 1590 reducere
685 1534 742 1589 in
778 1551 983 1607 unum,
1020 1541 1086 1591 ut
1128 1537 1339 1592 iterum
1374 1544 1593 1609 queant
1623 1544 1875 1594 retexere
1906 1540 2021 1594 bre-

377 1621 543 1678 rilem
584 1628 807 1695 pestem
856 1625 1103 1695 huiusce
1155 1632 1343 1696 pacto,
1378 1644 1502 1697 quae
1531 1644 1634 1682 nec
1683 1628 1890 1699 poterit
1923 1630 2020 1682 de-

374 1710 639 1768 litescere
669 1712 803 1767 duci
833 1714 951 1781 iam
985 1713 1139 1770 clara
1168 1714 1259 1770 sui
1282 1716 1626 1788 cognitione.
1650 1719 1803 1782 Quas
1834 1733 2020 1789 nugas

376 1804 545 1872 parat
576 1800 807 1858 abolere
837 1819 953 1858 una
981 1819 1115 1858 cum
1164 1805 1512 1876 nugacihus,
1548 1822 1723 1877 quem
1754 1806 1929 1861 etiam
1962 1812 2018 1861 et.
2050 1838 2097 1902 B

374 1889 490 1961 ipsi
521 1890 798 1945 adversus
830 1906 892 1947 se
922 1891 1184 1963 gestiunt
1208 1893 1512 1949 excludere
1542 1895 1614 1950 ab
1646 1900 1813 1949 aucto
1850 1894 2014 1950 solio.

374 1980 529 2045 Quos
560 1979 819 2052 primum
861 1980 1191 2051 impediunt
1238 1984 1645 2054 praecedentia,
1680 2001 1805 2056 quae
1838 1984 2016 2040 infor-

371 2072 539 2124 mant
567 2068 795 2125 ducem.
815 2071 887 2124 At
915 2069 962 2125 si
997 2070 1353 2126 arbitrentur
1369 2072 1489 2127 haec
1520 2074 1788 2141 verenda,
1812 2080 1870 2128 et
1890 2075 2015 2144 opi-

374 2162 587 2213 nentur
616 2159 922 2214 dumtaxat
943 2164 1129 2215 semet
1159 2161 1405 2217 deﬁcere
1435 2162 1493 2216 in
1525 2162 1691 2233 ipsis,
1718 2168 1857 2218 tunc
1879 2180 2019 2234 quo-

373 2263 486 2319 que
515 2247 747 2303 eminus
778 2247 1041 2319 dirigunt
1069 2264 1242 2319 gazas
1292 2251 1616 2305 conducere
1648 2252 1758 2307 sibi
1792 2253 2014 2307 heroes.

371 2335 517 2392 Hinc
548 2340 753 2391 tenent
789 2338 1057 2407 augenda
1086 2337 1313 2404 solatia,
1346 2339 1488 2409 quin
1521 2340 1698 2394 etiam
1728 2347 1783 2394 et
1814 2346 2020 2412 parant

373 2424 509 2480 inde
540 2441 875 2496 promovere
907 2425 1188 2480 extimum
1242 2430 1413 2497 atque
1446 2428 1752 2483 robustum
1786 2430 2016 2495 ducem,

374 2516 431 2567 et
460 2513 809 2568 submittere
840 2512 1012 2569 colla.
1053 2515 1204 2569 Tum
1239 2514 1475 2586 quidem
1514 2558 1525 2569 .
1562 2559 1572 2570 .
1612 2558 1623 2570 .
1658 2518 1936 2589 suﬂ‘ragia
1964 2526 2020 2573 et

377 2602 634 2674 primum
664 2616 767 2673 per
786 2601 1030 2659 vicarios
1053 2603 1099 2658 si
1119 2620 1233 2658 non
1260 2605 1434 2659 fuerit
1464 2606 1552 2661 fas
1572 2605 1860 2662 celebrare
1883 2625 2019 2662 con-

376 2693 602 2745 ventus.
628 2691 849 2755 Quibus
864 2691 915 2747 si
947 2691 1068 2747 hrec
1099 2692 1322 2764 digesta
1340 2694 2017 2767 paulisperdiii‘erantur,

377 2780 646 2835 deﬁcient
691 2779 1048 2851 imperfecta.
1099 2788 1184 2836 An
1238 2781 1470 2837 interim
1517 2785 1767 2840 cessabit
1822 2786 2021 2841 saevire

377 2884 699 2924 concussus
726 2869 886 2923 furor
914 2870 1217 2939 praesentis
1250 2870 1539 2940 Praesidis,
1564 2877 1620 2927 et
1650 2876 1899 2945 torpebit
1930 2876 2023 2929 de—

377 2973 615 3028 pascere
645 2958 881 3012 fontes?
910 2958 1059 3013 Num
1094 2958 1337 3031 insuper
1367 2960 1595 3015 exinius
1628 2968 1759 3033 aget
1801 2964 2021 3019 hostire

376 3046 756 3118 perpetitores
805 3047 1122 3103 subversis.
1157 3050 1223 3103 Et
1257 3050 1305 3103 si
1358 3055 1563 3119 parent
1592 3054 1901 3107 subvenire
1933 3054 2021 3109 his

378 3152 527 3208 quos
557 3152 707 3206 saepe
750 3134 1061 3191 salutando
1094 3136 1233 3191 olim
1267 3139 1570 3194 tentabant
1612 3142 1927 3211 producere
1962 3147 2023 3195 ut

2140 558 2373 627 animis,
2407 564 2461 614 et
2507 558 2761 629 suffugia
2806 562 3092 630 captant:
3129 558 3339 613 referre
3384 557 3531 611 inde
3574 558 3777 627 pedem.

2138 652 2211 700 At
2239 646 2373 702 licet
2424 648 2788 719 conspiciant
2837 664 3009 702 suum
3064 663 3271 718 agmen
3322 650 3545 701 extare.
3581 646 3639 700 Si
3686 647 3777 702 dux

2138 736 2369 790 eminus
2419 744 2685 807 procuret
2719 735 2971 790 indicere
3001 734 3118 790 illis
3167 734 3527 805 tranquillos
3568 736 3778 805 angelos

2138 832 2403 897 gravatos
2435 826 2617 881 xeniis
2650 824 3211 896 inclusi,disputant,
3246 829 3302 878 et
3332 822 3713 895 querelantur
3731 842 3774 879 se

2138 915 2493 979 seductos,et
2524 914 2855 969 declamant
2884 912 3156 968 consules
3187 913 3285 983 qui
3319 912 3488 983 ipsos
3520 914 3777 968 conduxe-

2137 1006 2266 1057 rant
2298 1003 2408 1057 sibi
2441 1005 2776 1075 perﬁdos,et
2810 1004 3117 1057 innectunt
3147 1003 3405 1069 fraudes,
3431 1018 3587 1073 quos
3619 1006 3670 1055 et
3695 1003 3773 1056 de-

2136 1098 2338 1146 serunt
2387 1097 2442 1146 et
2490 1092 2864 1163 distinguunt
2915 1091 3108 1157 lmtho,
3153 1096 3209 1145 et
3260 1095 3401 1144 tunc
3464 1096 3777 1160 pertentant

2134 1180 2458 1236 incolumes
2493 1182 2767 1237 reducere
2793 1186 3148 1253 gressum,et
3182 1180 3437 1251 perferre
3462 1179 3669 1250 adepta
3690 1181 3778 1251 pri-

2132 1256 2275 1324 vato'
2297 1270 2440 1326 solo.

2206 1359 2354 1414 Raro
2386 1364 2495 1425 est,
2530 1361 2629 1414 sed
2664 1364 2753 1415 est
2782 1359 2882 1431 qui
2929 1359 3206 1414 inductus
3238 1356 3590 1431 aggrepitur
3620 1372 3767 1426 expu-

2132 1464 2310 1519 gnare
2361 1450 2619 1503 dicatum
2663 1450 2869 1503 ducem
2904 1448 3060 1502 nudo
3094 1453 3340 1519 pectore,
3376 1462 3491 1500 nec
3549 1445 3769 1515 desistit,

2132 1537 2316 1591 donec
2348 1537 2598 1607 adeptus
2647 1538 2722 1591 sit
2754 1554 2953 1593 orcum
2986 1536 3073 1591 vel
3108 1535 3360 1606 palmam
3411 1538 3521 1588 aut
3554 1549 3651 1603 per
3677 1532 3770 1587 cla-

2130 1625 2261 1681 dem
2297 1625 2428 1681 belli
2480 1626 2700 1680 dividat
2730 1643 2864 1681 cum
2896 1625 3076 1681 altero
3128 1630 3185 1679 et
3216 1623 3477 1680 contenti
3532 1622 3767 1693 partibus

2129 1721 2335 1769 coeant
2367 1716 2423 1769 in
2456 1732 2639 1769 unum
2690 1715 2879 1770 foedus
2912 1731 3150 1770 securus
3183 1712 3315 1785 quis
3347 1713 3632 1766 edomare
3662 1728 3766 1765 sua.

2129 1804 2274 1867 Quid
2308 1804 2665 1875 proﬁcicient
2695 1803 3041 1875 milites,qui
3074 1803 3230 1857 hunc
3254 1799 3764 1873 provocaverant?si

2128 1894 2185 1947 in
2206 1893 2303 1948 tali
2320 1893 3181 1964 discrimineefﬁetsuprcmum
3205 1895 3516 1962 superstes
3536 1893 3766 1958 expectet

2126 1983 2235 2038 hos
2285 2000 2485 2054 poenae,
2519 1988 2575 2037 et
2624 1983 2673 2037 si
2724 1999 2962 2054 compos
3002 1980 3271 2047 evaserit,
3319 1984 3451 2034 tum
3502 1983 3559 2033 et
3606 1978 3762 2031 isdem

2127 2070 2437 2142 compellat
2471 2072 2540 2126 ad
2574 2072 2630 2125 id
2658 2089 2759 2126 nec
2780 2070 3083 2142 ponitjam
3108 2076 3299 2124 extare
3332 2067 3453 2124 sibi
3488 2068 3765 2121 intemera-

2128 2160 2241 2215 bile
2291 2161 2567 2215 thronum
2603 2159 2943 2232 hujusmodi
2977 2177 3104 2230 quae
3150 2160 3382 2214 fuerant
3415 2156 3691 2219 recolens,
3719 2153 3764 2208 ni

2128 2250 2469 2305 auctoritate
2526 2250 2842 2322 priventur.
2880 2251 3030 2304 Sunt
3060 2248 3274 2320 quibus
3319 2246 3598 2318 praesidet
3630 2244 3765 2298 Prin-

2128 2355 2263 2410 ceps
2296 2340 2472 2394 unius
2504 2340 2812 2395 Provinciis
2843 2355 2991 2409 quos
3021 2338 3128 2393 etsi
3161 2354 3395 2391 summo
3434 2340 3608 2390 tenus
3636 2334 3765 2388 lzese-

2128 2430 2203 2483 rit
2231 2433 2576 2500 turgescunt
2609 2428 2901 2500 siquidem
2935 2427 3172 2482 rumina
3200 2424 3551 2497 yperifania,
3577 2428 3631 2477 et
3658 2438 3763 2493 pro-

2127 2518 2287 2573 tinus
2320 2519 2538 2573 adeunt
2568 2519 2887 2573 verendum
2922 2516 3074 2571 trino
3106 2515 3437 2570 diademate
3466 2518 3523 2568 et
3553 2513 3765 2566 incitant

2129 2609 2354 2663 auferre
2409 2608 2626 2678 quibus
2658 2608 2880 2679 potitur
2936 2607 3126 2677 impar
3157 2606 3293 2659 dux.
3328 2604 3433 2659 Sin
3485 2602 3761 2673 explicent,

2129 2697 2384 2768 poterint
2408 2714 2477 2752 ne
2502 2697 2711 2751 habere
2735 2712 3035 2752 recursum
3060 2695 3131 2749 ad
3160 2692 3392 2765 propria
3409 2696 3432 2747 i‘
3449 2697 3508 2746 et
3528 2690 3765 2763 quamvis

2131 2786 2690 2856 perfecerint,l'erent
2720 2786 2954 2839 tandem
2986 2783 3399 2854 competentia.
3442 2781 3762 2836 Prmminens

2130 2876 2415 2928 conducet
2468 2874 2577 2927 sibi
2610 2874 2664 2927 in
2700 2873 3049 2944 obsequium
3101 2873 3359 2927 diversas
3401 2871 3560 2925 acies
3610 2869 3761 2923 natio-

2130 2982 2273 3020 num
2306 2970 2362 3018 et
2409 2963 2621 3018 dili‘usa
2651 2964 2825 3017 verba
2875 2980 3000 3033 qua}
3048 2962 3313 3016 nesciant
3362 2960 3554 3014 vivere
3603 2974 3760 3029 parce,

2131 3055 2230 3108 sed
2265 3053 2579 3123 compilare
2610 3070 2852 3123 qumque
2907 3051 3150 3123 potiora,
3184 3056 3241 3104 et
3272 3050 3329 3104 in
3363 3050 3554 3105 sacris
3585 3048 3760 3104 addere

2134 3148 2435 3197 matronas
2472 3150 2536 3196 ut
2567 3142 2984 3213 postribulo.Et
3015 3147 3077 3195 ut
3108 3140 3511 3212 persenserint
3536 3140 3757 3208 depOpu-

377 3207 633 3296 primum
685 3226 1035 3296 persenserit
1084 3225 1193 3281 hoc
1225 3227 1475 3298 sybilum
1528 3207 1777 3285 labentis
1831 3232 2017 3299 famze,
2052 3207 2092 3273 Ο
2132 3232 2309 3286 latam
2328 3207 2703 3287 l’atrianinon
2737 3207 3755 3299 traduciturstatim,quiainvalidum

381 3313 563 3369 immo
591 3312 887 3369 declinant
933 3320 991 3368 et
1022 3316 1256 3369 ulerunt
1286 3317 1356 3371 ad
1380 3335 1551 3373 aures
1582 3318 1825 3390 vigentis
1857 3321 2023 3374 ducis

378 3402 535 3474 quod
566 3403 679 3474 ipsi
711 3407 775 3457 ut
796 3402 979 3473 pestis
1010 3404 1186 3459 nimis
1213 3406 1382 3461 fuerit
1403 3407 1691 3478 exquisita
1713 3410 1781 3463 ad
1803 3409 1961 3481 ipsos
1992 3427 2026 3464 a

378 3491 633 3564 propriis
682 3491 991 3557 militibus,
1046 3510 1295 3563 quorum
1350 3496 1563 3551 animis
1594 3497 1791 3553 nullus
1839 3499 2028 3569 potuit

382 3581 735 3652 persuadere
762 3585 818 3636 et
840 3580 1123 3637 charitate
1156 3582 1423 3637 inﬁciunt
1446 3585 1646 3640 relicta
1678 3603 1801 3657 quae
1836 3592 2026 3643 metus

382 3668 663 3733 deluerat,
693 3673 751 3723 et
786 3667 1003 3724 talibus
1052 3670 1347 3741 ﬁgmentis
1378 3679 1713 3743 exspectant
1748 3677 1965 3730 fcenora
1996 3694 2027 3730 a

380 3755 560 3811 latere
591 3756 718 3826 ejus
750 3757 1019 3829 quamvis
1061 3759 1225 3813 infidi
1276 3777 1580 3831 proceres;
1614 3764 1836 3819 dudum
1888 3782 2026 3835 pra:-

381 3844 653 3899 miserint
680 3844 773 3901 his
804 3847 1211 3918 praerogativae
1251 3866 1378 3921 qua:
1412 3856 1551 3907 sunt
1583 3853 1821 3907 mercati
1854 3855 2028 3926 dege-

384 3934 642 3990 nerando
673 3934 891 4006 quibus
923 3937 1023 3991 sed
1057 3953 1158 4008 pro
1204 3937 1393 3994 viduis
1424 3940 1540 3995 dux
1573 3958 1756 4012 pauca
1788 3944 2031 4015 porrigit

381 4027 438 4078 et
469 4023 769 4080 modestus
810 4025 1021 4097 arguit,
1056 4026 1102 4081 si
1144 4026 1262 4081 haec
1314 4030 1603 4085 maturius
1636 4033 2031 4101 panderentur

384 4111 554 4167 nobis
582 4129 715 4168 vera
745 4118 940 4185 aperte
965 4115 1107 4170 dum
1139 4132 1287 4171 caeca
1324 4117 1571 4173 latenter
1592 4120 1845 4189 juvaret.
1879 4121 2029 4183 Quo-

382 4218 513 4255 rum
547 4206 602 4256 et
640 4202 926 4259 invalidos
956 4204 1253 4276 despectat
1297 4212 1458 4261 artus
1489 4210 1779 4279 cordaque
1828 4211 2031 4265 rabida

382 4290 731 4346 subsannat.
765 4292 995 4347 Externi
1028 4300 1167 4349 sunt
1200 4295 1375 4350 etiam
1412 4296 1728 4367 Principes,
1763 4299 1863 4369 qui
1895 4317 2028 4354 cum

384 4378 688 4433 hauserint
712 4379 966 4435 lamenta
984 4381 1225 4439 alterius
1260 4384 1511 4439 militum
1542 4386 2030 4456 perlatoresillico

384 4467 713 4538 deposcunt
746 4470 1019 4525 seductos
1066 4472 1300 4526 ﬁrmare
1352 4476 1659 4544 nequando
1692 4479 1929 4533 redeant
1960 4481 2027 4533 ad

2134 3326 2223 3376 est
2253 3322 2352 3375 diu
2408 3321 2705 3375 continere
2738 3318 3052 3390 phalanges
3085 3318 3144 3372 in
3194 3316 3474 3383 externis,
3509 3330 3605 3368 nec
3651 3328 3757 3365 con

2133 3411 2291 3464 venit
2320 3415 2478 3464 tanto
2510 3410 2643 3463 duci
2678 3413 2966 3463 remotum
2990 3426 3023 3462 a
3045 3425 3154 3461 sua
3182 3406 3407 3477 legione
3441 3404 3641 3475 degere
3662 3398 3760 3470 qui-

2136 3500 2265 3554 dem
2295 3516 2427 3554 cum
2461 3498 2604 3569 ipsis
2626 3498 2695 3551 de
2728 3514 2975 3567 quorum
3000 3495 3133 3550 exili
3166 3495 3276 3549 ﬁde
3308 3492 3523 3565 oppido
3544 3495 3758 3545 veretur.

2139 3587 2308 3642 Redit
2356 3587 2425 3640 ad
2468 3586 2768 3657 proprium
2819 3585 3011 3640 solum
3058 3584 3213 3654 quod
3264 3583 3482 3654 gaudet
3530 3579 3758 3635 revisere.

2138 3679 2316 3741 Quem
2341 3675 2387 3730 si
2420 3676 2565 3730 forte
2589 3680 2917 3747 proponant
2941 3674 3226 3729 deducere
3257 3671 3354 3743 qui
3378 3687 3513 3726 eum
3538 3667 3757 3724 solemne

2138 3764 2732 3837 induxerant,eligant
2763 3762 3009 3834 lugubre
3030 3761 3266 3817 exilium
3292 3759 3421 3832 jugi
3452 3755 3755 3814 confusione

2140 3858 2412 3909 manente
2444 3854 2625 3908 ruina:
2645 3854 2732 3909 sin
2768 3853 2963 3924 potius
2996 3849 3396 3923 ignominiosa:
3422 3848 3753 3918 linquuntur.

2140 3949 2363 3999 Interea
2394 3944 2511 3997 dux
2566 3942 2869 4013 praesentis
2913 3941 3114 3996 Patria:
3149 3938 3385 3994 inferior
3439 3935 3663 3992 milibus
3688 3927 3753 3983 vel

2139 4032 2333 4087 exulat
2388 4032 2696 4103 profunde,
2728 4030 2813 4086 vel
2866 4030 3127 4085 residens
3177 4029 3455 4082 obtrusus
3505 4020 3753 4079 mmnibus

2141 4120 2446 4193 praevalide
2482 4120 2641 4175 urbis
2670 4119 2869 4189 ejulat.
2900 4119 3012 4173 Sed
3043 4134 3177 4172 eum
3214 4115 3437 4171 noverit
3469 4114 3751 4168 discessum

2141 4209 2324 4265 hostis
2354 4214 2613 4279 Optatam
2640 4208 2789 4263 diem
2824 4212 3099 4263 convocat
3124 4205 3414 4261 disclusos
3437 4219 3577 4275 quos
3597 4199 3754 4268 signa-

2142 4303 2299 4353 verat
2329 4299 2485 4353 clara
2518 4298 2659 4352 ﬁdes
2694 4297 2748 4351 in
2784 4297 2986 4352 aciem.
3011 4296 3078 4350 Et
3107 4294 3346 4350 instruit
3376 4286 3752 4363 primipilos,et

2141 4387 2399 4457 disponit
2448 4388 2707 4441 conferre
2741 4386 2949 4455 cuique
2981 4384 3177 4439 debita
3208 4383 3341 4438 ﬁdis
3390 4382 3534 4446 laeta,
3565 4383 3615 4432 et
3642 4370 3749 4429 sini-

2143 4476 2279 4529 stris
2303 4476 2777 4530 acerbu.Summe
2803 4475 2892 4528 bis
2917 4473 3015 4544 qui
3041 4472 3331 4527 accierant
3362 4475 3653 4541 tyrannum
3675 4475 3750 4532 per

385 4556 635 4626 gratiam
660 4556 837 4627 prisci
858 4558 1024 4615 ducis
1047 4562 1262 4631 quibus
1283 4566 1485 4617 etmox
1510 4565 1632 4633 pari
1658 4567 1879 4622 ratione
1902 4586 2035 4623 con-
2068 4580 2111 4642 υ
2146 4581 2205 4616 se
2240 4564 2531 4618 addicitur
2562 4564 2861 4618 muletatio
2893 4568 2948 4617 et
2970 4578 3140 4633 pcena
3170 4565 3226 4615 et
3257 4559 3388 4613 inde
3418 4552 3743 4628 supplicium.

385 4644 624 4701 ﬁrmant
654 4646 1071 4704 subvenire.Ad
1095 4667 1343 4720 quorum
1377 4652 1587 4723 Regem
1621 4660 1759 4710 tunc
1790 4664 1957 4711 caute
1983 4664 2039 4712 et

385 4731 672 4788 citissime
702 4734 966 4805 dirigunt
995 4735 1216 4808 legatos
1236 4740 1488 4809 pandere
1519 4758 1645 4811 qua:
1670 4742 2040 4798 ﬁrmaverant

386 4818 623 4886 milites,
656 4822 756 4877 sed
813 4840 928 4878 non
960 4842 1085 4895 qua:
1115 4826 1227 4897 ipsi
1277 4834 1338 4881 ut
1368 4832 1601 4899 praestet
1632 4829 1820 4900 lepida
1864 4832 2036 4897 dona,

384 4913 445 4965 et
476 4915 783 4967 cassentur
804 4915 1069 4985 quaejam
1099 4921 1236 4971 sunt
1260 4918 1857 4987 ﬁrmata,etsaaviatin
1878 4938 2037 4988 suos,

386 4998 528 5069 quia
560 5016 664 5054 nec
695 5000 971 5058 valebunt
1001 5005 1291 5060 sustinere
1323 5006 1580 5077 requiem
1616 5008 1671 5061 in
1707 5008 2039 5079 ipsis.Quos

387 5085 493 5140 etsi
530 5099 796 5157 procuret
829 5092 1148 5159 cumulare,
1184 5093 1399 5148 valebit
1429 5095 1720 5148 concitare
1750 5095 1946 5150 hostes
1968 5098 2037 5151 ad

389 5172 631 5227 exitium
663 5179 1034 5245 eorum,dum
1068 5181 1383 5235 credantur
1405 5181 1773 5238 solari.Tunc
1804 5189 2044 5238 nectunt

390 5257 606 5315 fmdera
654 5263 876 5331 prolato
924 5267 1139 5323 talione
1170 5269 1217 5323 si
1268 5270 1555 5341 expediat.
1610 5271 1758 5327 Sunt
1805 5271 2038 5339 iterum,

395 5344 492 5388 "Hi
528 5355 806 5388 Νισηηὴιτι
837 5352 1105 5388 ίηυοΑοηη
1140 5356 1375 5388 alin-dna

1409 5356 1770 5388 ῃηῖηηξηαιιιη
1805 5360 2038 5388 κεραίαν-ρει

2148 4655 2261 4707 Nec
2293 4653 2480 4707 solum
2517 4655 2634 4707 dux
2676 4658 2765 4707 est
2794 4651 3125 4719 exosor,sed
3159 4655 3217 4704 et
3247 4646 3478 4720 agmina
3506 4658 3620 4715 qum
3646 4652 3745 4710 P8P

2146 4742 2404 4796 tulerant
2426 4740 2811 4797 contumelias
2833 4741 3085 4810 inﬁgunt
3108 4738 3241 4793 odia
3265 4756 3278 4804 ;
3306 4753 3409 4791 nec
3439 4722 3742 4793 tantuni,eed

2148 4835 2205 4883 et
2227 4830 2442 4901 pariter
2464 4835 2749 4885 conantur
2769 4835 3025 4899 cgestare
3053 4827 3306 4881 minores
3330 4820 3743 4905 ipsorum,doncc

2149 4924 2286 4973 retas
2318 4920 2603 4989 gradatim
2641 4918 2989 4972 deinoliatur
3019 4916 3126 4969 hoc
3158 4918 3341 4968 totum
3374 4914 3430 4967 in
3460 4909 3615 4965 annis
3640 4907 3685 4957 et
3707 4916 3743 4952 ει

2151 5008 2293 5061 forte
2322 5012 2375 5060 l'u
2388 5026 2496 5061 nus
2522 5007 2790 5076 praecidat
2816 5006 2921 5060 hos
2954 5005 3009 5058 in
3034 5002 3163 5057 istis
3197 5004 3541 5073 superest,ut
3567 5008 3654 5048 nec
3674 5005 3745 5041 V8-

2150 5095 2305 5149 leant
2336 5095 2616 5165 gratulari
2660 5094 2877 5148 labenti
2909 5109 3022 5148 aevo
3057 5108 3161 5146 nec
3194 5091 3406 5145 futuro.
3439 5082 3744 5155 Quapropter

2151 5200 2265 5238 non
2300 5184 2523 5255 deperit
2551 5184 2778 5238 vitium.

2306 5272 2507 5320 Rursus
2536 5272 2813 5333 insurgeut
2836 5270 2921 5319 alii
2952 5272 3007 5318 et
3034 5271 3279 5317 rotantur
3312 5265 3515 5314 iisdem.

2224 5358 2330 5388 ραι]
2370 5360 2498 5388 1111;η
2530 5364 2661 5388 η-ινςι
2688 5358 2781 5384 nu:
2809 5375 2993 5388 nnnnn
3016 5357 3239 5388 rnnunn}
3266 5353 3477 5388 (“nolenti
3504 5364 3595 5388 ποτε
3617 5344 3744 5388 nnte‘
