4008 5388
185 290 306 357 889

1238 290 1773 356 POLYPTICUM.
1803 320 1882 337 -
1906 290 2222 354 TEXTUS
2270 291 2553 354 ALTER.

3479 283 3603 353 890

187 426 564 483 moictionem
611 426 841 483 refertis
872 424 1165 482 manubiis
1197 426 1237 481 ii
1269 426 1582 482 stimulant
1626 427 1841 480 memet
1868 424 1918 491 Α
1952 424 2173 479 duntur
2201 423 2501 481 deleneﬁci
2520 424 2750 481 videtur
2768 422 3043 497 pleumon
3061 424 3204 478 dum
3231 421 3465 496 angitur
3482 426 3606 478 tuc-

187 516 270 571 sic
301 516 584 573 lacessere
616 531 868 573 erroneis
898 515 1180 571 induleris
1204 516 1369 570 Prete
1399 514 1447 571 si
1480 514 1683 569 tuleris
1714 530 1843 568 con-

189 605 434 660 fundere
485 605 740 677 sigillata
768 605 875 661 has
920 604 1101 661 seculi
1133 604 1180 659 si
1219 604 1435 660 fuerint
1480 603 1728 659 exercita
1756 603 1844 657 vel

188 694 373 749 effusa
404 712 530 766 qua:
580 694 799 765 promis
841 694 1316 765 floccipendenda
1362 698 1501 747 tunc
1549 698 1605 747 et
1636 697 1846 747 natura

187 783 764 855 sterilislinquatsua
787 783 1090 839 munerasi
1116 783 1561 853 poterisfingere
1574 783 1844 837 eumdem

189 878 408 927 statum
458 873 737 927 summati
770 876 826 926 et
856 872 1005 940 lixae,
1039 872 1255 942 quibus
1300 871 1630 943 prospicere
1660 886 1843 924 unum

186 961 418 1017 hazteris
449 966 505 1017 et
538 960 710 1017 aridae
741 966 798 1015 et
826 962 1019 1033 Cocyti
1041 960 1181 1032 quid
1206 962 1451 1031 derogas
1474 959 1682 1015 officiis
1707 959 1848 1013 Prae-

184 1050 488 1105 sidumPan
504 1049 657 1105 vales
673 1051 975 1105 obfuscare
988 1051 1846 1121 suppetias,quasipsesumme

182 1144 390 1211 potens
413 1138 633 1211 legerat
657 1144 727 1194 ut
757 1139 981 1194 falciret
1009 1139 1305 1194 labantem
1339 1139 1693 1193 orbem.Non
1716 1154 1847 1192 con-

182 1226 367 1283 fiteris
392 1228 705 1283 Malachim
734 1232 834 1283 aut
863 1228 1106 1283 minime
1139 1227 1369 1298 plaudis
1401 1228 1491 1282 cui
1525 1230 1842 1282 concentus

182 1318 475 1389 virginum
509 1319 607 1372 dat
639 1318 996 1389 tropheaeum
1026 1318 1225 1372 decem
1260 1317 1510 1371 millium
1542 1316 1799 1371 hostium
1820 1315 1848 1369 ?

182 1424 298 1461 non
354 1407 549 1479 potius
600 1407 858 1463 assumis
909 1407 1013 1461 hoc
1060 1424 1235 1478 quam
1287 1406 1549 1461 haecaton
1596 1404 1845 1476 propho-

181 1510 396 1550 neuma
417 1494 635 1549 occulis
660 1495 941 1568 gradibus
962 1511 1334 1550 revocaveras
1357 1511 1595 1549 cursum
1628 1510 1734 1547 nec
1756 1509 1845 1548 re-

186 1584 300 1640 fers
327 1601 646 1655 procanum
679 1584 881 1655 templi
914 1583 1218 1639 cohelectaa
1247 1584 1345 1655 qui
1377 1590 1433 1639 et
1454 1582 1694 1639 detersit
1718 1583 1849 1638 abo-

188 1673 589 1728 minanda?et
619 1678 683 1728 ut
714 1690 868 1728 nunc
900 1675 1149 1727 subeant
1180 1690 1393 1728 novum
1426 1677 1847 1727 testamentum

1950 513 2090 569 cetis
2119 530 2233 568 non
2266 514 2439 568 durat
2467 514 2789 587 exprimere
2819 513 3010 569 solum
3044 512 3606 586 panegyrica.Elluo-

1952 619 2055 659 nes
2084 602 2237 658 sicut
2283 602 2439 657 clave
2466 603 2789 675 suspendat
2816 619 2917 657 vos
2966 603 3038 659 ab
3068 619 3185 657 uno
3226 602 3438 668 edulio,
3473 618 3606 657 mox

1953 692 2284 748 cantilando
2333 692 2550 747 curatis
2584 692 2782 764 procul
2813 691 3084 748 insectari
3128 690 3214 746 vel
3250 690 3603 747 lentaculum

1954 786 2008 836 et
2040 781 2292 837 exterius
2323 781 2505 836 libare
2534 785 2856 835 tementum
2882 785 2939 836 et
2966 780 3101 836 inde
3122 781 3380 853 gyrando
3404 796 3609 852 parare

1954 870 2261 939 ferculum,
2311 869 2397 925 vel
2448 870 2496 925 si
2544 870 2651 924 hoc
2699 870 2930 924 deficiat
2993 868 3224 925 obolam
3269 869 3509 925 insanea
3558 868 3608 923 si

1956 960 2149 1031 praeda
2178 958 2254 1014 sit
2303 964 2527 1014 remota
2556 960 2801 1014 abcessu
2846 958 2933 1013 vel
2969 958 3018 1013 si
3052 959 3308 1030 privetur
3351 958 3608 1013 auctori-

1955 1050 2221 1105 tate.Non
2253 1048 2518 1103 differtur
2547 1047 2788 1119 crapula
2820 1050 3159 1118 utcumque,
3183 1048 3324 1102 dum
3358 1062 3607 1119 praegra-

1953 1138 2123 1193 vidus
2156 1137 2519 1208 aqualiculus
2550 1136 2790 1208 repellat
2818 1136 3092 1191 acerbum
3125 1136 3363 1191 fascem.

2026 1227 2378 1282 Fraternitas
2410 1243 2535 1297 quae
2564 1226 2621 1280 in
2665 1225 2829 1281 vobis
2860 1225 3074 1279 fatetur
3104 1241 3137 1280 a
3162 1225 3327 1280 vobis
3356 1225 3481 1280 sola
3509 1242 3607 1279 ar-

1953 1316 2100 1373 valis
2124 1321 2213 1371 est
2242 1316 2455 1387 quibus
2471 1317 2597 1386 jam
2621 1318 2802 1371 staret
2824 1314 3114 1370 sarchiam
3138 1318 3201 1369 ut
3224 1329 3297 1368 ne
3318 1313 3608 1381 ferendis;

1956 1406 2055 1461 sed
2086 1404 2344 1475 vergitur
2388 1404 2543 1476 quod
2576 1409 2806 1475 pectore
2834 1401 3049 1457 vulnus
3101 1418 3457 1457 consumens
3488 1401 3610 1456 haec

1956 1495 2013 1549 in
2034 1494 2193 1549 tenui
2216 1493 2442 1565 liquore
2463 1509 2605 1559 ;non
2620 1492 2835 1548 desinit
2854 1491 2955 1546 hin
2975 1492 3177 1547 fcetare
3194 1496 3389 1546 atrum
3408 1491 3608 1546 bilem.

1956 1587 2000 1638 0
2031 1582 2193 1655 prius
2238 1587 2508 1654 caperent
2539 1598 2638 1637 vos
2669 1586 2898 1636 tantum
2949 1581 3384 1653 subgrundaria
3432 1594 3610 1651 quam

1958 1690 2113 1728 nunc
2144 1672 2449 1744 polynctos
2481 1671 2860 1743 sarcOphaga.
2896 1671 2962 1725 Et
2991 1672 3037 1725 si
3070 1670 3288 1741 Pegaso
3319 1673 3481 1741 optat
3507 1685 3611 1724 vos

189 1762 248 1816 in
280 1761 485 1816 ordine
517 1761 742 1817 Helene
764 1761 949 1816 filium
984 1766 1289 1817 strenuum
1322 1762 1635 1834 strephiois
1666 1761 1848 1816 armis
1881 1799 1928 1864 B
1961 1761 2295 1834 protrahiin
2317 1761 2448 1816 istis
2467 1777 2655 1832 usque
2671 1761 2741 1814 ad
2761 1759 3087 1815 silicernias
3107 1776 3220 1813 non
3248 1763 3470 1831 spectat
3486 1762 3611 1813 tum

193 1850 292 1922 qui
320 1867 621 1906 removens
648 1850 1019 1922 panoratiarii
1052 1850 1413 1906 Christicolis
1440 1851 1691 1905 firmavit
1715 1852 1853 1921 jura

191 1940 442 1995 officii.0
474 1940 599 1994 Dux
624 1940 910 1995 Theodosi
934 1958 1185 2012 magnus
1206 1941 1385 1995 tantis
1406 1940 1725 2011 triumphis
1749 1956 1853 1995 nec

191 2030 425 2084 duceris
457 2046 554 2083 ore
603 2029 781 2099 hujus
811 2034 873 2084 tu
906 2031 1006 2101 qui
1037 2046 1318 2101 respuens
1367 2030 1617 2084 haereses
1650 2030 1853 2084 fudisti

198 2119 448 2174 barbara
498 2118 612 2174 tela
641 2124 699 2174 et
745 2120 1051 2175 destruens
1103 2120 1299 2191 phana
1350 2119 1628 2175 sancxisti
1676 2119 1853 2173 deleri

190 2208 396 2264 titulos
429 2225 497 2263 ne
531 2213 776 2263 restaret
805 2209 1013 2264 saltem
1046 2210 1387 2281 hypogaeum
1418 2210 1475 2262 in
1507 2225 1621 2279 quo
1652 2208 1856 2264 lateret

197 2297 491 2367 quoddam
512 2297 811 2352 residuum
831 2314 899 2352 ex
916 2314 1081 2353 sacro
1094 2298 1513 2365 Daemonis,sed
1531 2302 1739 2353 cuncta
1753 2298 1856 2352 mi-

198 2384 435 2442 litare'nt
466 2403 581 2441 uno
613 2387 857 2441 auctori.
892 2387 935 2441 Ο
965 2387 1199 2441 inducle
1234 2404 1302 2441 ne
1331 2391 1567 2458 reputas
1602 2387 1850 2458 azquivo-

200 2489 333 2527 cum
367 2480 637 2546 nepotem
686 2476 866 2545 hujus
898 2480 1090 2531 extare
1120 2475 1456 2542 sublimem,
1492 2476 1591 2548 qui
1633 2480 1853 2547 tempe-

198 2579 337 2618 rans
387 2581 606 2635 prunas
655 2582 863 2636 pruna,
896 2570 1071 2637 atque
1118 2564 1332 2620 iterum
1379 2565 1619 2634 pruinas
1669 2582 1858 2636 pruna

201 2653 463 2708 domavit
510 2654 812 2708 libidinem
860 2662 913 2708 et
961 2655 1216 2708 furorem
1278 2655 1552 2724 dogmate
1601 2658 1657 2708 et
1705 2654 1857 2709 fidus

201 2742 495 2807 charitati,
534 2760 636 2796 nrc
680 2743 949 2797 extiterat
1001 2742 1197 2813 segnis
1229 2747 1329 2797 aut
1354 2743 1566 2797 cadens
1608 2743 1857 2798 tristitiae

200 2836 260 2887 et
283 2832 595 2886 subindius
617 2830 1428 2902 triumphaveratsupplicans
1447 2836 1658 2886 aeterno
1680 2849 1857 2903 quam

206 2921 409 2977 armis.

279 3008 427 3072 Quid
460 3009 690 3081 proficit
721 3008 947 3080 plebeia
1000 3025 1210 3063 manus
1234 3009 1261 3062 ‘P
1292 3026 1393 3063 nec
1425 3010 1553 3080 ipsa
1581 3010 1862 3065 subsistet

204 3098 441 3169 singula
472 3098 754 3153 exhausta
782 3097 1210 3166 ducibus,quod
1244 3098 1432 3169 prima
1454 3098 1650 3153 secula
1667 3100 1862 3170 signat

1962 1851 2237 1923 capulum
2259 1851 2358 1905 sed
2384 1852 2653 1921 jucunda
2673 1864 2990 1920 ora,neque
3012 1847 3338 1904 sublustrat
3366 1845 3619 1915 vispillo-

1964 1958 2086 2006 nes,
2120 1957 2254 1995 nam
2292 1940 2424 1994 licet
2467 1938 2723 1993 validum
2759 1937 3102 1993 esset‘vobis
3134 1936 3367 1993 inficere
3407 1935 3612 1991 faciem

1964 2029 2089 2086 οωΙί
2122 2028 2456 2085 manalibus
2506 2045 2619 2083 non
2652 2033 2743 2083 est
2772 2028 3006 2082 inficere
3052 2042 3291 2082 sensum
3320 2025 3426 2080 viri
3458 2025 3612 2097 quod

1964 2120 2317 2175 bacchantes
2344 2117 2612 2173 tristibus
2644 2117 2887 2172 rictibus
2918 2116 3224 2171 minamini
3263 2131 3493 2171 caesare
3521 2129 3615 2169 ve-

1966 2226 2094 2265 rum
2117 2209 2397 2264 ducentes
2427 2206 2637 2262 aemula
2654 2222 2755 2261 ora
2771 2206 2843 2260 ad
2862 2205 3091 2277 Valgias
3108 2208 3166 2260 et
3182 2205 3253 2259 ad
3276 2203 3460 2260 levem
3477 2205 3617 2259 bau-

1963 2299 2166 2354 batum
2188 2297 2293 2352 ?ut
2321 2296 2601 2351 cacabant
2629 2294 2874 2349 humida
2902 2294 3284 2349 aritina.Cum
3315 2293 3622 2349 hauserint

1965 2388 2162 2460 ignem
2195 2386 2277 2442 sic
2310 2386 2539 2442 stitiant
2555 2383 2901 2439 temulentia
2922 2383 2981 2437 in
3000 2383 3144 2454 ipsis
3163 2381 3617 2452 stultis.Respuo

1966 2478 2119 2549 quod
2145 2476 2365 2531 nictent
2394 2474 2555 2529 taciti
2582 2490 2831 2544 quorum
2850 2477 2907 2528 et
2929 2470 3216 2542 frigultire
3236 2475 3542 2526 contemno
3565 2472 3622 2525 et

1967 2565 2185 2637 garrire
2213 2562 2385 2619 nauci
2416 2578 2585 2633 pono.
2621 2562 2746 2616 Non
2777 2566 2866 2616 est
2897 2560 3042 2615 mihi
3073 2559 3389 2616 diobolaris
3417 2558 3621 2629 lingua

1968 2653 2232 2709 defluens
2264 2667 2497 2723 quaque
2518 2651 2589 2705 ad
2624 2649 2971 2716 nmnias,sed
3005 2648 3053 2701 si
3077 2652 3266 2702 vestra
3286 2645 3621 2719 syngrapha

1969 2747 2240 2797 moveant
2271 2739 2542 2811 injuriam
2579 2756 2707 2794 meo
2738 2738 2884 2811 stylo
2916 2740 3032 2793 stat
3071 2741 3135 2791 ut
3164 2741 3373 2791 nostrae
3402 2734 3623 2808 paginae

1970 2832 2261 2887 ducantur
2291 2830 2362 2885 ad
2397 2829 2666 2884 sennion.

2042 2920 2168 2975 Mea
2199 2937 2376 2991 quam
2409 2935 2513 2973 nec
2547 2918 2751 2973 obelus
2802 2917 3065 2987 signabit
3096 2914 3524 2971 merebitur.....
3559 2930 3628 2968 ne

1975 3009 2257 3064 inhaereat
2308 3023 2561 3062 nocuum
2595 3007 2790 3078 sigim.
2826 3006 2986 3061 Licet
3033 3021 3190 3060 nunc
3220 3004 3393 3058 etiam
3427 3003 3630 3057 sedare

1975 3115 2240 3154 rumores
2259 3114 2405 3168 quos
2422 3096 2759 3151 blaterando
2780 3094 3023 3150 dedistis
3038 3093 3267 3165 populis
3280 3108 3340 3149 se
3360 3091 3631 3147 sideinde

206 3167 482 3241 notamus
532 3186 697 3242 facile
728 3192 784 3242 et
810 3191 899 3241 est
948 3186 1083 3241 hinc
1126 3167 1415 3258 apponere
1464 3203 1636 3242 curae.
1674 3167 1859 3242 Validi
1893 3167 1936 3234 Ο
1977 3185 2245 3259 pululent
2263 3167 2721 3258 arphagantibus
2740 3183 2874 3238 ullis
2898 3182 3163 3237 futilibus
3183 3181 3631 3235 tuncurbanum

205 3277 388 3335 armis
419 3277 665 3331 artubus
713 3282 1083 3331 excreverant
1122 3277 1329 3347 primis
1376 3276 1702 3332 seminibus
1732 3278 1863 3333 Adae

205 3370 263 3420 et
293 3367 563 3420 foecunda
594 3365 786 3437 proles
818 3366 1041 3436 paravit
1081 3366 1311 3436 opimas
1341 3366 1565 3431 turbas,
1600 3383 1865 3421 crescens

206 3455 427 3509 crebris
479 3455 850 3509 successibus
880 3460 938 3509 et
968 3471 1098 3508 raro
1130 3472 1330 3508 exexu.
1366 3456 1474 3509 Sed
1529 3455 1744 3509 Praeses
1777 3455 1862 3509 in-

209 3549 469 3599 structus
501 3544 687 3599 defuit
719 3544 951 3598 erudire
980 3546 1157 3599 rudes
1189 3543 1476 3612 cohortes,
1508 3545 1664 3599 unde
1694 3544 1867 3599 evita-

212 3637 340 3688 rent
371 3633 689 3687 discrimen
720 3632 1003 3687 undantis
1024 3631 1419 3702 limphaerse
1441 3632 1867 3688 Abrahamicus

211 3721 467 3794 populus
498 3721 662 3792 plebs
696 3721 788 3775 Dei
822 3728 908 3775 est
956 3725 1161 3775 auctus
1190 3720 1509 3790 triumphis
1543 3721 1681 3774 dum
1724 3739 1867 3792 sup-

211 3812 341 3885 plex
373 3812 573 3883 deguit
603 3809 1147 3881 substitiosis,quod
1179 3809 1319 3879 quia
1348 3810 1709 3864 exorbitatus
1739 3826 1870 3864 con-

211 3901 471 3973 tempsit,
524 3898 718 3955 exulat
766 3897 967 3971 procul
1014 3916 1048 3954 a
1089 3898 1291 3952 limine
1341 3902 1397 3953 et
1442 3902 1598 3953 extat
1646 3898 1869 3955 inutilis

211 3990 391 4062 strips
420 3990 562 4060 (sic).

283 4080 462 4151 Cujus
496 4094 598 4133 nec
645 4078 754 4132 hoc
785 4077 976 4132 solum
1022 4081 1126 4144 est,
1175 4077 1275 4132 sed
1314 4076 1525 4149 cnique
1570 4077 1870 4149 terrigenae

214 4172 414 4223 restat.
447 4168 518 4222 Et
546 4167 698 4238 quod
734 4169 1013 4221 notantur
1061 4170 1290 4221 tantum
1323 4166 1589 4221 homines
1622 4182 1871 4236 quorum

217 4260 473 4312 mentem
523 4256 677 4327 quod
733 4255 1091 4326 praecipuum
1140 4260 1228 4308 est
1266 4256 1521 4309 fatemur
1563 4271 1692 4309 esse
1740 4271 1872 4310 cum

217 4351 330 4402 Deo
354 4346 381 4399 ?
414 4347 563 4401 Sunt
608 4344 781 4399 etiam
814 4344 1036 4414 exiguae
1065 4343 1330 4398 volucres
1362 4348 1418 4397 et
1465 4343 1717 4415 providae
1748 4361 1873 4415 qua}

213 4437 412 4508 vigent
442 4434 679 4490 solertia
709 4437 767 4488 et
796 4434 1013 4503 quibus
1045 4432 1269 4487 ceditur
1302 4433 1449 4487 ferre
1481 4449 1733 4502 perenne
1764 4450 1875 4488 caa-

1973 3278 2084 3334 erit
2113 3275 2260 3331 tueri
2310 3274 2368 3328 in
2419 3274 2562 3345 ipsis
2606 3272 2939 3343 jamdulum
2991 3270 3301 3343 promissa.
3353 3269 3632 3323 Pretores

1975 3382 2130 3421 nunc
2162 3365 2317 3420 acies
2338 3363 2701 3420 luscinorum
2734 3365 3009 3435 poterunt
3030 3360 3355 3432 perspicere
3375 3358 3522 3413 sudo
3544 3356 3633 3411 ul-

1975 3454 2097 3509 lum
2114 3454 2422 3509 flosculum
2441 3451 2839 3524 perpendiculi
2860 3451 2970 3506 etsi
2996 3450 3116 3505 sit?
3138 3449 3247 3504 Sed
3268 3464 3451 3503 erucae
3475 3461 3636 3502 more

1976 3548 2245 3616 quaerunt
2274 3542 2641 3596 ammordere
2672 3558 2787 3596 non
2821 3540 2976 3611 quod
3009 3540 3086 3595 sit
3116 3555 3289 3610 sapor
3318 3536 3374 3591 in
3407 3535 3633 3605 ore,sed

1976 3639 2043 3688 ut
2074 3632 2435 3704 pessundent
2462 3630 2791 3686 devorando
2816 3645 2964 3701 quos
2996 3645 3101 3700 ego
3124 3624 3410 3683 horticola
3434 3628 3636 3680 ostans

1976 3720 2272 3791 repagulis
2286 3737 2354 3775 cu
2364 3736 2425 3774 ro
2439 3718 2994 3775 excludere.Adeant
3006 3715 3349 3787 miropolam
3364 3714 3637 3785 delegant

1979 3808 2202 3866 colliria
2222 3813 2278 3863 et
2299 3813 2529 3862 comant
2551 3806 2985 3874 allucinaria,ut
3009 3810 3137 3877 post
3159 3807 3463 3860 secernant
3487 3800 3635 3856 luci-

1979 3899 2121 3953 dum
2148 3902 2205 3952 et
2227 3895 2629 3968 opacum.Non
2652 3910 2757 3966 ego
2780 3910 2991 3965 passus
3010 3894 3320 3965 laetargum
3342 3906 3632 3963 praesumo

1980 3986 2193 4058 pellere
2207 3984 2397 4039 officia
2414 3982 2761 4055 praesidum;
2780 3982 2879 4037 sed
2898 3982 3120 4053 castigo
3139 3997 3251 4035 non
3271 3979 3633 4035 temeranda.

1982 4075 2128 4142 Quia
2148 4074 2300 4146 quod
2325 4074 2448 4142 jam
2473 4070 2647 4126 retuli
2668 4087 2842 4142 grave
2854 4074 2943 4126 est
2964 4069 3157 4141 inepte
3174 4068 3452 4123 scandere
3474 4084 3635 4122 sum-

1983 4182 2145 4220 mum
2162 4162 2465 4231 conniti,et
2478 4160 2747 4233 subigere
2760 4158 3045 4231 captivam
3062 4156 3308 4229 patriam
3324 4161 3381 4211 et
3398 4156 3633 4211 frustari

1985 4254 2232 4310 alterum
2264 4249 2665 4307 solio.Pormia
2694 4253 2749 4304 et
2779 4250 2973 4321 praeda
3001 4249 3112 4303 erit
3140 4247 3268 4317 hoc,
3288 4251 3345 4302 et
3375 4245 3425 4301 si
3459 4245 3637 4299 dene-

1985 4347 2081 4415 get
2110 4341 2263 4414 quis,
2289 4340 2482 4412 potius
2510 4343 2601 4392 est
2628 4338 2840 4392 ducere
2870 4336 3082 4409 pellere
3112 4336 3428 4406 primatum
3460 4348 3637 4404 quam

1987 4432 2232 4488 auferre.
2262 4435 2348 4483 An
2382 4428 2568 4483 levius
2599 4444 2632 4481 a
2663 4426 2895 4498 proprio
2920 4443 3036 4481 non
3073 4425 3181 4479 fert
3210 4422 3406 4479 exulat
3438 4420 3535 4493 qui
3568 4419 3637 4474 li~

216 4525 462 4581 libatum
492 4540 593 4596 per
622 4539 816 4589 auras,
854 4539 981 4593 quae
1008 4522 1207 4577 colunt
1239 4521 1577 4576 Stratilaten
1611 4521 1669 4575 in
1701 4538 1785 4588 se,
1817 4526 1875 4576 et
1909 4537 1955 4601 D
1988 4521 2143 4576 mine
2164 4524 2383 4574 tractus
2403 4517 2689 4589 premitur
2719 4517 2777 4570 in
2807 4516 2933 4588 ipso
2966 4519 3029 4570 ut
3050 4516 3189 4569 baro
3212 4529 3388 4584 quam
3419 4511 3638 4601 qui

216 4616 472 4670 reddunt
520 4613 715 4669 debita
766 4610 1066 4666 Stralitati.
1119 4612 1300 4675 Quem
1351 4615 1408 4666 et
1455 4615 1659 4666 ceterae
1712 4627 1877 4665 mon-

220 4708 412 4760 strant
462 4703 745 4775 sospitem
791 4700 839 4754 si
892 4701 1010 4755 sint
1059 4700 1299 4755 alacres.
1333 4701 1441 4754 Pro
1490 4701 1660 4771 cujus
1707 4700 1881 4755 etiam

220 4796 426 4848 funere
481 4792 659 4858 sisit,
710 4806 916 4844 rursus
969 4788 1262 4861 squalent.
1299 4789 1409 4843 Sed
1460 4788 1507 4843 si
1558 4788 1819 4843 discedat
1850 4808 1884 4845 a

218 4880 473 4955 propriis
498 4885 719 4936 cunctae
760 4880 1038 4950 linquunt
1069 4877 1250 4932 serias
1300 4894 1433 4931 cum
1467 4894 1582 4949 quo
1614 4881 1881 4933 externas

217 4971 373 5044 piget
406 4987 502 5026 eas
535 4987 639 5026 nec
671 4969 965 5041 inquirere
995 4969 1186 5024 sedes.
1213 4966 1433 5038 Nempe
1465 4966 1731 5038 popellus
1751 4983 1881 5038 pro-

216 5060 342 5115 ficit
362 5060 470 5114 sub
491 5058 697 5115 sedulo
718 5062 775 5112 et
792 5060 927 5112 Cato
949 5058 1095 5113 duce
1119 5058 1245 5111 sine
1266 5072 1384 5127 quo
1408 5056 1696 5111 instructa
1724 5057 1881 5129 regio

217 5149 566 5205 exinanitur.

287 5237 490 5294 Desine
520 5252 678 5295 nunc
728 5236 944 5305 caeptos
991 5238 1047 5291 et
1100 5238 1264 5288 utere
1312 5235 1531 5291 nostris
1584 5235 1877 5292 sensibus.

209 5327 384 5383 Juvat
433 5330 648 5386 memet
696 5340 849 5378 nunc
887 5326 1050 5381 fabre
1102 5323 1417 5388 suggillare
1448 5341 1548 5381 eos
1596 5330 1880 5388 pequatos

1990 4610 2174 4667 sticus
2222 4606 2461 4662 alterius
2492 4605 2637 4659 inibi
2686 4605 3044 4659 condensare
3082 4604 3304 4675 primos
3352 4617 3499 4672 quos
3529 4598 3640 4654 sibi

1994 4702 2284 4755 struxerat
2312 4696 2534 4765 absque
2564 4693 2732 4762 cujus
2774 4694 2908 4762 jure
2938 4708 3008 4747 ne
3040 4707 3247 4763 parum
3280 4687 3648 4761 permordeat

1992 4788 2127 4843 inde
2160 4786 2244 4841 vel
2280 4785 2379 4857 qui
2408 4783 2659 4837 vadutus
2691 4781 2968 4837 numellis
2988 4786 3045 4836 et
3064 4779 3349 4834 absteniis
3369 4779 3509 4832 dum
3532 4775 3650 4829 sint

1994 4881 2205 4932 cuncta
2255 4873 2451 4929 diruta
2475 4870 2659 4926 cernit
2689 4869 2941 4924 mulcere
2992 4868 3289 4940 prepriam
3323 4870 3651 4921 matronam

1994 4965 2254 5035 saviis,et
2282 4963 2498 5018 sentiat
2528 4962 2795 5030 nepotem
2827 4958 2875 5011 vi
2904 4972 3281 5027 corrumpere
3300 4956 3655 5011 himenazum

1994 5073 2112 5111 suae
2143 5052 2400 5123 familiae,
2434 5049 2577 5121 quin
2607 5046 2779 5102 etiam
2814 5052 2872 5101 et
2901 5044 3179 5100 deludere
3226 5060 3431 5117 preces
3458 5055 3659 5097 earum

1993 5145 2237 5199 seducta
2268 5158 2371 5213 spe
2403 5134 2702 5195 clientelae.

2065 5228 2311 5286 Difficile
2342 5233 2431 5285 est
2446 5224 2617 5281 alicui
2644 5223 2920 5277 invadere
2952 5236 3203 5291 regnum
3238 5221 3290 5276 si
3314 5222 3433 5276 haec
3458 5221 3669 5290 arguat

1994 5336 2173 5388 quem
2205 5317 2455 5373 delectat
2507 5311 2791 5384 pilemum
2827 5309 2968 5381 quid
3004 5306 3141 5361 hinc
3192 5313 3287 5363 est
3318 5306 3671 5363 oriendum?
