4008 5388
409 303 520 366 891

1428 308 1763 371 ATTONIS
1807 304 2389 369 VERGELLENSIS
2434 304 2792 370 EPISGOPI

3685 305 3782 370 899

411 438 676 495 omnium
708 438 893 495 volvet
922 439 981 495 in
1013 441 1382 513 sententiam,
1404 446 1467 497 ut
1496 442 1767 511 ignobilis
1800 441 2059 497 discedat
2087 441 2141 507 Α
2171 440 2301 495 culo
2332 441 2557 513 imperii
2582 442 2691 497 sub
2721 455 2836 512 quo
2859 442 2915 495 et
2939 437 3251 494 concinant
3272 454 3332 494 se
3362 437 3605 511 impune
3624 438 3787 497 silere.

412 530 485 585 ab
515 529 623 584 hoc
641 546 759 584 aevo
790 534 847 584 et
863 531 1070 585 subeat
1095 531 1450 603 supplicium
1484 532 1873 603 t‘uturi.lgitur
1890 547 2065 602 quem

412 618 795 689 Omnipotens
825 618 949 673 vult
966 624 1257 674 ostentare
1275 622 1517 692 dignum
1539 622 1663 676 suis
1682 619 2066 691 prognosticis

410 707 497 762 vel
533 724 706 778 quem
731 724 847 762 una
879 710 1085 779 quaerit
1108 727 1443 780 promovere
1470 710 1777 765 conventui
1801 710 2063 763 omnium

414 801 804 868 procerum,et
832 815 1005 868 quem
1024 800 1285 868 juvat,ad
1311 800 1366 853 id
1390 800 1633 854 decorus
1658 799 1878 870 patrius
1905 815 2069 851 amor

414 885 503 940 fas
533 891 621 940 est
652 888 964 942 ascendere
992 893 1293 942 vacantem
1328 888 1623 944 thronum.
1657 890 1763 943 Sed
1797 906 1929 942 eum
1966 904 2067 941 an-

412 978 607 1041 testat,
632 977 731 1030 sed
767 982 964 1031 caveat
994 978 1147 1047 quod
1182 981 1393 1048 populo
1428 996 1498 1032 ne
1525 978 1750 1031 dividiae
1784 980 2066 1045 crescant,

416 1065 515 1119 sed
539 1066 666 1135 ejus
688 1081 967 1121 ascensus
994 1071 1285 1121 removeat
1308 1068 1796 1136 omnejustitium
1819 1066 1941 1119 etsi
1971 1066 2071 1137 sit:

415 1154 520 1216 Qui
575 1155 677 1208 tali
735 1156 1032 1209 sanctione
1081 1156 1365 1209 evaserint
1405 1158 1474 1210 ad
1529 1172 1773 1226 regnum
1828 1155 2069 1209 forsitan

414 1243 640 1297 beando
657 1244 901 1312 patriam
918 1249 1188 1313 poterunt
1201 1245 1459 1300 obtinere
1480 1245 1702 1300 felicem
1728 1262 1792 1299 su
1805 1260 2069 1315 premum

415 1331 785 1395 diem,caeteri
818 1334 969 1387 exuti
1004 1332 1237 1387 luerunt
1268 1350 1495 1404 pcenam
1528 1334 2069 1405 tyrannidis,quam

413 1425 469 1474 et
500 1421 747 1475 tenendo
779 1426 1187 1492 protraxerunt
1218 1428 1483 1478 ramenta
1513 1424 1836 1477 Pandecten
1862 1421 2071 1493 poterit

418 1525 708 1564 reservare
756 1511 919 1565 vobis
954 1511 1073 1566 haec
1104 1512 1162 1566 in
1202 1513 1546 1583 gymnasio;
1583 1513 1754 1580 cujus
1802 1510 2070 1565 millenas

414 1597 590 1652 facies
629 1602 685 1652 et
732 1599 780 1653 si
814 1599 999 1669 placet
1048 1602 1331 1655 resolvere
1379 1617 1495 1655 non
1544 1605 1796 1672 opponet
1844 1600 2066 1655 obicem

414 1688 561 1742 meis
583 1687 837 1759 scriptis,
854 1689 954 1744 sed
980 1688 1105 1759 ipse
1129 1696 1427 1745 succurret
1450 1690 1697 1745 testibus
1721 1694 1779 1744 at
1800 1693 1863 1744 ut
1884 1688 2069 1760 stylus

2176 531 2335 594 Quod
2357 531 2618 586 illuserat
2640 531 2909 586 sedulum
2927 533 3257 601 Augustum
3279 534 3343 583 ut
3357 533 3413 585 et
3432 529 3561 600 ipse
3592 530 3789 586 fulciret

2178 638 2349 692 quem
2374 622 2549 676 etiam
2573 621 2855 692 applicuit
2883 621 2942 675 in
2966 620 3164 675 sedem
3192 618 3347 673 haud
3372 619 3790 691 deﬂausjugare

2177 726 2345 765 suam
2386 726 2723 781 germanam
2771 751 2783 763 .
2829 753 2840 764 .
2888 754 2898 764 .
2946 750 2957 763 .
3004 751 3016 763 .
3062 750 3073 761 .
3123 750 3134 761 .
3181 750 3193 761 .
3235 708 3554 763 obauxerat
3594 725 3650 763 se
3678 714 3791 765 tunc

2178 799 2463 871 tantisper
2510 800 2637 853 rudi
2670 803 2803 871 toga
2834 798 3065 869 spirans
3094 797 3431 853 orthodoxis
3484 799 3727 852 secunda
3752 804 3795 854 et

2180 905 2355 943 ruens
2386 887 2902 943 demolatria.Tum
2936 891 3175 941 auxerat
3200 886 3513 957 Delphicos
3535 891 3590 940 et
3616 889 3795 957 pressit

2179 977 2547 1047 tegularia,et
2580 994 2821 1048 prorsus
2852 976 3159 1047 abjurabat
3189 979 3587 1046 acceptatores
3608 976 3796 1030 metha-

2183 1067 2321 1120 nica:
2354 1067 2579 1131 artis,et
2607 1066 3031 1120 instauraverat
3062 1064 3411 1128 asseclas,et
3442 1064 3793 1136 spiculatores

2182 1173 2326 1227 quos
2354 1156 2527 1227 prisci
2554 1161 2819 1210 arcentes
2843 1154 3177 1209 adlexerant
3190 1153 3296 1209 sibi
3323 1159 3389 1208 ut
3413 1153 3795 1208 attaminarent

2181 1245 2399 1301 cimilia
2430 1261 2562 1300 cum
2594 1246 2739 1316 ipsis
2774 1245 3018 1298 idoneis.
3051 1246 3215 1298 Anna
3246 1260 3358 1298 non
3382 1246 3512 1313 jam
3558 1242 3793 1297 caluisset

2180 1336 2468 1390 inchoata.
2504 1335 2612 1389 Sed
2667 1336 2835 1404 cujus
2867 1332 3174 1405 przesentia
3203 1338 3267 1387 ut
3316 1333 3509 1386 fuerat
3539 1336 3795 1386 auctorata

2182 1442 2283 1496 per
2311 1424 2546 1479 climata
2578 1423 2851 1494 desipuit,
2885 1422 3028 1493 quin
3061 1420 3340 1493 appendit
3370 1426 3519 1475 tunc
3571 1437 3795 1474 recusare

2181 1514 2331 1570 alme
2363 1513 2623 1584 mulgata
2642 1529 2828 1583 nuper
2848 1511 3105 1567 cruentis
3133 1510 3600 1566 antitethis.Jam
3633 1510 3675 1564 si
3694 1510 3795 1580 quis

2180 1604 2593 1659 confitereturJ
2604 1618 2770 1657 esum
2805 1602 3060 1673 primum
3083 1600 3417 1655 destinabat
3438 1616 3575 1655 eum
3599 1598 3796 1654 sectori-

2182 1694 2312 1758 bus,
2346 1697 2401 1746 et
2433 1692 2568 1746 inde
2598 1691 2866 1763 lanystis.

413 1777 613 1831 redeat
630 1778 698 1831 ad
720 1779 876 1848 ipsos
894 1794 1041 1848 quos
1064 1777 1333 1849 opeligna
1350 1778 1556 1834 cohors
1575 1778 1825 1832 curastis
1848 1794 2069 1848 praeno-
2101 1816 2149 1880 B
2250 1783 2320 1836 Et
2353 1798 2485 1836 mox
2528 1780 2763 1835 donavit
2793 1796 2997 1836 omnes
3046 1780 3254 1835 hacare
3287 1778 3527 1833 Bromio
3558 1782 3611 1832 et
3658 1776 3799 1832 simul

413 1870 537 1920 tare
568 1865 625 1920 in
650 1867 851 1921 faciem
877 1871 1008 1922 ante
1032 1868 1221 1937 proles
1244 1868 1372 1923 Ysai
1398 1868 1821 1939 perspiraverat
1843 1873 2067 1921 mutare

413 1955 626 2025 pedum
658 1955 717 2009 in
749 1956 1222 2029 scipione,usque
1252 1958 1394 2011 dum
1427 1958 1675 2029 quaesita
1706 1956 1963 2012 oratione
1994 1955 2071 2010 vi-

415 2045 610 2099 dentis
632 2045 710 2099 sit
731 2044 954 2116 prolata
974 2046 1185 2101 virtute
1200 2047 1423 2119 mystici
1439 2047 1742 2119 erysmatis
1757 2047 1814 2100 in
1828 2045 2070 2101 vertice?

415 2132 624 2190 Recolo
658 2134 962 2190 Exechiam
995 2140 1051 2190 et
1078 2136 1299 2191 Josiam
1324 2154 1356 2191 a
1382 2137 1620 2207 genitali
1653 2136 1938 2207 sanguine
1968 2134 2072 2189 Re-

412 2239 552 2295 gum
585 2223 872 2293 prodiisse
904 2228 1088 2295 Reges
1122 2226 1347 2280 favente
1379 2225 1703 2296 populo.An
1738 2241 1851 2278 non
1885 2224 2072 2278 fuerat

414 2313 541 2382 ejus
563 2312 790 2383 genitor
809 2313 1034 2383 sopitus
1055 2314 1113 2368 in
1138 2314 1274 2368 sede
1302 2315 1662 2384 regni,cujus
1684 2313 1947 2383 genetrix
1972 2314 2073 2367 lle-

414 2400 546 2455 lena
566 2401 593 2454 ‘2
615 2402 713 2471 qui
747 2402 885 2456 dum
919 2408 1112 2472 ageret
1144 2402 1503 2474 providentia
1524 2402 1708 2458 voluit
1731 2403 1841 2457 sibi
1871 2419 2071 2457 conse-

415 2490 549 2543 dere
580 2492 879 2544 natum.Et
901 2491 1267 2546 Theodosius
1290 2496 1453 2546 ortus
1478 2496 1567 2545 est
1590 2491 1762 2546 claris
1786 2491 2073 2546 militibus

414 2577 960 2649 Hispanim.Auxilio
993 2579 1165 2651 primi
1199 2597 1231 2634 a
1263 2580 1528 2635 barbaris
1560 2582 1658 2651 qui
1693 2581 1946 2635 reddidit
1974 2584 2071 2634 tu-

415 2672 543 2723 tum
567 2668 765 2723 orbem
793 2669 990 2737 ;cujus
1013 2686 1245 2740 quoque
1269 2670 1502 2725 indiciis
1530 2670 1785 2742 primum
1810 2670 2071 2724 intende-

416 2760 505 2810 rat
535 2771 596 2810 se
628 2755 808 2811 lavari
838 2758 909 2811 ad
944 2759 1731 2830 summa.lnquam.Cernens
1761 2775 1821 2813 se
1853 2758 1908 2813 in
1944 2776 2072 2813 oro-

419 2848 573 2898 mate
604 2844 874 2900 indutum
908 2844 1170 2919 clamyde
1192 2847 1508 2919 imperii,et
1539 2849 1814 2903 ferentem
1847 2852 2075 2919 stegma

420 2932 786 3005 impositum.
821 2936 945 2999 Qua
992 2935 1267 3007 indagine
1300 2936 1487 3007 potuit
1534 2953 1769 2992 noscere
1801 2937 2074 2993 eumdem

421 3026 553 3077 ante
585 3022 839 3080 invisum
871 3024 980 3079 sibi
1005 3024 1167 3080 nullo
1200 3026 1388 3081 indice
1410 3043 1544 3081 cum
1577 3027 1926 3097 quandoque
1946 3044 2077 3081 con-

420 3111 671 3183 spiceret
698 3114 825 3182 ejus
856 3113 1105 3168 vultum.
1140 3114 1247 3179 Qui
1280 3132 1413 3170 mox
1452 3120 1751 3186 promotus
1783 3117 1853 3170 ab
1888 3117 2074 3186 Impe-

2182 1869 2939 1941 Chintbio,etcomplicibus
2958 1886 3161 1924 eorum
3187 1868 3333 1923 cubo
3356 1867 3799 1923 tenus.Pr:eterea

2179 1964 2435 2017 erexerat
2456 1964 2594 2014 tunc
2621 1959 2978 2030 romphaeam
3001 1962 3201 2013 contra
3218 1956 3794 2029 PrincipemConstan-

2179 2050 2389 2116 tinum,
2425 2066 2458 2103 a
2486 2066 2601 2120 quo
2649 2053 2738 2103 est
2782 2046 3096 2119 stipulatus
3144 2047 3201 2101 in
3248 2062 3452 2117 regno,
3484 2050 3544 2100 et
3589 2045 3795 2099 adtinxit

2180 2138 2355 2194 etiam
2410 2136 2771 2208 conglorium
2824 2137 2951 2206 ejus
2991 2134 3374 2207 cognationis.
3410 2134 3522 2189 Sed
3573 2132 3710 2188 illico
3750 2138 3796 2186 ut

2182 2226 2302 2281 haec
2332 2230 2471 2281 sunt
2494 2226 2544 2281 ei
2576 2226 2843 2280 traducta
2884 2225 3185 2295 refragans
3228 2224 3355 2295 ipsa
3390 2221 3609 2277 exemit
3638 2238 3749 2276 eum
3773 2237 3797 2275 a

2182 2316 2423 2370 numine
2438 2314 2577 2385 quin
2602 2320 2657 2369 et
2671 2312 3116 2382 firmavittersaj
3129 2312 3447 2382 ura.Digna
3460 2311 3685 2381 quidem
3702 2325 3797 2379 spe-

2180 2405 2289 2460 ties
2320 2404 2413 2459 vix
2444 2402 2713 2475 pullulat,
2749 2402 2836 2457 vel
2870 2402 3177 2471 nequando
3209 2399 3651 2472 genere.Neque
3679 2402 3798 2451 extat

2182 2493 2357 2549 etiam
2388 2494 2461 2547 ab
2494 2491 2835 2563 expectabili
2865 2491 3266 2545 indifferenter
3296 2488 3563 2561 provenit
3605 2488 3669 2542 ad
3698 2502 3796 2557 per-

2183 2583 2399 2638 fectum
2430 2580 2605 2645 venit,
2640 2580 2739 2635 sed
2773 2579 3020 2635 subinde
3052 2578 3255 2633 deﬂuit
3284 2594 3544 2648 nequam
3577 2593 3608 2630 a
3638 2575 3796 2647 praeci-

2184 2690 2297 2744 puo
2328 2686 2553 2740 genere.
2578 2672 2646 2724 Et
2676 2670 2811 2724 inde
2841 2674 2929 2724 est
2958 2669 3177 2724 crimen
3212 2683 3379 2723 ruere
3411 2668 3486 2722 ad
3519 2671 3725 2737 sceptra
3749 2668 3797 2717 ut

2183 2767 2389 2817 tonant
2421 2764 2755 2833 prmtaxata.

2252 2852 2361 2905 Sed
2396 2866 2499 2903 nec
2534 2849 2657 2903 sola
2705 2865 2870 2919 (aqua
2901 2848 3113 2903 dicatio
3163 2846 3428 2917 perﬁciet
3482 2858 3795 2916 quemquam

2186 2938 2556 3011 magnum,ni
2580 2938 2860 2993 honestus
2884 2936 3205 3008 praetendat
3236 2950 3473 3006 quoque
3496 2933 3792 3005 dignitatem

2186 3028 2431 3084 imbutis
2464 3028 2726 3082 moribus
2760 3026 2952 3098 quoad
2982 3024 3166 3080 valeat
3186 3024 3576 3079 conscendere
3598 3022 3650 3076 in
3668 3026 3794 3075 eter-

2188 3136 2329 3174 num
2364 3132 2631 3189 regnum.
2668 3117 2736 3171 Et
2761 3115 2847 3170 hae
2878 3113 3166 3169 filacteriae
3198 3114 3491 3168 debentur
3519 3127 3703 3167 omnes
3730 3124 3794 3162 re-

420 3205 610 3257 ratore
640 3202 914 3257 Gratiano
935 3202 1185 3258 efﬁcitur
1209 3206 1629 3275 consors,quod
1654 3205 1927 3259 manebat
1947 3204 2079 3275 ipsa
2108 3187 2151 3253 Ο
2189 3206 2387 3261 dimiis
2433 3187 2669 3261 Christi.
2703 3204 2922 3276 Cuique
2971 3218 3198 3259 servare
3246 3203 3581 3257 modestum
3618 3199 3725 3253 vitae
3751 3198 3793 3249 in

420 3289 565 3345 visio
620 3292 965 3362 urgentibus
998 3293 1187 3362 bellis,
1220 3310 1346 3363 qua:
1398 3294 1446 3348 is
1479 3294 1700 3349 sedavit
1739 3294 1975 3348 interea.
2010 3295 2079 3348 Et

424 3380 559 3434 inde
590 3380 784 3435 decuit
815 3398 987 3436 suum
1018 3383 1378 3453 zequivocum
1412 3388 1680 3454 nepotem
1712 3382 2080 3453 azquipedan-

424 3472 540 3525 tem
574 3469 797 3523 meritis
826 3470 1142 3540 tranquille
1171 3472 1485 3527 subsedere
1510 3472 1784 3527 thronum
1820 3473 2001 3541 patris
2024 3476 2081 3527 et

425 3558 596 3612 avi.Si
632 3558 689 3612 in
725 3558 830 3612 hac
861 3576 1067 3613 norma
1096 3559 1269 3614 alicui
1302 3561 1491 3631 regale
1522 3560 1735 3615 solium
1766 3561 1921 3615 hunc
1952 3562 2078 3631 jam

425 3663 540 3700 non
571 3646 791 3700 tenebit
814 3648 984 3717 culpa
1007 3647 1130 3701 etsi
1154 3648 1353 3703 sedent
1386 3650 1434 3703 si
1462 3654 1696 3705 censeat
1717 3654 1901 3704 semet
1923 3650 2082 3704 suffi-

427 3750 554 3789 cere
576 3733 647 3787 ad
674 3749 884 3789 nomen
911 3739 1083 3789 tantae
1107 3738 1429 3807 majestatis
1452 3755 1553 3809 pro
1577 3754 1688 3809 quo
1712 3739 1812 3793 sed
1841 3738 2083 3793 minime

421 3822 636 3893 jubilet
657 3822 847 3878 adhuc
879 3840 941 3879 se
962 3841 1195 3881 manere
1218 3827 1649 3883 securum.Solo
1672 3827 2082 3899 auspicialicet

429 3911 680 3967 existant
700 3912 1097 3983 digna,tamen
1122 3932 1233 3970 non
1255 3918 1530 3989 supplent
1556 3918 1807 3989 praebere
1829 3916 2076 3981 felicem,

430 4001 531 4055 sed
565 4008 907 4073 quaeruntur
955 4004 1335 4060 incrementa.
1373 4006 1533 4062 Inde
1566 4007 1706 4061 libet
1752 4006 1897 4061 mihi
1928 4022 2083 4061 nunc

429 4106 641 4161 ponere
673 4096 839 4162 pasta
869 4092 1143 4164 dogmata
1174 4092 1320 4167 λογω
1353 4100 1569 4147 Kquou
1597 4094 1734 4150 Saul
1756 4095 1975 4150 levatus
1997 4099 2086 4149 est

432 4180 501 4235 de
532 4197 709 4252 parva
739 4182 978 4237 traduce
1001 4187 1063 4237 ut
1086 4190 1346 4238 tueretur
1364 4184 1558 4240 Israel.
1582 4185 1727 4239 Hinc
1750 4183 2084 4239 Palazstinos

432 4269 615 4323 trudit
634 4270 692 4324 in
714 4270 1000 4341 principio
1019 4272 1108 4325 sui
1124 4273 1282 4343 regni
1300 4278 1356 4327 et
1377 4278 1620 4344 caeperat
1634 4290 1735 4344 per
1746 4289 1951 4344 gyrum
1967 4272 2086 4326 exi-

434 4358 639 4412 nanire
662 4363 895 4413 caeteras
908 4359 1231 4429 perduelles
1244 4361 1743 4416 nationeslevihus
1758 4362 2082 4437 triumphis.

436 4450 617 4513 Quem
641 4451 705 4501 ut
726 4448 1105 4520 Pleonexagia
1134 4450 1318 4520 coegit
1339 4450 1563 4505 inhiare
1585 4452 1774 4506 vetitis
1807 4469 1937 4506 mox
1959 4454 2087 4521 ejus

2188 3296 2419 3369 propria
2455 3312 2750 3350 mensura.
2784 3292 3023 3348 Ambire
3057 3296 3217 3347 extra
3246 3297 3428 3363 ponat
3462 3290 3794 3351 accidiam,et

2189 3385 2264 3441 sit
2285 3386 2573 3456 abrogans
2612 3399 2799 3454 neque
2834 3383 2910 3437 sit
2930 3398 3208 3454 congerro
3243 3381 3335 3436 cui
3358 3387 3453 3435 sat
3483 3382 3598 3435 sint
3621 3374 3793 3432 beneﬁ-

2189 3474 2429 3544 cia,quze
2455 3475 2616 3543 juste
2648 3472 2942 3542 liquerant
2970 3470 3021 3525 ei
3054 3469 3424 3541 antigenaa,et
3455 3485 3580 3539 quae
3611 3467 3792 3535 impen-

2189 3564 2275 3618 dit
2304 3561 2503 3617 herilis
2535 3559 2874 3626 liberalitas,
2908 3562 3148 3629 cogente
3177 3557 3401 3612 illibato
3446 3554 3726 3619 famulatu,
3753 3553 3793 3603 et

2190 3670 2317 3724 quae
2349 3651 2544 3705 fundit
2564 3653 2763 3704 exacta
2784 3646 3085 3703 rusticatio
3116 3647 3187 3701 de
3210 3645 3447 3717 proprio
3461 3646 3669 3717 jure,et
3694 3655 3789 3710 qua

2191 3743 2298 3796 rite
2331 3738 2618 3811 depromit
2648 3738 2913 3808 injuncta
2941 3752 3056 3791 ars.

2263 3834 2329 3884 Et
2350 3831 2398 3884 si
2417 3832 2559 3884 forte
2582 3828 2832 3895 majores
2847 3824 3048 3881 sedule
3069 3823 3339 3896 delegant
3355 3816 3791 3890 officia,suppleat

2194 3936 2307 3974 non
2338 3919 2639 3989 gestiendo
2673 3916 2766 3970 hic
2800 3930 3094 3986 pompam,
3123 3914 3223 3969 sed
3255 3928 3588 3984 perennem.
3619 3909 3728 3970 Quae
3753 3901 3788 3956 si

2194 4009 2442 4063 referant
2472 4007 2961 4071 emolumentum,
2994 4002 3274 4074 rependat
3311 4000 3527 4072 pariter
3556 3995 3731 4052 laudes
3750 3992 3789 4044 et

2194 4091 3072 4166 obsequiaaaternothuamvis
3085 4090 3340 4162 patiatur
3368 4087 3676 4159 deliquium
3703 4093 3787 4134 non

2194 4201 2397 4256 expers
2423 4185 2651 4239 deserat
2675 4182 2938 4253 ﬂagitare
2959 4181 3232 4236 eumdem
3256 4195 3360 4235 nec
3388 4175 3727 4249 blasphemat
3746 4168 3787 4221 in

2195 4278 2450 4347 egestate
2476 4273 2717 4343 ignarus
2748 4288 2865 4341 qua
2893 4270 3183 4326 sententia
3212 4268 3291 4323 sit
3320 4272 3531 4323 tactus.
3553 4264 3687 4320 Num
3713 4271 3787 4311 ne-

2196 4368 2417 4435 queunt
2440 4362 2749 4417 succedere
2784 4360 3095 4431 inopinatze
3140 4357 3291 4413 vices
3318 4358 3343 4412 ?
3373 4357 3517 4411 Nam
3546 4354 3591 4409 si
3635 4355 3787 4435 Cano-

2198 4432 2381 4507 doxus
2412 4450 2596 4505 inhiet
2624 4466 2654 4505 e
2685 4454 2888 4521 gratus
2920 4446 3238 4502 auctionari
3270 4463 3384 4517 prae
3414 4461 3474 4499 se
3507 4438 3694 4515 poterit
3716 4432 3786 4488 hic

435 4541 646 4591 teretes
700 4537 892 4592 lacerti
924 4539 1205 4603 torpendo
1256 4543 1556 4593 cessarent
1584 4558 1617 4593 a
1662 4557 1876 4613 pugna.
1909 4541 2089 4611 Cujus
2118 4561 2166 4625 D
2198 4541 2378 4596 elisus
2409 4540 2669 4605 erinis,et
2701 4538 2920 4593 retrudi
2949 4536 3383 4591 erebo.En!Sed
3416 4532 3553 4625 quid
3582 4544 3673 4625 ego
3688 4538 3787 4595 Ρτο·

434 4625 606 4680 etiom
637 4627 910 4681 terribola
923 4644 1090 4682 mens
1112 4645 1221 4683 non
1250 4646 1610 4699 praesumens
1624 4636 1885 4701 spectare
1903 4630 2087 4685 aciem

434 4714 621 4770 hostis
653 4716 884 4787 preprio
915 4716 1028 4771 telo
1062 4717 1304 4789 impegit
1337 4723 1520 4773 semet
1549 4720 1606 4772 in
1637 4723 1833 4773 etneas
1866 4736 2085 4789 poenas.

435 4804 503 4857 Et
532 4804 826 4859 Eudoxius
880 4804 1148 4876 princeps
1179 4806 1393 4861 tulerat
1438 4822 1633 4878 regem
1666 4807 1973 4861 Manassen
2020 4808 2089 4861 de

436 4892 687 4947 redivivo
714 4893 1029 4965 sanguine;
1051 4900 1360 4965 postquam
1392 4896 1549 4949 enim
1582 4901 1728 4950 Deus
1756 4896 2088 4966 quindecim

436 4997 620 5035 annos
643 4982 940 5037 Ezechiam
967 4984 1126 5037 auxit
1151 4985 1219 5037 ad
1243 4984 1418 5037 vitam
1447 4989 1645 5054 postea
1667 4984 1776 5037 iste
1809 4990 1981 5039 natus
2003 4990 2091 5039 est

436 5069 754 5125 Manasses.
786 5073 884 5125 Cui
918 5074 1235 5126 succedens
1266 5072 1323 5126 in
1354 5072 1564 5127 throno
1596 5070 1826 5126 censuit
1856 5073 2089 5127 interim

436 5158 693 5229 extingui
713 5175 838 5228 quae
860 5161 1085 5230 genitor
1106 5162 1348 5232 ﬂagrare
1372 5167 1426 5215 et
1449 5178 1574 5231 quae
1597 5162 1721 5231 ipse
1745 5161 1937 5230 prodit
1957 5162 2093 5215 sub-

437 5244 677 5299 cisivais
692 5247 935 5301 sancivit
949 5248 2091 5320 supplicandaimpugnansTheusebiam

438 5336 493 5384 et
526 5334 809 5388 reducens
840 5337 1002 5388 orgia
1028 5338 1315 5388 Immonis
1346 5342 1402 5388 et
1432 5337 1649 5388 nhana.

2199 4632 2365 4686 fusus
2399 4628 2878 4702 patagine,instar
2895 4625 3208 4697 emphatici
3231 4622 3510 4697 praeconis
3538 4620 3701 4675 enitor
3716 4628 3786 4667 ex-

2198 4720 2411 4792 plicare
2442 4718 2728 4790 digestam
2743 4714 3059 4787 linquentis
3073 4713 3459 4784 saeculi,cujus
3481 4708 3691 4765 morbos
3705 4715 3783 4792 nec

2198 4787 2415 4861 diserta
2431 4787 2624 4877 glossa
2641 4803 2846 4858 suffert
2857 4801 3142 4872 conjicere
3162 4801 3189 4854 ?
3209 4800 3315 4856 Sed
3337 4798 3581 4855 deterius
3605 4787 3784 4877 languit

2199 4875 2493 4968 quondam
2520 4894 2659 4948 dum
2676 4892 3018 4957 Clinicus,et
3037 4891 3350 4960 depressus
3367 4903 3525 4944 cceno
3550 4875 3784 4953 congemi-

2199 5003 2346 5041 nans
2376 4990 2570 5039 trenos
2602 4982 2839 5037 tabebat
2875 4983 3001 5052 jam
3034 4980 3253 5035 defreta
3280 4978 3503 5043 salute;
3537 4974 3619 5028 cui
3646 4968 3782 5024 etiam

2200 5073 2576 5145 protoclectes
2589 5065 2998 5143 superastabat
3015 5068 3283 5124 demoliri
3294 5066 3496 5122 virosis
3517 5058 3779 5145 morsibus.

2201 5164 2310 5217 Sed
2344 5160 2661 5232 respiciens
2707 5159 2943 5214 interim
2975 5157 3075 5228 qui
3104 5156 3442 5212 conlinierat
3483 5154 3659 5225 ipsum
3683 5140 3785 5200 vola

2202 5250 2469 5306 subvenit
2498 5250 2731 5319 adtrito,
2763 5253 2821 5303 et
2871 5246 3125 5303 excussit
3154 5262 3287 5301 eum
3318 5246 3389 5301 ab
3419 5259 3512 5299 ore
3544 5235 3783 5311 ejusdem.

2203 5356 2373 5388 mmm
2421 5338 2645 5388 evitans
2676 5338 2850 5388 etiam
2885 5335 3179 5388 adentavit
3205 5360 3219 5388 ι
3249 5340 3306 5388 et
3354 5330 3651 5388 resolidans
3677 5328 3783 5376 tunc
