4008 5388
226 418 339 481 897

1616 417 2246 487 TESTAMEMTUM.

226 566 361 606 cum
393 549 504 607 hac
534 552 731 608 tamen
757 550 1109 618 conditione,
1135 554 1200 606 ut
1227 550 1354 622 ipse
1380 552 1561 609 abbas
1591 569 1724 608 cum
1752 569 1875 608 mo-
1904 554 1958 621 Α
1989 553 2284 610 minorum
2342 572 2541 629 regum
2581 560 2640 613 et
2684 558 2905 614 domini
2955 574 3114 630 papa
3173 559 3631 632 interponentes,

224 639 431 696 nachis
461 639 607 705 suis,
640 640 780 696 dum
813 640 1139 696 cardinales
1182 644 1241 695 at
1288 641 1598 696 decumani
1647 641 1870 712 praefati

226 734 400 785 erunt
430 730 491 785 in
519 729 765 786 ecclesia
793 732 979 785 sancti
1004 730 1318 795 Ambrosii,
1344 730 1557 785 vadant
1586 747 1715 785 cum
1748 730 1876 785 lita-

226 818 340 873 niis
372 819 497 875 suis
525 820 594 877 ad
628 818 935 875 ecclesiam
964 824 1179 874 sancta
1212 819 1399 874 Maria
1430 820 1667 890 Majoris
1699 820 1871 875 sitam

222 906 382 963 intra
412 908 702 964 civitatem
726 907 1059 975 Mediolani,
1084 908 1186 964 ubi
1208 908 1422 965 dicitur
1442 908 1603 964 intus
1623 909 1873 980 vineam,

225 1000 281 1052 et
310 997 390 1052 ibi
413 1014 580 1053 sacra
604 998 820 1053 faciant
840 1013 943 1069 pro
975 996 1174 1052 anima
1201 1014 1352 1064 mea,
1378 1002 1435 1053 et
1466 998 1630 1053 bona
1654 1015 1874 1054 memo-

226 1085 323 1141 ria
344 1086 573 1142 domna
596 1087 788 1141 Maria
812 1086 1039 1154 matris,
1057 1103 1123 1142 ac
1146 1086 1371 1142 domna
1395 1086 1612 1142 Imilda
1636 1088 1875 1155 sororis,

224 1191 490 1231 mearum
522 1176 601 1231 ibi
652 1175 1029 1231 humatarum
1063 1192 1076 1230 :
1112 1174 1296 1231 altera
1328 1176 1420 1231 die
1469 1176 1626 1232 idem
1658 1177 1882 1232 faciant

224 1282 327 1337 pro
359 1265 670 1321 animabus
718 1265 882 1320 bona
922 1264 1216 1321 memoria
1266 1265 1580 1321 comitissa
1630 1265 1877 1322 Felinda

224 1354 360 1410 avia
396 1371 562 1422 mea,
583 1360 640 1410 et
681 1353 935 1409 ﬁliarum
972 1354 1132 1424 ejus;
1164 1358 1219 1409 et
1249 1355 1343 1409 dic
1374 1356 1541 1411 tertio
1591 1355 1766 1411 etiam
1798 1356 1881 1413 ita

223 1444 325 1499 ﬁat
355 1461 459 1515 pro
490 1443 803 1499 animabus
835 1443 1167 1499 Rodelinda
1199 1443 1448 1515 proavia
1482 1461 1642 1512 mea,
1666 1448 1724 1500 et
1751 1462 1877 1501 om-

1986 642 2104 697 hac
2161 638 2360 699 omnia
2415 646 2926 702 convalidaverunt
2957 652 3013 702 et
3043 648 3389 705 conﬁrmare
3446 651 3635 709 facere

1985 733 2399 802 promiserunt.
2427 734 2527 789 His
2558 736 2824 805 peractis,
2856 736 3010 792 idem
3039 737 3314 793 dominus
3346 744 3479 795 Atto
3510 741 3629 812 epi-

1988 837 2198 891 scopus
2242 838 2358 876 una
2404 839 2538 877 cum
2572 824 2811 896 Hugone
2851 825 3185 882 marcbione
3234 830 3291 882 et
3341 829 3632 884 Brucardo

1987 910 2197 964 comite
2227 910 2523 965 advocatis
2554 912 2677 967 suis
2709 914 2854 967 dixit
2880 932 2891 968 :
2922 914 3051 969 Haec
3081 920 3171 970 est
3198 932 3327 971 mea
3355 915 3503 972 libra
3535 935 3633 973 vo-

1986 996 2183 1053 luntas
2212 1005 2270 1053 et
2301 999 2573 1054 ultimum
2608 1017 2803 1055 meum
2836 1002 3189 1071 judicatum.
3223 1005 3313 1059 Sic
3347 1022 3438 1060 me
3481 1011 3635 1062 Deus

1989 1086 2243 1157 adjuvet,
2274 1104 2468 1143 amen.
2504 1094 2711 1143 Actum
2743 1090 2801 1144 in
2841 1090 3083 1147 basilica
3127 1093 3312 1148 sancti
3342 1095 3635 1151 Ambrosii

1989 1174 2282 1246 pontiﬁcis
2312 1180 2368 1231 et
2412 1177 2782 1248 confessoris,
2818 1178 2914 1233 ubi
2945 1179 3073 1249 ejus
3104 1186 3372 1238 sanctum
3406 1184 3636 1255 requie-

1990 1265 2101 1319 scit
2130 1281 2362 1337 corpus.

2061 1358 2088 1417 ’ί
2128 1353 2241 1426 Ego
2276 1355 2559 1427 Rogerius
2608 1355 2852 1411 humilis
2879 1356 3189 1429 episcopus
3237 1358 3462 1432 legatus
3495 1363 3636 1418 mis-

1990 1459 2093 1498 sus
2123 1445 2481 1500 sanctissimi
2514 1446 2697 1516 patris
2724 1446 3068 1501 venerabilis
3098 1448 3305 1503 Marini
3338 1466 3495 1520 papa
3528 1452 3636 1508 hoc

223 1534 389 1588 nium
409 1534 816 1589 defunctorum
846 1550 1111 1588 meorum
1135 1550 1147 1587 :
1171 1534 1321 1602 quod
1346 1534 1392 1589 si
1419 1550 1531 1588 non
1556 1533 1878 1598 ﬁet,omnia
1981 1532 2313 1603 judicatum
2348 1532 2599 1599 laudavi,
2633 1535 2991 1605 conﬁrmavi,
3025 1542 3081 1591 et
3110 1538 3454 1609 subscripsi.

222 1623 499 1691 praedicta
525 1622 608 1676 eis
638 1622 825 1693 legata
852 1621 971 1677 sint
999 1622 1225 1677 domna
1248 1622 1533 1677 Bertrada
1564 1623 1874 1678 abbatissa

222 1711 363 1765 dicti
399 1711 734 1766 monasterii
761 1717 971 1766 sancta
996 1711 1189 1766 Maria
1221 1711 1475 1781 Majoris.
1509 1714 1648 1767 [tem
1682 1712 1873 1779 iudico

222 1804 283 1855 et
310 1799 438 1871 lego
470 1799 635 1853 dicta
663 1799 976 1855 venerabili
1006 1800 1231 1853 domna
1256 1800 1561 1855 abbatissa
1586 1800 1873 1856 Bertrada

224 1889 458 1942 fratrua
484 1906 621 1942 mea
644 1905 776 1944 cum
795 1890 922 1959 ejus
947 1888 1297 1943 monialibus
1315 1894 1371 1943 et
1394 1890 1745 1945 monasterio
1768 1908 1873 1946 suo
1906 1925 1951 1987 B

222 1995 435 2033 mansa
466 1977 726 2050 quinque
755 1981 922 2032 terra
959 1978 1113 2047 juris
1146 1978 1277 2045 mei,
1304 1978 1403 2047 qui
1434 1996 1614 2051 supra
1643 1980 1875 2035 Attonis

220 2067 501 2139 episcopi,
526 2067 586 2121 in
618 2071 779 2121 curte
807 2067 1059 2132 Cerdati,
1083 2084 1215 2121 cum
1249 2066 1531 2134 adiﬁciis,
1567 2068 1768 2131 servis.
1793 2067 1875 2124 al-

220 2156 337 2211 diis
360 2161 417 2212 et
435 2173 639 2213 eorum
663 2155 900 2211 familiis
926 2156 1234 2227 utriusque
1256 2172 1429 2212 sexus
1451 2158 1875 2229 spectantibus,

217 2245 281 2300 in
313 2245 630 2319 integrum,
656 2248 721 2299 ut
750 2244 1118 2300 commodius
1150 2245 1378 2317 possint
1409 2248 1522 2302 Deo
1556 2246 1792 2313 servire,
1821 2252 1878 2302 et

219 2334 405 2393 semel
435 2335 495 2390 in
527 2350 727 2390 mense
758 2335 1135 2390 recordentur
1164 2350 1329 2390 orare
1358 2338 1424 2389 ut
1455 2334 1651 2391 anima
1686 2352 1815 2391 mea
1845 2352 1879 2391 a

218 2424 476 2496 peccatis
506 2422 787 2479 solvatur.

294 2514 363 2567 Et
392 2512 512 2567 hac
544 2510 742 2567 omnia
762 2527 867 2583 ego
894 2511 992 2583 qui
1023 2528 1201 2583 supra
1230 2515 1366 2567 Atto
1392 2512 1876 2584 episcopusjudi-

222 2619 289 2657 co
311 2606 368 2657 et
386 2601 530 2657 facio
554 2617 689 2656 cum
711 2601 1062 2667 conditione,
1080 2601 1235 2672 quod
1270 2602 1525 2672 pradicti
1548 2619 1752 2658 omnes
1775 2612 1874 2674 qui

223 2709 404 2763 supra
433 2690 781 2758 cardinales,
805 2690 1139 2757 decumani,
1164 2690 1366 2759 abbas,
1390 2691 1680 2757 monachi,
1706 2693 1875 2747 abba-

222 2781 393 2847 tissa,
425 2784 480 2835 et
513 2777 819 2847 moniales,
852 2795 918 2833 ac
962 2795 1165 2833 eorum
1210 2795 1597 2843 successores,
1624 2779 1710 2835 vel
1744 2796 1873 2833 suc-

222 2869 488 2934 cetrices,
542 2867 772 2921 unitum
822 2866 910 2921 vel
963 2866 1303 2937 separatim,
1336 2866 1394 2920 in
1440 2872 1624 2922 totum
1677 2868 1763 2922 vel
1814 2868 1871 2921 in

223 2963 472 3030 partem,
496 2957 679 3011 dictas
701 2954 902 3018 valles,
920 2960 1137 3021 curtes,
1157 2954 1398 3020 casales,
1424 2960 1629 3023 terras,
1653 2972 1871 3025 servos,

224 3045 500 3115 famulos,
520 3043 704 3100 aldios
728 3044 1037 3115 utriusque
1060 3060 1253 3111 sexus,
1276 3060 1390 3098 non
1415 3045 1645 3115 possint
1666 3045 1872 3116 quovis

224 3136 399 3189 modo
433 3134 686 3189 alienare
716 3137 817 3187 aut
848 3133 1129 3199 invasere,
1151 3132 1289 3204 quia
1310 3149 1440 3187 mea
1470 3133 1639 3187 ﬁrma
1668 3134 1869 3188 volun-

222 3229 314 3279 tas
337 3227 446 3291 est,
473 3222 627 3294 quod
657 3221 854 3277 omnia
879 3221 1152 3293 pradicta
1181 3222 1478 3293 perpetuis
1510 3224 1871 3295 temporibus

2060 1626 2089 1686 f
2125 1626 2239 1692 Ego
2274 1624 2434 1694 Hugo
2480 1640 2673 1678 comes
2719 1622 2947 1693 legatus
2996 1624 3217 1679 missus
3263 1626 3636 1683 dominorum

1991 1710 2248 1779 [lagonis
2277 1717 2334 1765 et
2370 1711 2617 1765 Lotharii
2664 1728 2867 1782 regum
2912 1712 3314 1783 piissimorum
3345 1715 3636 1786 hocjudi-

1987 1804 2179 1854 catum
2205 1799 2456 1867 laudavi,
2481 1802 2841 1869 conﬁrmavi,
2858 1807 2915 1856 et
2938 1819 3109 1857 manu
3140 1819 3268 1858 mea
3290 1805 3633 1875 subscripsi.

2059 1895 2085 1952 +
2122 1890 2237 1959 Ego
2271 1889 2499 1944 Olricus
2522 1890 2705 1960 (1691)
2728 1897 2944 1945 sancta
2968 1890 3420 1947 Mediolanensis
3446 1894 3635 1949 Eccle~

1987 1978 2083 2032 sia
2123 1978 2597 2050 archiepiscopus
2641 1979 2936 2044 omnibus,
2973 1996 3102 2050 qua
3150 1997 3331 2051 supra
3376 1982 3634 2051 interfui,

1986 2066 2241 2137 laudavi,
2272 2067 2632 2133 conﬁrmavi,
2666 2071 2722 2122 et
2753 2067 2987 2139 propria
3016 2085 3197 2124 manu
3229 2071 3573 2142 subscripsi.

2062 2162 2087 2220 τι
2122 2156 2239 2228 Ego
2268 2159 2398 2211 Atto
2429 2172 2605 2211 sacra
2636 2156 3021 2213 Vercellensis
3060 2157 3327 2215 Ecclesiae
3357 2160 3637 2232 indignus

1986 2245 2294 2315 episcopus
2326 2246 2396 2299 ad
2430 2246 2900 2301 conﬁrmandum
2943 2246 3052 2303 hoc
3084 2262 3278 2303 meum
3303 2249 3637 2319 judicatum

1987 2350 2164 2389 manu
2198 2350 2327 2389 mea
2356 2334 2698 2405 subscripsi.

2060 2427 2087 2489 τι
2122 2423 2240 2493 Ego
2274 2422 2616 2478 Lincfredus
2647 2422 2949 2494 Papiensis
2971 2425 3283 2497 episcopus
3316 2426 3549 2484 laudavi
3581 2432 3638 2486 et

1987 2512 2342 2567 conﬁrmavi.

2059 2608 2086 2665 ῒ
2126 2601 2451 2672 Notinghus
2486 2601 2800 2658 Brixiensis
2831 2603 3142 2674 episcopus
3172 2604 3497 2677 subscripsi
3533 2624 3544 2661 :

2060 2696 2087 2753 4r
2123 2690 2302 2743 Gezzo
2342 2695 2552 2745 sancta
2604 2692 2975 2746 Dertonensis
3028 2693 3292 2749 Ecclesia
3322 2695 3635 2767 episcopus

1988 2795 2163 2833 manu
2200 2778 2432 2848 propria
2464 2777 2811 2848 subscripsi.

2059 2871 2086 2930 ’r
2124 2868 2238 2936 Ego
2270 2864 2605 2938 Bruningus
2640 2866 2899 2921 Astensis
2942 2866 3253 2937 episcopus
3284 2868 3630 2941 subscripsi.

2059 2959 2086 3019 ψ
2122 2955 2237 3025 Ego
2269 2954 2531 3009 Riculfus
2562 2954 2871 3026 episcopus
2903 2955 3285 3013 Taurinensis
3316 2956 3548 3013 laudavi
3578 2964 3635 3015 et

1985 3043 2330 3114 subscripsi.

2054 3136 2082 3197 ’τ
2119 3132 2296 3186 Grilfo
2328 3137 2710 3204 Augustanus
2740 3131 3050 3204 episcopus
3083 3134 3450 3205 subscripsit.

2055 3226 2081 3285 τι
2117 3221 2235 3293 Ego
2265 3219 2576 3292 Adalgisus
2621 3226 2837 3282 sancta,
2890 3221 3181 3291 Aquensis
3214 3221 3477 3278 Ecclesia
3508 3223 3636 3295 epi-

222 3313 608 3384 permaneant
625 3310 695 3365 ad
715 3310 937 3365 cultum
957 3309 1217 3365 divinum
1238 3310 1295 3365 in
1321 3311 1581 3383 requiem
1605 3312 1869 3367 omnium
1902 3285 1943 3351 C
1984 3326 2194 3381 scopus
2226 3327 2319 3364 me
2350 3310 2693 3381 subscripsi.

223 3401 637 3456 defunctorum
670 3415 954 3454 meorum.
981 3399 1110 3454 Ideo
1136 3404 1462 3454 reverenter
1483 3416 1619 3471 rogo
1640 3417 1870 3467 vos,ve-

224 3487 539 3559 nerabiles,
566 3492 732 3561 pater
755 3487 989 3543 domine
1012 3486 1464 3559 archiepiscopo,
1486 3492 1542 3543 et
1561 3506 1764 3545 omnes
1785 3507 1871 3545 re-

227 3578 488 3634 sidentes
510 3576 569 3631 in
592 3576 701 3632 hac
725 3579 927 3631 sancta
943 3576 1184 3646 synodo,
1206 3580 1270 3630 ut
1295 3577 1525 3648 ponatis
1547 3593 1876 3633 excommu-

226 3666 582 3723 nicationem
601 3670 657 3721 et
677 3665 990 3720 anathema
1006 3681 1182 3737 super
1197 3680 1400 3720 omnes
1422 3666 1521 3736 qui
1546 3666 1663 3735 hoc,
1676 3684 1874 3723 meum

208 3756 549 3829 judicatum
578 3754 639 3809 in
670 3758 791 3809 toto
821 3752 912 3809 vel
948 3754 1006 3807 in
1038 3757 1200 3825 parte
1228 3752 1586 3809 violaverint.

294 3845 412 3901 Hoc
434 3843 660 3912 audito,
684 3842 959 3898 dominus
982 3841 1454 3913 archiepiscopus
1478 3847 1534 3898 et
1564 3844 1755 3900 omnis
1786 3862 1875 3917 sy-

218 3935 413 3990 nodus
436 3950 504 3988 ex
525 3936 687 4004 parte
706 3930 807 3986 Dei
824 3935 881 3986 et
901 3930 1164 3987 omnium
1184 3935 1516 3987 sanctorum
1540 3932 1875 3988 anathema-

213 4024 417 4078 tizavit
446 4021 783 4094 quicunque
831 4036 932 4091 per
978 4018 1383 4091 qualecunque
1433 4022 1731 4093 ingenium
1766 4022 1874 4079 hoc

205 4112 545 4185 judicatum
573 4108 924 4165 venerabilis
949 4109 1133 4179 patris
1164 4108 1387 4163 domini
1410 4111 1640 4165 Attonis
1663 4116 1875 4167 sancta

212 4199 608 4256 Vercellensis
634 4197 904 4253 Ecclesia
937 4197 1191 4269 episcopi
1220 4196 1550 4266 violaverit;
1585 4204 1641 4255 et
1672 4201 1770 4272 qui
1805 4202 1880 4257 fe-

213 4290 382 4357 cerit,
410 4292 637 4361 partem
665 4286 877 4342 habeat
897 4303 1029 4341 cum
1050 4286 1204 4341 Juda
1232 4286 1509 4343 traditore
1540 4305 1606 4343 ac
1638 4288 1876 4347 Simone

213 4395 392 4452 mago
424 4378 495 4433 in‘
533 4376 862 4449 gehennam
894 4380 1194 4441 aternam,
1226 4392 1343 4430 una
1396 4393 1530 4431 cum
1578 4381 1794 4433 Satana
1823 4382 1879 4435 et

211 4466 469 4525 diabolis
500 4467 649 4537 ejus.
676 4464 744 4519 Et
790 4464 1063 4518 dixerunt
1110 4479 1314 4519 omnes
1359 4480 1371 4517 :
1418 4464 1563 4533 Fiat,
1597 4466 1718 4535 ﬁat,
1752 4467 1874 4522 ﬁat.

213 4557 338 4621 Quo
372 4557 546 4624 facto,
570 4555 695 4627 ipse
716 4556 850 4608 Atto
875 4551 1181 4623 episcopus
1206 4551 1351 4606 dixit
1375 4568 1387 4606 :
1413 4553 1646 4623 Audite,
1673 4571 1876 4610 omnes

210 4644 577 4703 venerabiles
607 4646 841 4709 Patres;
876 4640 970 4696 hic
1020 4641 1307 4713 disposui,
1352 4658 1478 4711 qua
1521 4643 1790 4712 judicare
1820 4648 1876 4699 et
1904 4654 1950 4718 Ι)

217 4734 530 4807 disponere
558 4732 717 4804 potui
750 4747 853 4802 pro
874 4729 1229 4784 conscientia
1264 4746 1420 4797 mea;
1456 4730 1710 4802 reliquas
1738 4750 1871 4788 vero

217 4839 383 4879 meas
405 4822 793 4885 substantias,
817 4835 945 4889 qua
977 4816 1119 4872 mihi
1155 4819 1325 4873 modo
1357 4819 1642 4889 pertinere
1670 4822 1868 4878 viden-

215 4917 335 4981 tur,
361 4910 562 4982 judico
594 4914 651 4965 et
678 4909 805 4980 lego
840 4906 1356 4979 propinquioribus
1389 4911 1557 4976 meis,
1584 4914 1648 4964 ut
1688 4912 1757 4965 de
1787 4911 1870 4967 eis

212 5002 435 5058 faciant
455 4999 739 5072 quidquid
763 4998 1068 5064 voluerint,
1087 4996 1256 5065 juxta
1277 4996 1721 5068 dispositionem
1748 5017 1870 5056 ma-

201 5092 404 5162 jorum
424 5105 647 5154 eorum,
667 5092 725 5142 et
745 5087 835 5140 lex
859 5085 1244 5159 Longobarda
1265 5085 1541 5156 disponit.
1567 5087 1706 5141 Item
1732 5106 1869 5163 rogo

216 5183 490 5235 sanctum
524 5183 744 5249 patrem
771 5175 1159 5231 venerabilem
1197 5190 1432 5245 papam,
1456 5179 1513 5229 et
1544 5175 1871 5235 clementis-

217 5268 399 5324 simos
429 5266 697 5321 dominos
728 5279 889 5333 reges
929 5264 1052 5319 suis
1097 5260 1312 5317 litteris
1344 5262 1451 5318 hoc
1484 5280 1680 5318 meum
1706 5268 1870 5336 judi-

224 5360 408 5378 --ιαμ
452 5356 785 5378 --ντὶκ-..κη-ιιι
823 5350 1144 5378 Ᾱζημαηιειη

2058 3405 2085 3465 ῒ
2121 3398 2298 3453 Mildo
2330 3397 2887 3469 Vingintimiliensis
2908 3397 3178 3454 Ecclesia
3203 3399 3511 3471 episcopus
3544 3401 3639 3455 ﬁr-

2086 3505 2185 3541 νη.

2086 3505 2116 3540 v
2174 3530 2185 3541 .

1985 3504 2085 3643 In:
2116 3494 2233 3648 ἔξω
2256 3577 2582 3649 Sigifredus
2602 3576 2935 3632 Parmensis
2957 3575 3265 3648 episcopus
3288 3578 3633 3650 subscripsi.

2057 3670 2085 3731 1
2118 3670 2370 3723 Joannes
2401 3665 2799 3720 Massanensis
2832 3664 3144 3736 episcopus
3175 3666 3445 3721 ﬁrmavit.

2056 3759 2085 3820 ’ί
2119 3755 2236 3826 Ego
2266 3753 2630 3809 Aldemanus
2652 3757 2865 3809 sancta
2891 3753 3343 3810 Mediolanensis
3366 3754 3634 3812 Ecclesia

1985 3843 2452 3915 archipresbyter
2494 3842 2745 3911 laudavi,
2790 3847 2847 3898 et
2894 3843 2967 3896 ad
3016 3842 3372 3897 ﬁrmandum
3424 3860 3635 3900 manus

2027 3948 2151 3985 οδω
2166 3972 2176 3984 .

1986 3950 2176 4004 posui.

2058 4025 2085 4085 ψ
2124 4019 2431 4090 Daipertus
2452 4019 2761 4090 episcopus
2788 4023 3001 4073 sancta
3024 4019 3432 4076 Cremonensis
3455 4020 3639 4091 Eccle-

1985 4109 2083 4165 sia
2116 4125 2292 4164 manu
2326 4125 2434 4163 sua
2464 4108 2735 4162 nrmavit.

2060 4203 2088 4265 ῒ
2122 4203 2237 4269 Ego
2272 4196 2447 4252 Baldo
2487 4197 2783 4252 Curiensis
2824 4196 3134 4268 episcopus
3166 4197 3509 4269 subscripsi.

2060 4294 2089 4353 γι
2124 4287 2465 4343 Asmundus
2497 4286 2902 4358 Eporediensis
2943 4286 3253 4358 episcopus
3298 4302 3475 4342 manu
3509 4302 3639 4342 mea

1988 4378 2236 4432 ﬁrmavi.

2064 4468 2243 4539 +Ego
2303 4466 2613 4522 Daibertus
2668 4465 2979 4538 episcopus
3042 4464 3316 4520 Albensis
3382 4464 3638 4521 subscri-

2060 4573 2099 4610 1.

1989 4574 2099 4711 psi.
2122 4645 2390 4716 Ingulfus
2420 4644 2925 4717 Albengaunensis
2956 4644 3266 4715 episcOpus
3293 4641 3564 4697 ﬁrmavit.

2056 4738 2085 4801 τι
2124 4735 2237 4805 Ego
2269 4734 2415 4789 Boso
2446 4734 2754 4804 episcopus
2787 4732 3160 4789 Placentinus
3192 4730 3536 4802 subscripsi.

2057 4824 2236 4895 J[Ego
2266 4822 2454 4878 Vuido
2513 4822 2869 4877 Mutinensis
2925 4820 3238 4893 episcopus
3296 4817 3526 4875 laudavi
3586 4821 3642 4873 et

1982 4910 2331 4981 subscripsi.

2057 5004 2085 5066 λς
2122 4998 2429 5055 Lotherius
2462 4999 2857 5057 Marianensis
2880 4997 3147 5055 Ecclesia
3172 4997 3487 5067 episcopus
3517 4992 3650 5046 sub-

1984 5105 2236 5247 sc??go
2282 5176 2591 5250 Hupaldus
2642 5175 2909 5233 humilis
2942 5172 3119 5229 abbas
3164 5169 3414 5229 laudavi
3444 5170 3501 5219 et
3526 5163 3666 5218 sub-

1984 5282 2211 5334 scripsi.

2057 5354 2226 5378 σξη..-
2257 5353 2305 5374 η
2341 5355 2519 5378 nonan
2555 5374 2563 5378 .
2898 5346 3154 5378 ἰτηηηηξο
3194 5338 3570 5378 Μηυηιπῖιπιὶςι
3622 5343 3676 5378 Μ

2396 5356 2519 5378 anon
2555 5374 2563 5378 .
