4008 5388
430 325 546 386 899

1633 328 2027 393 APPENDIX
2070 331 2173 391 AD
2218 333 2619 395 ATTONEM.
3700 342 3795 407 900

426 460 653 527 verunt,
683 461 737 511 et
784 458 852 513 ad
896 456 1363 513 confirmandum
1419 476 1626 515 manus
1677 480 1813 519 suas
1862 482 2076 536 posue-
2100 468 2155 534 Α
2184 472 2355 540 gatus
2386 486 2419 523 a
2450 469 2763 524 venerabili
2796 469 3032 525 domino
3061 470 3366 526 Ambrosio
3390 471 3540 528 dicto
3567 474 3636 529 de
3660 474 3794 531 Vico-

426 552 583 603 runt.

498 636 678 706 Signa
708 636 855 659 “"“
888 652 1171 691 manuum
1203 636 1475 708 Ariperti,
1509 639 1773 711 Olderici,
1803 642 2071 711 Joannis,

424 724 735 795 Asprandi,
765 724 945 793 Burli,
977 730 1033 780 et
1058 725 1308 781 Canonis
1336 728 1595 793 testium,
1621 735 1677 783 et
1705 731 2069 802 quampluri-

426 829 534 867 ma:
594 812 716 867 aliae
774 830 1031 884 personae
1080 830 1210 883 qua:
1270 815 1341 869 ad
1399 815 1507 871 hoc
1565 820 1749 872 vocati
1790 822 1899 888 (ita.
1930 821 2069 889 cod.)

426 906 585 957 sunt.

498 992 612 1063 Ego
644 991 996 1063 Vualpertus
1023 991 1267 1047 humilis
1298 993 1742 1051 archidiaconus
1765 1002 1821 1051 et
1850 998 2070 1052 cancel-

423 1080 605 1136 larius
636 1086 847 1136 sancta
893 1081 1343 1137 Mediolanensis
1383 1084 1647 1138 Ecclesia:
1680 1090 1735 1139 et
1765 1088 2069 1157 praesentis

423 1170 573 1225 sacri
595 1172 696 1241 (ita
721 1170 859 1239 and.)
888 1171 1092 1241 synodi
1125 1171 1195 1224 de
1226 1172 1500 1227 mandato
1532 1176 2065 1246 suprascriptorum

421 1262 662 1312 Patrum
707 1258 815 1312 hoc
854 1258 1185 1328 judicatum
1219 1262 1563 1317 venerabilis
1614 1264 1797 1333 patris
1845 1264 2065 1320 domini

420 1348 647 1400 Attonis
706 1346 961 1417 episcopi
1018 1346 1409 1403 Vercellarum
1468 1352 1699 1422 scripsi,
1742 1354 1979 1421 tradidi,
2013 1359 2069 1409 et

423 1435 766 1505 subscripsi.

494 1528 608 1595 Ego
641 1525 985 1579 Lambertus
1033 1526 1295 1581 notarius
1341 1529 1489 1582 sacri
1524 1529 1803 1599 palatiiet
1848 1532 2067 1587 missus

423 1613 794 1669 dominorum
826 1614 1088 1686 Hugonis
1136 1620 1191 1669 et
1239 1616 1489 1672 Lotharii
1523 1618 1922 1689 piissimorum
1974 1637 2068 1676 re-

421 1720 585 1775 gum,
618 1720 735 1757 una
769 1719 902 1757 cum
948 1705 1345 1776 suprascripto
1373 1706 1608 1762 domino
1656 1708 2065 1764 archidiacono

417 1792 632 1847 tradidi
664 1798 838 1863 atque
870 1793 1211 1863 subscripsi.

490 1882 609 1953 Ego
638 1852 863 1947 Petrus,
908 1882 1006 1952 qui
1039 1852 1199 1936 dicor
1240 1883 1497 1953 Rabbus,
1531 1886 1792 1941 notarius
1844 1887 2061 1943 domini
2097 1852 2142 1916 Β

419 1970 647 2026 Henrici
696 1970 1064 2041 imperatoris
1106 1973 1572 2044 suprascriptum
1600 1976 1929 2045 judicatum
1964 1978 2064 2033 do-

418 2060 564 2114 mini
595 2059 821 2114 Attonis
870 2058 1124 2131 episcopi
1156 2060 1549 2116 Vercellarum
1584 2063 1653 2117 ab
1686 2080 1751 2119 eo
1806 2082 2063 2136 pronun-

414 2148 625 2204 tiatum
658 2149 715 2202 in
749 2149 967 2220 synodo
1012 2148 1428 2205 Mediolanensi
1461 2155 1518 2205 et
1548 2152 1966 2223 subscriptum,
2001 2159 2066 2209 ut

416 2255 592 2308 supra
622 2237 871 2293 fideliter
900 2238 1287 2309 exemplatum
1340 2255 1439 2309 per
1480 2240 1919 2312 infraseriptum
1953 2243 2062 2298 Ro-

417 2328 641 2398 gerium
677 2326 1012 2381 Bonafidem
1046 2328 1335 2381 notarium
1368 2328 1439 2381 ab
1474 2330 1755 2400 originale
1806 2332 2061 2401 praedicti

408 2416 731 2485 judicatus,
766 2416 918 2484 quod
973 2421 1211 2486 apparet
1242 2416 1421 2471 fuisse
1452 2419 1641 2473 tribus
1690 2419 1898 2489 sigillis
1931 2437 2061 2475 mu-

416 2503 634 2570 nitum,
654 2505 906 2574 primum
931 2520 1182 2573 quorum
1206 2511 1328 2559 erat
1344 2507 1716 2561 dominorum
1745 2510 2064 2579 regum,al-

416 2597 606 2647 terum
639 2609 773 2647 cum
822 2593 1040 2647 sanctis
1071 2593 1238 2647 Petro
1272 2599 1325 2648 et
1356 2594 1553 2664 Paulo,
1579 2600 1635 2650 et
1660 2598 1893 2651 tertium
1927 2615 2060 2653 cum

417 2686 620 2737 sancto
662 2681 968 2736 Ambrosio
1018 2682 1117 2735 sed
1168 2682 1514 2753 antiquitate
1565 2687 1732 2755 quasi
1783 2702 2062 2741 consum-

415 2775 602 2842 ptum,
628 2786 761 2825 cum
785 2771 911 2841 ipso
933 2770 1233 2842 originale,
1258 2777 1323 2826 ut
1350 2772 1667 2843 plurimum
1691 2776 1972 2841 marcido,
2000 2781 2061 2831 ut

412 2860 506 2913 vix
537 2858 850 2913 difﬁculter
876 2858 987 2930 legi
1022 2861 1229 2930 possit,
1253 2860 1560 2931 diligenter
1584 2864 1945 2929 concordavi,
1966 2880 2060 2919 ro-

2184 562 2436 612 mercato
2461 559 2666 613 abbate
2690 559 3023 615 monasterii
3047 560 3230 614 sancti
3248 561 3558 629 Ambrosii,
3577 562 3673 617 ubi
3693 566 3793 636 ejus

2182 652 2451 701 sanctum
2486 648 2797 719 requiescit
2839 666 3078 718 corpus;
3123 650 3375 705 instante
3403 650 3579 707 etiam
3610 652 3795 709 domne

2181 736 2463 791 Columba
2491 738 2788 793 abbatissa
2830 739 3167 794 monasterii
3201 740 3434 811 Majoris
3466 741 3792 797 Mediolani:

2181 830 2235 879 et
2267 825 2373 879 hoc
2405 827 2475 879 de
2507 827 2779 881 mandato
2811 827 3008 881 domni
3053 828 3298 883 Joannis
3331 830 3469 884 dicti
3518 831 3590 885 de
3635 832 3796 888 Rusca

2180 914 2538 970 honorabilis
2570 917 2873 987 potestatis
2904 917 3155 972 civitatis
3182 924 3237 973 et
3257 920 3591 974 communis
3613 923 3793 977 Medio-

2178 1005 2316 1073 lani,
2370 1005 2752 1075 prmsentibus
2802 1006 2955 1060 dicto
3009 1008 3296 1075 Bonaﬁde,
3339 1010 3404 1063 T.
3440 1011 3681 1081 Senago,
3720 1012 3791 1067 Jo.

2178 1095 2393 1163 Coalia,
2421 1096 2472 1149 J.
2498 1095 2745 1161 Canova,
2768 1098 2833 1149 A.
2864 1096 3145 1165 Lomatio,
3180 1099 3439 1165 notariis,
3471 1105 3646 1170 atque
3672 1101 3793 1157 Tho-

2179 1202 2275 1239 ma
2306 1184 2458 1239 dicto
2489 1187 2719 1250 Crasso,
2758 1188 2813 1237 et
2840 1185 3046 1239 Ruﬁno
3087 1185 3270 1240 Corbo
3313 1187 3468 1254 juris
3516 1189 3793 1259 peritis,ac

2178 1275 2324 1329 Ossa
2354 1275 2423 1328 de
2454 1274 2638 1340 Ossis,
2664 1274 2827 1327 Petro
2860 1274 3013 1329 dicto
3037 1274 3397 1345 Bellabucca,
3422 1279 3724 1334 Comasino
3741 1281 3795 1334 de

2177 1364 2420 1431 Cremis,
2444 1364 2665 1417 Joanne
2710 1362 3064 1431 Marcellino,
3088 1364 3313 1420 Vidone
3336 1366 3686 1435 vicecomite,
3708 1373 3797 1423 tes-

2176 1454 2334 1508 tibus
2369 1470 2380 1507 :
2414 1458 2470 1511 et
2510 1452 2647 1523 quia
2690 1453 3037 1507 concordare
3085 1454 3297 1521 inveni,
3348 1460 3561 1526 praeter
3608 1456 3794 1512 litteras

2178 1542 2309 1615 plus
2342 1543 2631 1606 minusve,
2665 1557 2795 1597 mea
2827 1559 3004 1598 manu
3039 1543 3380 1615 subscripsi.

2249 1637 2360 1704 Ego
2411 1631 2723 1702 Tebaldus,
2770 1633 2868 1703 qui
2918 1633 3078 1687 dicor
3130 1634 3202 1688 de
3251 1634 3510 1705 Sunago,
3566 1636 3794 1690 notarius

2176 1722 2284 1776 hoc
2342 1725 2781 1792 transumptum
2842 1721 2981 1792 quia
3038 1720 3207 1777 fidele
3267 1722 3455 1778 inveni
3527 1740 3621 1779 me
3684 1727 3797 1780 sub-

2176 1811 2405 1881 scripsi.

2246 1900 2362 1971 Ego
2418 1904 2689 1967 Joannes,
2722 1898 2820 1970 qui
2871 1899 3033 1954 dicor
3082 1899 3296 1972 Coalia,
3350 1901 3619 1957 notarius
3676 1902 3795 1958 sacri

2174 1988 2375 2059 palatii
2410 1990 2678 2060 prazdicto
2718 1992 3090 2060 transumpto
3134 1990 3391 2057 interfui,
3424 1996 3483 2046 et
3514 1992 3655 2063 quia
3684 2008 3796 2047 con-

2176 2079 2412 2133 cordare
2469 2077 2682 2143 inveni,
2735 2081 2800 2131 ut
2847 2094 3045 2148 supra,
3092 2079 3162 2132 de
3212 2080 3488 2135 mandato
3545 2096 3637 2136 me
3681 2082 3795 2136 sub-

2175 2166 2405 2238 scripsi.

2246 2258 2361 2325 Ego
2401 2256 2675 2322 Joannes,
2729 2256 2827 2326 qui
2878 2256 3039 2310 dicor
3094 2257 3164 2311 de
3222 2262 3467 2323 Canova,
3506 2257 3794 2330 imperialis

2174 2345 2437 2400 notarius
2470 2345 2577 2399 hoc
2624 2350 3061 2416 transumptum
3095 2345 3343 2401 ﬁdeliter
3369 2348 3730 2415 concordavi,
3755 2354 3795 2402 et

2174 2435 2359 2504 [quia]
2413 2434 2700 2487 uniforme
2759 2450 2891 2488 cum
2943 2435 3225 2505 originale
3274 2436 3488 2503 inveni,
3547 2454 3639 2492 me
3683 2438 3792 2492 sub-

2172 2522 2398 2594 scripsi.

2244 2614 2359 2683 Ego
2391 2611 2726 2675 Anselarus,
2759 2611 2859 2681 qui
2908 2612 3069 2666 dicor
3117 2614 3187 2667 de
3238 2614 3530 2685 Lamatio,
3566 2614 3793 2669 notarius

2171 2719 2303 2757 cum
2355 2701 2708 2773 supradictis
2758 2700 2999 2754 notariis
3046 2700 3153 2755 hoc
3202 2707 3647 2773 transumptum
3684 2719 3791 2757 exa-

2170 2790 2419 2861 minavi,
2490 2792 2545 2842 et
2612 2788 2749 2859 quia
2813 2787 3163 2842 concordare
3227 2788 3452 2859 inveni,
3520 2806 3613 2844 me
3675 2789 3791 2844 sub-

2171 2879 2399 2950 scripsi.

1341 3115 1977 3208 APPENDIX
2047 3115 2207 3206 AD
2278 3111 2897 3205 ATTONEM.

527 3373 1074 3436 FHAGMENTUM
1120 3373 1505 3435 VETERUM
1548 3374 2583 3518 PltECATlgNggléElBNHFORMA
2628 3372 3142 3445 LITANIARUM,
3192 3374 3269 3432 IN
3318 3374 3694 3434 HONOREM

1802 3588 1902 3658 (Ex
1947 3589 2075 3643 cod.
2130 3586 2419 3657 Othonis.)

481 3836 494 3847 .
529 3829 542 3844 .
579 3831 591 3846 .
632 3834 643 3845 .
681 3832 692 3845 .
730 3834 741 3845 .
779 3832 791 3845 .
836 3790 1023 3846 factus
1082 3795 1171 3846 est
1227 3790 1539 3859 Eusebius,
1600 3797 1656 3848 et
1710 3792 2049 3849 Christiana:
2082 3795 2124 3860 C
2237 3790 2431 3860 Navis,
2465 3806 2594 3861 quae
2630 3793 2753 3863 erat
2783 3790 2855 3863 ad
2888 3789 3130 3846 alteram
3183 3790 3370 3863 ripam
3403 3791 3476 3846 ad
3512 3807 3646 3847 eum
3675 3787 3779 3845 sola

407 3863 553 3935 legis
585 3863 895 3935 maximus.
930 3863 1147 3917 Exaudi
1178 3880 1303 3918 nos.

479 3934 491 3989 ζ
530 3976 592 4008 ,7.
629 3977 640 3989 .
678 3934 939 4008 .Aanes
969 3951 1133 3991 sacro
1164 3935 1580 4008 sibiﬂsuscepit,
1610 3941 1665 3991 et
1696 3935 1904 4008 prresul
1939 3938 2051 3989 fac-

402 4010 499 4062 tus
527 4004 811 4062 Vercelles
841 4007 1095 4062 directus
1127 4011 1234 4062 est.
1268 4004 1511 4073 Exaudi,
1541 4013 1648 4063 etc.

473 4116 489 4133 .
539 4121 552 4134 .
597 4121 608 4131 .
657 4122 667 4133 .
711 4078 1063 4134 Heresiarca
1093 4096 1219 4149 quae
1268 4095 1401 4133 cum
1449 4084 1603 4133 esset
1652 4079 1854 4133 civitas
1908 4080 2051 4133 dure

404 4153 695 4220 pastorem
730 4150 1113 4204 orthodoxum
1146 4155 1458 4219 spreverat.
1494 4151 1734 4213 Exaudi,
1768 4156 1875 4204 etc.

475 4221 538 4275 In
566 4222 622 4275 S.
656 4221 895 4292 Temple
930 4221 1119 4275 Mariae
1153 4238 1213 4274 se
1245 4221 1581 4291 obstruunt,
1616 4222 1816 4275 doctor
1847 4221 1917 4274 ad
1952 4238 2050 4276 eos

405 4309 476 4347 ne
505 4293 681 4345 intret
711 4292 1051 4347 catholicus.
1088 4292 1327 4356 Exaudi,
1360 4296 1466 4345 etc.
1842 4333 1852 4344 .

475 4363 826 4435 Charussed
884 4365 991 4435 Deo
1045 4363 1211 4433 signo
1242 4364 1727 4435 crucisil'regerat
1772 4368 1960 4418 vectes
1994 4365 2051 4416 et

402 4450 584 4501 seras,
620 4438 677 4487 et
708 4432 941 4487 intravit
965 4432 1200 4504 janu’as.
1237 4434 1477 4500 Exaudi,
1510 4432 1620 4488 etc.

477 4546 491 4561 .
536 4547 548 4559 .
595 4548 605 4559 .
653 4505 759 4559 .de
789 4504 914 4560 luce
944 4505 1519 4577 consubstantialiter
1539 4504 1860 4577 praedicans
1893 4505 2044 4561 mul-

400 4579 492 4631 tos
520 4577 795 4631 instruxit
825 4576 1091 4631 fideliter.
1130 4577 1366 4641 Exaudi,
1403 4582 1510 4630 etc.

474 4649 604 4703 Mox
635 4648 733 4703 sed
765 4652 1049 4719 tyrannus
1099 4649 1306 4703 callide
1336 4647 1708 4703 Constantius
1758 4649 2046 4719 synodum

402 4719 581 4775 dictat
610 4720 667 4774 in
705 4721 843 4791 urbe
873 4720 1200 4791 metrOpoli.
1238 4721 1476 4785 Exaudi,
1511 4725 1619 4773 etc.

477 4832 489 4844 .
535 4833 547 4845 .
592 4834 605 4846 .
651 4832 664 4846 .
710 4790 989 4847 Minorem
1020 4790 1079 4845 in
1100 4809 1214 4862 qua
1235 4791 1422 4845 Patris
1447 4791 1656 4845 Filium
1681 4794 1894 4846 temere
1923 4790 2049 4862 pul-

402 4868 493 4916 sat
523 4863 773 4918 scribere
806 4862 1139 4917 catholicos.
1175 4863 1411 4929 Exaudi,
1441 4868 1547 4917 etc.

477 4976 488 4987 .
526 4977 538 4988 .
577 4974 588 4987 .
627 4974 638 4986 .
678 4976 689 4987 .
728 4975 740 4987 .
774 4934 1083 4989 Occurrere
1128 4932 1339 4989 praesul
1371 4939 1429 4988 et
1458 4934 1529 4987 ad
1565 4932 1825 4988 fluminis
1856 4949 2045 4987 mora-

399 5005 495 5057 tur
520 5021 620 5058 ora
649 5020 781 5058 cum
814 5007 990 5060 unda.
1027 5048 1039 5059 .
1077 5045 1087 5056 .
1123 5005 1349 5060 Sicidze.
1384 5005 1621 5073 Exaudi,
1650 5009 1759 5058 etc.

2162 3864 2300 3933 quia
2320 3864 2605 3933 jusserat.
2634 3861 2870 3933 Exaudi,
2905 3866 3012 3916 etc.

2236 3935 2304 3989 Ut
2331 3931 2482 3989 l‘acto
2527 3931 2711 4006 celere
2740 3932 3209 4006 it‘Mediolanum
3260 3936 3330 3989 ad
3376 3933 3780 4006 conﬂigendum

2162 4022 2295 4060 cum
2328 4011 2590 4077 tyranno.
2617 4004 2856 4077 Exaudi,
2892 4009 3001 4059 etc.

2235 4119 2247 4131 .
2286 4120 2299 4133 .
2438 4120 2450 4131 .
2499 4076 2613 4147 Nec
2665 4076 3040 4131 suasionibus
3111 4076 3315 4147 cessit,
3374 4080 3513 4131 tunc
3578 4076 3780 4131 vinctus

2161 4148 2433 4203 conditur
2464 4146 2654 4201 exilio.
2688 4148 2929 4210 Exaudi,
2965 4153 3072 4202 etc.

2236 4262 2247 4273 .
2294 4262 2305 4273 .
2354 4260 2364 4273 .
2409 4218 2716 4290 Tyrannus
2756 4220 2855 4273 sed
2902 4225 3211 4290 postquam
3244 4222 3328 4273 est
3357 4222 3642 4283 mortuus,
3664 4231 3776 4287 pas-

2159 4295 2249 4346 tor
2274 4291 2345 4346 ad
2381 4289 2579 4344 caulas
2613 4305 2877 4344 reversus
2908 4296 2997 4346 est
3028 4289 3316 4362 proprius.
3338 4291 3578 4355 Exaudi,
3608 4292 3705 4344 etc.

2234 4404 2245 4415 .
2292 4407 2301 4417 .
2350 4404 2362 4416 .
2404 4362 2617 4416 Avidos
2640 4362 2859 4417 invenit
2883 4362 3077 4417 Ariani
3106 4362 3418 4433 dogmatis,
3440 4362 3641 4433 utjam
3662 4373 3775 4413 cum

2159 4435 2360 4504 paucis
2393 4435 2627 4504 degeret
2657 4434 2997 4488 catholicus.
3032 4433 3270 4503 Exaudi,
3302 4440 3411 4489 etc.

2230 4506 2443 4559 Verum
2470 4500 2686 4559 cohors
2719 4506 2835 4559 ruit
2868 4506 2923 4559 in
2958 4500 3323 4571 pontificem;
3358 4509 3601 4560 mortem
3632 4500 3776 4556 dede-

2160 4583 2295 4631 runt
2328 4576 2681 4647 pradicandi
2713 4577 2919 4631 vivere.
2956 4576 3195 4642 Exaudi,
3229 4582 3339 4631 etc.

2234 4690 2245 4702 .
2293 4691 2300 4700 .
2328 4644 2360 4698 ⁷,
2406 4648 2498 4701 Sic
2530 4652 2791 4702 sanctam
2826 4655 2962 4701 tunc
3003 4649 3257 4702 reddidit
3287 4648 3561 4709 animam,
3594 4644 3677 4699 hic
3704 4655 3774 4695 se-

2157 4719 2404 4790 pultura:
2438 4718 2598 4773 locus
2632 4726 2830 4773 manet
2859 4719 3102 4775 celeber.
3133 4719 3373 4785 Exaudi,
3408 4724 3516 4773 etc.

2232 4834 2243 4844 .
2290 4832 2302 4844 .
2345 4822 2378 4862 -ί
2406 4791 2661 4845 Sesultat
2690 4797 2745 4845 et
2786 4791 2960 4862 pollet
3010 4790 3328 4858 miraculis,
3363 4791 3555 4845 tristes
3603 4785 3770 4841 levan-

2159 4866 2250 4917 tur
2282 4867 2338 4918 et
2368 4861 2711 4933 languentes
2744 4861 2904 4917 inibi.
2942 4863 3178 4929 Exaudi,
3212 4868 3317 4917 etc.

2232 4978 2244 4989 .
2292 4978 2303 4989 .
2352 4978 2362 4989 .
2409 4932 2571 4987 Hunc
2603 4950 2805 5004 rogare
2846 4934 3057 5004 pariter
3088 4938 3153 4988 ut
3182 4932 3500 4989 intercedat
3543 4945 3639 5001 pro
3686 4940 3771 4979 no~

2158 5003 2249 5060 bis
2283 5006 2352 5060 ad
2389 5005 2723 5061 Dominum.
2756 5003 2996 5070 Exaudi,
3029 5011 3139 5061 etc.

1212 5213 1518 5272 NOMINA
1561 5210 1905 5271 PLEBIUM
1955 5211 2488 5273 EPISCOPA'I‘US
2536 5215 2600 5273 S.
2649 5214 2986 5275 EUSEBlI.

1108 5344 1267 5388 (ﬁnd-
1301 5343 1483 5388 Vatia-
1519 5345 1659 5388 A229.
1722 5343 1790 5388 nd
1826 5342 2042 5388 nnlnnm
2077 5341 2331 5388 nnislnlm
2365 5344 2591 5388 Attnniq
2622 5345 2690 5388 ml
2728 5344 3066 5388 \andnnpm
