4008 5388
438 434 557 497 915

1755 430 2153 495 ADALGERI
2198 429 2546 491 EPISCOPI
3734 429 3819 491 9l6

437 583 591 624 anno
619 567 775 639 1078,
795 567 855 623 in
879 584 1014 639 quo,
1040 568 1195 639 quod
1215 566 1363 623 alias
1380 566 2094 639 fecerat,fecitque_postea
2120 566 2175 632 Α
2204 563 2577 639 Praenestinis
2599 560 3328 639 inseritu_r,prz_eteritur_ab
3351 558 3819 639 Ughellomullaxn

438 637 781 695 renovatum
805 657 838 695 a
858 637 919 693 se
942 637 1197 694 errorem
1220 640 1490 710 ejuravit,
1515 644 1571 694 et
1594 639 1759 710 Papa:
1777 637 2087 693 satisfecit.

439 711 489 766 si
521 712 677 783 quod
707 711 803 783 hic
833 710 1045 766 dicitur
1065 711 1377 765 audimus:
1410 726 1589 781 quare
1611 711 1844 764 additur
1871 727 1936 783 ;Α‹‹
1971 725 2090 762 me-

440 780 573 837 cum
596 782 985 838 sentientibus
1006 782 1064 836 in
1088 783 1173 837 eis
1194 780 1449 853 quicum
1473 798 1622 853 papa
1636 787 1802 835 erant
1822 780 2091 853 episcopo

440 854 1079 934 Portuensiaepis‘copo
1103 851 1485 934 ‘Sutrinensi,
1518 851 1795 934 episcOpo
1828 851 2089 934 Terraci-

440 926 628 991 nensi,
662 922 1056 979 cardinalibus
1086 926 1293 979 Attene
1325 922 1766 986 Mediolanensi,
1804 922 2089 977 monacho

448 996 705 1052 Tudensi
732 996 1002 1051 Romanae
1024 996 1290 1051 Ecclesiae
1321 995 1624 1065 cardinali,
1654 994 1888 1049 nomine
1920 995 2096 1048 Dens-

446 1068 623 1137 dedit,
658 1072 823 1122 Petro
875 1067 1207 1134 ancellario,
1263 1073 1372 1122 etc.
1412 1090 1437 1115 ››
1474 1067 1617 1122 Nam
1680 1067 1727 1120 si
1759 1072 2088 1136 temporum

440 1140 725 1194 rationem
758 1138 1101 1202 habeamus,
1152 1138 1269 1192 haec
1313 1154 1632 1209 congruere
1664 1138 1952 1206 videntur,
1988 1153 2089 1191 nec

438 1210 716 1265 credibile
746 1216 836 1265 est
876 1211 1023 1265 duos
1082 1210 1264 1265 fuisse
1312 1212 1512 1265 eodem
1561 1214 1820 1280 tempore
1851 1213 2088 1263 Attenes

444 1280 792 1337 cardinales.

444 1298 792 1337 cardinales.

510 1354 609 1407 ΧΙ.
642 1352 980 1407 Dubitatum
1016 1356 1104 1405 est
1136 1368 1209 1405 an
1243 1356 1374 1405 Atto
1397 1351 1490 1405 hic
1520 1349 1835 1405 cardinalis
1865 1350 2089 1407 episco-

440 1441 552 1495 pus
566 1423 739 1478 fuerit
755 1421 1166 1495 Praenestinus.
1190 1422 1448 1477 Asseruit
1464 1420 2089 1495 PanviniusjUghellus

448 1493 581 1551 eum
618 1493 944 1566 praeterivit.
1004 1495 1113 1549 Sed
1160 1495 1355 1548 Julius
1408 1494 2089 1566 AmbrosiusLucentius

516 1563 698 1638 (1904)
719 1564 955 1636 scripsit
971 1582 983 1619 :
1001 1587 1027 1613 ‹‹
1048 1566 1510 1638 Atto,presbyter
1524 1563 1839 1638 cardinalis
1859 1570 2089 1638 creatus

445 1636 529 1692 ab
550 1637 873 1693 Alexandro
897 1636 1176 1704 secundo,
1210 1636 1467 1707 Gregorii
1501 1638 1601 1690 VII
1624 1636 1683 1690 in
1716 1636 1932 1691 tuendo
1960 1637 2090 1703 jure

441 1713 717 1765 constans
748 1712 950 1765 contra
972 1707 1404 1776 schismaticos,
1437 1726 1471 1763 a
1493 1707 1769 1762 Panvinio
1800 1707 2089 1779 episcopis

509 1885 790 1969 (1901119
822 1887 1093 1969 Ρςεςεηθξι·
1129 1904 1288 1969 sap-.2
1334 1903 1500 1969 ru}?-
1532 1888 1623 1969 22,
1665 1886 1775 1969 ορι·
1812 1887 1947 1969 198..
1963 1884 2090 1969 99“

438 1938 800 2027 Ηὸωζὶέῐόξ,
822 1938 1499 2031 ὲέἷιῖἷ.”θᾶἷι⁹ῠεῇἑι’1ἶζ
1530 1938 1688 2014 £6th
1707 1938 1893 2029 Ῐζοὸὶ.
1923 1938 2050 2012 ωδ.
2075 1938 2085 1941 ’
2122 1938 2169 2001 Β

2203 637 2273 691 de
2303 652 2369 689 eo
2400 634 2666 689 fortassis
2688 631 2953 689 notitiam
2977 633 3219 699 habuit;
3247 631 3530 686 haesitans
3564 648 3681 686 non
3709 633 3819 688 deli-

2202 708 2365 762 berat
2393 706 2697 761 Oldoinus.
2752 706 2888 771 Nos,
2944 721 3076 759 cum
3111 705 3177 758 ad
3215 720 3433 758 annum
3468 720 3665 773 usque
3702 705 3821 773 1092,

2202 778 2433 833 nullum
2460 778 2781 832 habeamus
2809 780 2940 848 post
2960 776 3263 848 Ubertum,
3284 774 3531 829 alterius
3558 774 3823 848 Praenesti-

2202 866 2409 903 norum
2434 848 2687 920 episcopi
2712 846 3087 920 mentionem,
3113 846 3305 901 nescio
3323 863 3427 900 cur
3450 862 3575 920 non
3599 847 3823 901 deferen-

2200 921 2343 975 dum
2375 921 2451 975 sit
2481 918 2649 974 tanto
2672 920 2813 989 viro,
2848 919 2947 990 qui
2974 924 3246 973 Attonem
3271 935 3338 972 ex
3370 918 3711 989 presbytero
3734 934 3828 972 car-

2201 992 2381 1047 dinali
2402 991 2819 1045 Praenestinum
2836 989 3175 1061 episcopum
3195 989 3482 1054 enuntiat,
3511 994 3708 1061 nostro
3736 1008 3824 1045 non

2201 1063 2633 1119 contradicente
2658 1060 2916 1132 Ughello.
2948 1084 2975 1110 ››
3002 1060 3273 1116 Ιᾼυεθηῐὶο
3296 1060 3675 1115 subscribere
3695 1061 3827 1114 vide-

2200 1140 2297 1189 tur
2330 1136 2663 1190 Leonardus
2709 1130 3030 1188 Cecconius
3089 1135 3146 1187 in
3196 1133 3451 1187 Historia
3499 1134 3827 1187 Praenestina

2201 1208 2385 1277 (1905)
2416 1207 2629 1261 Uberto
2662 1207 2931 1277 episcopo
2966 1205 3318 1258 Praenestino
3344 1204 3675 1277 subjiciens
3705 1204 3827 1258 hunc

2200 1276 2468 1332 Attonem
2499 1296 2511 1344 ;
2546 1278 2639 1332 cui
2672 1276 2823 1331 anno
2860 1278 2994 1331 1092
3019 1277 3139 1345 jam
3171 1281 3542 1329 successerat
3574 1276 3827 1330 Berardus

2200 1366 2300 1427 seu
2326 1349 2644 1427 Benardus.
2670 1350 2953 1427 Tempore
2974 1363 3109 1419 ergo
3138 1347 3539 1427 episcopatus,
3565 1346 3831 1427 Praenesti-

2202 1421 2293 1475 nis
2324 1421 2723 1475 sacerdotibus
2754 1417 2879 1474 suis
2909 1420 3018 1474 hoc
3048 1417 3366 1489 capitulare
3390 1417 3635 1489 dedisse
3665 1420 3824 1479 credo,

2200 1509 2548 1563 nuncupans
2566 1509 2625 1547 se
2643 1490 3002 1563 cardinalem
3025 1488 3211 1563 sancti
3230 1490 3407 1563 Marci
3432 1488 3526 1543 vel
3548 1490 3826 1563 quodtitu-

2200 1564 2293 1619 lus
2319 1560 2534 1617 dimitti
2563 1568 2700 1617 tunc
2722 1580 2835 1616 non
2856 1562 3085 1626 soleret,
3102 1560 3188 1616 vel
3214 1562 3367 1632 quod
3392 1560 3827 1632 nuncupationis

2200 1634 2322 1690 loco
2352 1634 2453 1689 illa
2481 1634 2876 1689 denominatio
2910 1634 3068 1705 prior
3097 1633 3468 1688 retineretur.

2271 1886 2453 1956 (1905)
2486 1884 2611 1940 Lib.
2650 1901 2725 1954 iv,
2756 1900 2882 1955 cap.
2914 1886 2992 1951 2.,
3027 1900 3190 1938 num.
3224 1884 3307 1950 15,
3342 1900 3479 1955 pag.
3515 1883 3647 1937 239.

449 2131 3825 2177 Μ

1755 2323 1909 2362 ANNO
1952 2322 2160 2362 DOMINI
2208 2322 2527 2361 DCCCCLXIV.

1529 2505 2715 2635 ADALGEBUS

1215 2758 1545 2816 INCERTJE
1585 2757 1801 2826 SEDIS,
1846 2757 2128 2813 FORSAN
2176 2757 2622 2814 AUGUSTANZE
2662 2758 3062 2815 EPISCOPUS.

1794 2953 2027 2992 ORDINIS
2066 2953 2117 2992 S.
2156 2953 2472 2993 BENEDICTI.

784 3275 1534 3402 ADMONITIO
1593 3278 1768 3401 AD
1830 3274 2734 3402 NONSUINDAM
2786 3260 3571 3429 BECLUSAMl

2072 3534 2204 3590 SEU

1255 3712 1592 3799 LIBER
1651 3713 1794 3796 DE
1853 3710 2287 3799 STUDIO
2355 3711 3029 3799 VIHTUTUM.

1152 3904 1343 3978 (Apud
1375 3905 1502 3976 Pez,
1534 3906 1872 3963 Thesaurus
1899 3907 2181 3963 Anecdot.
2211 3906 2588 3977 novissimus,
2621 3907 2767 3967 tomi
2799 3906 2844 3961 Il
2876 3909 3039 3978 parte
3070 3906 3136 3977 Ι.)

509 4221 645 4276 Tua:
677 4235 794 4275 non
825 4220 1137 4277 immemor
1166 4220 1273 4291 piae
1323 4219 1643 4292 petitionis,
1677 4238 1709 4275 o
1739 4220 2091 4277 charissima
2120 4220 2163 4287 C
2200 4218 2329 4275 lerti
2361 4223 2666 4290 pertracta,
2698 4236 2769 4274 ne
2788 4220 2897 4276 hoc
2921 4222 3243 4293 agas,unde
3266 4225 3366 4277 tuo
3391 4221 3609 4278 ccelesti
3638 4232 3814 4292 sponso

440 4314 647 4374 mater,
680 4308 807 4377 tibi,
843 4313 908 4363 ut
935 4309 1173 4380 rogasti,
1208 4308 1461 4364 scribere
1505 4310 1726 4364 studui.
1764 4308 1899 4365 Novi
1934 4308 2088 4363 enim

433 4398 704 4453 ardorem
760 4397 939 4451 animi
975 4397 1059 4452 tui
1108 4413 1246 4469 erga
1294 4398 1625 4469 Scripturas
1675 4397 1919 4461 divinas,
1956 4398 2085 4451 novi

431 4484 541 4539 tibi
572 4484 772 4541 inesse
802 4485 1067 4540 studium
1127 4486 1379 4557 legendi,
1430 4491 1487 4541 et
1542 4485 1824 4557 implendi
1867 4500 1935 4540 ea
1965 4502 2089 4556 quae

437 4571 606 4644 legis.
641 4573 863 4628 Memor
914 4574 1094 4646 igitur
1138 4591 1270 4629 sum
1324 4574 1714 4647 lacrymarum
1745 4581 2002 4639 tuarum,
2038 4578 2095 4628 et

442 4662 637 4718 omnis
669 4662 847 4718 studii
877 4662 986 4729 tui,
1037 4665 1188 4735 quod
1236 4663 1291 4717 in
1346 4668 1401 4719 te
1447 4681 1597 4735 saepe
1630 4664 1918 4735 perspexi,
1952 4665 2091 4717 dum

440 4755 637 4806 tecum
671 4752 741 4807 de
773 4752 979 4807 animm
1012 4756 1123 4807 tua:
1149 4753 1571 4808 sermocinarer
1603 4754 1887 4823 profectu,
1922 4757 1979 4805 et
2013 4752 2094 4806 id-

441 4839 595 4895 circo
631 4856 723 4895 me
756 4857 870 4895 non
902 4841 1108 4913 piguit,
1144 4842 1272 4908 hoc,
1299 4843 1453 4913 quod
1484 4842 1626 4895 mihi
1652 4846 1750 4896 tua
1783 4842 2094 4911 subgerere

440 4928 669 4984 studuit
703 4928 981 4993 charitas,
1015 4929 1354 5000 adimplere,
1388 4936 1676 4999 quatenus
1707 4934 1763 4984 et
1794 4935 1851 4984 tu
1888 4945 1957 4984 ex
1985 4930 2094 4984 hac

2200 4306 2536 4378 displiceas,
2571 4307 2708 4378 quia
2728 4308 2854 4379 ipse
2875 4308 3001 4377 tibi,
3027 4308 3074 4364 si
3102 4309 3268 4374 bene,
3294 4314 3359 4364 ut
3391 4309 3638 4381 coepisti,
3657 4321 3816 4380 perse-

2199 4396 2505 4464 veraveris,
2524 4397 2855 4452 inauditam
2869 4396 3133 4454 latitiam
3149 4398 3404 4454 invisum
3419 4400 3693 4470 gaudium
3710 4409 3815 4450 cum

2201 4486 2424 4542 caeteris
2449 4486 2803 4541 condonabit
2824 4487 3250 4553 sanctis,Paulo
3270 4487 3533 4559 apostolo
3556 4487 3816 4542 afﬁrman-

2202 4580 2279 4644 te,
2313 4576 2413 4647 qui
2473 4575 2652 4630 dicit:
2713 4576 2864 4643 Quod
2921 4578 3109 4631 oculus
3163 4592 3274 4631 non
3329 4577 3491 4643 vidit,
3552 4592 3646 4630 nec
3691 4570 3814 4626 auri:

2202 4664 2435 4733 audivit,
2466 4681 2563 4719 nec
2586 4667 2644 4719 in
2670 4682 2763 4719 cor
2787 4666 3025 4719 hominis
3047 4666 3292 4720 ascendit
3314 4685 3334 4730 ,·
3365 4683 3485 4736 quae
3512 4660 3816 4737 premar-avi!

2202 4754 2560 4823 diligentibus
2590 4770 2645 4809 se
2677 4756 2812 4809 Dea:
2843 4756 2889 4822 (I
2921 4754 3038 4808 Cor.
3095 4772 3153 4820 ιι,
3187 4756 3261 4821 9).
3316 4753 3549 4810 Festina
3574 4753 3733 4823 igitur
3757 4747 3810 4801 ad

2206 4843 2348 4898 illud
2380 4844 2684 4913 gaudium,
2709 4844 2778 4897 ad
2804 4842 2961 4897 illam
2984 4842 3269 4908 laetitiam,
3300 4844 3356 4896 in
3381 4860 3498 4913 qua
3521 4841 3676 4897 multi
3700 4854 3808 4891 san-

2204 4936 2433 4987 ctorum
2468 4932 2859 5002 requiescunt.
2883 4933 3215 4996 Considera,
3243 4931 3355 4984 Deo
3381 4931 3607 4995 dilecta,
3630 4930 3809 4999 quanta
