4008 5388
151 400 276 463 91⁸7

1042 409 1484 478 ADMONITIO
1531 413 1632 476 AD
1677 417 2197 485 NONSUINDAM
2245 424 2689 490 RECLUSAM.

3456 426 3575 495 918

149 536 452 631 pertinent
480 536 655 631 viam,
688 541 760 602 ad
791 560 976 601 unum
1005 546 1134 615 iter,
1160 549 1231 603 ad
1264 566 1441 605 unam
1475 550 1806 609 felicitatem
1836 555 1893 621 Α
1922 562 2085 614 tuam
2118 558 2229 613 nisi
2263 577 2410 631 quos
2440 561 2560 617 scio
2592 559 2904 617 solitarios.
2940 560 3008 615 Et
3038 557 3087 615 si
3120 559 3451 631 perveneris
3494 560 3567 617 ad

150 626 457 683 hominem
488 629 727 686 ducunt.

620 724 750 778 CAP.
787 723 827 777 Ι.
862 756 929 765 —-
952 727 1025 781 De
1053 727 1343 783 eharitate.

233 804 378 860 Cum
408 806 587 879 igitur
614 810 684 865 de
718 811 988 882 plurimis
1019 815 1336 872 virtutibus
1398 823 1452 873 te
1496 821 1809 876 admonere

147 892 505 963 desiderem,
532 898 787 968 primum
820 917 952 957 cum
984 905 1162 960 Paulo
1193 908 1453 978 apostolo
1491 909 1708 976 hortor,
1746 916 1809 965 ut

147 982 458 1039 charitatis
491 986 763 1044 virtutem
817 996 949 1046 ante
1006 995 1202 1049 omnia
1259 996 1470 1052 habere
1530 999 1805 1054 studeas:

146 1072 298 1142 quia
331 1072 486 1128 aieut
514 1076 682 1146 panis
716 1080 991 1136 omnibus
1023 1083 1168 1138 cibis
1201 1084 1406 1140 melior
1436 1091 1542 1153 est,
1572 1088 1649 1142 ita
1670 1088 1805 1143 cha-

144 1159 302 1215 ritas
323 1178 528 1218 omnes
560 1166 851 1221 antecellit
880 1169 1143 1238 virtutes,
1178 1178 1233 1227 et
1282 1174 1433 1229 sicut
1490 1176 1617 1231 sine
1660 1194 1807 1248 pane

143 1265 364 1304 mensa
386 1251 641 1307 efficitur
663 1255 850 1327 inops,
878 1258 956 1313 ita
990 1260 1113 1314 sine
1137 1261 1417 1318 eharitale
1442 1264 1603 1319 nulla
1634 1267 1804 1334 proli-

139 1336 233 1391 cit
261 1338 465 1395 virtus.
501 1341 636 1397 Sine
685 1342 967 1402 charitate
1026 1366 1157 1404 vera
1209 1368 1312 1407 nec
1370 1354 1657 1425 lacrymze,
1704 1373 1806 1411 nec

134 1426 385 1498 vigiliae,
408 1445 511 1484 nec
544 1433 799 1501 nuditas,
830 1453 933 1491 nec
983 1438 1241 1505 castitas,
1275 1456 1379 1495 nec
1403 1442 1801 1515 eleemosynaz,

137 1532 257 1571 nec
316 1520 660 1590 martyrium
710 1523 1006 1581 hominem
1058 1535 1304 1599 possunt
1353 1530 1593 1587 salvere.
1651 1535 1804 1589 Hane

137 1606 399 1661 Dominu
464 1625 528 1664 ac
586 1610 938 1684 Redemptor
998 1622 1191 1672 noster
1249 1620 1580 1691 specialiter
1638 1623 1803 1678 nobis

138 1697 565 1752 commendat:
592 1701 716 1767 Hoc,
752 1701 962 1773 inquit,
996 1708 1191 1761 mamlo
1246 1710 1413 1778 vobis,
1447 1719 1507 1764 ut
1550 1710 1804 1783 dzligatis

133 1786 389 1846 invicem
435 1788 655 1862 (Joann.
687 1810 775 1859 xv,
811 1794 921 1861 i7).
957 1796 1023 1850 Et
1052 1796 1263 1851 iterum
1291 1817 1303 1853 :
1337 1804 1404 1853 In
1435 1800 1532 1855 hoc
1584 1816 1804 1871 cognos-

1921 665 2040 719 eos,
2066 666 2181 705 non
2214 650 2585 721 acquiescent
2614 650 2733 705 haec
2766 650 2951 706 facere
2981 657 3217 723 propter
3261 650 3565 705 humilita-

1920 743 2057 793 tem.
2093 739 2203 793 Sed
2236 739 2342 794 hoc
2375 740 2690 795 faciemus:
2726 742 2959 811 quando
2991 739 3231 795 veniunt
3262 739 3567 796 afferentes

1917 826 2143 883 venalia
2172 846 2298 899 qua:
2321 834 2655 901 Operantur,
2689 830 2861 885 dicite
2892 847 2993 884 vos
3023 846 3212 885 emere
3234 829 3379 883 velle
3410 831 3563 900 quod

1918 918 2213 986 vendunt;
2247 924 2304 973 et
2335 935 2467 973 cum
2500 918 2763 973 venerint
2792 922 2848 971 in
2881 920 3144 985 domum,
3187 919 3436 991 pretium
3469 937 3567 973 ae-

1919 1010 2085 1078 ceptu
2100 1007 2165 1078 ri,
2192 1008 2452 1063 dicemus
2484 1008 2567 1061 eis
2599 1011 2663 1061 ut
2696 1007 2909 1062 faciant
2936 1008 3254 1062 orationem
3280 1026 3380 1079 pro
3403 1024 3489 1077 ea,
3514 1012 3567 1063 et

1918 1096 2090 1151 credo
2123 1097 2275 1166 quod
2312 1097 2615 1151 sanabitur
2648 1094 2765 1150 {ilia
2822 1101 2941 1149 tua.
3006 1099 3290 1151 Exeuntes
3345 1114 3476 1151 vero
3510 1097 3569 1151 in

1920 1184 2170 1255 plateam
2206 1186 2549 1241 invenerunt
2579 1202 2762 1239 unum
2797 1185 3149 1240 monachum
3173 1186 3470 1240 sedentem
3504 1191 3569 1240 ut

1917 1275 2192 1330 venderet
2222 1275 2529 1346 sportellas
2563 1292 2720 1340 suas,
2755 1279 2811 1327 et
2843 1274 3102 1329 tulerunt
3125 1292 3257 1329 eum
3282 1291 3480 1330 secum
3507 1277 3561 1329 in

1916 1364 2158 1418 domum
2192 1382 2384 1429 suam,
2413 1366 2511 1435 qui
2538 1364 2786 1435 pretium
2812 1368 3143 1435 sportarum
3176 1365 3479 1435 acciperet.
3502 1369 3569 1419 Et

1917 1470 2049 1507 cum
2070 1452 2349 1508 intrasset
2374 1453 2696 1507 monachus
2720 1452 2814 1507 ille
2839 1453 2895 1506 in
2920 1453 3345 1520 domum,venit
3370 1453 3564 1524 puella

1916 1558 2043 1611 quas
2076 1559 2109 1596 a
2140 1542 2424 1597 daemonio
2455 1543 2787 1611 vexabatur,
2823 1546 2878 1596 et
2910 1543 3068 1596 dedit
3098 1541 3328 1613 alapam
3361 1560 3564 1597 mona-

1915 1629 2021 1684 cho
2046 1630 2147 1684 illi.
2174 1630 2271 1686 Ille
2304 1636 2495 1686 autem
2531 1631 2811 1686 convertit
2841 1630 2888 1684 ei
2941 1630 3112 1684 aliam
3146 1630 3441 1686 maxillam
3468 1647 3558 1686 se-

1914 1720 2173 1775 cundum
2198 1721 2456 1774 divinum
2494 1725 2867 1792 przeceptum.
2903 1720 3134 1774 Daemon
3171 1725 3384 1786 autem,
3418 1736 3553 1775 eum

1913 1813 2284 1880 torqueretur
2313 1810 2563 1866 clamare
2594 1809 2803 1881 ecepit:
2839 1810 2881 1863 Ο
2937 1809 3208 1863 violentia
3249 1810 3556 1864 mandato-

134 1882 589 1992 fentzquia'mei
609 1884 746 1992 [estis
776 1883 1055 1992 discipuli,
1090 1888 1140 1940 si
1167 1888 1513 1943 dilectionem
1546 1891 1801 1945 habueri-
1832 1929 1879 1992 B
1914 1915 2046 1953 rum
2076 1899 2213 1953 Jesu
2238 1898 2447 1955 Christi
2475 1898 2707 1970 expellit
2738 1916 2829 1953 me
2862 1898 3033 1952 hinc!
3071 1903 3135 1952 Et
3164 1898 3365 1953 statim
3390 1915 3557 1953 mun-

135 1970 217 2023 tis
251 1969 322 2023 ad
348 1970 574 2024 invicem
608 1972 783 2041 (Joan.
816 1974 1065 2044 x111,35).
1101 1975 1258 2031 Hanc
1291 1978 1591 2048 apostolus
1620 1980 1796 2034 Joan-

136 2074 253 2112 nes
281 2057 532 2113 laudans
562 2060 737 2115 dicit:
791 2063 897 2129 Qui
922 2074 1106 2119 manet
1157 2068 1217 2119 in
1264 2068 1555 2136 charitate,
1602 2071 1661 2123 in
1691 2071 1798 2124 Deo

135 2156 356 2214 manet,
388 2156 439 2203 et
468 2149 605 2204 Deus
634 2151 693 2204 in
724 2167 783 2206 eo
809 2154 857 2222 (l
893 2156 1057 2209 Joan.
1093 2171 1168 2225 Iv,
1219 2157 1328 2224 15).
1392 2158 1549 2213 Hanc
1579 2160 1799 2230 praedi-

135 2240 311 2291 cator
359 2238 628 2309 egregius
681 2241 907 2296 cunctis
937 2242 1249 2299 virtutibus
1283 2247 1595 2316 praaferens
1621 2250 1793 2303 dicit:

129 2328 204 2382 Si
256 2326 590 2383 distribuere
641 2333 699 2383 in
748 2331 894 2386 cibos
938 2348 1255 2403 pauperum
1299 2352 1482 2391 omnes
1511 2338 1799 2407 facultates

128 2432 313 2482 meas,
364 2418 413 2470 et
459 2418 515 2471 si
560 2418 833 2473 tradidero
881 2436 1073 2491 corpus
1120 2439 1319 2491 meum,
1355 2428 1433 2479 ita
1462 2435 1520 2481 ut
1549 2428 1793 2493 ardeam,

128 2506 471 2560 charitatem
516 2510 704 2561 autem
752 2525 857 2564 non
909 2509 1167 2577 habuero,
1212 2514 1357 2569 mhil
1414 2515 1557 2569 mihi
1581 2517 1797 2587 prodest

129 2595 184 2664 (Ι
208 2594 333 2649 Cor.
359 2612 480 2661 x111,
512 2597 589 2666 3).
630 2597 839 2653 Deinde
889 2601 1234 2674 subjungit:
1289 2605 1538 2660 Charitas
1583 2610 1797 2677 patiens

128 2689 243 2747 est,
273 2685 509 2755 benigna
530 2690 606 2741 est
624 2687 811 2757 (Ibid.,
836 2690 889 2759 4)
913 2708 935 2752 ,ο
954 2692 1196 2759 patiens,
1214 2691 1515 2749 tolerando
1531 2695 1793 2761 adversa,

136 2774 406 2843 benigna,
440 2775 592 2828 bona
623 2777 973 2844 praestando.
1009 2780 1168 2843 Quod
1202 2780 1246 2833 si
1283 2780 1538 2837 Charitas
1569 2784 1795 2852 patiens

135 2866 237 2916 est
268 2867 444 2933 atque
474 2862 743 2933 benigna,
796 2865 966 2920 stude
1016 2867 1360 2923 ﬁdelissima
1410 2870 1560 2925 inter
1602 2873 1799 2928 omnia

136 2951 440 3022 patienter
488 2951 733 3007 tolerare
790 2954 1053 3021 adversa,
1100 2956 1343 3029 ipsaque
1401 2976 1526 3030 qum
1588 2960 1797 3017 toleras

133 3057 291 3095 cura
319 3040 579 3112 diligere.

568 3131 703 3185 CAP'
741 3131 807 3186 II.
842 3163 908 3173 —
939 3134 1013 3189 De
1044 3134 1380 3192 humilitate.

217 3217 559 3274 Certissime
586 3237 717 3275 vero
750 3222 1017 3277 convenit
1068 3225 1300 3280 credere
1350 3228 1500 3297 quod
1547 3227 1797 3283 Charitas

136 3324 453 3377 nunquam
489 3308 615 3364 sine
646 3309 974 3366 humilitate
1007 3317 1061 3367 et
1092 3313 1418 3369 obedientia
1470 3317 1525 3370 in
1560 3316 1795 3373 homine
1826 3299 1868 3365 C

132 3401 371 3468 regnat.
397 3397 457 3451 Si
480 3414 675 3452 veram
700 3399 975 3455 habueris
998 3401 1361 3470 charitatem,
1389 3420 1517 3459 mox
1549 3405 1663 3459 eris
1696 3405 1795 3459 hu-

134 3484 305 3540 milis
328 3490 501 3557 atque
518 3487 815 3543 obediens.
842 3489 1155 3546 Humilitas
1180 3508 1433 3563 namque
1456 3494 1669 3547 eximia
1691 3493 1797 3547 vir-

132 3579 239 3629 tus
269 3578 392 3629 est:
420 3574 540 3629 haec
573 3577 641 3629 de
670 3579 917 3633 terrenis
948 3578 1286 3635 hominibus
1327 3582 1463 3635 facit
1495 3582 1754 3637 cmlestes
1781 3608 1795 3647 ;

136 3680 248 3735 per
281 3662 429 3718 hanc
455 3664 724 3720 diabolus
766 3672 1100 3738 superatur,
1130 3686 1232 3739 per
1264 3670 1412 3723 hanc
1443 3672 1570 3739 ejus
1601 3671 1795 3742 laquei

132 3752 419 3808 vitantur.
451 3753 544 3807 Sic
576 3754 780 3810 beatus
810 3756 1095 3811 Antonius
1128 3757 1270 3812 dixit
1299 3759 1496 3816 abbati
1531 3760 1751 3815 Pastori
1782 3778 1794 3815 :

140 3841 278 3895 Vidi
312 3858 515 3897 omnes
545 3843 782 3913 laqueos
816 3844 1036 3899 inimici
1069 3850 1269 3901 tensos
1300 3848 1356 3900 in
1390 3846 1501 3916 via,
1537 3853 1593 3902 et
1636 3848 1795 3919 inge-

143 3930 405 3986 miscens
436 3931 590 3985 dixi:
624 3932 786 3999 Quis,
820 3939 1011 4004 putas,
1044 3934 1284 3989 transiet
1310 3936 1453 3990 istos
1513 3935 1800 4007 laqueos?

143 4019 212 4073 Et
243 4020 441 4074 audivi
490 4037 690 4076 vocem
740 4021 1072 4078 dicentem:
1132 4023 1466 4079 Humilitas.
1519 4024 1634 4078 Hoc
1665 4040 1798 4079 vero

143 4108 355 4163 beatus
389 4111 693 4178 Antonius,
727 4115 793 4165 ut
825 4117 984 4182 puto,
1019 4129 1134 4167 non
1168 4130 1269 4183 pro
1302 4129 1362 4167 se
1394 4116 1624 4167 tantum
1655 4112 1801 4167 vidit

143 4201 199 4251 et
233 4197 479 4270 audivit,
514 4201 612 4253 sed
647 4204 704 4255 et
732 4218 836 4272 pro
869 4201 1057 4268 nobis,
1094 4202 1190 4273 qui
1224 4207 1552 4273 peccatores
1575 4207 1631 4258 et
1656 4202 1798 4259 insi-

144 4286 378 4358 pientes
406 4305 632 4358 sumus,
658 4294 714 4344 et
737 4289 905 4362 longe
929 4292 1001 4346 ab
1034 4290 1193 4347 illius
1216 4292 1441 4347 meritis
1465 4292 1755 4347 distamus
1784 4310 1795 4347 :

144 4380 210 4431 ut
242 4394 353 4433 nos
377 4378 495 4434 haec
523 4378 797 4451 legentes,
823 4385 879 4433 et
899 4396 1069 4451 Opere
1083 4381 1690 4451 complentes,diaboli
1716 4382 1796 4436 1a-

148 4482 331 4538 queos
363 4467 661 4539 possimus
711 4469 914 4539 vitare,
958 4468 1057 4540 qui
1102 4474 1337 4540 propter
1383 4470 1491 4525 hoc
1533 4470 1799 4541 inquirit,

149 4557 444 4625 quomodo
468 4574 574 4612 nos
598 4557 865 4629 decipiat.
893 4557 1079 4630 Igitur
1097 4575 1273 4629 quam
1293 4575 1508 4630 magna
1528 4559 1708 4615 virtus
1722 4560 1800 4614 sit

1911 1988 2046 2042 data
2068 1994 2157 2043 est
2178 1988 2391 2060 puella.
2422 1988 2565 2043 Cum
2596 1992 2788 2043 autem
2811 1988 3107 2043 venissent
3128 2005 3317 2053 senes,
3342 1988 3558 2043 indica-

1908 2082 2118 2132 verunt
2146 2077 2229 2132 eis
2262 2079 2413 2149 quod
2465 2078 2684 2132 factum
2734 2076 2937 2143 fuerat,
2996 2080 3052 2130 et
3080 2076 3553 2147 glorificaverunt

1908 2163 2091 2219 Deum
2127 2168 2183 2219 et
2212 2165 2499 2228 dixerunt,
2539 2165 2899 2219 consuetudo
2945 2164 3239 2218 diabolicae
3273 2164 3555 2234 superbia

1909 2252 1980 2306 ad
2013 2252 2403 2307 humilitatem
2440 2253 2846 2307 mandatorum
2875 2253 3012 2307 Jesu
3038 2253 3245 2307 Christi
3265 2269 3553 2308 corruere.

1908 2340 2356 2396 Consideremus
2388 2346 2444 2396 et
2470 2359 2597 2407 nos,
2632 2358 2663 2395 o
2696 2341 3069 2396 sanctissima
3102 2342 3556 2407 matcr,humili-

1907 2434 2087 2484 tatem
2112 2430 2290 2499 hujus
2311 2430 2630 2485 felicissimi
2654 2431 3009 2497 monachi,et
3035 2431 3087 2483 in
3119 2434 3404 2501 quantum
3428 2448 3558 2502 pos-

1908 2536 2137 2585 sumus,
2167 2520 2381 2573 imitari
2399 2536 2692 2573 curemus.
2721 2519 2773 2572 Si
2796 2519 2975 2588 igitur
2993 2518 3297 2574 humilitas
3314 2519 3555 2574 alterius

1906 2607 2262 2662 daemonium
2295 2607 2537 2679 expulit,
2572 2606 2695 2662 sine
2726 2607 2903 2661 dubio
2936 2607 3179 2661 firmiter
3208 2610 3440 2663 credere
3468 2609 3561 2662 de-

1908 2697 2117 2751 bemus
2148 2697 2302 2767 quod
2331 2700 2529 2751 nostra
2548 2695 2853 2750 humilitas
2876 2696 3172 2751 diabolum
3200 2698 3256 2751 in
3281 2698 3557 2753 cordibus

1908 2784 2123 2840 nostris
2146 2802 2388 2857 regnare
2419 2801 2532 2840 non
2565 2784 2733 2840 sinet.
2756 2785 2919 2839 Tunc
2942 2802 3070 2839 vero
3096 2802 3288 2839 veram
3322 2786 3558 2841 humili-

1907 2877 2085 2928 tatem
2108 2874 2314 2929 babem
2327 2891 2393 2928 us
2413 2874 2460 2928 si
2482 2872 2757 2927 omnibus
2774 2890 2877 2928 nos
2892 2877 3165 2943 putamus
3179 2889 3305 2928 esse
3325 2874 3559 2928 inferio—

1909 2978 2021 3031 res,
2055 2968 2110 3017 et
2140 2964 2413 3017 omnibus
2445 2963 2874 3017 venerationem
2907 2961 3244 3027 deferimus,
3278 2966 3334 3017 et
3362 2964 3559 3019 omnia

1909 3069 2035 3123 quae
2060 3052 2228 3105 nobis
2252 3051 2348 3106 alii
2377 3051 2597 3106 faciunt
2620 3051 2880 3121 adversa,
2918 3050 3214 3105 humiliter
3236 3050 3554 3107 toleramus

1910 3144 2146 3212 propter
2175 3158 2433 3196 amorem
2470 3140 2588 3195 Dei.
2623 3140 2702 3194 De
2754 3140 2859 3193 hac
2912 3139 3123 3193 virtute
3186 3140 3465 3195 Dominus
3495 3141 3554 3195 in

1912 3229 2217 3299 Evangelio
2252 3229 2391 3283 dicit
2418 3247 2429 3283 :
2481 3230 2667 3285 Omnis
2698 3230 2795 3298 qui
2820 3243 2876 3282 se
2905 3229 3111 3282 exultat
3142 3229 3551 3297 humiliabitur,

1906 3328 1957 3374 et
2007 3320 2104 3389 qui
2154 3335 2210 3372 se
2258 3318 2523 3373 lcumiliat
2570 3318 2909 3372 excitabitur
2966 3318 3117 3387 (Luc.
3169 3335 3279 3371 xxv.
3336 3319 3440 3385 11).
3476 3319 3553 3371 Ex

1905 3408 2017 3462 isto
2048 3406 2329 3461 versiculo
2356 3408 2529 3461 etiam
2564 3407 2786 3460 discere
2818 3406 3096 3460 debemus
3156 3408 3309 3477 quod
3350 3424 3553 3477 super-

1906 3497 2001 3551 bia
2032 3497 2319 3551 contraria
2349 3497 2433 3569 sit,
2455 3495 2796 3550 humilitati.
2832 3496 2999 3566 Ergo,
3035 3496 3083 3550 si
3115 3512 3244 3550 vere
3300 3495 3554 3551 humiles

1905 3602 2033 3641 esse
2065 3585 2359 3650 volumus,
2392 3585 2725 3656 superbiam
2762 3584 3075 3655 fugiamus,
3111 3585 3249 3654 quia
3279 3584 3554 3654 superbia

1908 3674 2201 3745 dejicitur,
2263 3674 2565 3729 humilitas
2618 3672 2893 3727 elevatur.
2952 3674 3033 3726 Ad
3095 3673 3239 3727 hanc
3282 3674 3554 3728 virtutem

1908 3765 2177 3834 princeps
2201 3763 2597 3835 apostolorum
2630 3779 2735 3816 nos
2767 3762 2972 3816 invitat
3031 3761 3274 3816 dicendo
3301 3779 3313 3816 :
3352 3764 3557 3817 Humi-

1912 3851 2140 3906 liamini
2168 3853 2268 3906 sub
2295 3853 2503 3921 potenti
2530 3868 2709 3905 manu
2742 3852 2859 3917 Dei,
2893 3855 2949 3904 ut
2982 3866 3071 3904 vos
3101 3851 3304 3905 exultet
3336 3853 3393 3905 in
3423 3856 3558 3905 tem-

1905 3956 2040 4011 pore
2072 3941 2450 3995 tribulationis
2483 3942 2527 4008 (I
2560 3941 2701 3993 Patr.
2736 3957 2787 4008 v,
2824 3940 2899 4009 6).
2946 3939 3075 3992 Hme
3107 3940 3398 3994 sententia
3436 3957 3559 3994 ma-

1910 4029 2291 4084 nifestissimo
2317 4028 2485 4081 nobis
2508 4027 2766 4081 insinuat
2787 4027 2941 4097 quod
2970 4028 3017 4080 si
3043 4026 3135 4079 hic
3153 4028 3291 4080 dum
3311 4027 3561 4082 vivimus

1912 4136 2016 4174 nos
2042 4116 2352 4172 humiliare
2375 4114 2859 4182 curaverimUs,in
2884 4119 3142 4185 tempore
3166 4114 3559 4171 tribulationis

1907 4209 1992 4263 vel
2030 4205 2451 4273 retributionis,
2486 4205 2542 4259 id
2575 4208 2681 4268 est,
2715 4204 2772 4258 in
2806 4204 2897 4258 die
2919 4202 3126 4273 judicii
3170 4202 3418 4269 Domini,
3453 4221 3560 4259 nos

1910 4297 2094 4369 pietas
2117 4293 2393 4349 exaltabit
2417 4295 2472 4347 in
2496 4292 2715 4347 emlesti
2740 4309 2935 4363 regno.
2960 4296 3089 4347 Jam
3122 4308 3254 4346 vero
3286 4292 3558 4362 superius

1909 4385 2027 4440 dixi
2058 4384 2211 4456 quod
2246 4383 2521 4453 Charitas,
2555 4381 2857 4436 humilitas
2888 4385 3060 4452 atque
3108 4380 3441 4435 obedientia
3484 4381 3555 4435 ab

1910 4474 2158 4528 invicem
2192 4472 2449 4543 separari
2484 4488 2597 4525 non
2630 4469 2876 4541 possint.

2318 4564 2448 4615 CAP.
2482 4560 2577 4614 IlI.
2614 4591 2677 4599 —-
2711 4561 2783 4613 De
2813 4558 3147 4613 obedientia.

150 4643 476 4713 humilitas,
498 4646 673 4701 Marci
698 4646 873 4702 etiam
897 4646 1165 4703 monachi
1189 4648 1302 4702 vita
1326 4647 1601 4714 insinuat,
1624 4665 1795 4719 quem
1831 4669 1876 4732 Β
1982 4652 2049 4704 Et
2078 4649 2216 4720 quia
2236 4648 2515 4704 hactenus
2539 4649 2609 4703 de
2629 4648 2912 4702 eharitate
2926 4648 3326 4703 ethumilitate
3340 4648 3559 4702 dictum

156 4733 357 4791 dicunt
388 4736 559 4790 etiam
597 4736 653 4790 in
684 4739 983 4805 juventute
1014 4737 1179 4792 valde
1202 4736 1380 4791 luisse
1402 4742 1799 4804 mansuetum,

157 4823 443 4881 humilem
478 4842 541 4880 ac
574 4827 922 4897 sapientem,
955 4831 1012 4881 et
1043 4843 1145 4898 pro
1177 4826 1468 4897 ejusmodi
1492 4827 1808 4881 virtutibus

161 4916 281 4970 tam
316 4914 521 4971 dicunt
544 4915 659 4970 Deo
690 4916 871 4971 fuisse
900 4914 1234 4984 amabilem,
1268 4920 1331 4970 ut
1352 4917 1490 4971 dum
1524 4916 1595 4970 ad
1621 4914 1811 4970 Domi-

163 5001 359 5059 nieum
392 5021 603 5075 corpus
625 5004 1190 5076 accederet,angelus
1209 5004 1257 5059 ei
1281 5010 1646 5061 sacramenta
1667 5022 1808 5077 prm-

160 5089 338 5149 beret.
374 5094 622 5149 Pensare
650 5111 781 5148 vero
804 5094 1085 5150 debemus
1107 5110 1174 5149 ex
1196 5093 1302 5149 hoc
1325 5093 1608 5149 miraculo
1632 5111 1806 5164 quam

161 5193 439 5253 magnum
465 5183 685 5237 donum
709 5182 786 5237 sit
806 5181 1243 5253 humilitas,per
1263 5182 1419 5253 quod
1445 5188 1563 5238 tam
1589 5182 1809 5237 amabi-

534 5270 907 5296 ----..ι..ι.ξιξ..
943 5273 1052 5296 ἢ..-
1095 5271 1281 5296 ..Διη-

161 5264 230 5296 ιςα
262 5275 497 5296 i-....-...
534 5270 907 5296 ----..ι..ι.ειε..
943 5273 1052 5296 ἢ--
1095 5271 1281 5296 -,ιι.--..
1336 5270 1503 5296 1.-...-
1547 5290 1621 5296 η-.
1648 5289 1673 5296 -

1912 4744 2019 4806 est,
2056 4743 2235 4793 restat
2269 4743 2334 4791 ut
2356 4736 2597 4791 solerter
2627 4737 2893 4791 attendas
2916 4736 3107 4806 qualis
3130 4736 3204 4791 sit
3221 4736 3561 4790 obedientia:

1918 4827 2123 4882 virtus.
2158 4827 2397 4897 Propter
2426 4824 2877 4879 inobedientiam
2903 4824 3129 4895 primus
3151 4824 3326 4878 homo
3348 4824 3568 4893 ejectus

1920 4923 2009 4973 est
2034 4918 2103 4972 de
2134 4915 2423 4988 paradiso.
2462 4916 2823 4985 Quapropter
2878 4914 2925 4969 si
2957 4912 3095 4967 illuc
3130 4914 3215 4968 vis
3240 4914 3570 4979 ascendere,

1921 5007 2202 5063 obediens
2222 5022 2350 5060 esse
2376 5006 2563 5061 stude.
2602 5004 2668 5058 Ut
2692 5008 2888 5058 autem
2918 5019 3097 5074 quam
3128 5019 3341 5073 magna
3362 5002 3436 5057 sit
3455 5002 3576 5055 haec

1919 5097 2107 5151 virtus
2140 5111 2445 5166 agnoscas,
2480 5091 2831 5147 miraculum
2864 5092 2970 5147 tibi
2996 5091 3067 5145 ad
3121 5091 3463 5145 memoriam
3494 5106 3581 5143 re-

1920 5186 2156 5241 vocabo.
2182 5184 2431 5247 Quidam
2466 5180 2762 5239 srccularis
2795 5182 2925 5236 vita:
2978 5178 3207 5232 habens
3256 5184 3372 5233 tres
3410 5178 3583 5243 filios,

2006 5272 2273 5294 ,ηηιῗ--.Ξι
2306 5290 2321 5293 Α
2394 5272 2506 5294 μηι-
2551 5277 2596 5294 ,ι
2630 5270 2785 5294 -.Ακει
2927 5266 3246 5294 Μικηηηιηκέ

2653 5270 2785 5294 .Αυ.;ι
2828 5272 2893 5294 Δγ]
2927 5266 3353 5294 Μικηηηιηκ;ιιηπ
