4008 5388
420 418 542 484 919

428 552 575 619 Quid
608 551 809 621 habes,
833 550 986 626 quod
1022 550 1208 609 tristis
1233 568 1295 608 es
1312 551 1340 607 7
1370 552 1440 608 Et
1462 552 1718 608 narravit
1734 551 1785 607 ei
1809 550 1948 623 quia
1963 554 2081 606 tres
2110 551 2163 616 Α

429 643 586 700 ﬁlios
613 643 856 699 haberet
888 642 947 698 in
978 643 1228 706 civitate,
1262 646 1318 697 et
1346 642 1519 698 vellet
1550 657 1647 697 eos
1692 642 1978 696 adducere
2008 640 2078 695 ad

431 734 558 806 ejus
590 732 1031 789 monasterium.
1067 733 1350 805 Praecepit
1379 736 1574 787 autem
1610 732 1791 787 abbas
1815 736 1877 785 ut
1904 731 2084 786 addu-

433 826 589 879 ceret
620 838 737 878 eos.
762 822 868 887 Qui
900 838 1034 877 eum
1066 822 1424 893 pervenisset
1445 822 1516 876 ad
1541 819 2085 888 civitatem,invenit

433 911 605 968 exiis
635 913 782 968 duos
806 913 932 983 jam
967 911 1148 966 fuisse
1166 912 1681 979 defunctos,unum
1702 927 1835 965 vero
1856 909 2082 964 solum-

432 1001 606 1057 modo
636 1000 1012 1056 remansisse.
1046 1001 1226 1064 Quem
1259 1016 1568 1055 assumens
1599 1000 1764 1053 duxit
1785 998 1854 1053 ad
1880 1015 2083 1053 mona-

437 1089 681 1145 sterium
709 1107 721 1157 ;
758 1092 814 1145 et
844 1089 1148 1161 requirens
1180 1089 1470 1159 abbatem,
1523 1105 1641 1143 non
1699 1104 1831 1142 eum
1865 1087 2084 1143 invenit

432 1177 570 1233 illic.
596 1178 981 1250 Interrogavit
1011 1182 1207 1232 autem
1231 1177 1439 1232 fratres
1463 1176 1561 1231 ubi
1584 1180 1737 1232 esset
1765 1177 1945 1232 abbas
1966 1176 1992 1231 ?
2013 1178 2083 1231 Et

430 1267 515 1323 illi
547 1267 818 1323 dixerunt
839 1269 989 1339 quod
1018 1268 1086 1321 ad
1113 1266 1427 1338 pistrinum
1453 1266 1929 1338 perrexissetJlle
1950 1283 2081 1322 vero

432 1354 645 1412 tollens
676 1355 865 1411 ﬁlium
896 1372 1092 1425 suum,
1128 1372 1299 1426 quem
1339 1356 1683 1423 adduxerat,
1717 1356 1858 1410 abiit
1890 1356 1958 1409 ad
1995 1356 2081 1427 pi-

434 1444 685 1501 strinum
718 1461 729 1500 :
764 1448 820 1499 et
846 1445 1050 1500 videns
1073 1461 1205 1499 eum
1231 1445 1413 1500 abbas
1438 1445 1762 1500 venientem
1786 1444 2078 1511 salutavit,

435 1536 492 1589 et
523 1537 724 1589 tenens
755 1533 1037 1588 infantem
1063 1549 1235 1604 quem
1261 1534 1973 1604 adduxerat,amplcxatus
1995 1538 2082 1588 est

435 1639 568 1678 eum
600 1626 658 1677 et
685 1622 1098 1678 osculabatur:
1131 1626 1187 1677 et
1216 1622 1361 1677 dixit
1393 1622 1542 1693 patri
1557 1623 1875 1693 ejus,amas
1897 1639 2029 1677 eum
2054 1621 2082 1677 ?

433 1714 503 1765 Et
532 1709 629 1765 ille
659 1711 996 1782 respondit:
1030 1710 1242 1765 Etiam.
1276 1712 1345 1765 Et
1368 1728 1573 1766 rursus
1596 1712 1739 1766 dixit
1763 1712 1810 1765 ei
1839 1728 1850 1766 :
1876 1711 1940 1765 Ai
1964 1728 2084 1767 mo-

432 1800 506 1855 do
533 1818 545 1867 ;
580 1799 777 1872 diligis
807 1816 939 1855 eum
962 1800 989 1854 ?
1019 1803 1075 1854 et
1105 1800 1440 1870 respondit:
1479 1800 1682 1855 Etiam.
1713 1801 1919 1856 Postea
1947 1818 2080 1857 vero

436 1889 583 1945 dixit
611 1889 825 1945 abbas:
859 1888 1021 1945 Tolle
1050 1904 1208 1960 ergo,
1243 1889 1289 1943 si
1323 1906 1487 1945 amas
1520 1895 1739 1958 eum,et
1760 1890 1923 1945 mitte
1946 1907 2076 1945 eum
2114 1926 2161 1991 B

433 1977 494 2033 in
525 1978 822 2033 fornacem
855 1979 1046 2045 modo,
1072 1978 1211 2033 dum
1236 1979 1417 2034 ardet.
1442 1980 1509 2034 Et
1538 1982 1742 2034 tenens
1766 1996 1898 2033 eum
1924 1983 2087 2051 pater

437 2084 581 2123 suus
604 2066 848 2137 jactavit
880 2084 1012 2122 eum
1044 2067 1103 2121 in
1162 2068 1457 2123 fornacem
1512 2069 1834 2124 ardentem.
1877 2069 2084 2124 Statim

438 2160 632 2213 autem
657 2155 844 2212 factus
874 2160 963 2212 est
992 2156 1194 2211 fornax
1220 2156 1378 2212 velut
1408 2174 1523 2212 ros.
1560 2158 1638 2211 Ex
1670 2174 1784 2229 qua
1814 2158 2085 2213 obedien-

436 2246 518 2302 tia
536 2244 843 2317 acquisivit
861 2245 1129 2317 gloriam,
1151 2246 1650 2319 quemadmodum
1669 2246 1961 2301 Abraham
1986 2263 2087 2318 pa-

435 2335 713 2391 triarcha.
748 2334 865 2390 Hoc
896 2350 1030 2407 ergo
1064 2334 1414 2391 miraculum
1448 2335 1647 2391 hortor
1692 2340 1755 2390 ut
1794 2335 2088 2391 memoriis

437 2424 640 2479 tradas
670 2427 727 2479 et
746 2428 812 2479 ut
828 2438 1059 2495 semper
1080 2424 1419 2479 obedientize
1436 2424 1706 2479 virtutem
1734 2429 1866 2479 ante
1888 2424 2089 2479 oculos

440 2512 680 2581 habeas,
714 2512 851 2584 quia
875 2512 1029 2568 sicut
1057 2512 1156 2567 illo
1186 2517 1448 2584 tempore
1474 2512 1631 2568 illius
1664 2513 1933 2569 monachi
1956 2514 2088 2569 obc-

443 2600 667 2657 dientia
696 2600 971 2657 exstinxit
1001 2600 1196 2672 ignem
1229 2600 1501 2670 fornacis,
1536 2601 1617 2657 sic
1634 2606 1691 2657 et
1709 2602 1880 2657 modo
1903 2602 1951 2658 si
1973 2604 2092 2657 fue-

445 2690 527 2746 ris
558 2688 857 2758 obediens,
889 2689 1020 2759 ipsa
1048 2688 1235 2744 virtus
1266 2690 1323 2743 in
1360 2690 1529 2746 corde
1559 2694 1660 2745 tuo
1692 2690 1886 2763 ignem
1919 2691 2090 2746 vitio-

446 2795 576 2835 rum
609 2778 941 2850 exstinguet
967 2795 980 2846 ;
1014 2780 1068 2833 et
1099 2777 1148 2833 si
1180 2778 1273 2833 hic
1297 2778 1450 2850 ignis
1474 2779 1743 2834 vitiorum
1768 2781 2090 2836 exstinctus

444 2868 621 2924 fuerit
652 2867 712 2922 in
751 2870 827 2937 te,
882 2882 1253 2939 nequaquam
1314 2873 1445 2939 post
1502 2872 1745 2924 mortem
1807 2869 1863 2923 in
1895 2870 2089 2942 ignem

442 2957 761 3013 descendes
792 2961 1098 3022 aeternum,
1128 2958 1227 3011 sed
1262 2958 1331 3011 ad
1364 2956 1653 3012 caelestem
1686 2956 1932 3029 gloriam
1965 2960 2089 3014 sine

438 3046 555 3101 fine
576 3048 931 3101 manentem.
966 3046 1113 3117 Ergo
1147 3062 1280 3101 ama
1310 3046 1725 3112 obedientiam,
1751 3046 1927 3119 dilige
1960 3048 2089 3102 obe-

438 3133 745 3201 dientiam,
776 3132 915 3206 quia
947 3150 1161 3207 magna
1189 3135 1374 3189 virtus
1424 3139 1532 3191 est.
1594 3135 1666 3190 Ut
1698 3140 1892 3191 autem
1928 3136 2086 3191 illius

437 3221 905 3295 magnitudinem
939 3222 1130 3279 adhuc
1173 3223 1426 3279 lucidius
1483 3224 1797 3297 intelligas,
1835 3242 2081 3295 sequens

435 3311 787 3368 miraculum
806 3313 1136 3384 frequenter
1157 3312 1302 3383 lege.
1327 3313 1606 3369 Dicebant
1627 3295 1819 3369 autem
1850 3316 2079 3385 fratres,
2112 3295 2155 3361 (ἶ

436 3400 576 3473 quia
607 3399 863 3456 narravit
896 3401 1133 3473 quidam
1166 3406 1422 3472 patrum,
1456 3418 1518 3457 se
1548 3402 1765 3458 vidisse
1795 3407 1912 3459 tres
1936 3404 2086 3459 ordi-

437 3506 541 3545 nes
571 3488 630 3544 in
660 3488 821 3560 coelo,
858 3506 1107 3561 quorum
1142 3490 1370 3561 primus
1401 3495 1525 3545 erat
1573 3490 1877 3547 hominum
1919 3492 2088 3547 infir-

436 3594 669 3635 morum
683 3582 741 3635 et
760 3578 982 3649 gratias
999 3579 1295 3650 agentium
1318 3579 1432 3635 Deo
1455 3598 1466 3646 ;
1493 3582 1784 3635 secundus
1808 3582 1946 3635 ordo
1965 3586 2089 3637 erat

435 3665 897 3739 hospitalitatem
932 3667 1600 3737 sectantium,instanter
1627 3668 2085 3725 ministrantium

437 3756 522 3811 eis
550 3781 565 3822 ;
596 3754 803 3809 tertius
835 3755 975 3809 ordo
1005 3760 1130 3808 erat
1182 3770 1382 3809 eorum
1444 3756 1544 3827 qui
1595 3757 1665 3811 ad
1696 3758 2086 3814 obediendum

438 3842 847 3915 spiritualibus
880 3842 1143 3914 patribus
1175 3859 1237 3897 se
1268 3843 1589 3913 subjiciunt
1620 3850 1853 3917 propter
1881 3852 2085 3904 Deum.

437 3931 758 3986 Videbatur
775 3935 967 3985 autem
992 3931 1131 3985 ordo
1150 3932 1542 3987 obedientium
1562 3938 1828 4006 torquem
1849 3954 2087 3993 auream

439 4020 673 4087 habere,
706 4023 764 4075 et
794 4019 981 4076 multo
1014 4019 1269 4092 amplius
1301 4038 1477 4092 quam
1513 4022 1609 4078 alii
1641 4023 1882 4095 gloriam
1916 4026 2089 4082 habe-

437 4109 552 4165 bat.
591 4109 706 4181 Ego
733 4113 928 4164 autem
961 4109 1077 4163 dixi
1108 4109 1157 4163 ei
1218 4110 1319 4179 qui
1377 4110 1521 4165 mihi
1583 4114 1927 4168 ostendebat
1970 4114 2088 4169 haec

437 4197 676 4253 omnia:
708 4197 1010 4261 Quomodo
1042 4198 1150 4253 iste
1182 4198 1343 4265 ordo,
1370 4199 1468 4270 qui
1502 4199 1729 4270 primus
1778 4206 1867 4257 est
1900 4204 2091 4274 majo-

433 4303 557 4342 rem
591 4302 769 4358 quam
803 4286 901 4342 alii
932 4286 1178 4358 gloriam
1216 4285 1436 4341 habet?
1478 4289 1548 4342 Et
1594 4288 1690 4344 ille
1728 4292 2089 4362 respondens

436 4375 583 4431 dixit
613 4375 779 4443 mihi,
814 4375 968 4447 quod
1002 4374 1059 4428 hi
1120 4375 1220 4446 qui
1274 4374 1731 4447 hospitalitatem
1768 4383 2087 4451 sectantur,

441 4464 766 4520 secundum
799 4463 1091 4535 propriam
1123 4464 1483 4519 voluntatem
1516 4466 1773 4537 idipsum
1825 4469 2046 4523 faciunt
2074 4487 2086 4525 :

440 4550 711 4608 similiter
740 4551 838 4622 qui
868 4551 928 4606 in
960 4567 1155 4606 eremo
1187 4568 1248 4607 se
1279 4552 1547 4624 religant,
1579 4554 1818 4610 arbitrio
1872 4574 1977 4612 suo
2020 4559 2091 4614 de

1729 414 2133 479 ADALGERI
2178 415 2530 481 EPISCOPI

3710 420 3803 482 9%)

2301 554 2431 607 CAP.
2468 552 2558 607 IV.
2592 583 2660 591 —
2687 552 2760 608 De
2788 551 3127 607 continentia
3154 560 3209 607 et
3238 549 3358 623 ejus
3391 550 3725 607 diversitate.

2266 642 2376 696 Sed
2403 642 2529 711 jam
2562 646 2797 714 tempus
2828 646 2916 697 est
2947 647 3012 695 ut
3042 645 3173 715 post
3200 641 3377 695 trium
3424 642 3708 695 virtutum
3737 644 3806 698 do-

2193 729 2442 785 ctrinam
2475 729 2785 803 vigilanter
2815 731 3103 797 attendas,
3128 734 3347 801 quanta
3365 729 3438 785 sit
3453 730 3645 785 virtus
3666 733 3810 786 conti-

2193 820 2442 890 mentiee,
2475 823 2531 874 et
2560 820 2713 890 quod
2748 819 3102 875 continentia
3133 836 3244 875 non
3279 820 3469 875 solum
3521 819 3582 874 in
3631 820 3745 875 cibo
3770 827 3811 875 et

2193 913 2356 981 potu,
2381 909 2478 963 sed
2513 909 2686 963 etiam
2719 908 2778 963 in
2811 908 3100 965 locutione
3123 914 3179 964 et
3200 908 3256 962 in
3282 925 3489 963 somno
3523 925 3590 963 ac
3611 910 3808 965 vestitu.

2192 1003 2249 1053 et
2277 997 2809 1053 innumerabilibus
2834 998 2909 1054 sit
2930 998 3144 1053 causis.
3172 999 3476 1053 Admoneo
3511 1013 3647 1068 ergo
3664 999 3810 1053 dilec-

2192 1088 2407 1143 tionem
2428 1092 2589 1143 tuam
2614 1092 2678 1142 ut
2704 1105 2818 1142 non
2843 1087 3120 1143 delicatos
3142 1086 3302 1142 cibos
3324 1103 3683 1157 quaerasmec
3702 1094 3810 1143 ante

2191 1177 2395 1233 horam
2420 1193 2738 1249 congruam
2763 1177 3064 1231 comedere
3087 1174 3247 1243 velis,
3272 1192 3376 1231 nec
3399 1176 3569 1231 dicas
3595 1175 3650 1229 in
3671 1178 3810 1231 corde

2190 1270 2327 1322 tuo:
2360 1271 2497 1321 Ecce
2529 1265 2674 1331 aliae,
2710 1266 2791 1321 ita
2820 1265 2906 1320 vel
2940 1265 3019 1320 ita
3050 1265 3289 1320 faciunt.
3338 1265 3499 1320 Scito
3560 1281 3657 1335 pro
3686 1271 3807 1321 certo

2192 1357 2345 1427 quod
2378 1355 2812 1426 unusquisque,
2842 1372 2954 1426 quo
2987 1354 3046 1409 in
3080 1354 3185 1409 hac
3213 1355 3328 1409 vita
3359 1354 3500 1426 plus
3530 1355 3588 1408 in
3612 1354 3703 1409 Dei
3723 1372 3811 1410 ser-

2190 1445 2326 1499 vitio
2346 1444 2785 1510 laboraverit,co
2814 1444 3093 1515 majorem
3120 1449 3253 1515 post
3276 1449 3529 1499 mortem
3549 1461 3582 1497 a
3604 1444 3809 1499 Domino

2194 1535 2516 1590 mercedem
2553 1534 2813 1605 recipiet.
2848 1533 2929 1588 Nc
2960 1532 3138 1604 igitur
3188 1538 3305 1588 tam
3358 1533 3560 1605 gravis
3589 1533 3813 1587 videatur

2191 1622 2561 1678 continentiae
2592 1622 2799 1689 virtus,
2852 1621 3200 1676 miraculum
3242 1621 3333 1676 hic
3364 1622 3646 1689 inseram,
3688 1624 3809 1693 quod

2192 1713 2249 1767 in
2283 1711 2597 1782 Tripartita
2622 1711 2863 1766 historia
2890 1710 3021 1783 legi.

2238 1801 2587 1857 ‘Dorotheus
2617 1817 2826 1872 genere
2858 1800 3141 1855 Thebaeus
3171 1799 3347 1854 talem
3404 1798 3591 1854 vitam
3637 1801 3810 1857 ducere

2191 1891 2435 1960 curavit,
2469 1895 2533 1944 ut
2563 1890 2822 1961 quotidie
2852 1888 3075 1961 lapides
3131 1907 3165 1943 a
3222 1889 3368 1943 mari
3428 1889 3735 1961 colligeret,
3769 1898 3809 1945 et

2199 1980 2367 2036 annis
2399 1978 2648 2052 singulis
2680 1978 2997 2050 hospitium
3023 1978 3415 2047 asdilicaret,et
3438 1979 3572 2050 ipsa
3593 1978 3809 2050 hospitia

2198 2070 2375 2125 dabat
2404 2068 2522 2124 illis
2553 2068 2652 2139 qui
2713 2084 2825 2123 non
2881 2067 3175 2122 habebant
3234 2066 3532 2138 hospitia;
3584 2068 3809 2123 noctibus

2199 2163 2393 2213 autem
2428 2162 2662 2229 propter
2717 2172 2919 2211 eorum
2978 2155 3173 2210 cibum
3233 2156 3481 2211 faciebat
3521 2156 3809 2227 sportellas.

2198 2247 2299 2302 Cui
2333 2246 2500 2302 cibus
2531 2250 2655 2301 erat
2687 2246 2855 2317 panis
2887 2244 3067 2299 uncisc
3104 2262 3223 2315 sex,
3257 2250 3314 2300 et
3343 2244 3573 2300 olerum
3606 2246 3808 2300 minuto-

2198 2354 2332 2391 rum
2363 2334 2676 2391 fasciculus
2708 2352 2884 2401 unus,
2936 2338 2993 2389 et
3022 2335 3091 2389 ad
3155 2334 3478 2389 bibendum
3542 2351 3703 2405 aqua.
3742 2336 3811 2389 Sic

2201 2428 2563 2497 ajuventute
2595 2441 2703 2480 sua
2734 2423 2957 2489 vivens,
3008 2440 3111 2479 nec
3160 2423 3217 2476 in
3278 2426 3579 2479 senectute
3622 2424 3808 2478 defecit.

2199 2516 2513 2585 Nunquam
2544 2513 2708 2567 visus
2739 2516 2829 2567 est
2860 2512 2916 2566 in
2950 2510 3160 2567 lectulo
3196 2516 3531 2583 soporatus,
3564 2511 3648 2566 vel
3677 2512 3812 2584 pedes

2198 2621 2300 2674 pro
2333 2603 2533 2674 requie
2562 2602 2900 2666 tetendisse,
2934 2605 3034 2655 aut
3091 2600 3343 2656 dormire
3403 2618 3510 2672 pro
3542 2601 3810 2665 voluntate,

2200 2709 2305 2748 nec
2320 2692 2555 2765 quando
2570 2691 2861 2764 operando
2879 2693 3088 2745 natura
3100 2706 3467 2761 compressos
3484 2690 3681 2745 oculos
3697 2690 3811 2744 clau-

2200 2785 2335 2838 dere
2394 2781 2700 2853 potuisset,
2760 2780 2843 2834 ita
2903 2794 3053 2851 saepe
3131 2780 3490 2834 comedendo
3553 2780 3806 2847 dormiret,

2200 2872 2367 2927 cibus
2399 2888 2465 2925 ex
2494 2886 2590 2925 ore
2621 2871 2748 2939 ejus
2780 2868 3092 2924 laberetur.
3128 2868 3458 2939 Aliquando
3495 2885 3622 2925 vero
3644 2885 3806 2925 somno

2198 2964 2468 3031 gravatus
2491 2958 2676 3026 valde,
2707 2975 2840 3013 cum
2872 2958 2930 3012 in
2977 2962 3228 3013 stercore
3281 2959 3608 3029 cecidisset,
3638 2960 3805 3013 obdor-

2199 3049 2382 3105 mivit.
2416 3048 2865 3120 Expergefactus
2897 3051 3093 3102 autem
3144 3051 3200 3102 et
3229 3047 3614 3103 contristatus
3640 3049 3733 3102 sub
3752 3046 3805 3100 si-

2196 3138 2374 3194 lentio
2425 3138 2607 3191 dixit:
2676 3136 2735 3192 Si
2794 3134 3035 3207 angelus
3111 3136 3362 3191 suaserit
3440 3137 3705 3199 dormire,
3768 3140 3806 3188 et

2198 3227 2341 3283 mihi
2374 3225 2619 3281 ulterius
2651 3243 2763 3280 non
2798 3224 3107 3281 suadebit:
3142 3227 3298 3297 quod
3341 3226 3485 3280 forte
3521 3225 3730 3279 dicebat
3754 3223 3804 3277 ad

2198 3332 2471 3372 somnum
2496 3318 2598 3370 aut
2618 3316 2688 3371 ad
2713 3316 3058 3383 daemonem,
3080 3315 3177 3386 qui
3204 3316 3500 3370 nitebatur
3524 3317 3693 3371 bonos
3712 3316 3806 3383 ejus

2198 3410 2360 3462 actus
2394 3404 2696 3477 impedire.
2734 3404 2879 3460 Huic
2902 3403 3206 3459 laborandi
3238 3404 3485 3475 quidam
3528 3405 3695 3459 dixit:
3722 3404 3807 3458 Cur

2198 3496 2278 3551 ita
2310 3494 2548 3566 perimis
2580 3510 2792 3566 corpus
2824 3496 2990 3547 tuum
3011 3493 3038 3547 ?
3067 3493 3171 3547 Cui
3196 3492 3292 3547 ille
3318 3510 3329 3548 :
3354 3494 3501 3559 Quia
3522 3491 3806 3563 me,inquit,

2196 3584 2340 3640 illud
2376 3583 2604 3638 occidit.
2641 3583 2827 3653 Hujus
2859 3598 2993 3637 vero
3017 3581 3372 3637 sanctissimi
3406 3581 3669 3637 monachi
3699 3594 3802 3634 con-

2199 3672 2507 3728 tinentiam
2531 3672 2635 3726 tibi
2670 3670 2899 3743 scripsi,
2934 3688 3005 3726 ne
3036 3671 3164 3743 ipsa
3194 3669 3299 3726 tibi
3331 3670 3519 3725 virtus
3547 3669 3721 3743 gravis
3744 3667 3804 3719 vi-

2198 3762 2449 3827 deretur,
2484 3765 2548 3815 ut
2580 3777 2959 3833 cognosceres
2990 3762 3273 3830 quantum
3335 3762 3407 3816 ab
3468 3759 3707 3831 antiquis
3738 3755 3801 3809 vel

2199 3850 2495 3905 modernis
2538 3849 2888 3920 quibusdam
2941 3849 3211 3904 Patribus
3268 3849 3579 3905 distamus.
3610 3844 3801 3902 Audivit

2198 3940 2352 3994 enim
2388 3955 2541 3992 nunc
2575 3938 2873 3993 beatitudo
2926 3942 3046 4008 tua,
3099 3939 3253 4009 quod
3317 3939 3635 3994 Dorotbeus
3676 3932 3799 3991 omni

2199 4044 2350 4082 anno
2381 4028 2704 4082 aediﬁcabat
2736 4026 2971 4095 ccllum,
3003 4031 3059 4082 et
3108 4027 3237 4082 aliis
3291 4028 3546 4083 donabat
3574 4046 3584 4095 ;
3625 4021 3795 4080 audisti

2198 4115 2396 4183 etiam,
2429 4117 2582 4186 quod
2615 4116 2672 4170 in
2704 4115 2851 4171 lecto
2911 4133 3023 4170 non
3078 4116 3337 4185 jacebat,
3395 4120 3452 4171 et
3505 4118 3577 4171 de
3614 4129 3736 4186 pane
3760 4114 3799 4163 et

2199 4222 2351 4276 aqua
2383 4208 2439 4259 et
2471 4204 2667 4259 herbis
2697 4205 2925 4258 vivebat
2957 4221 2969 4270 ;
3012 4221 3125 4258 non
3162 4204 3287 4258 ideo
3342 4204 3451 4259 hoc
3496 4204 3635 4271 dico,
3680 4206 3731 4255 ut
3752 4207 3797 4251 tu

2198 4296 2426 4348 tantum
2461 4293 2662 4357 facias,
2696 4293 2795 4348 sed
2832 4298 2895 4347 ut
2925 4296 2980 4346 te
3011 4292 3308 4359 humilies,
3361 4293 3647 4364 simulque
3681 4288 3797 4343 scias

2200 4399 2375 4453 quam
2410 4398 2683 4454 magnam
2744 4380 3094 4437 abstinentia
3149 4381 3345 4437 Patres
3405 4382 3583 4437 nostri
3624 4378 3795 4434 habue-

2201 4471 2341 4536 rint,
2376 4475 2431 4525 et
2462 4486 2835 4542 nequaquam
2870 4470 3031 4525 cibos
3054 4470 3336 4525 delicatos
3353 4487 3591 4540 quaeras,
3610 4480 3796 4541 praeser-

2198 4560 2303 4613 tim
2333 4576 2465 4613 cum
2498 4560 2558 4613 in
2590 4560 2825 4630 praefato
2858 4559 3005 4615 libro
3034 4560 3103 4615 de
3134 4559 3330 4632 Moyse
3378 4558 3647 4615 monacho
3682 4552 3789 4609 scri-

444 4639 654 4731 steculo
686 4644 1089 4731 recesserunt;
1124 4639 1218 4731 hic
1251 4644 1445 4696 autem
1479 4643 1579 4712 qui
1612 4659 1673 4698 se
1717 4644 1786 4698 ad
1820 4645 2089 4702 obedieno
2126 4668 2167 4731 θ
2198 4654 2366 4720 ptum
2399 4648 2492 4713 sit,
2526 4648 2680 4718 quod
2713 4666 2813 4720 per
2843 4648 3059 4703 multos
3092 4665 3277 4703 annos
3335 4665 3542 4721 panem
3580 4651 3788 4701 tantum-

444 4730 587 4785 tiam
620 4729 801 4799 dedit,
823 4746 1027 4785 omnes
1049 4729 1377 4787 voluntates
1400 4747 1537 4787 suas
1560 4733 1859 4804 abjiciens,
1882 4737 2095 4807 pendet
2127 4729 2155 4731 ﬁ
2204 4737 2375 4791 modo
2407 4736 2742 4807 comederit,
2776 4742 2831 4791 et
2856 4737 3106 4791 multum
3131 4754 3279 4808 opus
3302 4737 3611 4804 fecerit,sex
3638 4736 3787 4788 autem

443 4818 513 4873 ad
539 4823 720 4874 Deum
739 4822 794 4873 et
811 4819 1221 4890 adjussionem
1243 4820 1569 4890 spiritualis
1588 4823 1772 4892 patris
1798 4840 1811 4891 ;
1838 4830 2091 4895 propter-

441 4924 509 4963 ea
535 4908 814 4977 majorem
843 4905 1089 4979 gloriam
1137 4908 1328 4963 habet.
1381 4911 1761 4981 Quapropter,
1819 4928 1850 4966 o
1885 4918 2089 4981 mater,

440 4996 595 5051 bona
623 5001 713 5051 est
741 4996 1067 5051 obedientia
1099 5013 1224 5067 quis
1255 5001 1489 5068 propter
1520 4998 1701 5053 Deum
1736 5001 1818 5054 fit.
1855 5001 2091 5057 Intende

442 5099 601 5155 ergo,
637 5088 840 5149 mater,
872 5084 1102 5140 virtutis
1130 5085 1310 5154 hujus
1343 5085 1577 5156 aliquod
1609 5105 1675 5141 ex
1722 5094 1882 5158 parte
1912 5092 2089 5145 vesti-

2202 4825 2369 4880 annis
2393 4842 2495 4896 per
2524 4829 2705 4879 totam
2742 4831 2970 4881 noctem
2995 4831 3158 4881 stans
3182 4826 3573 4897 oravit,neque
3592 4820 3786 4895 genibus

2200 4914 2520 4979 inclinatis,
2556 4930 2741 4985 neque
2772 4915 2957 4969 oculis
2991 4915 3047 4968 in
3079 4931 3348 4970 somnum
3383 4919 3577 4987 sponte
3598 4908 3784 4967 clausis.

2200 5004 2446 5073 Insuper
2476 5002 2649 5057 etiam
2687 5007 3091 5075 pernoctanter
3122 5003 3409 5059 invisebat
3441 5002 3658 5059 cellulas
3693 5012 3785 5051 mo-

2201 5092 2544 5155 nachorum,
2578 5097 2635 5145 et
2670 5091 2904 5162 lagenas
2935 5091 3301 5161 singulorum
3327 5110 3476 5163 aqua
3496 5085 3784 5160 complebat,
