4008 5388
213 465 322 529 921

1091 470 1532 534 ADMONITIO
1576 468 1680 531 AD
1726 465 2243 532 NONSUINDAM
2287 469 2732 535 RECLUSAM.

3502 471 3622 532 92!

213 601 319 658 bas
338 602 529 658 Zenon
559 600 869 659 ambulans
891 603 1206 675 aliquando
1238 605 1295 660 in
1323 605 1710 670 Palaestinam,
1734 620 1868 658 cum
1898 605 1953 670 Α
1984 603 2185 675 quisti,
2219 611 2275 660 et
2308 623 2408 678 per
2437 607 2672 662 illorum
2705 623 2905 662 curam
2935 607 3037 662 tua
3057 603 3261 671 oratio,
3283 603 3618 676 tuaequela-

215 691 558 761 laborasset,
585 693 818 762 resedit,
849 698 911 747 ut
942 695 1506 764 manducaretjuxta
1527 710 1865 749 cucumera-

213 781 389 834 rium.
425 781 718 835 Suadebat
766 787 959 836 autem
1003 783 1051 836 ei
1103 783 1336 837 animus
1387 801 1530 839 suus
1583 782 1863 837 dicendo:

217 868 379 925 Tolle
411 870 513 924 tibi
546 887 728 924 unum
765 887 1156 939 cucumercm,
1190 877 1246 926 et
1291 873 1599 927 manduca.
1635 873 1738 936 Qui
1772 872 1867 925 in-

217 974 466 1030 crepans
494 959 899 1031 cogitationem
934 978 1103 1016 suam
1155 961 1299 1015 dixit
1348 963 1458 1016 sibi
1502 961 1651 1032 ipsi:
1687 963 1868 1016 Fures

219 1048 289 1103 ad
323 1051 612 1103 tormenta
643 1049 894 1117 vadunt;
928 1050 1110 1122 proba
1158 1067 1294 1121 ergo
1342 1052 1596 1122 teipsum
1648 1051 1705 1104 in
1737 1050 1866 1115 hoc,

219 1137 269 1193 si
301 1141 466 1208 potes
496 1137 645 1193 ferre
672 1139 1069 1193 tormenta.Et
1100 1156 1462 1208 consurgens
1493 1141 1643 1195 sedit
1672 1141 1741 1194 ad
1779 1157 1868 1193 ar-

220 1227 418 1282 dorem
452 1226 592 1282 solis
623 1227 826 1281 diebus
876 1228 1134 1300 quinque
1180 1234 1236 1283 et
1284 1230 1467 1284 dixit:
1504 1229 1561 1284 Si
1601 1230 1868 1284 ardorem

219 1315 360 1372 solis
393 1333 506 1370 non
531 1332 772 1388 possum
806 1317 1066 1383 sutl'erre,
1101 1323 1297 1389 potero
1320 1317 1514 1390 ignem
1541 1324 1821 1373 aeternum
1843 1319 1872 1372 ?

217 1405 287 1460 Et
317 1404 463 1458 dixit
497 1405 566 1458 ad
599 1405 861 1458 animum
897 1422 1104 1459 suum:
1157 1407 1214 1460 Si
1270 1424 1381 1460 non
1432 1413 1593 1480 potes
1644 1413 1873 1476 portare

217 1497 531 1561 tormenta,
587 1511 701 1547 non
755 1494 945 1566 rapias
993 1511 1385 1564 cucumerem,
1436 1503 1491 1550 et
1534 1498 1871 1551 manduces.

216 1583 407 1637 Verba
437 1583 616 1654 igitur
647 1584 793 1637 tanti
824 1583 925 1637 viri
981 1585 1349 1639 considerare
1399 1604 1502 1640 nos
1535 1587 1873 1652 admonent,

217 1676 504 1744 quantum
539 1673 611 1726 ab
642 1672 832 1744 ipsius
877 1674 1313 1729 conversatione
1363 1675 1530 1746 longe
1562 1677 1871 1731 distamus.

219 1763 582 1832 Quapropter
603 1763 1052 1832 perpendamus,
1075 1780 1180 1818 nos
1199 1769 1528 1834 peccatores
1544 1773 1597 1819 et
1613 1764 1876 1819 infirmos

222 1866 351 1906 esse
382 1851 441 1904 in
473 1851 907 1921 comparatione
955 1861 1291 1906 sanctorum
1347 1854 1627 1923 virorum,
1679 1859 1741 1907 ut
1772 1870 1878 1909 nos

225 1940 383 2010 ipsos
415 1954 483 1992 ex
515 1938 746 1993 illorum
781 1940 1005 1994 meritis
1057 1940 1466 2011 despicientos,
1519 1959 1620 2013 per
1649 1943 1876 1997 Domini

223 2027 381 2100 piam
415 2027 872 2084 misericordiam
897 2045 1098 2084 eorum
1123 2031 1482 2086 consortium
1508 2031 1716 2086 habere
1746 2049 1875 2104 pos-

231 2117 438 2173 simus.

481 2207 616 2262 CAP.
649 2207 716 2262 V.
749 2239 817 2247 -—
849 2212 930 2262 De
958 2211 1300 2264 continentia
1329 2210 1629 2265 oculorum.

300 2297 462 2362 Quod
495 2300 689 2352 autem
725 2313 840 2351 non
891 2301 1119 2352 tantum
1169 2297 1229 2352 in
1278 2299 1425 2362 cibo,
1483 2299 1581 2354 sed
1615 2299 1880 2354 etiamin

226 2384 355 2440 visu
401 2384 479 2439 sit
505 2384 884 2450 continentia,
908 2402 1158 2456 sequens
1204 2386 1553 2441 miraculum
1577 2388 1880 2459 apertein-

223 2473 440 2528 sinuat.
474 2473 607 2528 Pior
636 2477 855 2541 autem,
888 2491 1020 2528 cum
1054 2475 1124 2530 de
1167 2475 1340 2529 domo
1372 2475 1556 2547 patris
1587 2477 1656 2530 ad
1692 2475 1880 2548 philo-

223 2562 495 2634 sophiam
557 2563 1016 2618 converSationis
1074 2564 1278 2630 exiret,
1356 2564 1627 2636 promisit
1687 2565 1879 2620 denuo

220 2650 450 2706 nullum
481 2653 948 2724 propinquorum
977 2653 1046 2706 de
1072 2656 1276 2707 caztero
1299 2653 1417 2708 fore
1435 2653 1720 2708 visurum.
1744 2653 1880 2710 Post

220 2740 652 2814 quinquaginta
679 2758 812 2796 vero
845 2759 1052 2811 annos,
1089 2743 1231 2796 dum
1265 2744 1393 2812 ejus
1431 2760 1595 2797 soror
1634 2759 1767 2796 eum
1797 2743 1877 2796 vi-

221 2847 352 2886 vere
377 2835 431 2886 et
453 2830 716 2884 habitare
737 2846 871 2883 eum
899 2829 957 2882 in
985 2845 1179 2884 eremo
1207 2831 1594 2901 cognovisset,
1625 2848 1737 2885 non
1763 2848 1880 2886 ces-

222 2921 414 2983 sabat,
474 2919 656 2972 donec
716 2917 1047 2989 inspiceret.
1117 2919 1301 2982 Quam
1369 2920 1508 2973 dum
1569 2920 1878 2991 episcopus

224 3009 351 3078 ejus
381 3006 514 3072 loci,
538 3007 663 3076 jam
697 3007 1066 3078 grandaevam
1101 3013 1410 3078 prOpterea
1428 3007 1649 3063 videret
1672 3009 1872 3081 affligi,

226 3095 466 3166 scripsit
497 3095 846 3166 praesulibus
894 3096 1096 3162 eremi,
1150 3101 1216 3150 ut
1263 3096 1489 3151 Piorem
1535 3097 1872 3169 dirigerent.

222 3189 297 3239 At
330 3183 446 3251 ille,
481 3184 759 3255 quoniam
793 3189 1164 3240 contemnere
1197 3185 1358 3241 nefas
1379 3186 1875 3257 est,jussionibus

222 3273 521 3328 seniorum
554 3272 830 3328 obediens
861 3277 916 3328 et
949 3291 1261 3329 assumens
1284 3275 1602 3346 quemdam
1625 3275 1782 3330 venit
1801 3278 1872 3331 ad

1979 711 2186 765 cryma:
2222 712 2332 750 non
2371 697 2732 766 minuantur,
2784 713 2854 751 ne
2904 712 3035 751 cum
3082 711 3257 750 uxore
3290 694 3435 749 Loth
3467 698 3621 750 retro

1979 783 2338 855 respiciendo
2397 785 2454 839 in
2506 785 2646 842 salis
2696 786 3047 841 convertaris
3097 787 3373 840 statuam.
3417 783 3623 839 Recole

1980 889 2116 944 ergo
2139 873 2306 928 illum
2331 874 2623 946 Evangelii
2649 875 3024 942 versiculum,
3049 874 3202 946 quod
3226 889 3382 928 nemo
3401 876 3624 929 mittens

1979 979 2206 1017 manum
2237 963 2307 1018 ad
2339 970 2590 1019 aratrum
2621 970 2671 1020 et
2700 967 2992 1037 respiciens
3014 973 3157 1020 retro
3179 971 3336 1035 aptus
3355 966 3427 1018 sit
3449 980 3622 1033 regno

1979 1053 2081 1106 Dei
2111 1055 2260 1123 (Luc.
2296 1071 2372 1119 1x,
2403 1055 2513 1123 6'3).

2232 1144 2359 1198 Cu).
2394 1144 2484 1197 Vl.
2520 1175 2586 1184 —
2616 1146 2689 1200 De
2711 1144 3048 1198 continentia
3070 1144 3374 1199 locutionis.

2058 1233 2262 1287 llortor
2290 1233 2486 1299 etiam,
2538 1238 2602 1288 ut
2632 1233 2688 1286 in
2741 1232 3030 1287 locutione
3077 1231 3158 1287 sis
3206 1232 3528 1298 continens,
3562 1234 3627 1286 ut

1985 1322 2219 1377 assidue
2269 1340 2400 1376 cum
2456 1322 2765 1378 Psalmista
2801 1323 3117 1377 decantes:
3171 1323 3300 1376 Dixi
3329 1321 3629 1377 custodiam

1985 1411 2100 1464 vias
2129 1427 2300 1479 meas,
2329 1415 2384 1464 ut
2417 1428 2522 1466 non
2555 1411 2870 1482 delinquam
2902 1413 2956 1465 in
2991 1413 3186 1479 lingua
3217 1428 3334 1466 mea
3363 1412 3522 1481 posui
3539 1411 3629 1465 ori

1983 1514 2100 1551 meo
2127 1499 2431 1552 custodiam
2471 1500 2644 1564 (Psal.
2699 1516 2930 1562 xxxvm,
2982 1500 3058 1565 ‘3).
3111 1497 3236 1551 Noli
3289 1496 3467 1568 igitur
3496 1495 3627 1550 aliis

1987 1588 2291 1641 detrahere
2319 1607 2330 1654 ;
2365 1592 2656 1642 memento
2689 1591 2910 1658 quanta
2942 1588 3126 1642 Maria
3155 1587 3230 1642 sit
3263 1603 3536 1656 perpessa
3569 1585 3626 1639 in

1990 1693 2201 1745 eremo,
2237 1677 2469 1746 quando
2516 1677 2764 1732 detraxit
2811 1675 2991 1748 Moysi
3045 1693 3207 1730 servo
3258 1675 3356 1728 Dei
3409 1691 3632 1746 suoque

1989 1765 2172 1820 fratri.
2226 1766 2434 1821 Narrat
2482 1766 2637 1821 enim
2689 1765 2954 1830 historia,
3007 1764 3143 1835 quia
3191 1781 3292 1836 pro
3323 1763 3432 1819 hac
3462 1762 3634 1834 culpa

1988 1871 2021 1908 a
2051 1854 2209 1926 lepra
2251 1856 2439 1910 fuerat
2491 1856 2804 1920 maculata,
2855 1859 3194 1927 septemque
3245 1857 3406 1908 extra
3445 1857 3634 1907 castra

1990 1943 2272 1999 manserit
2300 1944 2546 1999 diebus:
2612 1961 2736 2015 quae
2795 1949 3104 2014 postquam
3163 1959 3264 2014 per
3311 1941 3632 1996 orationem

1993 2033 2208 2104 Moysis
2240 2033 2435 2088 fratris
2462 2033 2550 2088 sui
2615 2033 2723 2088 fuit
2751 2050 2780 2087 e
2811 2032 2972 2104 lepra
3007 2031 3308 2086 mundata.
3344 2028 3510 2084 Absit
3536 2045 3634 2082 au-

1994 2126 2204 2189 tem,ut
2227 2139 2294 2177 ex
2317 2121 2648 2194 lingua,per
2669 2138 2845 2193 quam
2870 2119 3272 2175 benedicimus
3293 2117 3632 2183 Dominum,

1991 2210 2125 2266 inde
2156 2210 2580 2266 maledicamus
2607 2216 2708 2265 aut
2741 2210 3122 2265 detrahamus
3155 2206 3436 2280 proximo.
3471 2206 3635 2260 Unde

1991 2299 2385 2356 eradicabitur
2414 2300 2606 2355 omnis
2637 2300 2945 2367 detractor,
2997 2298 3123 2354 sine
3175 2295 3351 2351 dubio
3382 2296 3454 2350 de
3483 2299 3633 2350 coetu

1991 2393 2351 2444 sanctorum.
2377 2389 2522 2460 Ergo
2552 2406 2619 2443 ne
2642 2405 2749 2443 nos
2772 2390 2842 2443 de
2860 2391 3007 2442 cmtu
3028 2389 3363 2443 sanctorum
3381 2383 3634 2440 eradice-

1993 2496 2143 2549 mur,
2179 2477 2584 2533 custodiamus
2608 2495 2640 2532 a
2662 2477 3018 2532 detractione
3044 2475 3306 2546 linguam
3332 2477 3592 2528 nostram
3620 2489 3634 2538 ;

1990 2585 2105 2622 non
2134 2566 2508 2622 detrahemus
2541 2566 2824 2637 proximo,
2866 2581 3041 2636 quem
3083 2562 3365 2635 jubemur
3395 2560 3637 2632 diligere

1989 2656 2142 2710 sicut
2174 2656 2586 2725 nosmetipsos.
2642 2656 2708 2708 Et
2758 2672 2870 2709 non
2919 2658 3152 2708 tantum
3201 2669 3234 2706 a
3281 2649 3637 2706 detractione

1989 2760 2215 2800 cessare
2245 2761 2358 2797 non
2393 2748 2638 2814 oportet,
2693 2743 2792 2797 sed
2842 2743 3016 2797 etiam
3069 2742 3138 2796 ab
3189 2739 3391 2796 otiosis
3422 2738 3634 2804 verbis,

1989 2834 2128 2903 quia
2149 2831 2524 2902 Evangelium
2550 2831 2800 2887 clamat:
2830 2833 2903 2886 De
2925 2831 3076 2886 omni
3097 2831 3252 2884 verbo
3274 2829 3471 2893 otioso,
3497 2828 3638 2898 quod

1989 2923 2158 2976 loc-uti
2184 2921 2399 2992 fuerint
2439 2921 2702 2987 homines,
2748 2921 2976 2975 reddent
3024 2920 3295 2975 rationem
3339 2919 3398 2972 in
3429 2915 3519 2972 die
3539 2918 3637 2989 ju-

1986 3011 2122 3065 dicii
2151 3010 2372 3079 (Matth.
2412 3028 2514 3076 xu,
2547 3011 2660 3081 36).
2692 3010 2928 3066 Otiosus
2976 3025 3109 3064 vero
3161 3024 3352 3064 sermo
3396 3011 3504 3072 est,
3539 3007 3641 3076 qui

1986 3117 2101 3154 non
2126 3099 2194 3153 ad
2224 3099 2403 3168 illius,
2431 3099 2530 3170 qui
2557 3097 2724 3152 illum
2753 3098 2916 3167 dicit,
2940 3113 3042 3152 nec
3068 3097 3138 3152 ad
3177 3095 3360 3162 illius,
3387 3095 3483 3166 qui
3506 3109 3640 3149 eum

1987 3187 2168 3251 audit,
2199 3187 2449 3260 pertinet
2471 3187 2816 3258 profectum.
2840 3185 2973 3241 Noli
3015 3201 3152 3257 ergo
3176 3184 3431 3256 proferre
3447 3184 3643 3254 verba,

1988 3294 2117 3348 qua
2150 3277 2332 3331 risum
2368 3275 2453 3331 vel
2489 3275 2841 3330 cachinnum
2876 3278 3170 3342 moveant,
3219 3272 3318 3328 sed
3352 3271 3540 3343 magis
3570 3272 3643 3326 ad

221 3361 494 3434 patriam.
529 3365 790 3434 Cumque
821 3365 955 3417 ante
1009 3363 1222 3418 domus
1275 3345 1394 3417 suae
1431 3363 1650 3434 januas
1683 3381 1872 3420 acces-
1905 3345 1947 3412 C
1989 3345 2503 3437 compunctionem
2528 3363 3060 3436 ellacrymas,etad
3089 3362 3416 3435 profectum
3434 3360 3642 3415 animas

220 3450 420 3516 sisset,
443 3455 501 3506 et
523 3468 698 3507 suum
729 3451 1063 3507 nuntiasset
1087 3452 1427 3518 adventum,
1466 3452 1731 3507 veniente
1752 3470 1878 3525 ger-

222 3556 398 3595 mana
429 3539 647 3595 clausis
699 3539 884 3594 oculis
942 3540 1124 3595 dixit:
1183 3541 1325 3594 Ecce
1383 3556 1487 3612 ego
1548 3558 1680 3595 sum
1723 3543 1878 3611 Pior,

220 3629 603 3702 quantumvis
636 3634 872 3701 aspectu
928 3630 1162 3684 satiare.
1216 3631 1381 3684 Tunc
1427 3629 1525 3684 illa
1554 3631 1882 3702 gratiﬁcata

220 3719 482 3775 laudavit
512 3723 716 3774 Deum.
749 3724 821 3772 At
862 3717 958 3773 ille
1007 3718 1268 3773 oratione
1318 3719 1470 3773 facta
1497 3720 1772 3774 remeavit
1805 3722 1877 3775 ad

221 3824 507 3878 eremum,
532 3807 631 3862 ubi
651 3807 875 3862 fodiens
898 3824 1114 3878 aquam
1145 3807 1364 3861 invenit
1386 3825 1671 3876 amaram,
1695 3825 1879 3879 eaque

225 3914 370 3953 usus
390 3902 480 3952 est
497 3913 682 3967 usque
700 3896 770 3950 ad
791 3895 1064 3950 ultimum
1081 3895 1208 3949 vita:
1225 3895 1398 3949 diem.
1421 3899 1559 3950 Post
1577 3897 1748 3965 cujus
1761 3897 1879 3950 obi-

222 3990 349 4041 tum
379 3985 578 4040 nullus
601 3984 717 4040 illic
743 3984 1004 4039 habitare
1029 3983 1352 4056 praevaluit.
1374 3984 1488 4054 Ego
1508 3989 1701 4038 autem
1727 4001 1874 4055 reor,

224 4075 364 4147 quia
376 4093 479 4147 per
492 4073 815 4130 orationem
831 4074 958 4144 ejus
975 4074 1045 4128 ad
1063 4090 1202 4129 suos
1215 4090 1359 4129 usus
1378 4073 1607 4128 fecisset
1620 4073 1874 4142 dulcem,

224 4164 364 4218 dum
399 4164 572 4219 etiam
608 4162 747 4218 alibi
782 4180 895 4218 non
929 4165 1255 4217 exstantem
1306 4161 1566 4217 oratione
1597 4163 1878 4218 meruerit

222 4268 516 4308 emanare.
541 4253 688 4308 Nam
712 4269 846 4306 eum
871 4251 1100 4324 Moyses
1119 4255 1174 4306 et
1191 4252 1318 4322 ejus
1338 4251 1610 4306 monachi
1632 4257 1876 4323 puteum

231 4341 548 4414 aliquando
569 4341 854 4407 foderent,
881 4357 985 4396 nec
1018 4357 1226 4395 venam
1250 4339 1510 4412 aliquam
1535 4342 1875 4412 reperirent,

223 4434 279 4484 et
308 4447 423 4485 non
471 4429 730 4501 amplius
772 4429 896 4500 jam
952 4429 1146 4482 fodere
1197 4427 1444 4483 altitudo
1497 4429 1877 4500 permitteret,

223 4519 415 4574 medio
437 4518 529 4574 die
551 4518 891 4590 supervenit
911 4517 1067 4582 Pior,
1097 4521 1152 4572 et
1175 4517 1437 4571 oratione
1466 4518 1616 4572 facta
1636 4519 1876 4573 descen-

223 4609 308 4664 dit
339 4609 398 4664 in
431 4609 679 4676 foveam,
713 4624 968 4678 cumque
1001 4607 1172 4662 tertio
1223 4606 1611 4676 percussisset
1641 4611 1875 4674 terram,

1990 3456 2338 3526 pertineant.
2371 3455 2532 3510 Tuus
2566 3471 2757 3509 sermo
2791 3469 3022 3523 semper
3071 3452 3148 3508 sit
3194 3449 3316 3506 sale
3347 3450 3638 3505 conditus.

1990 3545 2198 3600 Narrat
2227 3544 2474 3599 historia
2502 3543 2818 3614 Tripartita
2849 3558 3103 3612 namque
3143 3543 3426 3595 Amonem
3455 3539 3638 3594 Tabe-

1991 3634 2327 3690 nensiorum
2350 3633 2656 3705 praesulem
2674 3635 2850 3702 atque
2869 3631 3164 3686 Theonem
3182 3629 3503 3684 multorum
3521 3643 3640 3683 mo-

1989 3722 2310 3778 nachorum
2335 3722 2647 3794 praesidem
2673 3721 2853 3775 fuisse
2878 3737 2890 3775 :
2917 3720 3088 3774 ambo
3122 3733 3375 3789 namque
3407 3718 3639 3772 fuerant

1987 3817 2320 3882 operatores
2352 3809 2782 3882 inopilabilium
2825 3826 3044 3875 rerum,
3076 3814 3134 3864 et
3163 3807 3360 3862 divina
3390 3806 3640 3879 pruden-

1986 3900 2068 3954 tia
2090 3900 2508 3971 prophetiaque
2532 3899 2823 3970 completi.
2853 3899 3076 3954 Dicitur
3108 3898 3405 3952 Theonem
3437 3895 3634 3950 erudi-

1987 3993 2110 4043 tum
2143 3987 2637 4060 zEgyptiacorum,
2671 3987 3003 4042 Graacorum
3026 3987 3484 4055 Latinorumque
3507 3989 3630 4038 stu-

1987 4078 2120 4142 diis,
2147 4077 2389 4148 triginta
2413 4093 2598 4130 annos
2629 4075 2905 4130 habuisse
2948 4073 3426 4129 taciturnitatem.
3460 4077 3636 4128 Porro

1988 4183 2020 4221 a
2044 4165 2202 4220 nullo
2225 4164 2530 4220 hominum
2554 4163 2743 4218 visum
2782 4163 3154 4230 irascentem,
3178 4168 3281 4217 aut
3309 4162 3633 4231 jurantem,

1989 4259 2088 4310 aut
2119 4253 2525 4319 mentientem,
2555 4258 2656 4308 aut
2687 4269 2904 4307 vanum
2939 4249 3199 4322 aliquod,
3224 4249 3311 4305 vel
3335 4267 3632 4321 asperum,

1985 4343 2076 4400 vel
2101 4344 2399 4398 infirmum
2423 4341 2735 4414 protulisse
2756 4356 3109 4396 sermonem.
3127 4338 3634 4408 Horumtempori-

1985 4434 2098 4488 bus
2128 4433 2238 4487 fuit
2267 4432 2441 4486 etiam
2487 4430 2676 4486 Helias
2729 4430 3054 4486 monachus
3103 4445 3284 4501 agens
3334 4427 3393 4482 in
3441 4443 3634 4482 eremo

1987 4522 2173 4578 aetatis
2205 4539 2422 4578 annum
2457 4521 2612 4576 circa
2658 4520 3024 4576 centesinum
3078 4525 3252 4591 atque
3299 4517 3631 4583 decimum;

1989 4615 2158 4666 antea
2188 4615 2383 4666 tamen
2416 4627 2560 4681 pene
2592 4609 2966 4681 septuaginta
2997 4610 3167 4664 annis
3214 4606 3374 4664 solus
3402 4605 3544 4661 vixit
3576 4604 3634 4658 in

225 4714 359 4753 mox
388 4697 682 4753 emanavit
711 4713 884 4768 aqua,
918 4711 1172 4767 cumque
1221 4695 1480 4750 oratione
1509 4696 1658 4750 facta
1689 4697 1878 4752 disce-
1908 4714 1956 4780 D
1987 4699 2322 4768 solitudine,
2356 4704 2413 4754 et
2460 4715 2647 4769 usque
2698 4698 2771 4752 ad
2821 4698 2972 4753 hanc
3021 4702 3248 4752 aetatem
3288 4693 3634 4767 jejunando,

223 4786 404 4855 deret,
430 4785 546 4841 illis
568 4801 702 4842 eum
727 4783 1060 4857 petentibus
1085 4788 1149 4839 ut
1172 4782 1259 4838 vel
1286 4800 1355 4839 ex
1393 4801 1546 4856 aqua
1576 4789 1840 4856 gustaret
1865 4804 1876 4842 :

225 4875 308 4930 Ad
331 4875 509 4948 quod,
533 4875 746 4948 inquit,
773 4873 1029 4929 directus
1047 4890 1201 4942 sum,
1230 4878 1285 4928 et
1307 4878 1542 4944 propter
1560 4874 1712 4946 quod
1728 4875 1878 4943 veni,

225 4969 526 5037 peractum
548 4969 657 5021 est.
683 4965 993 5036 Propterea
1016 4979 1170 5027 vero,
1196 4980 1228 5018 ο
1268 4962 1645 5018 sanctissima
1666 4969 1872 5036 mater,

225 5053 344 5108 base
366 5053 470 5108 tibi
494 5055 566 5109 de
605 5054 772 5108 Piore
816 5052 1100 5108 monacho
1143 5052 1376 5124 scripsi,
1403 5057 1468 5107 ut
1493 5053 1742 5124 perfecte
1764 5054 1874 5109 sci-

224 5159 316 5198 res
339 5143 493 5214 quod
549 5142 907 5198 continentia
959 5141 1132 5197 etiam
1159 5141 1217 5195 in
1270 5141 1400 5197 visu
1425 5142 1501 5198 sit
1524 5145 1871 5202 necessaria.

229 5231 448 5266 ΔηΑἶοΗ
485 5248 614 5266 trnnn
639 5246 794 5266 nnnn
843 5247 1016 5266 nnnm
1041 5233 1250 5266 nnnh10
1275 5231 1383 5266 iota
1407 5236 1646 5266 onnnl’nc
1673 5249 1842 5266 mnnu

1991 4786 2360 4859 multumque
2383 4785 2603 4842 silendo
2622 4789 2679 4840 et
2691 4784 2937 4841 viriliter
2949 4785 3346 4841 conversando
3360 4783 3637 4855 pervenit.

1990 4877 2120 4933 Haec
2143 4875 2428 4932 miracula
2453 4875 2654 4930 hortor
2677 4878 2741 4927 ut
2771 4874 3106 4946 frequenter
3144 4872 3327 4946 legas,
3367 4875 3431 4924 ut
3468 4869 3643 4936 scias,

1991 4984 2168 5039 quam
2192 4972 2421 5022 cautam
2451 4963 2509 5018 in
2529 4964 2830 5035 loquendo
2865 4970 2923 5020 te
2944 4976 3071 5018 esse
3112 4965 3394 5032 oporteat.
3422 4957 3648 5012 Audisti

1985 5073 2119 5112 vero
2171 5073 2347 5123 nunc,
2399 5059 2457 5109 et
2508 5058 2572 5108 ut
2627 5057 2800 5124 puto,
2859 5048 3155 5112 memoriae
3207 5043 3650 5106 commendasti,

1988 5145 2142 5218 quod
2191 5143 2572 5201 doctissimus
2625 5147 2981 5207 monachus
3019 5135 3224 5192 Theon
3272 5155 3372 5211 per
3423 5129 3659 5226 triginta

2879 5257 2897 5262 _
2934 5249 2944 5260 .
2965 5227 3169 5262 tam-inn
3187 5226 3364 5262 init."-
3412 5232 3542 5262 num
3560 5230 3668 5260 nn—

1989 5251 2170 5266 nnnnn
2195 5235 2374 5264 ὕλη-,ξι
2402 5228 2820 5264 ιαηῖιιςηπῖθαιλ
