4008 5388
366 378 482 471 923

1671 388 2072 453 ADALGERI
2116 389 2467 454 EPISCOPI

3659 387 3765 450 924

366 516 546 572 dixit:
601 515 758 573 Nihil
807 516 1019 575 melius
1076 522 1165 576 est
1221 538 1396 593 quam
1456 525 1666 587 tacere,
1727 526 1908 594 pater.
1944 524 2011 579 Et
2040 527 2093 592 Α
2125 542 2258 580 mus
2293 542 2470 597 quam
2502 524 2786 597 corporis.
2820 524 3077 580 Ornatus
3114 524 3204 579 est
3250 520 3467 578 mentis
3497 519 3761 593 charitas,

368 605 771 663 dixi:Verum
832 613 941 677 est,
1005 609 1129 677 filii,
1186 616 1329 665 tace.
1396 616 1548 667 liora
1580 617 1771 667 autem
1808 612 2011 667 mortis

368 696 496 763 ejus
528 697 739 752 sedens
789 699 968 754 abbas
1020 700 1276 756 Isidorus
1324 702 1575 773 respexit
1622 702 1682 756 in
1715 702 1924 757 coelum
1957 705 2013 755 et

367 783 542 840 dixit:
584 785 818 855 Laetare,
866 786 966 840 filii
1008 788 1302 854 Zacharia,
1329 790 1469 861 quia
1491 796 1701 861 apertae
1748 788 2012 844 sunttibi

358 873 560 943 janum
592 876 751 943 regni
785 876 1084 931 cmlorum.
1119 878 1315 943 Vides,
1347 896 1377 933 0
1410 879 1782 935 sanctissima
1806 884 2007 945 mater,

367 963 520 1034 quod
554 965 842 1019 Zachariae
895 967 1463 1036 protaciturnitatis
1517 970 1769 1023 maxima
1800 967 2010 1022 virtute

364 1056 576 1122 apertae
600 1055 800 1123 januae
831 1054 979 1109 emli.
1011 1055 1078 1109 Ut
1109 1073 1243 1127 ergo
1276 1062 1331 1111 et
1362 1057 1463 1111 tibi
1496 1058 1851 1127 aperiantur,
1880 1074 2011 1111 ama

362 1147 573 1205 tacere,
609 1142 785 1214 dilige
817 1144 1007 1199 silere.
1050 1146 1183 1215 Legi
1236 1146 1393 1200 enim
1443 1147 1511 1199 de
1560 1147 1814 1217 quodam
1846 1162 2007 1199 servo

364 1230 483 1296 Dei,
513 1232 689 1302 quod,
740 1239 802 1287 ut
852 1234 1309 1289 taciturnitatem
1361 1235 1627 1297 disceret,
1682 1253 1780 1306 per
1812 1236 2008 1305 plures

360 1335 543 1375 annos
574 1321 827 1391 lapidem
861 1322 919 1376 in
957 1340 1052 1377 ore
1085 1341 1190 1377 suo
1222 1325 1551 1394 portaverit.
1574 1325 1869 1379 Admoneo
1895 1325 2007 1378 ita-

360 1425 496 1479 que,
532 1411 817 1466 admoneo
850 1412 1084 1477 iterum,
1119 1417 1183 1467 ut
1214 1412 1474 1484 linguam
1499 1419 1659 1468 tuam
1688 1416 2004 1480 custodias,

364 1496 507 1551 nulli
542 1500 834 1568 detrahas,
868 1501 1085 1555 nemini
1120 1500 1456 1569 maledicas,
1491 1502 1648 1557 nulla
1672 1503 1855 1557 risum
1880 1520 2003 1557 mo-

360 1588 553 1643 ventia
572 1589 745 1643 verba
785 1590 1044 1661 proferas
1072 1610 1084 1658 ;
1112 1591 1300 1663 cogita
1344 1609 1518 1663 quam
1559 1593 1749 1647 brevis
1790 1592 1866 1646 sit
1897 1594 2008 1648 ista

359 1677 496 1742 vita,
521 1681 577 1732 et
604 1694 780 1748 quam
806 1678 1021 1735 misera
1065 1681 1121 1735 in
1156 1682 1586 1752 comparatione
1607 1688 1831 1738 mterna:
1855 1683 2002 1737 vitae.

358 1770 486 1821 Hazc
509 1766 818 1839 cogitando
837 1773 893 1823 et
915 1768 1176 1841 linguam
1200 1775 1357 1825 tuam
1382 1772 1744 1837 refrenando,
1769 1771 2003 1825 imitan-

2122 615 2286 681 ﬁdes,
2312 614 2635 683 humilitas,
2662 615 2912 682 bonitas,
2941 630 3006 669 ac
3028 612 3376 683 benignitas.
3400 613 3479 667 De
3498 611 3593 665 his
3610 628 3763 667 nam-

2122 720 2234 774 que
2260 703 2572 759 virtutibus
2614 720 2779 759 mens
2803 709 3043 757 ornatur
3075 702 3200 757 sine
3222 701 3333 755 ﬁne
3376 717 3519 755 cum
3550 705 3663 755 Deo
3694 701 3764 755 vi-

2121 798 2285 847 ctura
2310 810 2321 848 :
2356 810 2487 847 caro
2510 793 2687 859 enim,
2714 792 2982 863 quamvis
3000 790 3268 863 pretiosis
3284 790 3553 843 vestibus
3572 806 3763 860 coope-

2122 880 2325 948 riatur,
2350 881 2615 952 quamvis
2634 898 2773 935 auro
2792 884 3147 952 argentoque
3164 882 3421 941 ornetur,
3446 876 3599 931 nihil
3617 878 3760 933 aliud

2120 975 2207 1024 est
2231 987 2407 1041 quam
2432 988 2584 1037 caro,
2609 976 2665 1025 et
2687 970 2897 1041 pulvis,
2923 974 2979 1023 et
3004 968 3218 1034 lutum,
3245 972 3301 1021 et
3336 970 3593 1021 stercus.
3625 967 3759 1029 Qua-

2120 1066 2352 1131 propter
2383 1077 2494 1113 non
2529 1075 2880 1130 magnopere
2915 1058 2985 1113 de
3030 1058 3296 1112 vestibus
3326 1070 3609 1127 procura.
3639 1055 3759 1109 Cor—

2119 1166 2228 1220 pus
2252 1150 2488 1203 domare
2512 1149 2828 1214 debemus,
2862 1164 2975 1201 non
3003 1144 3276 1201 balneum
3301 1143 3559 1199 subinde
3583 1146 3759 1214 requi-

2118 1253 2262 1303 rere,
2290 1255 2405 1291 non
2430 1242 2636 1291 ornata
2659 1236 3026 1301 vestimenta,
3049 1234 3186 1305 quia
3202 1234 3251 1288 si
3271 1250 3487 1304 corpus
3506 1237 3756 1287 nostrum

2120 1327 2362 1382 delicate
2386 1328 2704 1389 faveamus,
2732 1326 2956 1380 hostem
2986 1328 3249 1378 nostrum
3276 1322 3758 1377 nutrimusNun-

2118 1433 2290 1487 quam
2320 1416 2474 1471 enim
2500 1417 2779 1486 majorem
2809 1413 3110 1467 inimicum
3142 1416 3335 1484 potest
3359 1412 3543 1466 homo
3568 1410 3758 1465 habere

2116 1522 2291 1576 quam
2327 1522 2573 1577 corpus;
2610 1521 2821 1575 corpus
2854 1502 3008 1557 enim
3044 1501 3219 1555 trahit
3250 1506 3518 1555 mentem
3552 1500 3620 1553 ad
3654 1516 3757 1569 pec-

2115 1596 2388 1659 candum,
2415 1598 2471 1648 et
2494 1593 2620 1647 ideo
2647 1596 2879 1663 propter
2903 1589 3045 1644 illud
3072 1590 3241 1645 debet
3274 1605 3483 1645 servus
3510 1587 3611 1642 Dei
3634 1588 3753 1642 sub-

2107 1685 2381 1756 jugatum
2415 1682 2651 1737 habere.

2486 1777 2617 1827 CAP.
2651 1772 2801 1825 VIII.
2835 1802 2903 1811 -
2936 1772 3010 1825 De
3034 1769 3385 1824 abstinentia.

356 1855 428 1909 do
451 1872 651 1910 eorum
680 1863 895 1924 actum,
921 1876 1170 1930 quorum
1195 1860 1463 1930 superius
1489 1862 1636 1917 facta
1658 1866 1745 1916 est
1765 1860 2002 1927 mentio,
2037 1898 2084 1962 B
2186 1862 2363 1917 Debet
2395 1878 2649 1932 namque
2692 1876 2904 1930 corpus
2956 1858 3135 1929 afﬂigi
3187 1874 3289 1930 per
3320 1856 3751 1921 abstinentiam,

361 1944 486 1999 sine
517 1945 697 2001 dubio
730 1948 799 2001 ad
833 1965 1033 2003 eorum
1066 1953 1449 2017 consortium,
1482 1958 1538 2007 et
1560 1954 1629 2006 ad
1659 1969 1858 2008 eorum
1884 1953 2006 2025 glo-

362 2034 507 2088 riam
534 2035 849 2105 pervenies.
881 2039 1163 2104 Quoniam
1190 2046 1381 2096 autem
1416 2043 1473 2095 in
1501 2042 1696 2096 animo
1745 2048 1842 2097 tuo
1863 2042 2011 2097 mul-

362 2127 487 2178 tum
539 2124 998 2182 taciturnitatem
1049 2128 1309 2185 inculare
1358 2130 1505 2199 volo,
1556 2136 1613 2186 et
1656 2131 1792 2202 quia
1825 2132 2010 2188 multa

361 2211 513 2267 bona
557 2230 732 2284 opera
784 2219 1020 2287 propter
1061 2218 1266 2273 vitium
1315 2219 1527 2291 linguae
1578 2225 1842 2291 pereunt,
1877 2220 2005 2276 ideo

360 2302 551 2357 adhuc
586 2319 765 2358 unam
799 2306 1204 2362 sententiolam
1240 2309 1309 2363 de
1340 2308 1738 2364 taciturnitate
1764 2310 2004 2379 subjan-

356 2407 513 2462 gam.
546 2393 721 2447 Venit
751 2394 809 2447 in
844 2394 1049 2451 itinere
1090 2398 1544 2453 conversationis
1578 2416 1695 2453 suae
1726 2398 2005 2469 Evagrius

356 2480 425 2534 ad
460 2483 775 2551 quemdam
810 2500 1030 2552 senem,
1065 2491 1121 2540 et
1158 2487 1303 2541 dixit
1333 2488 1380 2542 ei
1410 2504 1421 2542 :
1478 2488 1579 2542 Dic
1631 2488 1797 2556 mihi,
1833 2488 2002 2554 abba,

354 2585 708 2636 sermonem,
734 2589 849 2642 quo
876 2572 1073 2629 salvus
1094 2576 1253 2630 fiam.
1280 2575 1379 2631 Ille
1424 2582 1614 2632 autem
1658 2576 1799 2631 dixit
1824 2577 1874 2631 ei
1901 2593 1912 2630 :
1946 2577 2005 2631 Si

352 2657 439 2713 vis
461 2658 654 2713 salvus
682 2660 824 2727 fieri,
849 2664 1082 2733 quando
1104 2665 1174 2719 ad
1201 2664 1454 2736 aliquem
1490 2665 1673 2730 vadis,
1701 2683 1813 2720 non
1840 2666 2004 2736 prius

355 2746 617 2818 loquaris
640 2765 817 2819 quam
840 2749 936 2805 ille
962 2756 1015 2807 te
1038 2752 1312 2824 inquirat.
1345 2754 1626 2827 Evagrius
1669 2755 1727 2809 in
1751 2755 1858 2811 hoc
1880 2771 1999 2810 ser-

358 2854 529 2892 mone
547 2844 935 2911 compunctus
956 2842 1353 2912 pcenitentiam
1374 2845 1493 2916 egit
1509 2845 1563 2899 in
1586 2851 1899 2916 conspectu
1918 2862 2002 2899 se-

356 2926 469 2993 nis,
495 2930 551 2981 et
573 2927 857 2984 satisfecit
878 2929 929 2984 ei
970 2930 1207 2988 dicens:
1251 2934 1428 2988 Crede
1469 2934 1634 3003 mihi,
1662 2932 1876 2988 multos
1899 2950 1997 2988 co-

355 3014 512 3071 dices
537 3015 671 3087 legi,
699 3022 755 3071 et
777 3018 950 3073 talem
969 3020 1357 3077 eruditionem
1377 3039 1677 3093 nunquam
1697 3022 1910 3077 inveni.
1934 3023 1998 3076 Et

353 3104 604 3159 multum
642 3107 950 3177 proﬁciens
1001 3109 1191 3165 exivit.
1245 3112 1325 3165 Ex
1373 3111 1466 3167 his
1514 3112 1669 3166 enim
1718 3111 1929 3181 verbis,
1963 3128 1995 3167 ο

352 3193 728 3250 sanctissima
748 3202 955 3267 mater,
983 3197 1175 3254 lucide
1214 3200 1688 3267 demonstratur;
1716 3201 1885 3255 beata
1908 3203 1996 3254 est

2114 1968 2217 2022 per
2246 1951 2502 2023 vigiliam
2534 1956 2591 2005 et
2620 1967 2722 2021 per
2753 1950 3010 2004 diversos
3059 1948 3283 2013 modos,
3333 1946 3416 2000 ita
3453 1951 3669 2009 tamen,
3700 1950 3753 1998 ut

2115 2058 2348 2112 semper
2370 2058 2544 2096 suum
2568 2039 2826 2095 ofﬁcium
2850 2054 3138 2108 suamque
3161 2034 3561 2091 obedientiam
3588 2034 3753 2105 possit

2114 2131 2409 2203 perﬁcere.
2444 2129 2863 2200 Castigandum
2895 2143 3126 2198 semper
3174 2130 3232 2181 et
3261 2123 3647 2195 afﬂigendum
3677 2126 3749 2178 est

2115 2237 2348 2292 corpus,
2386 2222 2449 2274 ut
2479 2220 2550 2274 ad
2584 2217 2807 2273 malum
2840 2233 2985 2288 opus
3018 2215 3276 2270 animam
3308 2230 3423 2268 non
3463 2212 3674 2276 trahat,
3704 2213 3749 2265 et

2114 2311 2185 2365 ad
2210 2309 2603 2381 peragendum
2630 2308 2851 2363 bonum
2887 2305 2962 2361 sit
3004 2321 3234 2375 semper
3272 2301 3747 2369 idoneum.Nam,

2113 2398 2214 2470 qui
2251 2399 2331 2453 ita
2361 2414 2575 2469 corpus
2609 2400 2883 2465 macerat,
2921 2398 2984 2449 ut
3009 2411 3080 2448 ne
3103 2392 3339 2464 quidem
3366 2392 3595 2445 bonum
3621 2404 3747 2459 opus

2112 2489 2299 2543 facere
2331 2487 2536 2555 valeat,
2569 2483 2941 2540 discretionis
2974 2482 3163 2537 adhuc
3204 2481 3435 2552 ignorat
3470 2480 3747 2533 virtutem.

2113 2576 2185 2631 Ut
2214 2576 2395 2648 igitur
2425 2580 2481 2630 et
2526 2591 2736 2645 corpus
2778 2572 2929 2628 scias
2971 2570 3251 2641 afﬂigere,
3304 2573 3362 2623 et
3411 2572 3744 2638 temperare,

2111 2682 2295 2719 unum
2330 2666 2399 2720 de
2421 2664 2537 2719 vita
2561 2666 2900 2719 sanctorum
2924 2661 3164 2715 Patrum
3190 2658 3380 2713 dicam
3405 2671 3744 2712 sermonem.

2110 2754 2424 2809 Dicebatur
2453 2753 2524 2808 de
2556 2752 2810 2824 quodam
2859 2752 3044 2820 patre,
3090 2747 3247 2818 quod
3296 2745 3438 2799 dum
3470 2741 3743 2799 saecularis

2114 2847 2285 2909 esset,
2311 2847 2368 2897 et
2388 2843 2697 2913 coniugem
2719 2838 3045 2906 habuisset,
3070 2840 3271 2909 postea
3294 2849 3611 2889 conversus
3633 2835 3742 2886 ten-

2112 2932 2348 2987 tabatur
2369 2932 2440 2987 de
2461 2948 2527 2987 ea
2550 2948 2584 2986 a
2625 2930 2857 2985 Satana.
2884 2928 3012 2999 Ipse
3051 2942 3183 2981 vero
3222 2922 3483 2979 narravit
3521 2921 3625 2976 hoc
3652 2937 3737 2991 pa-

2112 3020 2321 3075 tribus.
2352 3019 2456 3083 Qui
2489 3037 2621 3074 cum
2656 3017 2977 3086 audissent,
3011 3014 3150 3086 quia
3177 3012 3481 3085 operarius
3508 3016 3671 3076 esset,
3691 3012 3738 3063 et

2114 3110 2336 3178 majora
2366 3109 2552 3164 facere
2586 3107 2892 3179 potuisset,
2927 3121 3104 3176 quam
3132 3102 3183 3158 ei
3215 3100 3540 3167 dicebatur,
3571 3101 3735 3169 impo-

2112 3202 2357 3252 suerunt
2381 3198 2431 3252 ei
2465 3198 2708 3267 majora,
2735 3198 2799 3250 ut
2829 3192 3234 3249 debilitaretur
3259 3206 3473 3261 corpus
3506 3190 3649 3260 ejus,
3672 3187 3737 3242 ita

353 3282 453 3337 illa
476 3284 690 3350 anima,
719 3302 844 3356 quae
870 3286 1283 3343 taciturnitatis
1324 3291 1585 3360 perfecta:
1624 3289 1798 3344 habet
1820 3289 2000 3343 virtu-
2031 3267 2073 3336 Ο
2113 3290 2178 3341 ut
2199 3303 2434 3359 surgere
2463 3302 2577 3340 non
2601 3289 2817 3356 posset.
2844 3287 2953 3337 Deo
2986 3286 3181 3336 autem
3205 3278 3603 3350 dispensante,
3629 3275 3738 3346 gui-

360 3375 503 3427 tem.
529 3373 713 3438 Dilige
735 3374 885 3429 hanc
903 3376 1197 3447 virtutem,
1224 3377 1454 3447 posside
1478 3377 1583 3432 hoc
1606 3378 1846 3443 donum,
1878 3393 2009 3432 con-

366 3477 531 3517 serva
552 3461 701 3517 hanc
725 3465 1121 3535 margaritam.
1172 3467 1504 3521 Amandum
1537 3472 1625 3521 est
1664 3483 1798 3538 ergo
1830 3466 2005 3521 silen-

365 3550 534 3619 tium,
561 3553 698 3623 quia
715 3570 817 3624 per
836 3552 893 3607 id
916 3553 1218 3610 humilitas
1237 3555 1515 3621 nutritur,
1542 3555 1807 3627 lacrymae
1829 3555 2008 3627 glori-

366 3642 636 3705 antur,ad
652 3646 974 3697 extremum
992 3643 1177 3699 multa
1190 3643 1345 3699 mala
1358 3661 1459 3715 per
1472 3644 2005 3699 illuddeclinantur.

606 3728 739 3784 CAP.
772 3730 893 3784 VII.
928 3760 995 3769 ——
1026 3732 1100 3785 De
1139 3734 1475 3787 continentia
1514 3734 1757 3787 vestitus.

429 3818 586 3872 Sciat
608 3817 858 3888 denique
879 3819 1177 3873 beatitudo
1202 3824 1323 3889 tua,
1350 3836 1381 3874 ο
1405 3821 1780 3877 sanctissima
1802 3826 2006 3890 mater,

363 3906 516 3977 quod
542 3906 599 3959 in
624 3906 987 3962 vestimentis
1008 3908 1084 3962 sit
1100 3909 1458 3964 continentia
1473 3909 1640 3965 valde
1658 3911 2006 3966 necessaria.

366 3995 515 4049 Sunt
543 3996 719 4051 etiam
753 3996 942 4065 multi,
980 3998 1080 4069 qui
1113 4004 1341 4069 putant,
1374 3999 1525 4069 quod
1552 4000 1846 4071 appetitus
1878 4017 2007 4071 pre-

370 4084 653 4140 tiosarum
685 4086 935 4142 vestium
966 4093 1267 4159 peccatum
1292 4105 1406 4142 non
1430 4089 1524 4143 sit.
1551 4091 1711 4154 Quod
1737 4090 1785 4144 si
1809 4106 2008 4161 pecca-

367 4178 492 4228 tum
534 4191 649 4229 non
690 4175 919 4245 fuisset,
970 4193 1342 4249 nequaquam
1394 4179 1676 4234 Dominus
1724 4180 2008 4234 Joannem

366 4264 437 4318 de
459 4264 769 4335 asperitate
790 4266 1119 4321 vestimenti
1145 4266 1234 4321 sui
1256 4265 1557 4321 laudasset
1579 4293 1591 4334 ;
1612 4268 1860 4322 aitenim
1888 4274 2009 4322 tur-

365 4351 455 4406 bis
483 4371 495 4408 :
524 4354 662 4421 Quzd
684 4356 874 4409 existis
896 4358 957 4410 in
979 4357 1260 4411 desertum
1298 4356 1487 4411 videre
1508 4362 1533 4410 Ρ
1574 4356 1847 4411 hominem
1867 4359 2007 4412 mol-

365 4444 509 4497 libus
532 4445 785 4497 vestitum
807 4447 830 4496 .9
849 4461 964 4499 ecce
986 4447 1082 4515 qui
1120 4444 1383 4501 mollibus
1404 4448 1728 4511 vestiuntur,
1754 4448 1813 4501 in
1834 4447 2008 4502 domi-

367 4532 465 4586 bus
494 4547 687 4601 regum
717 4540 847 4586 sunt
870 4534 1022 4601 (Luc.
1056 4552 1159 4599 vn,
1206 4535 1318 4603 25).
1366 4538 1621 4589 Joannes
1653 4550 1788 4606 ergo
1820 4534 2010 4590 molli-

2116 3377 2251 3430 dam
2276 3376 2617 3447 peregrinus
2641 3372 2895 3441 advenit,
2920 3375 2977 3426 et
2992 3368 3371 3442 pertransivit
3389 3366 3597 3423 cellam
3612 3366 3739 3434 ejus,

2118 3466 2419 3520 admirans
2448 3464 2739 3535 quomodo
2774 3477 2943 3516 nemo
2983 3474 3256 3531 egressus
3287 3461 3443 3512 esset
3472 3457 3531 3511 in
3565 3469 3741 3510 occur-

2119 3572 2250 3609 sum
2284 3555 2431 3625 ejus.
2466 3555 2534 3607 Et
2577 3567 2843 3607 reversus
2893 3542 3456 3621 pulsabat‘dicens:
3509 3545 3589 3599 Ne
3618 3545 3741 3598 forte

2119 3644 2320 3713 fruter,
2348 3642 2445 3713 qui
2470 3642 2526 3695 in
2553 3658 2621 3695 ea
2660 3640 2903 3703 habitat,
2946 3637 3297 3691 inﬁrmetur.
3340 3634 3603 3697 Quicum
3634 3629 3742 3702 pul-

2119 3737 2308 3788 sasset
2330 3736 2437 3801 ter,
2463 3730 2720 3797 intravit,
2746 3732 2802 3783 et
2824 3726 3047 3783 invenit
3066 3741 3202 3780 eum
3238 3722 3415 3778 nimis
3440 3723 3741 3783 inﬁrmum,

2119 3828 2174 3877 et
2197 3821 2311 3876 dixi
2339 3820 2427 3876 ei:
2474 3819 2620 3885 Quid
2671 3818 2873 3886 habes,
2916 3814 3127 3888 pater?
3176 3817 3246 3868 Et
3283 3813 3574 3868 enarravit
3594 3810 3637 3866 ei
3668 3808 3740 3863 di-

2120 3926 2294 3965 cens:
2332 3910 2446 3980 Ego
2480 3909 2550 3963 de
2598 3906 2862 3962 saaculari
2906 3904 3025 3958 vita
3070 3920 3224 3969 sum,
3277 3906 3334 3956 et
3364 3900 3637 3956 sollicitat
3665 3912 3739 3951 me

2120 4000 2294 4054 modo
2317 3998 2592 4053 inimicus
2616 4013 2780 4051 meus
2813 3995 2883 4049 de
2913 4009 3090 4049 uxore
3120 4008 3269 4059 mea,
3302 3994 3359 4045 et
3404 3987 3625 4045 narravi
3654 4002 3739 4058 pa-

2120 4088 2331 4147 tribus,
2367 4093 2424 4141 et
2468 4086 2876 4156 imposuerunt
2900 4082 3043 4137 mihi
3068 4097 3245 4136 onera
3265 4078 3494 4134 diversa
3518 4096 3532 4146 ;
3554 4082 3607 4133 et
3625 4090 3735 4131 eum

2120 4176 2364 4248 implere
2386 4174 2590 4231 vellem
2608 4175 2801 4243 jussa,
2826 4171 3029 4235 defeci,
3053 4173 3110 4225 et
3130 4173 3325 4224 tamen
3349 4167 3624 4223 stimulus
3644 4179 3739 4218 cre-

2121 4265 2249 4322 scit.
2291 4264 2550 4319 Audiens
2576 4266 2770 4317 autem
2796 4261 2915 4315 haec
2957 4275 3153 4328 senex,
3194 4257 3570 4312 contristatus
3591 4258 3670 4310 est
3693 4255 3739 4306 et

2122 4354 2304 4410 dixit:
2343 4353 2644 4424 Siquidem
2677 4354 2870 4422 patres
2901 4353 2956 4404 et
2986 4347 3183 4419 magni
3212 4346 3320 4402 viri
3352 4346 3498 4402 bene
3528 4344 3626 4400 tibi
3649 4344 3735 4396 im-

2122 4447 2444 4516 posuerunt
2465 4458 2660 4509 onera,
2687 4440 2902 4511 quibus
2924 4436 3184 4510 gravaris
3212 4461 3226 4502 ;
3250 4436 3350 4492 sed
3373 4436 3420 4491 si
3448 4451 3537 4490 me
3559 4445 3735 4506 parvu-

2122 4532 2246 4587 lum
2280 4531 2482 4587 audire
2512 4529 2787 4600 volueris,
2820 4529 2934 4583 cito
2964 4525 3266 4582 inveniens
3290 4525 3566 4596 requiem.
3590 4523 3737 4575 Sume

368 4623 479 4676 bus
502 4621 746 4676 vestitus
770 4628 1013 4693 negatur
1039 4639 1050 4676 :
1084 4623 1219 4693 quia
1242 4622 1342 4693 qui
1368 4621 1644 4678 mollibus
1672 4626 2011 4693 vestiuntar,
2046 4639 2089 4702 D
2123 4638 2363 4693 parvum
2396 4621 2591 4675 cibum
2624 4619 2683 4672 in
2714 4622 2974 4688 tempore
2999 4632 3127 4681 suo,
3160 4618 3217 4669 et
3246 4612 3584 4685 recolligens
3609 4608 3734 4663 vires

369 4711 556 4781 magis
589 4717 816 4765 terreno
849 4712 967 4783 regi
1000 4712 1258 4766 serviunt
1291 4729 1464 4782 quam
1498 4711 1736 4767 cmlesti.
1760 4714 2013 4769 Joannes

367 4799 521 4855 enim
546 4800 770 4871 primus
792 4801 925 4854 Novi
947 4802 1303 4855 Testamenti
1327 4802 1647 4856 monachus
1666 4802 1800 4873 pilis
1818 4820 2009 4859 came-

369 4888 561 4943 lorum
610 4889 853 4943 indutus
885 4889 1067 4944 fuisse
1098 4890 1329 4961 legitur.
1382 4890 1435 4944 Si
1470 4891 1583 4961 ille,
1616 4891 1715 4961 qui
1756 4891 1812 4945 in
1848 4897 2011 4947 utero

367 4977 574 5032 matris
606 4977 1009 5033 sanctificatus
1041 4978 1169 5049 fuit,
1204 4984 1261 5033 et
1290 4978 1416 5033 ideo
1460 4979 1712 5034 multum
1742 4980 2011 5035 amabilis

367 5072 541 5102 cinna
565 5065 812 5102 Hilonfnu
837 5067 1050 5102 cavati!”
1103 5069 1198 5102 nni
1223 5068 1327 5102 fuit
1353 5085 1521 5102 "anno
1544 5068 1817 5102 ηνυ-κηῖποιη
1837 5070 2007 5102 anm

2122 4716 2255 4765 tuas
2291 4711 2379 4764 fac
2410 4706 2844 4779 aliquantulum
2887 4722 3032 4776 opus
3064 4701 3185 4770 Dei,
3220 4708 3277 4757 et
3302 4703 3462 4773 jacta
3500 4702 3555 4755 in
3577 4700 3727 4754 Deum

2122 4799 2437 4871 cogitatum
2456 4803 2647 4865 tuum,
2666 4796 2822 4867 quod
2841 4795 2957 4849 tuis
2975 4792 3275 4849 laboribus
3292 4792 3440 4847 hanc
3459 4791 3731 4862 impugna-

2120 4887 2338 4943 tionem
2362 4903 2476 4941 non
2501 4885 2716 4957 poteris
2743 4899 3037 4956 superare.
3078 4883 3299 4952 Corpus
3320 4882 3729 4946 enimnostrum

2120 4976 2279 5031 velut
2300 4975 2709 5030 vestimentum
2732 4977 2821 5029 est
2844 4992 2857 5041 ;
2884 4973 2932 5028 si
2955 4988 3088 5026 cum
3114 4970 3463 5026 discretione
3485 4968 3615 5024 illud
3634 4970 3727 5020 tra-

2121 5064 2363 5102 ntovnriu
2409 5064 2582 5102 cicini}
2632 5063 2677 5102 αἱ
2705 5067 2895 5102 nntom
2922 5076 3053 5102 nnm
3076 5057 3618 5102 dianntinnenmnin
3635 5068 3727 5102 non
