  <div class='ocr_page' id='page_1' title='image "/cluster/home/n/w/nwhite01/storage/ocr_20150623/134/hvd.32044015471741/462.png"; bbox 0 0 4008 5388; ppageno 0'>
   <div class='ocr_carea' id='block_1_1' title="bbox 239 390 355 472">
    <p class='ocr_par' dir='ltr' id='par_1_1' title="bbox 239 390 355 472">
     <span class='ocr_line' id='line_1_1' title="bbox 239 390 355 472; baseline 0.017 -22"><span class='ocrx_word' id='word_1_1' title='bbox 239 390 355 472; x_wconf 78' lang='lat'>929</span> 
     </span>
    </p>
   </div>
   <div class='ocr_carea' id='block_1_2' title="bbox 1117 391 2759 460">
    <p class='ocr_par' dir='ltr' id='par_1_2' title="bbox 1117 391 2759 460">
     <span class='ocr_line' id='line_1_2' title="bbox 1117 391 2759 460; baseline 0.003 -9"><span class='ocrx_word' id='word_1_2' title='bbox 1117 391 1553 456; x_wconf 83' lang='lat' dir='ltr'>ADMONITIO</span> <span class='ocrx_word' id='word_1_3' title='bbox 1599 397 1701 457; x_wconf 87' lang='lat' dir='ltr'>AD</span> <span class='ocrx_word' id='word_1_4' title='bbox 1748 396 2265 459; x_wconf 81' lang='lat' dir='ltr'>NONSUI-N-DAM</span> <span class='ocrx_word' id='word_1_5' title='bbox 2314 396 2759 460; x_wconf 78' lang='lat' dir='ltr'>RECLUSAM.</span> 
     </span>
    </p>
   </div>
   <div class='ocr_carea' id='block_1_3' title="bbox 3521 401 3643 462">
    <p class='ocr_par' dir='ltr' id='par_1_3' title="bbox 3521 401 3643 462">
     <span class='ocr_line' id='line_1_3' title="bbox 3521 401 3643 462; baseline -0.016 0"><span class='ocrx_word' id='word_1_6' title='bbox 3521 401 3643 462; x_wconf 82' lang='lat'>930</span> 
     </span>
    </p>
   </div>
   <div class='ocr_carea' id='block_1_4' title="bbox 237 521 3637 602">
    <p class='ocr_par' dir='ltr' id='par_1_4' title="bbox 237 521 3637 602">
     <span class='ocr_line' id='line_1_4' title="bbox 237 521 3637 602; baseline 0.004 -24"><span class='ocrx_word' id='word_1_7' title='bbox 237 521 1283 585; x_wconf 72' lang='lat' dir='ltr'>musadabbatemJoannemDeiude</span> <span class='ocrx_word' id='word_1_8' title='bbox 1311 527 1578 584; x_wconf 88' lang='lat' dir='ltr'>sedentes</span> <span class='ocrx_word' id='word_1_9' title='bbox 1605 530 1888 601; x_wconf 75' lang='lat' dir='ltr'>cmpimus</span> <span class='ocrx_word' id='word_1_10' title='bbox 1916 531 1973 598; x_wconf 83' lang='grc' dir='ltr'><strong>Α</strong></span> <span class='ocrx_word' id='word_1_11' title='bbox 2002 529 2234 598; x_wconf 88' lang='lat' dir='ltr'>benda;</span> <span class='ocrx_word' id='word_1_12' title='bbox 2288 536 2490 586; x_wconf 87' lang='lat' dir='ltr'>contra</span> <span class='ocrx_word' id='word_1_13' title='bbox 2537 530 2900 586; x_wconf 80' lang='lat' dir='ltr'>iracundiam</span> <span class='ocrx_word' id='word_1_14' title='bbox 2954 546 3086 584; x_wconf 86' lang='lat' dir='ltr'>vero</span> <span class='ocrx_word' id='word_1_15' title='bbox 3137 530 3448 602; x_wconf 74' lang='lat' dir='ltr'>patientia;</span> <span class='ocrx_word' id='word_1_16' title='bbox 3499 552 3637 591; x_wconf 87' lang='lat' dir='ltr'>con-</span> 
     </span>
    </p>
   </div>
   <div class='ocr_carea' id='block_1_5' title="bbox 234 611 1883 684">
    <p class='ocr_par' dir='ltr' id='par_1_5' title="bbox 234 611 1883 684">
     <span class='ocr_line' id='line_1_5' title="bbox 234 611 1883 684; baseline 0.004 -17"><span class='ocrx_word' id='word_1_17' title='bbox 234 611 396 683; x_wconf 89' lang='lat' dir='ltr'>loqui</span> <span class='ocrx_word' id='word_1_18' title='bbox 449 611 520 667; x_wconf 91' lang='lat' dir='ltr'>de</span> <span class='ocrx_word' id='word_1_19' title='bbox 565 611 789 668; x_wconf 84' lang='lat' dir='ltr'>visione</span> <span class='ocrx_word' id='word_1_20' title='bbox 839 629 1014 684; x_wconf 90' lang='lat' dir='ltr'>quam</span> <span class='ocrx_word' id='word_1_21' title='bbox 1079 614 1320 670; x_wconf 82' lang='lat' dir='ltr'>viderat.</span> <span class='ocrx_word' id='word_1_22' title='bbox 1373 616 1653 672; x_wconf 81' lang='lat' dir='ltr'>Dicebant</span> <span class='ocrx_word' id='word_1_23' title='bbox 1707 618 1883 674; x_wconf 90' lang='lat' dir='ltr'>etiam</span> 
     </span>
    </p>
   </div>
   <div class='ocr_carea' id='block_1_6' title="bbox 234 701 1885 777">
    <p class='ocr_par' dir='ltr' id='par_1_6' title="bbox 234 701 1885 777">
     <span class='ocr_line' id='line_1_6' title="bbox 234 701 1885 777; baseline 0.004 -21"><span class='ocrx_word' id='word_1_24' title='bbox 234 701 304 757; x_wconf 91' lang='lat' dir='ltr'>de</span> <span class='ocrx_word' id='word_1_25' title='bbox 335 701 544 756; x_wconf 82' lang='lat' dir='ltr'>abbate</span> <span class='ocrx_word' id='word_1_26' title='bbox 591 701 810 773; x_wconf 87' lang='lat' dir='ltr'>Sysoio,</span> <span class='ocrx_word' id='word_1_27' title='bbox 844 703 981 772; x_wconf 86' lang='lat' dir='ltr'>quia</span> <span class='ocrx_word' id='word_1_28' title='bbox 1013 719 1124 756; x_wconf 90' lang='lat' dir='ltr'>non</span> <span class='ocrx_word' id='word_1_29' title='bbox 1176 703 1287 759; x_wconf 89' lang='lat' dir='ltr'>cito</span> <span class='ocrx_word' id='word_1_30' title='bbox 1319 705 1631 777; x_wconf 81' lang='lat' dir='ltr'>deponeret</span> <span class='ocrx_word' id='word_1_31' title='bbox 1676 725 1885 762; x_wconf 88' lang='lat' dir='ltr'>manus</span> 
     </span>
    </p>
   </div>
   <div class='ocr_carea' id='block_1_7' title="bbox 232 790 1886 866">
    <p class='ocr_par' dir='ltr' id='par_1_7' title="bbox 232 790 1886 866">
     <span class='ocr_line' id='line_1_7' title="bbox 232 790 1886 866; baseline 0.003 -21"><span class='ocrx_word' id='word_1_32' title='bbox 232 807 368 845; x_wconf 90' lang='lat' dir='ltr'>suas</span> <span class='ocrx_word' id='word_1_33' title='bbox 395 811 409 858; x_wconf 71' lang='grc' dir='ltr'><strong>ς</strong></span> <span class='ocrx_word' id='word_1_34' title='bbox 435 790 668 861; x_wconf 87' lang='lat' dir='ltr'>quando</span> <span class='ocrx_word' id='word_1_35' title='bbox 697 791 890 845; x_wconf 82' lang='lat' dir='ltr'>stabat</span> <span class='ocrx_word' id='word_1_36' title='bbox 912 792 981 846; x_wconf 89' lang='lat' dir='ltr'>ad</span> <span class='ocrx_word' id='word_1_37' title='bbox 1017 791 1698 866; x_wconf 87' lang='lat' dir='ltr'>orationem,rapiebatur</span> <span class='ocrx_word' id='word_1_38' title='bbox 1721 813 1886 851; x_wconf 90' lang='lat' dir='ltr'>mens</span> 
     </span>
    </p>
   </div>
   <div class='ocr_carea' id='block_1_8' title="bbox 232 879 1884 956">
    <p class='ocr_par' dir='ltr' id='par_1_8' title="bbox 232 879 1884 956">
     <span class='ocr_line' id='line_1_8' title="bbox 232 879 1884 956; baseline 0.004 -22"><span class='ocrx_word' id='word_1_39' title='bbox 232 881 360 950; x_wconf 83' lang='lat' dir='ltr'>ejus</span> <span class='ocrx_word' id='word_1_40' title='bbox 391 879 448 934; x_wconf 91' lang='lat' dir='ltr'>in</span> <span class='ocrx_word' id='word_1_41' title='bbox 483 879 978 952; x_wconf 88' lang='lat' dir='ltr'>superioribus.Si</span> <span class='ocrx_word' id='word_1_42' title='bbox 1011 886 1206 937; x_wconf 89' lang='lat' dir='ltr'>autem</span> <span class='ocrx_word' id='word_1_43' title='bbox 1235 884 1628 956; x_wconf 87' lang='lat' dir='ltr'>contingebat,</span> <span class='ocrx_word' id='word_1_44' title='bbox 1657 885 1884 956; x_wconf 87' lang='lat' dir='ltr'>aliquos</span> 
     </span>
    </p>
   </div>
   <div class='ocr_carea' id='block_1_9' title="bbox 231 969 1887 1045">
    <p class='ocr_par' dir='ltr' id='par_1_9' title="bbox 231 969 1887 1045">
     <span class='ocr_line' id='line_1_9' title="bbox 231 969 1887 1045; baseline 0.004 -22"><span class='ocrx_word' id='word_1_45' title='bbox 231 969 477 1024; x_wconf 74' lang='lat' dir='ltr'>fratrum</span> <span class='ocrx_word' id='word_1_46' title='bbox 549 986 682 1024; x_wconf 90' lang='lat' dir='ltr'>cum</span> <span class='ocrx_word' id='word_1_47' title='bbox 732 985 796 1024; x_wconf 91' lang='lat' dir='ltr'>eo</span> <span class='ocrx_word' id='word_1_48' title='bbox 849 987 1031 1040; x_wconf 91' lang='lat' dir='ltr'>orare,</span> <span class='ocrx_word' id='word_1_49' title='bbox 1080 971 1392 1027; x_wconf 84' lang='lat' dir='ltr'>festinabat</span> <span class='ocrx_word' id='word_1_50' title='bbox 1441 974 1551 1028; x_wconf 91' lang='lat' dir='ltr'>cito</span> <span class='ocrx_word' id='word_1_51' title='bbox 1602 975 1887 1045; x_wconf 86' lang='lat' dir='ltr'>deponere</span> 
     </span>
    </p>
   </div>
   <div class='ocr_carea' id='block_1_10' title="bbox 232 1064 1886 1132">
    <p class='ocr_par' dir='ltr' id='par_1_10' title="bbox 232 1064 1886 1132">
     <span class='ocr_line' id='line_1_10' title="bbox 232 1064 1886 1132; baseline 0.004 -20"><span class='ocrx_word' id='word_1_52' title='bbox 232 1074 444 1112; x_wconf 90' lang='lat' dir='ltr'>manus</span> <span class='ocrx_word' id='word_1_53' title='bbox 477 1074 636 1124; x_wconf 86' lang='lat' dir='ltr'>suas,</span> <span class='ocrx_word' id='word_1_54' title='bbox 657 1076 729 1113; x_wconf 90' lang='lat' dir='ltr'>ne</span> <span class='ocrx_word' id='word_1_55' title='bbox 760 1065 1060 1130; x_wconf 80' lang='lat' dir='ltr'>raperetur</span> <span class='ocrx_word' id='word_1_56' title='bbox 1091 1077 1257 1116; x_wconf 90' lang='lat' dir='ltr'>mens</span> <span class='ocrx_word' id='word_1_57' title='bbox 1289 1064 1437 1132; x_wconf 74' lang='lat' dir='ltr'>ejus,</span> <span class='ocrx_word' id='word_1_58' title='bbox 1457 1068 1514 1117; x_wconf 92' lang='lat' dir='ltr'>et</span> <span class='ocrx_word' id='word_1_59' title='bbox 1545 1069 1886 1118; x_wconf 84' lang='lat' dir='ltr'>moreretur.</span> 
     </span>
    </p>
   </div>
   <div class='ocr_carea' id='block_1_11' title="bbox 230 1145 1888 1222">
    <p class='ocr_par' dir='ltr' id='par_1_11' title="bbox 230 1145 1888 1222">
     <span class='ocr_line' id='line_1_11' title="bbox 230 1145 1888 1222; baseline 0.004 -22"><span class='ocrx_word' id='word_1_60' title='bbox 230 1146 470 1202; x_wconf 82' lang='lat' dir='ltr'>Dicebat</span> <span class='ocrx_word' id='word_1_61' title='bbox 498 1147 671 1202; x_wconf 91' lang='lat' dir='ltr'>etiam</span> <span class='ocrx_word' id='word_1_62' title='bbox 707 1145 858 1201; x_wconf 89' lang='lat' dir='ltr'>alius</span> <span class='ocrx_word' id='word_1_63' title='bbox 886 1164 1078 1218; x_wconf 87' lang='lat' dir='ltr'>senex,</span> <span class='ocrx_word' id='word_1_64' title='bbox 1113 1149 1251 1219; x_wconf 89' lang='lat' dir='ltr'>quia</span> <span class='ocrx_word' id='word_1_65' title='bbox 1279 1149 1518 1222; x_wconf 84' lang='lat' dir='ltr'>assidua</span> <span class='ocrx_word' id='word_1_66' title='bbox 1562 1152 1743 1207; x_wconf 86' lang='lat' dir='ltr'>oratio</span> <span class='ocrx_word' id='word_1_67' title='bbox 1775 1153 1888 1207; x_wconf 88' lang='lat' dir='ltr'>cito</span> 
     </span>
    </p>
   </div>
   <div class='ocr_carea' id='block_1_12' title="bbox 231 1235 1890 1313">
    <p class='ocr_par' dir='ltr' id='par_1_12' title="bbox 231 1235 1890 1313">
     <span class='ocr_line' id='line_1_12' title="bbox 231 1235 1890 1313; baseline 0.003 -23"><span class='ocrx_word' id='word_1_68' title='bbox 231 1235 469 1307; x_wconf 82' lang='lat' dir='ltr'>corrigit</span> <span class='ocrx_word' id='word_1_69' title='bbox 519 1240 792 1291; x_wconf 87' lang='lat' dir='ltr'>mentem.</span> <span class='ocrx_word' id='word_1_70' title='bbox 845 1235 1082 1291; x_wconf 88' lang='lat' dir='ltr'>Dicebat</span> <span class='ocrx_word' id='word_1_71' title='bbox 1128 1237 1365 1308; x_wconf 90' lang='lat' dir='ltr'>quidam</span> <span class='ocrx_word' id='word_1_72' title='bbox 1423 1246 1698 1310; x_wconf 90' lang='lat' dir='ltr'>patrum:</span> <span class='ocrx_word' id='word_1_73' title='bbox 1751 1242 1890 1313; x_wconf 86' lang='lat' dir='ltr'>quia</span> 
     </span>
    </p>
   </div>
   <div class='ocr_carea' id='block_1_13' title="bbox 231 1324 1891 1402">
    <p class='ocr_par' dir='ltr' id='par_1_13' title="bbox 231 1324 1891 1402">
     <span class='ocr_line' id='line_1_13' title="bbox 231 1324 1891 1402; baseline 0.003 -22"><span class='ocrx_word' id='word_1_74' title='bbox 231 1325 388 1380; x_wconf 86' lang='lat' dir='ltr'>sicut</span> <span class='ocrx_word' id='word_1_75' title='bbox 416 1324 780 1397; x_wconf 88' lang='lat' dir='ltr'>impossibile</span> <span class='ocrx_word' id='word_1_76' title='bbox 810 1331 983 1394; x_wconf 88' lang='lat' dir='ltr'>esl,ut</span> <span class='ocrx_word' id='word_1_77' title='bbox 1005 1327 1194 1381; x_wconf 85' lang='lat' dir='ltr'>videat</span> <span class='ocrx_word' id='word_1_78' title='bbox 1224 1328 1357 1398; x_wconf 88' lang='lat' dir='ltr'>quis</span> <span class='ocrx_word' id='word_1_79' title='bbox 1389 1327 1446 1382; x_wconf 91' lang='lat' dir='ltr'>in</span> <span class='ocrx_word' id='word_1_80' title='bbox 1479 1346 1630 1402; x_wconf 89' lang='lat' dir='ltr'>aqua</span> <span class='ocrx_word' id='word_1_81' title='bbox 1655 1330 1891 1385; x_wconf 89' lang='lat' dir='ltr'>turbida</span> 
     </span>
    </p>
   </div>
   <div class='ocr_carea' id='block_1_14' title="bbox 233 1415 1892 1490">
    <p class='ocr_par' dir='ltr' id='par_1_14' title="bbox 233 1415 1892 1490">
     <span class='ocr_line' id='line_1_14' title="bbox 233 1415 1892 1490; baseline 0.003 -22"><span class='ocrx_word' id='word_1_82' title='bbox 233 1415 436 1469; x_wconf 83' lang='lat' dir='ltr'>faciem</span> <span class='ocrx_word' id='word_1_83' title='bbox 471 1431 680 1481; x_wconf 88' lang='lat' dir='ltr'>suam;</span> <span class='ocrx_word' id='word_1_84' title='bbox 715 1415 799 1469; x_wconf 90' lang='lat' dir='ltr'>sic</span> <span class='ocrx_word' id='word_1_85' title='bbox 830 1422 886 1468; x_wconf 89' lang='lat' dir='ltr'>et</span> <span class='ocrx_word' id='word_1_86' title='bbox 933 1415 1148 1480; x_wconf 89' lang='lat' dir='ltr'>anima,</span> <span class='ocrx_word' id='word_1_87' title='bbox 1181 1432 1306 1487; x_wconf 73' lang='lat' dir='ltr'>qua:</span> <span class='ocrx_word' id='word_1_88' title='bbox 1339 1434 1457 1471; x_wconf 92' lang='lat' dir='ltr'>non</span> <span class='ocrx_word' id='word_1_89' title='bbox 1507 1424 1752 1490; x_wconf 88' lang='lat' dir='ltr'>purgata</span> <span class='ocrx_word' id='word_1_90' title='bbox 1783 1419 1892 1473; x_wconf 88' lang='lat' dir='ltr'>fuit</span> 
     </span>
    </p>
   </div>
   <div class='ocr_carea' id='block_1_15' title="bbox 233 1503 1890 1580">
    <p class='ocr_par' dir='ltr' id='par_1_15' title="bbox 233 1503 1890 1580">
     <span class='ocr_line' id='line_1_15' title="bbox 233 1503 1890 1580; baseline 0.003 -22"><span class='ocrx_word' id='word_1_91' title='bbox 233 1521 268 1558; x_wconf 90' lang='lat' dir='ltr'>a</span> <span class='ocrx_word' id='word_1_92' title='bbox 315 1504 768 1575; x_wconf 84' lang='lat' dir='ltr'>cogitationibus</span> <span class='ocrx_word' id='word_1_93' title='bbox 824 1503 1049 1571; x_wconf 90' lang='lat' dir='ltr'>alienis,</span> <span class='ocrx_word' id='word_1_94' title='bbox 1103 1505 1483 1577; x_wconf 85' lang='lat' dir='ltr'>contemplari</span> <span class='ocrx_word' id='word_1_95' title='bbox 1535 1524 1650 1562; x_wconf 91' lang='lat' dir='ltr'>non</span> <span class='ocrx_word' id='word_1_96' title='bbox 1699 1512 1890 1580; x_wconf 90' lang='lat' dir='ltr'>potest</span> 
     </span>
    </p>
   </div>
   <div class='ocr_carea' id='block_1_16' title="bbox 231 1591 1889 1669">
    <p class='ocr_par' dir='ltr' id='par_1_16' title="bbox 231 1591 1889 1669">
     <span class='ocr_line' id='line_1_16' title="bbox 231 1591 1889 1669; baseline 0.003 -22"><span class='ocrx_word' id='word_1_97' title='bbox 231 1591 678 1648; x_wconf 88' lang='lat' dir='ltr'>Deum.Audisti</span> <span class='ocrx_word' id='word_1_98' title='bbox 702 1609 954 1662; x_wconf 90' lang='lat' dir='ltr'>quoque,</span> <span class='ocrx_word' id='word_1_99' title='bbox 979 1594 1156 1664; x_wconf 88' lang='lat' dir='ltr'>quod,</span> <span class='ocrx_word' id='word_1_100' title='bbox 1182 1595 1416 1664; x_wconf 88' lang='lat' dir='ltr'>quando</span> <span class='ocrx_word' id='word_1_101' title='bbox 1448 1596 1626 1651; x_wconf 86' lang='lat' dir='ltr'>abbas</span> <span class='ocrx_word' id='word_1_102' title='bbox 1649 1597 1889 1669; x_wconf 79' lang='lat' dir='ltr'>Sysolus</span> 
     </span>
    </p>
   </div>
   <div class='ocr_carea' id='block_1_17' title="bbox 233 1682 1887 1755">
    <p class='ocr_par' dir='ltr' id='par_1_17' title="bbox 233 1682 1887 1755">
     <span class='ocr_line' id='line_1_17' title="bbox 233 1682 1887 1755; baseline 0.003 -19"><span class='ocrx_word' id='word_1_103' title='bbox 233 1699 349 1737; x_wconf 91' lang='lat' dir='ltr'>non</span> <span class='ocrx_word' id='word_1_104' title='bbox 381 1685 492 1737; x_wconf 86' lang='lat' dir='ltr'>cito</span> <span class='ocrx_word' id='word_1_105' title='bbox 523 1682 838 1736; x_wconf 86' lang='lat' dir='ltr'>dimitteret</span> <span class='ocrx_word' id='word_1_106' title='bbox 871 1699 1080 1736; x_wconf 81' lang='lat' dir='ltr'>manus</span> <span class='ocrx_word' id='word_1_107' title='bbox 1113 1699 1271 1748; x_wconf 88' lang='lat' dir='ltr'>suas,</span> <span class='ocrx_word' id='word_1_108' title='bbox 1298 1684 1630 1755; x_wconf 83' lang='lat' dir='ltr'>rapiebatur</span> <span class='ocrx_word' id='word_1_109' title='bbox 1660 1687 1718 1740; x_wconf 81' lang='lat' dir='ltr'>in</span> <span class='ocrx_word' id='word_1_110' title='bbox 1752 1703 1887 1741; x_wconf 89' lang='lat' dir='ltr'>con-</span> 
     </span>
    </p>
   </div>
   <div class='ocr_carea' id='block_1_18' title="bbox 229 1770 1885 1847">
    <p class='ocr_par' dir='ltr' id='par_1_18' title="bbox 229 1770 1885 1847">
     <span class='ocr_line' id='line_1_18' title="bbox 229 1770 1885 1847; baseline 0.003 -22"><span class='ocrx_word' id='word_1_111' title='bbox 229 1770 888 1842; x_wconf 62' lang='lat' dir='ltr'>templaLionemQuare</span> <span class='ocrx_word' id='word_1_112' title='bbox 921 1789 1056 1843; x_wconf 89' lang='lat' dir='ltr'>ergo</span> <span class='ocrx_word' id='word_1_113' title='bbox 1089 1789 1322 1844; x_wconf 78' lang='lat' dir='ltr'>repente</span> <span class='ocrx_word' id='word_1_114' title='bbox 1354 1774 1411 1828; x_wconf 92' lang='lat' dir='ltr'>in</span> <span class='ocrx_word' id='word_1_115' title='bbox 1445 1775 1885 1847; x_wconf 87' lang='lat' dir='ltr'>contemplatio—</span> 
     </span>
    </p>
   </div>
   <div class='ocr_carea' id='block_1_19' title="bbox 231 1860 1966 1967">
    <p class='ocr_par' dir='ltr' id='par_1_19' title="bbox 231 1860 1966 1967">
     <span class='ocr_line' id='line_1_19' title="bbox 231 1860 1966 1967; baseline 0.003 -52"><span class='ocrx_word' id='word_1_116' title='bbox 231 1877 367 1915; x_wconf 87' lang='lat' dir='ltr'>nem</span> <span class='ocrx_word' id='word_1_117' title='bbox 417 1860 803 1932; x_wconf 80' lang='lat' dir='ltr'>rapicbatur‘?</span> <span class='ocrx_word' id='word_1_118' title='bbox 832 1861 957 1914; x_wconf 90' lang='lat' dir='ltr'>sine</span> <span class='ocrx_word' id='word_1_119' title='bbox 1004 1860 1204 1928; x_wconf 91' lang='lat' dir='ltr'>dubio,</span> <span class='ocrx_word' id='word_1_120' title='bbox 1259 1863 1396 1934; x_wconf 91' lang='lat' dir='ltr'>quia</span> <span class='ocrx_word' id='word_1_121' title='bbox 1446 1865 1887 1921; x_wconf 82' lang='lat' dir='ltr'>mortilicandus</span> <span class='ocrx_word' id='word_1_122' title='bbox 1921 1903 1966 1967; x_wconf 76' lang='grc' dir='ltr'>Β</span> 
     </span>
    </p>
   </div>
   <div class='ocr_carea' id='block_1_20' title="bbox 232 1948 1889 2024">
    <p class='ocr_par' dir='ltr' id='par_1_20' title="bbox 232 1948 1889 2024">
     <span class='ocr_line' id='line_1_20' title="bbox 232 1948 1889 2024; baseline 0.001 -17"><span class='ocrx_word' id='word_1_123' title='bbox 232 1949 595 2007; x_wconf 87' lang='lat' dir='ltr'>erat.Audiat</span> <span class='ocrx_word' id='word_1_124' title='bbox 623 1949 798 2004; x_wconf 91' lang='lat' dir='ltr'>etiam</span> <span class='ocrx_word' id='word_1_125' title='bbox 831 1948 1060 2005; x_wconf 86' lang='lat' dir='ltr'>dilectio</span> <span class='ocrx_word' id='word_1_126' title='bbox 1091 1954 1212 2018; x_wconf 87' lang='lat' dir='ltr'>tua,</span> <span class='ocrx_word' id='word_1_127' title='bbox 1239 1968 1397 2024; x_wconf 86' lang='lat' dir='ltr'>rogo,</span> <span class='ocrx_word' id='word_1_128' title='bbox 1422 1953 1594 2024; x_wconf 89' lang='lat' dir='ltr'>quale</span> <span class='ocrx_word' id='word_1_129' title='bbox 1626 1955 1889 2009; x_wconf 89' lang='lat' dir='ltr'>studium</span> 
     </span>
    </p>
   </div>
   <div class='ocr_carea' id='block_1_21' title="bbox 229 2037 1889 2114">
    <p class='ocr_par' dir='ltr' id='par_1_21' title="bbox 229 2037 1889 2114">
     <span class='ocr_line' id='line_1_21' title="bbox 229 2037 1889 2114; baseline 0.002 -19"><span class='ocrx_word' id='word_1_130' title='bbox 229 2041 440 2095; x_wconf 89' lang='lat' dir='ltr'>beatus</span> <span class='ocrx_word' id='word_1_131' title='bbox 487 2038 704 2093; x_wconf 85' lang='lat' dir='ltr'>Paulus</span> <span class='ocrx_word' id='word_1_132' title='bbox 749 2037 1070 2094; x_wconf 86' lang='lat' dir='ltr'>monachus</span> <span class='ocrx_word' id='word_1_133' title='bbox 1114 2039 1321 2095; x_wconf 90' lang='lat' dir='ltr'>habuit</span> <span class='ocrx_word' id='word_1_134' title='bbox 1367 2042 1594 2112; x_wconf 88' lang='lat' dir='ltr'>orandi,</span> <span class='ocrx_word' id='word_1_135' title='bbox 1629 2045 1780 2114; x_wconf 92' lang='lat' dir='ltr'>quod</span> <span class='ocrx_word' id='word_1_136' title='bbox 1830 2043 1889 2098; x_wconf 90' lang='lat' dir='ltr'>in</span> 
     </span>
    </p>
   </div>
   <div class='ocr_carea' id='block_1_22' title="bbox 232 2127 1892 2200">
    <p class='ocr_par' dir='ltr' id='par_1_22' title="bbox 232 2127 1892 2200">
     <span class='ocr_line' id='line_1_22' title="bbox 232 2127 1892 2200; baseline 0.002 -16"><span class='ocrx_word' id='word_1_137' title='bbox 232 2127 628 2184; x_wconf 89' lang='lat' dir='ltr'>ecclesiastica</span> <span class='ocrx_word' id='word_1_138' title='bbox 653 2127 898 2182; x_wconf 90' lang='lat' dir='ltr'>historia</span> <span class='ocrx_word' id='word_1_139' title='bbox 919 2128 1203 2200; x_wconf 89' lang='lat' dir='ltr'>scriptum</span> <span class='ocrx_word' id='word_1_140' title='bbox 1231 2129 1495 2185; x_wconf 88' lang='lat' dir='ltr'>habetur.</span> <span class='ocrx_word' id='word_1_141' title='bbox 1525 2132 1654 2186; x_wconf 85' lang='lat' dir='ltr'>Fuit</span> <span class='ocrx_word' id='word_1_142' title='bbox 1676 2132 1892 2188; x_wconf 90' lang='lat' dir='ltr'>Paulus</span> 
     </span>
    </p>
   </div>
   <div class='ocr_carea' id='block_1_23' title="bbox 233 2216 1892 2294">
    <p class='ocr_par' dir='ltr' id='par_1_23' title="bbox 233 2216 1892 2294">
     <span class='ocr_line' id='line_1_23' title="bbox 233 2216 1892 2294; baseline 0.003 -22"><span class='ocrx_word' id='word_1_143' title='bbox 233 2217 305 2272; x_wconf 91' lang='lat' dir='ltr'>de</span> <span class='ocrx_word' id='word_1_144' title='bbox 339 2217 517 2290; x_wconf 81' lang='lat' dir='ltr'>Libya</span> <span class='ocrx_word' id='word_1_145' title='bbox 564 2217 623 2272; x_wconf 90' lang='lat' dir='ltr'>in</span> <span class='ocrx_word' id='word_1_146' title='bbox 675 2216 871 2290; x_wconf 79' lang='lat' dir='ltr'>Scythi</span> <span class='ocrx_word' id='word_1_147' title='bbox 904 2235 1017 2272; x_wconf 91' lang='lat' dir='ltr'>non</span> <span class='ocrx_word' id='word_1_148' title='bbox 1070 2217 1265 2274; x_wconf 88' lang='lat' dir='ltr'>minus</span> <span class='ocrx_word' id='word_1_149' title='bbox 1316 2236 1493 2291; x_wconf 85' lang='lat' dir='ltr'>quam</span> <span class='ocrx_word' id='word_1_150' title='bbox 1541 2221 1892 2294; x_wconf 82' lang='lat' dir='ltr'>quingentos</span> 
     </span>
    </p>
   </div>
   <div class='ocr_carea' id='block_1_24' title="bbox 232 2305 1894 2382">
    <p class='ocr_par' dir='ltr' id='par_1_24' title="bbox 232 2305 1894 2382">
     <span class='ocr_line' id='line_1_24' title="bbox 232 2305 1894 2382; baseline 0.003 -21"><span class='ocrx_word' id='word_1_151' title='bbox 232 2306 553 2362; x_wconf 87' lang='lat' dir='ltr'>monachos</span> <span class='ocrx_word' id='word_1_152' title='bbox 603 2306 843 2362; x_wconf 90' lang='lat' dir='ltr'>habens.</span> <span class='ocrx_word' id='word_1_153' title='bbox 877 2305 1028 2360; x_wconf 90' lang='lat' dir='ltr'>Nihil</span> <span class='ocrx_word' id='word_1_154' title='bbox 1077 2313 1273 2363; x_wconf 89' lang='lat' dir='ltr'>autem</span> <span class='ocrx_word' id='word_1_155' title='bbox 1308 2311 1657 2380; x_wconf 86' lang='lat' dir='ltr'>operabatur</span> <span class='ocrx_word' id='word_1_156' title='bbox 1707 2327 1894 2382; x_wconf 89' lang='lat' dir='ltr'>neque</span> 
     </span>
    </p>
   </div>
   <div class='ocr_carea' id='block_1_25' title="bbox 231 2396 1896 2469">
    <p class='ocr_par' dir='ltr' id='par_1_25' title="bbox 231 2396 1896 2469">
     <span class='ocr_line' id='line_1_25' title="bbox 231 2396 1896 2469; baseline 0.001 -17"><span class='ocrx_word' id='word_1_157' title='bbox 231 2396 623 2468; x_wconf 88' lang='lat' dir='ltr'>percipiebat;</span> <span class='ocrx_word' id='word_1_158' title='bbox 659 2413 770 2450; x_wconf 91' lang='lat' dir='ltr'>non</span> <span class='ocrx_word' id='word_1_159' title='bbox 824 2396 978 2468; x_wconf 92' lang='lat' dir='ltr'>quod</span> <span class='ocrx_word' id='word_1_160' title='bbox 1028 2398 1358 2452; x_wconf 89' lang='lat' dir='ltr'>comederet</span> <span class='ocrx_word' id='word_1_161' title='bbox 1408 2403 1660 2469; x_wconf 90' lang='lat' dir='ltr'>tantum,</span> <span class='ocrx_word' id='word_1_162' title='bbox 1694 2401 1896 2456; x_wconf 90' lang='lat' dir='ltr'>orabat</span> 
     </span>
    </p>
   </div>
   <div class='ocr_carea' id='block_1_26' title="bbox 234 2485 1892 2558">
    <p class='ocr_par' dir='ltr' id='par_1_26' title="bbox 234 2485 1892 2558">
     <span class='ocr_line' id='line_1_26' title="bbox 234 2485 1892 2558; baseline 0.002 -17"><span class='ocrx_word' id='word_1_163' title='bbox 234 2491 430 2541; x_wconf 86' lang='lat' dir='ltr'>autem</span> <span class='ocrx_word' id='word_1_164' title='bbox 480 2485 871 2554; x_wconf 86' lang='lat' dir='ltr'>solummodo,</span> <span class='ocrx_word' id='word_1_165' title='bbox 923 2490 978 2540; x_wconf 90' lang='lat' dir='ltr'>et</span> <span class='ocrx_word' id='word_1_166' title='bbox 1025 2485 1203 2540; x_wconf 86' lang='lat' dir='ltr'>veluti</span> <span class='ocrx_word' id='word_1_167' title='bbox 1254 2488 1548 2558; x_wconf 87' lang='lat' dir='ltr'>quoddam</span> <span class='ocrx_word' id='word_1_168' title='bbox 1607 2489 1892 2544; x_wconf 90' lang='lat' dir='ltr'>tributum</span> 
     </span>
    </p>
   </div>
   <div class='ocr_carea' id='block_1_27' title="bbox 233 2573 1893 2650">
    <p class='ocr_par' dir='ltr' id='par_1_27' title="bbox 233 2573 1893 2650">
     <span class='ocr_line' id='line_1_27' title="bbox 233 2573 1893 2650; baseline 0.003 -20"><span class='ocrx_word' id='word_1_169' title='bbox 233 2575 457 2631; x_wconf 85' lang='lat' dir='ltr'>habens</span> <span class='ocrx_word' id='word_1_170' title='bbox 474 2573 838 2646; x_wconf 89' lang='lat' dir='ltr'>impositum,</span> <span class='ocrx_word' id='word_1_171' title='bbox 872 2579 1160 2631; x_wconf 88' lang='lat' dir='ltr'>trecentas</span> <span class='ocrx_word' id='word_1_172' title='bbox 1176 2577 1468 2634; x_wconf 90' lang='lat' dir='ltr'>orationes</span> <span class='ocrx_word' id='word_1_173' title='bbox 1495 2583 1605 2634; x_wconf 90' lang='lat' dir='ltr'>Deo</span> <span class='ocrx_word' id='word_1_174' title='bbox 1629 2596 1893 2650; x_wconf 89' lang='lat' dir='ltr'>unaqua-</span> 
     </span>
    </p>
   </div>
   <div class='ocr_carea' id='block_1_28' title="bbox 233 2663 1892 2739">
    <p class='ocr_par' dir='ltr' id='par_1_28' title="bbox 233 2663 1892 2739">
     <span class='ocr_line' id='line_1_28' title="bbox 233 2663 1892 2739; baseline 0.002 -19"><span class='ocrx_word' id='word_1_175' title='bbox 233 2681 347 2737; x_wconf 91' lang='lat' dir='ltr'>que</span> <span class='ocrx_word' id='word_1_176' title='bbox 377 2663 468 2720; x_wconf 91' lang='lat' dir='ltr'>die</span> <span class='ocrx_word' id='word_1_177' title='bbox 501 2664 798 2728; x_wconf 89' lang='lat' dir='ltr'>reddebat,</span> <span class='ocrx_word' id='word_1_178' title='bbox 833 2667 889 2719; x_wconf 90' lang='lat' dir='ltr'>et</span> <span class='ocrx_word' id='word_1_179' title='bbox 920 2680 990 2718; x_wconf 93' lang='lat' dir='ltr'>ne</span> <span class='ocrx_word' id='word_1_180' title='bbox 1024 2681 1201 2720; x_wconf 90' lang='lat' dir='ltr'>unam</span> <span class='ocrx_word' id='word_1_181' title='bbox 1236 2667 1475 2738; x_wconf 90' lang='lat' dir='ltr'>quidem</span> <span class='ocrx_word' id='word_1_182' title='bbox 1516 2667 1892 2739; x_wconf 86' lang='lat' dir='ltr'>relinqueret,</span> 
     </span>
    </p>
   </div>
   <div class='ocr_carea' id='block_1_29' title="bbox 230 2751 1894 2825">
    <p class='ocr_par' dir='ltr' id='par_1_29' title="bbox 230 2751 1894 2825">
     <span class='ocr_line' id='line_1_29' title="bbox 230 2751 1894 2825; baseline 0.001 -16"><span class='ocrx_word' id='word_1_183' title='bbox 230 2758 524 2809; x_wconf 90' lang='lat' dir='ltr'>trecentos</span> <span class='ocrx_word' id='word_1_184' title='bbox 582 2751 806 2823; x_wconf 89' lang='lat' dir='ltr'>lapides</span> <span class='ocrx_word' id='word_1_185' title='bbox 864 2752 1161 2822; x_wconf 90' lang='lat' dir='ltr'>ponebat:</span> <span class='ocrx_word' id='word_1_186' title='bbox 1224 2753 1472 2825; x_wconf 87' lang='lat' dir='ltr'>singulis</span> <span class='ocrx_word' id='word_1_187' title='bbox 1532 2756 1894 2811; x_wconf 89' lang='lat' dir='ltr'>orationibus</span> 
     </span>
    </p>
   </div>
   <div class='ocr_carea' id='block_1_30' title="bbox 229 2840 1892 2915">
    <p class='ocr_par' dir='ltr' id='par_1_30' title="bbox 229 2840 1892 2915">
     <span class='ocr_line' id='line_1_30' title="bbox 229 2840 1892 2915; baseline 0.001 -17"><span class='ocrx_word' id='word_1_188' title='bbox 229 2843 486 2915; x_wconf 90' lang='lat' dir='ltr'>lapidem</span> <span class='ocrx_word' id='word_1_189' title='bbox 535 2840 809 2912; x_wconf 87' lang='lat' dir='ltr'>ponebat,</span> <span class='ocrx_word' id='word_1_190' title='bbox 842 2844 899 2893; x_wconf 86' lang='lat' dir='ltr'>et</span> <span class='ocrx_word' id='word_1_191' title='bbox 930 2840 1181 2912; x_wconf 84' lang='lat' dir='ltr'>singulis</span> <span class='ocrx_word' id='word_1_192' title='bbox 1231 2843 1593 2898; x_wconf 89' lang='lat' dir='ltr'>orationibus</span> <span class='ocrx_word' id='word_1_193' title='bbox 1641 2843 1892 2915; x_wconf 90' lang='lat' dir='ltr'>lapidem</span> 
     </span>
    </p>
   </div>
   <div class='ocr_carea' id='block_1_31' title="bbox 233 2928 1896 3002">
    <p class='ocr_par' dir='ltr' id='par_1_31' title="bbox 233 2928 1896 3002">
     <span class='ocr_line' id='line_1_31' title="bbox 233 2928 1896 3002; baseline 0.002 -16"><span class='ocrx_word' id='word_1_194' title='bbox 233 2932 505 2987; x_wconf 88' lang='lat' dir='ltr'>mittebat</span> <span class='ocrx_word' id='word_1_195' title='bbox 526 2930 584 2982; x_wconf 91' lang='lat' dir='ltr'>in</span> <span class='ocrx_word' id='word_1_196' title='bbox 599 2928 1108 2999; x_wconf 84' lang='lat' dir='ltr'>sinum.Expensis</span> <span class='ocrx_word' id='word_1_197' title='bbox 1126 2946 1260 2984; x_wconf 88' lang='lat' dir='ltr'>vero</span> <span class='ocrx_word' id='word_1_198' title='bbox 1284 2930 1580 3002; x_wconf 90' lang='lat' dir='ltr'>lapidibus</span> <span class='ocrx_word' id='word_1_199' title='bbox 1605 2933 1896 2990; x_wconf 88' lang='lat' dir='ltr'>orationes</span> 
     </span>
    </p>
   </div>
   <div class='ocr_carea' id='block_1_32' title="bbox 236 3015 1898 3091">
    <p class='ocr_par' dir='ltr' id='par_1_32' title="bbox 236 3015 1898 3091">
     <span class='ocr_line' id='line_1_32' title="bbox 236 3015 1898 3091; baseline 0.001 -15"><span class='ocrx_word' id='word_1_200' title='bbox 236 3020 460 3076; x_wconf 89' lang='lat' dir='ltr'>sciebat</span> <span class='ocrx_word' id='word_1_201' title='bbox 490 3033 617 3073; x_wconf 91' lang='lat' dir='ltr'>esse</span> <span class='ocrx_word' id='word_1_202' title='bbox 648 3015 1247 3088; x_wconf 90' lang='lat' dir='ltr'>completas.Multum</span> <span class='ocrx_word' id='word_1_203' title='bbox 1278 3018 1458 3091; x_wconf 88' lang='lat' dir='ltr'>igitur</span> <span class='ocrx_word' id='word_1_204' title='bbox 1479 3021 1760 3077; x_wconf 89' lang='lat' dir='ltr'>debemus</span> <span class='ocrx_word' id='word_1_205' title='bbox 1794 3022 1898 3078; x_wconf 94' lang='lat' dir='ltr'>hu-</span> 
     </span>
    </p>
   </div>
   <div class='ocr_carea' id='block_1_33' title="bbox 241 3105 1894 3182">
    <p class='ocr_par' dir='ltr' id='par_1_33' title="bbox 241 3105 1894 3182">
     <span class='ocr_line' id='line_1_33' title="bbox 241 3105 1894 3182; baseline 0.003 -20"><span class='ocrx_word' id='word_1_206' title='bbox 241 3107 477 3173; x_wconf 90' lang='lat' dir='ltr'>miliari,</span> <span class='ocrx_word' id='word_1_207' title='bbox 509 3107 609 3178; x_wconf 88' lang='lat' dir='ltr'>qui</span> <span class='ocrx_word' id='word_1_208' title='bbox 641 3105 812 3178; x_wconf 87' lang='lat' dir='ltr'>longe</span> <span class='ocrx_word' id='word_1_209' title='bbox 861 3107 932 3161; x_wconf 89' lang='lat' dir='ltr'>ab</span> <span class='ocrx_word' id='word_1_210' title='bbox 964 3105 1199 3161; x_wconf 89' lang='lat' dir='ltr'>illorum</span> <span class='ocrx_word' id='word_1_211' title='bbox 1233 3108 1478 3177; x_wconf 89' lang='lat' dir='ltr'>meritis,</span> <span class='ocrx_word' id='word_1_212' title='bbox 1513 3127 1764 3182; x_wconf 91' lang='lat' dir='ltr'>quorum</span> <span class='ocrx_word' id='word_1_213' title='bbox 1797 3131 1894 3167; x_wconf 94' lang='lat' dir='ltr'>su-</span> 
     </span>
    </p>
   </div>
   <div class='ocr_carea' id='block_1_34' title="bbox 237 3195 1896 3273">
    <p class='ocr_par' dir='ltr' id='par_1_34' title="bbox 237 3195 1896 3273">
     <span class='ocr_line' id='line_1_34' title="bbox 237 3195 1896 3273; baseline 0.003 -22"><span class='ocrx_word' id='word_1_214' title='bbox 237 3197 434 3268; x_wconf 90' lang='lat' dir='ltr'>perius</span> <span class='ocrx_word' id='word_1_215' title='bbox 469 3196 685 3251; x_wconf 89' lang='lat' dir='ltr'>mentio</span> <span class='ocrx_word' id='word_1_216' title='bbox 717 3195 868 3250; x_wconf 88' lang='lat' dir='ltr'>facta</span> <span class='ocrx_word' id='word_1_217' title='bbox 897 3196 1389 3265; x_wconf 87' lang='lat' dir='ltr'>est,distamus,ct</span> <span class='ocrx_word' id='word_1_218' title='bbox 1420 3199 1504 3254; x_wconf 90' lang='lat' dir='ltr'>sic</span> <span class='ocrx_word' id='word_1_219' title='bbox 1537 3201 1791 3273; x_wconf 90' lang='lat' dir='ltr'>prompti</span> <span class='ocrx_word' id='word_1_220' title='bbox 1824 3203 1896 3256; x_wconf 90' lang='lat' dir='ltr'>ad</span> 
     </span>
    </p>
   </div>
   <div class='ocr_carea' id='block_1_35' title="bbox 1994 618 3639 696">
    <p class='ocr_par' dir='ltr' id='par_1_35' title="bbox 1994 618 3639 696">
     <span class='ocr_line' id='line_1_35' title="bbox 1994 618 3639 696; baseline 0.005 -23"><span class='ocrx_word' id='word_1_221' title='bbox 1994 623 2083 673; x_wconf 77' lang='lat' dir='ltr'>ira</span> <span class='ocrx_word' id='word_1_222' title='bbox 2135 618 2403 674; x_wconf 87' lang='lat' dir='ltr'>timorem</span> <span class='ocrx_word' id='word_1_223' title='bbox 2454 619 2744 674; x_wconf 90' lang='lat' dir='ltr'>mittenda</span> <span class='ocrx_word' id='word_1_224' title='bbox 2791 623 2879 673; x_wconf 91' lang='lat' dir='ltr'>est</span> <span class='ocrx_word' id='word_1_225' title='bbox 2924 619 3172 682; x_wconf 81' lang='lat' dir='ltr'>ﬁducia;</span> <span class='ocrx_word' id='word_1_226' title='bbox 3224 627 3424 677; x_wconf 88' lang='lat' dir='ltr'>contra</span> <span class='ocrx_word' id='word_1_227' title='bbox 3473 629 3639 696; x_wconf 89' lang='lat' dir='ltr'>tepo-</span> 
     </span>
    </p>
   </div>
   <div class='ocr_carea' id='block_1_36' title="bbox 1995 707 3640 780">
    <p class='ocr_par' dir='ltr' id='par_1_36' title="bbox 1995 707 3640 780">
     <span class='ocr_line' id='line_1_36' title="bbox 1995 707 3640 780; baseline 0.005 -19"><span class='ocrx_word' id='word_1_228' title='bbox 1995 725 2115 762; x_wconf 86' lang='lat' dir='ltr'>rem</span> <span class='ocrx_word' id='word_1_229' title='bbox 2149 724 2278 762; x_wconf 86' lang='lat' dir='ltr'>vero</span> <span class='ocrx_word' id='word_1_230' title='bbox 2329 707 2482 762; x_wconf 84' lang='lat' dir='ltr'>zelus</span> <span class='ocrx_word' id='word_1_231' title='bbox 2515 713 2603 762; x_wconf 89' lang='lat' dir='ltr'>est</span> <span class='ocrx_word' id='word_1_232' title='bbox 2641 709 3042 780; x_wconf 89' lang='lat' dir='ltr'>opponendus.</span> <span class='ocrx_word' id='word_1_233' title='bbox 3077 709 3288 765; x_wconf 87' lang='lat' dir='ltr'>Contra</span> <span class='ocrx_word' id='word_1_234' title='bbox 3338 712 3640 769; x_wconf 88' lang='lat' dir='ltr'>tristitiam</span> 
     </span>
    </p>
   </div>
   <div class='ocr_carea' id='block_1_37' title="bbox 1995 795 3638 872">
    <p class='ocr_par' dir='ltr' id='par_1_37' title="bbox 1995 795 3638 872">
     <span class='ocr_line' id='line_1_37' title="bbox 1995 795 3638 872; baseline 0.005 -22"><span class='ocrx_word' id='word_1_235' title='bbox 1995 814 2224 868; x_wconf 81' lang='lat' dir='ltr'>quoque</span> <span class='ocrx_word' id='word_1_236' title='bbox 2251 795 2460 851; x_wconf 83' lang='lat' dir='ltr'>malam</span> <span class='ocrx_word' id='word_1_237' title='bbox 2491 797 2885 850; x_wconf 86' lang='lat' dir='ltr'>adhibendum</span> <span class='ocrx_word' id='word_1_238' title='bbox 2919 802 3009 852; x_wconf 91' lang='lat' dir='ltr'>est</span> <span class='ocrx_word' id='word_1_239' title='bbox 3037 799 3316 869; x_wconf 85' lang='lat' dir='ltr'>gaudium</span> <span class='ocrx_word' id='word_1_240' title='bbox 3348 801 3638 872; x_wconf 82' lang='lat' dir='ltr'>epiritale;</span> 
     </span>
    </p>
   </div>
   <div class='ocr_carea' id='block_1_38' title="bbox 1996 886 3641 946">
    <p class='ocr_par' dir='ltr' id='par_1_38' title="bbox 1996 886 3641 946">
     <span class='ocr_line' id='line_1_38' title="bbox 1996 886 3641 946; baseline 0.004 -7"><span class='ocrx_word' id='word_1_241' title='bbox 1996 891 2198 940; x_wconf 82' lang='lat' dir='ltr'>contra</span> <span class='ocrx_word' id='word_1_242' title='bbox 2227 886 2485 941; x_wconf 86' lang='lat' dir='ltr'>acediam</span> <span class='ocrx_word' id='word_1_243' title='bbox 2519 903 2649 939; x_wconf 85' lang='lat' dir='ltr'>vero</span> <span class='ocrx_word' id='word_1_244' title='bbox 2685 886 2957 940; x_wconf 80' lang='lat' dir='ltr'>fortitudo</span> <span class='ocrx_word' id='word_1_245' title='bbox 2985 892 3073 941; x_wconf 90' lang='lat' dir='ltr'>est</span> <span class='ocrx_word' id='word_1_246' title='bbox 3094 891 3450 944; x_wconf 90' lang='lat' dir='ltr'>assumenda</span> <span class='ocrx_word' id='word_1_247' title='bbox 3474 907 3486 944; x_wconf 89' lang='lat'><strong>:</strong></span> <span class='ocrx_word' id='word_1_248' title='bbox 3511 908 3641 946; x_wconf 88' lang='lat' dir='ltr'>con-</span> 
     </span>
    </p>
   </div>
   <div class='ocr_carea' id='block_1_39' title="bbox 1995 975 3642 1047">
    <p class='ocr_par' dir='ltr' id='par_1_39' title="bbox 1995 975 3642 1047">
     <span class='ocr_line' id='line_1_39' title="bbox 1995 975 3642 1047; baseline 0.004 -20"><span class='ocrx_word' id='word_1_249' title='bbox 1995 979 2083 1028; x_wconf 87' lang='lat' dir='ltr'>tra</span> <span class='ocrx_word' id='word_1_250' title='bbox 2114 975 2416 1028; x_wconf 79' lang='lat' dir='ltr'>avaritiam</span> <span class='ocrx_word' id='word_1_251' title='bbox 2469 975 2825 1028; x_wconf 78' lang='lat' dir='ltr'>assumenda</span> <span class='ocrx_word' id='word_1_252' title='bbox 2855 981 2943 1030; x_wconf 90' lang='lat' dir='ltr'>est</span> <span class='ocrx_word' id='word_1_253' title='bbox 2992 976 3228 1047; x_wconf 86' lang='lat' dir='ltr'>largitas</span> <span class='ocrx_word' id='word_1_254' title='bbox 3254 995 3268 1043; x_wconf 87' lang='lat'>;</span> <span class='ocrx_word' id='word_1_255' title='bbox 3299 983 3501 1034; x_wconf 87' lang='lat' dir='ltr'>contra</span> <span class='ocrx_word' id='word_1_256' title='bbox 3540 997 3642 1033; x_wconf 88' lang='lat' dir='ltr'>su-</span> 
     </span>
    </p>
   </div>
   <div class='ocr_carea' id='block_1_40' title="bbox 1997 1063 3644 1135">
    <p class='ocr_par' dir='ltr' id='par_1_40' title="bbox 1997 1063 3644 1135">
     <span class='ocr_line' id='line_1_40' title="bbox 1997 1063 3644 1135; baseline 0.004 -19"><span class='ocrx_word' id='word_1_257' title='bbox 1997 1064 2256 1133; x_wconf 88' lang='lat' dir='ltr'>perbiam</span> <span class='ocrx_word' id='word_1_258' title='bbox 2304 1069 2498 1117; x_wconf 88' lang='lat' dir='ltr'>autem</span> <span class='ocrx_word' id='word_1_259' title='bbox 2534 1063 2837 1117; x_wconf 81' lang='lat' dir='ltr'>humilitas</span> <span class='ocrx_word' id='word_1_260' title='bbox 2869 1071 2956 1117; x_wconf 83' lang='lat' dir='ltr'>est</span> <span class='ocrx_word' id='word_1_261' title='bbox 3005 1067 3398 1135; x_wconf 88' lang='lat' dir='ltr'>proponenda.</span> <span class='ocrx_word' id='word_1_262' title='bbox 3433 1068 3644 1123; x_wconf 89' lang='lat' dir='ltr'>Contra</span> 
     </span>
    </p>
   </div>
   <div class='ocr_carea' id='block_1_41' title="bbox 1998 1151 3642 1212">
    <p class='ocr_par' dir='ltr' id='par_1_41' title="bbox 1998 1151 3642 1212">
     <span class='ocr_line' id='line_1_41' title="bbox 1998 1151 3642 1212; baseline 0.004 -6"><span class='ocrx_word' id='word_1_263' title='bbox 1998 1151 2194 1207; x_wconf 89' lang='lat' dir='ltr'>odium</span> <span class='ocrx_word' id='word_1_264' title='bbox 2226 1169 2360 1208; x_wconf 75' lang='lat' dir='ltr'>vero</span> <span class='ocrx_word' id='word_1_265' title='bbox 2394 1152 2650 1207; x_wconf 81' lang='lat' dir='ltr'>Charitas</span> <span class='ocrx_word' id='word_1_266' title='bbox 2683 1151 2869 1206; x_wconf 90' lang='lat' dir='ltr'>virtus</span> <span class='ocrx_word' id='word_1_267' title='bbox 2901 1155 3254 1209; x_wconf 86' lang='lat' dir='ltr'>assumenda</span> <span class='ocrx_word' id='word_1_268' title='bbox 3283 1160 3388 1211; x_wconf 89' lang='lat' dir='ltr'>est.</span> <span class='ocrx_word' id='word_1_269' title='bbox 3428 1157 3501 1210; x_wconf 89' lang='lat' dir='ltr'>De</span> <span class='ocrx_word' id='word_1_270' title='bbox 3535 1156 3642 1212; x_wconf 87' lang='lat' dir='ltr'>hoc</span> 
     </span>
    </p>
   </div>
   <div class='ocr_carea' id='block_1_42' title="bbox 1999 1239 3640 1312">
    <p class='ocr_par' dir='ltr' id='par_1_42' title="bbox 1999 1239 3640 1312">
     <span class='ocr_line' id='line_1_42' title="bbox 1999 1239 3640 1312; baseline 0.004 -18"><span class='ocrx_word' id='word_1_271' title='bbox 1999 1241 2173 1295; x_wconf 88' lang='lat' dir='ltr'>etiam</span> <span class='ocrx_word' id='word_1_272' title='bbox 2206 1241 2522 1295; x_wconf 88' lang='lat' dir='ltr'>certamine</span> <span class='ocrx_word' id='word_1_273' title='bbox 2556 1240 2769 1294; x_wconf 85' lang='lat' dir='ltr'>Paulus</span> <span class='ocrx_word' id='word_1_274' title='bbox 2797 1239 2936 1294; x_wconf 91' lang='lat' dir='ltr'>dicit</span> <span class='ocrx_word' id='word_1_275' title='bbox 2966 1241 3264 1312; x_wconf 89' lang='lat' dir='ltr'>apostolus</span> <span class='ocrx_word' id='word_1_276' title='bbox 3293 1261 3306 1298; x_wconf 90' lang='lat'><strong>:</strong></span> <span class='ocrx_word' id='word_1_277' title='bbox 3343 1243 3482 1299; x_wconf 83' lang='lat' dir='ltr'>Caro</span> <span class='ocrx_word' id='word_1_278' title='bbox 3512 1261 3640 1300; x_wconf 80' lang='lat' dir='ltr'>con-</span> 
     </span>
    </p>
   </div>
   <div class='ocr_carea' id='block_1_43' title="bbox 1997 1329 3644 1400">
    <p class='ocr_par' dir='ltr' id='par_1_43' title="bbox 1997 1329 3644 1400">
     <span class='ocr_line' id='line_1_43' title="bbox 1997 1329 3644 1400; baseline 0.002 -15"><span class='ocrx_word' id='word_1_279' title='bbox 1997 1331 2230 1397; x_wconf 70' lang='lat' dir='ltr'>cupiscit</span> <span class='ocrx_word' id='word_1_280' title='bbox 2260 1329 2516 1385; x_wconf 72' lang='lat' dir='ltr'>adversus</span> <span class='ocrx_word' id='word_1_281' title='bbox 2562 1330 2855 1400; x_wconf 76' lang='lat' dir='ltr'>spirimm,</span> <span class='ocrx_word' id='word_1_282' title='bbox 2889 1332 3121 1396; x_wconf 78' lang='lat' dir='ltr'>spiritus</span> <span class='ocrx_word' id='word_1_283' title='bbox 3146 1339 3328 1386; x_wconf 84' lang='lat' dir='ltr'>autem</span> <span class='ocrx_word' id='word_1_284' title='bbox 3379 1333 3644 1389; x_wconf 82' lang='lat' dir='ltr'>adversus</span> 
     </span>
    </p>
   </div>
   <div class='ocr_carea' id='block_1_44' title="bbox 1996 1419 3643 1489">
    <p class='ocr_par' dir='ltr' id='par_1_44' title="bbox 1996 1419 3643 1489">
     <span class='ocr_line' id='line_1_44' title="bbox 1996 1419 3643 1489; baseline 0.001 -15"><span class='ocrx_word' id='word_1_285' title='bbox 1996 1435 2253 1486; x_wconf 81' lang='lat' dir='ltr'>carnem;</span> <span class='ocrx_word' id='word_1_286' title='bbox 2289 1419 2403 1475; x_wconf 60' lang='lat' dir='ltr'>ha’c</span> <span class='ocrx_word' id='word_1_287' title='bbox 2449 1420 2602 1473; x_wconf 85' lang='lat' dir='ltr'>enim</span> <span class='ocrx_word' id='word_1_288' title='bbox 2627 1419 2737 1472; x_wconf 84' lang='lat' dir='ltr'>sibi</span> <span class='ocrx_word' id='word_1_289' title='bbox 2767 1420 2996 1472; x_wconf 80' lang='lat' dir='ltr'>invicem</span> <span class='ocrx_word' id='word_1_290' title='bbox 3037 1419 3410 1489; x_wconf 79' lang='lat' dir='ltr'>adversantur,</span> <span class='ocrx_word' id='word_1_291' title='bbox 3444 1427 3505 1475; x_wconf 84' lang='lat' dir='ltr'>ut</span> <span class='ocrx_word' id='word_1_292' title='bbox 3531 1439 3643 1478; x_wconf 81' lang='lat' dir='ltr'>non</span> 
     </span>
    </p>
   </div>
   <div class='ocr_carea' id='block_1_45' title="bbox 1997 1508 3644 1581">
    <p class='ocr_par' dir='ltr' id='par_1_45' title="bbox 1997 1508 3644 1581">
     <span class='ocr_line' id='line_1_45' title="bbox 1997 1508 3644 1581; baseline 0.002 -18"><span class='ocrx_word' id='word_1_293' title='bbox 1997 1525 2336 1580; x_wconf 52' lang='lat' dir='ltr'>quacunque</span> <span class='ocrx_word' id='word_1_294' title='bbox 2380 1509 2566 1573; x_wconf 73' lang='lat' dir='ltr'>vultis,</span> <span class='ocrx_word' id='word_1_295' title='bbox 2602 1508 2704 1562; x_wconf 80' lang='lat' dir='ltr'>illa</span> <span class='ocrx_word' id='word_1_296' title='bbox 2748 1509 2971 1579; x_wconf 74' lang='lat' dir='ltr'>faciatis</span> <span class='ocrx_word' id='word_1_297' title='bbox 3011 1509 3150 1579; x_wconf 83' lang='lat' dir='ltr'>(Gal.</span> <span class='ocrx_word' id='word_1_298' title='bbox 3183 1525 3234 1576; x_wconf 86' lang='grc' dir='ltr'>ν,</span> <span class='ocrx_word' id='word_1_299' title='bbox 3295 1510 3399 1581; x_wconf 78' lang='grc'>17).</span> <span class='ocrx_word' id='word_1_300' title='bbox 3440 1511 3504 1565; x_wconf 88' lang='lat' dir='ltr'>Et</span> <span class='ocrx_word' id='word_1_301' title='bbox 3555 1517 3644 1581; x_wconf 87' lang='lat' dir='ltr'>tu,</span> 
     </span>
    </p>
   </div>
   <div class='ocr_carea' id='block_1_46' title="bbox 2000 1596 3644 1668">
    <p class='ocr_par' dir='ltr' id='par_1_46' title="bbox 2000 1596 3644 1668">
     <span class='ocr_line' id='line_1_46' title="bbox 2000 1596 3644 1668; baseline 0.002 -16"><span class='ocrx_word' id='word_1_302' title='bbox 2000 1599 2114 1654; x_wconf 92' lang='lat' dir='ltr'>Deo</span> <span class='ocrx_word' id='word_1_303' title='bbox 2146 1597 2483 1667; x_wconf 78' lang='lat' dir='ltr'>dicata,hzec</span> <span class='ocrx_word' id='word_1_304' title='bbox 2515 1596 2755 1668; x_wconf 84' lang='lat' dir='ltr'>legendo</span> <span class='ocrx_word' id='word_1_305' title='bbox 2777 1603 2832 1652; x_wconf 90' lang='lat' dir='ltr'>et</span> <span class='ocrx_word' id='word_1_306' title='bbox 2861 1598 3152 1652; x_wconf 69' lang='lat' dir='ltr'>memoriae</span> <span class='ocrx_word' id='word_1_307' title='bbox 3181 1601 3644 1656; x_wconf 89' lang='lat' dir='ltr'>commendando</span> 
     </span>
    </p>
   </div>
   <div class='ocr_carea' id='block_1_47' title="bbox 1999 1685 3643 1757">
    <p class='ocr_par' dir='ltr' id='par_1_47' title="bbox 1999 1685 3643 1757">
     <span class='ocr_line' id='line_1_47' title="bbox 1999 1685 3643 1757; baseline 0.002 -15"><span class='ocrx_word' id='word_1_308' title='bbox 1999 1687 2170 1742; x_wconf 87' lang='lat' dir='ltr'>stude</span> <span class='ocrx_word' id='word_1_309' title='bbox 2192 1692 2393 1742; x_wconf 89' lang='lat' dir='ltr'>contra</span> <span class='ocrx_word' id='word_1_310' title='bbox 2415 1685 2800 1757; x_wconf 82' lang='lat' dir='ltr'>hostisiniqui</span> <span class='ocrx_word' id='word_1_311' title='bbox 2826 1687 3069 1742; x_wconf 89' lang='lat' dir='ltr'>insidias</span> <span class='ocrx_word' id='word_1_312' title='bbox 3083 1687 3323 1742; x_wconf 90' lang='lat' dir='ltr'>viriliter</span> <span class='ocrx_word' id='word_1_313' title='bbox 3344 1689 3643 1746; x_wconf 89' lang='lat' dir='ltr'>dimicare.</span> 
     </span>
    </p>
   </div>
   <div class='ocr_carea' id='block_1_48' title="bbox 1999 1775 3643 1845">
    <p class='ocr_par' dir='ltr' id='par_1_48' title="bbox 1999 1775 3643 1845">
     <span class='ocr_line' id='line_1_48' title="bbox 1999 1775 3643 1845; baseline 0.002 -14"><span class='ocrx_word' id='word_1_314' title='bbox 1999 1777 2058 1832; x_wconf 92' lang='lat' dir='ltr'>Si</span> <span class='ocrx_word' id='word_1_315' title='bbox 2080 1782 2134 1830; x_wconf 90' lang='lat' dir='ltr'>te</span> <span class='ocrx_word' id='word_1_316' title='bbox 2157 1775 2544 1831; x_wconf 90' lang='lat' dir='ltr'>somnolentia</span> <span class='ocrx_word' id='word_1_317' title='bbox 2564 1775 3132 1845; x_wconf 79' lang='lat' dir='ltr'>gravat,studeil|am</span> <span class='ocrx_word' id='word_1_318' title='bbox 3156 1776 3381 1832; x_wconf 81' lang='lat' dir='ltr'>vincere</span> <span class='ocrx_word' id='word_1_319' title='bbox 3393 1780 3643 1834; x_wconf 89' lang='lat' dir='ltr'>amando</span> 
     </span>
    </p>
   </div>
   <div class='ocr_carea' id='block_1_49' title="bbox 1997 1863 3639 1938">
    <p class='ocr_par' dir='ltr' id='par_1_49' title="bbox 1997 1863 3639 1938">
     <span class='ocr_line' id='line_1_49' title="bbox 1997 1863 3639 1938; baseline 0.001 -17"><span class='ocrx_word' id='word_1_320' title='bbox 1997 1864 2430 1938; x_wconf 87' lang='lat' dir='ltr'>vigiliam,quia</span> <span class='ocrx_word' id='word_1_321' title='bbox 2459 1864 2845 1918; x_wconf 87' lang='lat' dir='ltr'>somnolentia</span> <span class='ocrx_word' id='word_1_322' title='bbox 2878 1881 2978 1934; x_wconf 89' lang='lat' dir='ltr'>per</span> <span class='ocrx_word' id='word_1_323' title='bbox 3005 1863 3265 1935; x_wconf 88' lang='lat' dir='ltr'>vigiliam</span> <span class='ocrx_word' id='word_1_324' title='bbox 3297 1867 3639 1924; x_wconf 84' lang='lat' dir='ltr'>destruitur.</span> 
     </span>
    </p>
   </div>
   <div class='ocr_carea' id='block_1_50' title="bbox 2000 1951 3641 2018">
    <p class='ocr_par' dir='ltr' id='par_1_50' title="bbox 2000 1951 3641 2018">
     <span class='ocr_line' id='line_1_50' title="bbox 2000 1951 3641 2018; baseline 0.001 -8"><span class='ocrx_word' id='word_1_325' title='bbox 2000 1956 2060 2011; x_wconf 88' lang='lat' dir='ltr'>Si</span> <span class='ocrx_word' id='word_1_326' title='bbox 2092 1963 2147 2009; x_wconf 91' lang='lat' dir='ltr'>te</span> <span class='ocrx_word' id='word_1_327' title='bbox 2177 1953 2427 2008; x_wconf 84' lang='lat' dir='ltr'>delectat</span> <span class='ocrx_word' id='word_1_328' title='bbox 2459 1951 2800 2007; x_wconf 89' lang='lat' dir='ltr'>balneorum</span> <span class='ocrx_word' id='word_1_329' title='bbox 2840 1970 3004 2018; x_wconf 88' lang='lat' dir='ltr'>usus,</span> <span class='ocrx_word' id='word_1_330' title='bbox 3039 1953 3231 2008; x_wconf 90' lang='lat' dir='ltr'>veniat</span> <span class='ocrx_word' id='word_1_331' title='bbox 3258 1954 3363 2008; x_wconf 89' lang='lat' dir='ltr'>tibi</span> <span class='ocrx_word' id='word_1_332' title='bbox 3396 1957 3465 2010; x_wconf 91' lang='lat' dir='ltr'>ad</span> <span class='ocrx_word' id='word_1_333' title='bbox 3523 1972 3641 2012; x_wconf 89' lang='lat' dir='ltr'>me-</span> 
     </span>
    </p>
   </div>
   <div class='ocr_carea' id='block_1_51' title="bbox 2003 2042 3642 2115">
    <p class='ocr_par' dir='ltr' id='par_1_51' title="bbox 2003 2042 3642 2115">
     <span class='ocr_line' id='line_1_51' title="bbox 2003 2042 3642 2115; baseline 0.002 -16"><span class='ocrx_word' id='word_1_334' title='bbox 2003 2044 2247 2099; x_wconf 89' lang='lat' dir='ltr'>moriam</span> <span class='ocrx_word' id='word_1_335' title='bbox 2280 2044 2485 2097; x_wconf 89' lang='lat' dir='ltr'>beatus</span> <span class='ocrx_word' id='word_1_336' title='bbox 2515 2042 2765 2096; x_wconf 85' lang='lat' dir='ltr'>Jacobus</span> <span class='ocrx_word' id='word_1_337' title='bbox 2797 2042 2974 2096; x_wconf 81' lang='lat' dir='ltr'>frater</span> <span class='ocrx_word' id='word_1_338' title='bbox 3008 2043 3254 2107; x_wconf 81' lang='lat' dir='ltr'>Domini,</span> <span class='ocrx_word' id='word_1_339' title='bbox 3288 2044 3384 2115; x_wconf 90' lang='lat' dir='ltr'>qui</span> <span class='ocrx_word' id='word_1_340' title='bbox 3418 2045 3642 2115; x_wconf 86' lang='lat' dir='ltr'>primus</span> 
     </span>
    </p>
   </div>
   <div class='ocr_carea' id='block_1_52' title="bbox 2002 2129 3643 2205">
    <p class='ocr_par' dir='ltr' id='par_1_52' title="bbox 2002 2129 3643 2205">
     <span class='ocr_line' id='line_1_52' title="bbox 2002 2129 3643 2205; baseline 0.001 -17"><span class='ocrx_word' id='word_1_341' title='bbox 2002 2138 2132 2205; x_wconf 90' lang='lat' dir='ltr'>post</span> <span class='ocrx_word' id='word_1_342' title='bbox 2163 2130 2456 2203; x_wconf 86' lang='lat' dir='ltr'>apostolos</span> <span class='ocrx_word' id='word_1_343' title='bbox 2508 2129 2998 2201; x_wconf 80' lang='lat' dir='ltr'>Jerosolymorum</span> <span class='ocrx_word' id='word_1_344' title='bbox 3030 2131 3174 2184; x_wconf 86' lang='lat' dir='ltr'>rexit</span> <span class='ocrx_word' id='word_1_345' title='bbox 3203 2131 3538 2198; x_wconf 86' lang='lat' dir='ltr'>Ecclesiam,</span> <span class='ocrx_word' id='word_1_346' title='bbox 3572 2135 3643 2190; x_wconf 89' lang='lat' dir='ltr'>de</span> 
     </span>
    </p>
   </div>
   <div class='ocr_carea' id='block_1_53' title="bbox 2001 2219 3650 2293">
    <p class='ocr_par' dir='ltr' id='par_1_53' title="bbox 2001 2219 3650 2293">
     <span class='ocr_line' id='line_1_53' title="bbox 2001 2219 3650 2293; baseline 0.001 -17"><span class='ocrx_word' id='word_1_347' title='bbox 2001 2220 2413 2293; x_wconf 87' lang='lat' dir='ltr'>qquosephus</span> <span class='ocrx_word' id='word_1_348' title='bbox 2429 2219 2804 2289; x_wconf 87' lang='lat' dir='ltr'>narrat.quod</span> <span class='ocrx_word' id='word_1_349' title='bbox 2823 2236 3126 2290; x_wconf 90' lang='lat' dir='ltr'>nunquam</span> <span class='ocrx_word' id='word_1_350' title='bbox 3140 2237 3374 2276; x_wconf 88' lang='lat' dir='ltr'>carnem</span> <span class='ocrx_word' id='word_1_351' title='bbox 3389 2223 3650 2278; x_wconf 86' lang='lat' dir='ltr'>comede-</span> 
     </span>
    </p>
   </div>
   <div class='ocr_carea' id='block_1_54' title="bbox 2001 2306 3648 2379">
    <p class='ocr_par' dir='ltr' id='par_1_54' title="bbox 2001 2306 3648 2379">
     <span class='ocr_line' id='line_1_54' title="bbox 2001 2306 3648 2379; baseline 0 -15"><span class='ocrx_word' id='word_1_352' title='bbox 2001 2311 2207 2373; x_wconf 87' lang='lat' dir='ltr'>rit,nec</span> <span class='ocrx_word' id='word_1_353' title='bbox 2229 2308 2437 2363; x_wconf 90' lang='lat' dir='ltr'>balneo</span> <span class='ocrx_word' id='word_1_354' title='bbox 2472 2324 2612 2361; x_wconf 88' lang='lat' dir='ltr'>usus</span> <span class='ocrx_word' id='word_1_355' title='bbox 2644 2306 2816 2361; x_wconf 86' lang='lat' dir='ltr'>fuerit</span> <span class='ocrx_word' id='word_1_356' title='bbox 2850 2324 3245 2379; x_wconf 89' lang='lat' dir='ltr'>unquam,nee</span> <span class='ocrx_word' id='word_1_357' title='bbox 3271 2309 3440 2365; x_wconf 89' lang='lat' dir='ltr'>lineis</span> <span class='ocrx_word' id='word_1_358' title='bbox 3471 2309 3648 2366; x_wconf 88' lang='lat' dir='ltr'>vesti-</span> 
     </span>
    </p>
   </div>
   <div class='ocr_carea' id='block_1_55' title="bbox 2005 2397 3646 2466">
    <p class='ocr_par' dir='ltr' id='par_1_55' title="bbox 2005 2397 3646 2466">
     <span class='ocr_line' id='line_1_55' title="bbox 2005 2397 3646 2466; baseline 0.001 -13"><span class='ocrx_word' id='word_1_359' title='bbox 2005 2400 2112 2454; x_wconf 88' lang='lat' dir='ltr'>bus</span> <span class='ocrx_word' id='word_1_360' title='bbox 2139 2398 2309 2452; x_wconf 90' lang='lat' dir='ltr'>fuerit</span> <span class='ocrx_word' id='word_1_361' title='bbox 2331 2397 2594 2465; x_wconf 89' lang='lat' dir='ltr'>indutus,</span> <span class='ocrx_word' id='word_1_362' title='bbox 2628 2413 2740 2450; x_wconf 87' lang='lat' dir='ltr'>non</span> <span class='ocrx_word' id='word_1_363' title='bbox 2767 2400 2942 2466; x_wconf 89' lang='lat' dir='ltr'>caput</span> <span class='ocrx_word' id='word_1_364' title='bbox 2964 2414 3134 2451; x_wconf 91' lang='lat' dir='ltr'>suum</span> <span class='ocrx_word' id='word_1_365' title='bbox 3167 2398 3488 2454; x_wconf 91' lang='lat' dir='ltr'>secundum</span> <span class='ocrx_word' id='word_1_366' title='bbox 3511 2416 3646 2455; x_wconf 81' lang='lat' dir='ltr'>con-</span> 
     </span>
    </p>
   </div>
   <div class='ocr_carea' id='block_1_56' title="bbox 2003 2484 3652 2557">
    <p class='ocr_par' dir='ltr' id='par_1_56' title="bbox 2003 2484 3652 2557">
     <span class='ocr_line' id='line_1_56' title="bbox 2003 2484 3652 2557; baseline 0 -15"><span class='ocrx_word' id='word_1_367' title='bbox 2003 2486 2370 2542; x_wconf 89' lang='lat' dir='ltr'>suetudinem</span> <span class='ocrx_word' id='word_1_368' title='bbox 2395 2485 2587 2557; x_wconf 89' lang='lat' dir='ltr'>gentis</span> <span class='ocrx_word' id='word_1_369' title='bbox 2613 2502 2729 2539; x_wconf 72' lang='lat' dir='ltr'>suae</span> <span class='ocrx_word' id='word_1_370' title='bbox 2752 2484 2874 2538; x_wconf 90' lang='lat' dir='ltr'>oleo</span> <span class='ocrx_word' id='word_1_371' title='bbox 2905 2486 3212 2540; x_wconf 83' lang='lat' dir='ltr'>unxcrit.Si</span> <span class='ocrx_word' id='word_1_372' title='bbox 3242 2487 3298 2540; x_wconf 90' lang='lat' dir='ltr'>in</span> <span class='ocrx_word' id='word_1_373' title='bbox 3324 2487 3652 2544; x_wconf 85' lang='lat' dir='ltr'>delectatio-</span> 
     </span>
    </p>
   </div>
   <div class='ocr_carea' id='block_1_57' title="bbox 2006 2573 3650 2646">
    <p class='ocr_par' dir='ltr' id='par_1_57' title="bbox 2006 2573 3650 2646">
     <span class='ocr_line' id='line_1_57' title="bbox 2006 2573 3650 2646; baseline 0.002 -16"><span class='ocrx_word' id='word_1_374' title='bbox 2006 2593 2136 2630; x_wconf 90' lang='lat' dir='ltr'>nem</span> <span class='ocrx_word' id='word_1_375' title='bbox 2160 2577 2265 2630; x_wconf 85' lang='lat' dir='ltr'>tibi</span> <span class='ocrx_word' id='word_1_376' title='bbox 2309 2575 2527 2628; x_wconf 71' lang='lat' dir='ltr'>deliciaa</span> <span class='ocrx_word' id='word_1_377' title='bbox 2549 2573 2808 2640; x_wconf 84' lang='lat' dir='ltr'>veniunt,</span> <span class='ocrx_word' id='word_1_378' title='bbox 2841 2591 3098 2646; x_wconf 89' lang='lat' dir='ltr'>propone</span> <span class='ocrx_word' id='word_1_379' title='bbox 3119 2580 3253 2630; x_wconf 87' lang='lat' dir='ltr'>ante</span> <span class='ocrx_word' id='word_1_380' title='bbox 3290 2576 3490 2631; x_wconf 90' lang='lat' dir='ltr'>oculos</span> <span class='ocrx_word' id='word_1_381' title='bbox 3517 2583 3650 2634; x_wconf 84' lang='lat' dir='ltr'>tuos</span> 
     </span>
    </p>
   </div>
   <div class='ocr_carea' id='block_1_58' title="bbox 2003 2662 3649 2732">
    <p class='ocr_par' dir='ltr' id='par_1_58' title="bbox 2003 2662 3649 2732">
     <span class='ocr_line' id='line_1_58' title="bbox 2003 2662 3649 2732; baseline 0.002 -13"><span class='ocrx_word' id='word_1_382' title='bbox 2003 2665 2284 2719; x_wconf 87' lang='lat' dir='ltr'>Joannem</span> <span class='ocrx_word' id='word_1_383' title='bbox 2319 2663 2658 2732; x_wconf 87' lang='lat' dir='ltr'>Baptistam,</span> <span class='ocrx_word' id='word_1_384' title='bbox 2695 2662 2792 2732; x_wconf 89' lang='lat' dir='ltr'>qui</span> <span class='ocrx_word' id='word_1_385' title='bbox 2837 2663 2944 2717; x_wconf 89' lang='lat' dir='ltr'>fuit</span> <span class='ocrx_word' id='word_1_386' title='bbox 2987 2665 3045 2717; x_wconf 90' lang='lat' dir='ltr'>in</span> <span class='ocrx_word' id='word_1_387' title='bbox 3083 2669 3249 2719; x_wconf 90' lang='lat' dir='ltr'>utero</span> <span class='ocrx_word' id='word_1_388' title='bbox 3287 2666 3489 2722; x_wconf 86' lang='lat' dir='ltr'>matris</span> <span class='ocrx_word' id='word_1_389' title='bbox 3531 2682 3649 2722; x_wconf 70' lang='lat' dir='ltr'>sum</span> 
     </span>
    </p>
   </div>
   <div class='ocr_carea' id='block_1_59' title="bbox 2005 2750 3652 2824">
    <p class='ocr_par' dir='ltr' id='par_1_59' title="bbox 2005 2750 3652 2824">
     <span class='ocr_line' id='line_1_59' title="bbox 2005 2750 3652 2824; baseline 0 -16"><span class='ocrx_word' id='word_1_390' title='bbox 2005 2753 2486 2816; x_wconf 84' lang='lat' dir='ltr'>sanctificatus,et</span> <span class='ocrx_word' id='word_1_391' title='bbox 2499 2751 2568 2803; x_wconf 87' lang='lat' dir='ltr'>de</span> <span class='ocrx_word' id='word_1_392' title='bbox 2583 2766 2697 2820; x_wconf 89' lang='lat' dir='ltr'>quo</span> <span class='ocrx_word' id='word_1_393' title='bbox 2712 2750 2994 2805; x_wconf 90' lang='lat' dir='ltr'>Dominus</span> <span class='ocrx_word' id='word_1_394' title='bbox 3006 2751 3517 2824; x_wconf 83' lang='lat' dir='ltr'>Jesusdixit,quod</span> <span class='ocrx_word' id='word_1_395' title='bbox 3537 2771 3652 2808; x_wconf 82' lang='lat' dir='ltr'>ma-</span> 
     </span>
    </p>
   </div>
   <div class='ocr_carea' id='block_1_60' title="bbox 1997 2838 3653 2913">
    <p class='ocr_par' dir='ltr' id='par_1_60' title="bbox 1997 2838 3653 2913">
     <span class='ocr_line' id='line_1_60' title="bbox 1997 2838 3653 2913; baseline 0.001 -17"><span class='ocrx_word' id='word_1_396' title='bbox 1997 2843 2094 2913; x_wconf 87' lang='lat' dir='ltr'>jor</span> <span class='ocrx_word' id='word_1_397' title='bbox 2124 2840 2223 2895; x_wconf 88' lang='lat' dir='ltr'>illo</span> <span class='ocrx_word' id='word_1_398' title='bbox 2262 2841 2409 2894; x_wconf 88' lang='lat' dir='ltr'>inter</span> <span class='ocrx_word' id='word_1_399' title='bbox 2448 2843 2615 2893; x_wconf 90' lang='lat' dir='ltr'>natos</span> <span class='ocrx_word' id='word_1_400' title='bbox 2645 2838 2956 2892; x_wconf 89' lang='lat' dir='ltr'>mulierum</span> <span class='ocrx_word' id='word_1_401' title='bbox 2999 2856 3112 2894; x_wconf 90' lang='lat' dir='ltr'>non</span> <span class='ocrx_word' id='word_1_402' title='bbox 3136 2843 3408 2896; x_wconf 85' lang='lat' dir='ltr'>surrexit.</span> <span class='ocrx_word' id='word_1_403' title='bbox 3444 2843 3653 2899; x_wconf 85' lang='lat' dir='ltr'>Narrat</span> 
     </span>
    </p>
   </div>
   <div class='ocr_carea' id='block_1_61' title="bbox 2006 2927 3652 3000">
    <p class='ocr_par' dir='ltr' id='par_1_61' title="bbox 2006 2927 3652 3000">
     <span class='ocr_line' id='line_1_61' title="bbox 2006 2927 3652 3000; baseline 0.001 -15"><span class='ocrx_word' id='word_1_404' title='bbox 2006 2931 2177 2985; x_wconf 90' lang='lat' dir='ltr'>etiam</span> <span class='ocrx_word' id='word_1_405' title='bbox 2203 2929 2272 2983; x_wconf 91' lang='lat' dir='ltr'>de</span> <span class='ocrx_word' id='word_1_406' title='bbox 2294 2945 2358 2983; x_wconf 92' lang='lat' dir='ltr'>eo</span> <span class='ocrx_word' id='word_1_407' title='bbox 2383 2931 2650 2982; x_wconf 90' lang='lat' dir='ltr'>sanctum</span> <span class='ocrx_word' id='word_1_408' title='bbox 2676 2927 3235 3000; x_wconf 84' lang='lat' dir='ltr'>Evangelium,quod</span> <span class='ocrx_word' id='word_1_409' title='bbox 3254 2929 3365 2984; x_wconf 90' lang='lat' dir='ltr'>mel</span> <span class='ocrx_word' id='word_1_410' title='bbox 3388 2931 3652 2987; x_wconf 85' lang='lat' dir='ltr'>silvestre</span> 
     </span>
    </p>
   </div>
   <div class='ocr_carea' id='block_1_62' title="bbox 2005 3015 3650 3090">
    <p class='ocr_par' dir='ltr' id='par_1_62' title="bbox 2005 3015 3650 3090">
     <span class='ocr_line' id='line_1_62' title="bbox 2005 3015 3650 3090; baseline 0 -16"><span class='ocrx_word' id='word_1_411' title='bbox 2005 3025 2057 3074; x_wconf 90' lang='lat' dir='ltr'>et</span> <span class='ocrx_word' id='word_1_412' title='bbox 2081 3019 2336 3073; x_wconf 90' lang='lat' dir='ltr'>locustas</span> <span class='ocrx_word' id='word_1_413' title='bbox 2380 3017 2605 3072; x_wconf 89' lang='lat' dir='ltr'>edebat.</span> <span class='ocrx_word' id='word_1_414' title='bbox 2641 3016 2700 3070; x_wconf 83' lang='lat' dir='ltr'>Si</span> <span class='ocrx_word' id='word_1_415' title='bbox 2739 3016 2810 3080; x_wconf 88' lang='lat' dir='ltr'>ei,</span> <span class='ocrx_word' id='word_1_416' title='bbox 2846 3016 2946 3086; x_wconf 90' lang='lat' dir='ltr'>qui</span> <span class='ocrx_word' id='word_1_417' title='bbox 2981 3015 3039 3071; x_wconf 92' lang='lat' dir='ltr'>in</span> <span class='ocrx_word' id='word_1_418' title='bbox 3073 3021 3127 3072; x_wconf 90' lang='lat' dir='ltr'>te</span> <span class='ocrx_word' id='word_1_419' title='bbox 3158 3018 3378 3086; x_wconf 82' lang='lat' dir='ltr'>deccat,</span> <span class='ocrx_word' id='word_1_420' title='bbox 3413 3019 3513 3090; x_wconf 91' lang='lat' dir='ltr'>qui</span> <span class='ocrx_word' id='word_1_421' title='bbox 3544 3019 3650 3074; x_wconf 89' lang='lat' dir='ltr'>tibi</span> 
     </span>
    </p>
   </div>
   <div class='ocr_carea' id='block_1_63' title="bbox 2006 3104 3648 3177">
    <p class='ocr_par' dir='ltr' id='par_1_63' title="bbox 2006 3104 3648 3177">
     <span class='ocr_line' id='line_1_63' title="bbox 2006 3104 3648 3177; baseline 0.001 -14"><span class='ocrx_word' id='word_1_422' title='bbox 2006 3108 2279 3171; x_wconf 89' lang='lat' dir='ltr'>detrahit,</span> <span class='ocrx_word' id='word_1_423' title='bbox 2328 3111 2428 3160; x_wconf 90' lang='lat' dir='ltr'>aut</span> <span class='ocrx_word' id='word_1_424' title='bbox 2476 3104 2790 3175; x_wconf 86' lang='lat' dir='ltr'>maledicit,</span> <span class='ocrx_word' id='word_1_425' title='bbox 2842 3111 2943 3160; x_wconf 90' lang='lat' dir='ltr'>aut</span> <span class='ocrx_word' id='word_1_426' title='bbox 2972 3107 3029 3159; x_wconf 94' lang='lat' dir='ltr'>in</span> <span class='ocrx_word' id='word_1_427' title='bbox 3082 3105 3278 3176; x_wconf 90' lang='lat' dir='ltr'>aliquo</span> <span class='ocrx_word' id='word_1_428' title='bbox 3325 3106 3497 3177; x_wconf 78' lang='lat' dir='ltr'>laedit,</span> <span class='ocrx_word' id='word_1_429' title='bbox 3533 3125 3648 3164; x_wconf 88' lang='lat' dir='ltr'>non</span> 
     </span>
    </p>
   </div>
   <div class='ocr_carea' id='block_1_64' title="bbox 2009 3194 3648 3270">
    <p class='ocr_par' dir='ltr' id='par_1_64' title="bbox 2009 3194 3648 3270">
     <span class='ocr_line' id='line_1_64' title="bbox 2009 3194 3648 3270; baseline 0.001 -18"><span class='ocrx_word' id='word_1_430' title='bbox 2009 3205 2169 3270; x_wconf 88' lang='lat' dir='ltr'>potes</span> <span class='ocrx_word' id='word_1_431' title='bbox 2220 3197 2538 3268; x_wconf 88' lang='lat' dir='ltr'>ignoscere,</span> <span class='ocrx_word' id='word_1_432' title='bbox 2571 3195 2722 3248; x_wconf 88' lang='lat' dir='ltr'>sicut</span> <span class='ocrx_word' id='word_1_433' title='bbox 2772 3194 2876 3258; x_wconf 86' lang='lat' dir='ltr'>vis,</span> <span class='ocrx_word' id='word_1_434' title='bbox 2911 3195 3144 3250; x_wconf 80' lang='lat' dir='ltr'>veniant</span> <span class='ocrx_word' id='word_1_435' title='bbox 3190 3195 3262 3250; x_wconf 90' lang='lat' dir='ltr'>ad</span> <span class='ocrx_word' id='word_1_436' title='bbox 3308 3198 3648 3253; x_wconf 89' lang='lat' dir='ltr'>memoriam</span> 
     </span>
    </p>
   </div>
   <div class='ocr_carea' id='block_1_65' title="bbox 238 3269 3650 3358">
    <p class='ocr_par' dir='ltr' id='par_1_65' title="bbox 238 3269 3650 3358">
     <span class='ocr_line' id='line_1_65' title="bbox 238 3269 3650 3358; baseline 0.001 -18"><span class='ocrx_word' id='word_1_437' title='bbox 238 3285 558 3341; x_wconf 89' lang='lat' dir='ltr'>orationem</span> <span class='ocrx_word' id='word_1_438' title='bbox 595 3284 916 3340; x_wconf 88' lang='lat' dir='ltr'>faciendam</span> <span class='ocrx_word' id='word_1_439' title='bbox 943 3302 1057 3340; x_wconf 91' lang='lat' dir='ltr'>non</span> <span class='ocrx_word' id='word_1_440' title='bbox 1089 3303 1298 3341; x_wconf 89' lang='lat' dir='ltr'>sumus</span> <span class='ocrx_word' id='word_1_441' title='bbox 1331 3291 1394 3342; x_wconf 93' lang='lat' dir='ltr'>ut</span> <span class='ocrx_word' id='word_1_442' title='bbox 1424 3269 1728 3345; x_wconf 80' lang='lat' dir='ltr'>illi.Dratio</span> <span class='ocrx_word' id='word_1_443' title='bbox 1762 3307 1896 3346; x_wconf 90' lang='lat' dir='ltr'>vero</span> <span class='ocrx_word' id='word_1_444' title='bbox 1927 3269 1969 3334; x_wconf 64' lang='grc' dir='ltr'><strong>(ἶ</strong></span> <span class='ocrx_word' id='word_1_445' title='bbox 2009 3269 2227 3358; x_wconf 86' lang='lat' dir='ltr'>quanta</span> <span class='ocrx_word' id='word_1_446' title='bbox 2255 3289 2312 3340; x_wconf 90' lang='lat' dir='ltr'>et</span> <span class='ocrx_word' id='word_1_447' title='bbox 2342 3284 2537 3356; x_wconf 87' lang='lat' dir='ltr'>qualia</span> <span class='ocrx_word' id='word_1_448' title='bbox 2559 3300 2768 3355; x_wconf 90' lang='lat' dir='ltr'>passus</span> <span class='ocrx_word' id='word_1_449' title='bbox 2801 3283 2972 3339; x_wconf 89' lang='lat' dir='ltr'>fuerit</span> <span class='ocrx_word' id='word_1_450' title='bbox 2994 3301 3096 3355; x_wconf 92' lang='lat' dir='ltr'>pro</span> <span class='ocrx_word' id='word_1_451' title='bbox 3128 3289 3183 3339; x_wconf 89' lang='lat' dir='ltr'>te</span> <span class='ocrx_word' id='word_1_452' title='bbox 3207 3285 3475 3342; x_wconf 83' lang='lat' dir='ltr'>Christus</span> <span class='ocrx_word' id='word_1_453' title='bbox 3508 3301 3650 3358; x_wconf 90' lang='lat' dir='ltr'>:pro</span> 
     </span>
    </p>
   </div>
   <div class='ocr_carea' id='block_1_66' title="bbox 233 3373 1893 3451">
    <p class='ocr_par' dir='ltr' id='par_1_66' title="bbox 233 3373 1893 3451">
     <span class='ocr_line' id='line_1_66' title="bbox 233 3373 1893 3451; baseline 0.003 -22"><span class='ocrx_word' id='word_1_454' title='bbox 233 3376 443 3446; x_wconf 87' lang='lat' dir='ltr'>juncta</span> <span class='ocrx_word' id='word_1_455' title='bbox 493 3373 926 3444; x_wconf 89' lang='lat' dir='ltr'>compunctioni</span> <span class='ocrx_word' id='word_1_456' title='bbox 959 3391 1174 3446; x_wconf 87' lang='lat' dir='ltr'>magna</span> <span class='ocrx_word' id='word_1_457' title='bbox 1204 3381 1292 3430; x_wconf 90' lang='lat' dir='ltr'>est</span> <span class='ocrx_word' id='word_1_458' title='bbox 1339 3376 1542 3432; x_wconf 86' lang='lat' dir='ltr'>virtus.</span> <span class='ocrx_word' id='word_1_459' title='bbox 1576 3379 1718 3433; x_wconf 92' lang='lat' dir='ltr'>Volo</span> <span class='ocrx_word' id='word_1_460' title='bbox 1752 3396 1893 3451; x_wconf 83' lang='lat' dir='ltr'>quo-</span> 
     </span>
    </p>
   </div>
   <div class='ocr_carea' id='block_1_67' title="bbox 241 3462 1894 3536">
    <p class='ocr_par' dir='ltr' id='par_1_67' title="bbox 241 3462 1894 3536">
     <span class='ocr_line' id='line_1_67' title="bbox 241 3462 1894 3536; baseline 0.003 -18"><span class='ocrx_word' id='word_1_461' title='bbox 241 3479 377 3535; x_wconf 88' lang='lat' dir='ltr'>que,</span> <span class='ocrx_word' id='word_1_462' title='bbox 416 3466 479 3518; x_wconf 91' lang='lat' dir='ltr'>ut</span> <span class='ocrx_word' id='word_1_463' title='bbox 506 3463 615 3517; x_wconf 91' lang='lat' dir='ltr'>hoc</span> <span class='ocrx_word' id='word_1_464' title='bbox 645 3462 887 3517; x_wconf 90' lang='lat' dir='ltr'>solerter</span> <span class='ocrx_word' id='word_1_465' title='bbox 918 3463 1210 3532; x_wconf 87' lang='lat' dir='ltr'>attendas,</span> <span class='ocrx_word' id='word_1_466' title='bbox 1245 3466 1400 3536; x_wconf 90' lang='lat' dir='ltr'>quod</span> <span class='ocrx_word' id='word_1_467' title='bbox 1431 3467 1600 3522; x_wconf 88' lang='lat' dir='ltr'>Jesus</span> <span class='ocrx_word' id='word_1_468' title='bbox 1630 3466 1894 3523; x_wconf 88' lang='lat' dir='ltr'>Christus</span> 
     </span>
    </p>
   </div>
   <div class='ocr_carea' id='block_1_68' title="bbox 236 3550 1893 3611">
    <p class='ocr_par' dir='ltr' id='par_1_68' title="bbox 236 3550 1893 3611">
     <span class='ocr_line' id='line_1_68' title="bbox 236 3550 1893 3611; baseline 0.001 -3"><span class='ocrx_word' id='word_1_469' title='bbox 236 3569 304 3608; x_wconf 90' lang='lat' dir='ltr'>ac</span> <span class='ocrx_word' id='word_1_470' title='bbox 336 3551 599 3607; x_wconf 91' lang='lat' dir='ltr'>Salvator</span> <span class='ocrx_word' id='word_1_471' title='bbox 613 3556 813 3606; x_wconf 90' lang='lat' dir='ltr'>noster</span> <span class='ocrx_word' id='word_1_472' title='bbox 837 3550 1036 3606; x_wconf 87' lang='lat' dir='ltr'>volens</span> <span class='ocrx_word' id='word_1_473' title='bbox 1064 3569 1228 3608; x_wconf 90' lang='lat' dir='ltr'>orare</span> <span class='ocrx_word' id='word_1_474' title='bbox 1255 3555 1585 3610; x_wconf 89' lang='lat' dir='ltr'>ascenditin</span> <span class='ocrx_word' id='word_1_475' title='bbox 1612 3563 1893 3611; x_wconf 90' lang='lat' dir='ltr'>montem.</span> 
     </span>
    </p>
   </div>
   <div class='ocr_carea' id='block_1_69' title="bbox 239 3640 1894 3709">
    <p class='ocr_par' dir='ltr' id='par_1_69' title="bbox 239 3640 1894 3709">
     <span class='ocr_line' id='line_1_69' title="bbox 239 3640 1894 3709; baseline 0.002 -13"><span class='ocrx_word' id='word_1_476' title='bbox 239 3641 372 3696; x_wconf 90' lang='lat' dir='ltr'>Ideo</span> <span class='ocrx_word' id='word_1_477' title='bbox 401 3641 574 3696; x_wconf 87' lang='lat' dir='ltr'>Jesus</span> <span class='ocrx_word' id='word_1_478' title='bbox 622 3643 894 3695; x_wconf 87' lang='lat' dir='ltr'>oraturus</span> <span class='ocrx_word' id='word_1_479' title='bbox 925 3640 984 3694; x_wconf 90' lang='lat' dir='ltr'>in</span> <span class='ocrx_word' id='word_1_480' title='bbox 1017 3645 1276 3696; x_wconf 89' lang='lat' dir='ltr'>montem</span> <span class='ocrx_word' id='word_1_481' title='bbox 1326 3645 1608 3709; x_wconf 88' lang='lat' dir='ltr'>ascendit,</span> <span class='ocrx_word' id='word_1_482' title='bbox 1641 3649 1704 3699; x_wconf 91' lang='lat' dir='ltr'>ut</span> <span class='ocrx_word' id='word_1_483' title='bbox 1747 3650 1802 3701; x_wconf 92' lang='lat' dir='ltr'>et</span> <span class='ocrx_word' id='word_1_484' title='bbox 1832 3650 1894 3700; x_wconf 92' lang='lat' dir='ltr'>tu</span> 
     </span>
    </p>
   </div>
   <div class='ocr_carea' id='block_1_70' title="bbox 235 3730 1894 3805">
    <p class='ocr_par' dir='ltr' id='par_1_70' title="bbox 235 3730 1894 3805">
     <span class='ocr_line' id='line_1_70' title="bbox 235 3730 1894 3805; baseline 0.002 -19"><span class='ocrx_word' id='word_1_485' title='bbox 235 3731 456 3786; x_wconf 92' lang='lat' dir='ltr'>orando</span> <span class='ocrx_word' id='word_1_486' title='bbox 489 3730 545 3784; x_wconf 92' lang='lat' dir='ltr'>in</span> <span class='ocrx_word' id='word_1_487' title='bbox 597 3732 857 3783; x_wconf 88' lang='lat' dir='ltr'>montem</span> <span class='ocrx_word' id='word_1_488' title='bbox 900 3730 1277 3786; x_wconf 88' lang='lat' dir='ltr'>conscendas.</span> <span class='ocrx_word' id='word_1_489' title='bbox 1309 3731 1692 3805; x_wconf 83' lang='lat' dir='ltr'>Nequaquam</span> <span class='ocrx_word' id='word_1_490' title='bbox 1737 3735 1894 3789; x_wconf 88' lang='lat' dir='ltr'>enim</span> 
     </span>
    </p>
   </div>
   <div class='ocr_carea' id='block_1_71' title="bbox 235 3816 1896 3892">
    <p class='ocr_par' dir='ltr' id='par_1_71' title="bbox 235 3816 1896 3892">
     <span class='ocr_line' id='line_1_71' title="bbox 235 3816 1896 3892; baseline 0.001 -17"><span class='ocrx_word' id='word_1_491' title='bbox 235 3820 452 3887; x_wconf 90' lang='lat' dir='ltr'>omnis,</span> <span class='ocrx_word' id='word_1_492' title='bbox 487 3818 584 3890; x_wconf 88' lang='lat' dir='ltr'>qui</span> <span class='ocrx_word' id='word_1_493' title='bbox 618 3822 762 3885; x_wconf 90' lang='lat' dir='ltr'>orat,</span> <span class='ocrx_word' id='word_1_494' title='bbox 798 3816 856 3871; x_wconf 90' lang='lat' dir='ltr'>in</span> <span class='ocrx_word' id='word_1_495' title='bbox 891 3822 1150 3872; x_wconf 88' lang='lat' dir='ltr'>montem</span> <span class='ocrx_word' id='word_1_496' title='bbox 1183 3820 1465 3874; x_wconf 88' lang='lat' dir='ltr'>ascendit.</span> <span class='ocrx_word' id='word_1_497' title='bbox 1489 3820 1587 3876; x_wconf 93' lang='lat' dir='ltr'>Ille</span> <span class='ocrx_word' id='word_1_498' title='bbox 1617 3839 1770 3890; x_wconf 89' lang='lat' dir='ltr'>vero,</span> <span class='ocrx_word' id='word_1_499' title='bbox 1794 3823 1896 3892; x_wconf 91' lang='lat' dir='ltr'>qui</span> 
     </span>
    </p>
   </div>
   <div class='ocr_carea' id='block_1_72' title="bbox 233 3906 1895 3978">
    <p class='ocr_par' dir='ltr' id='par_1_72' title="bbox 233 3906 1895 3978">
     <span class='ocr_line' id='line_1_72' title="bbox 233 3906 1895 3978; baseline 0.002 -15"><span class='ocrx_word' id='word_1_500' title='bbox 233 3909 297 3964; x_wconf 91' lang='lat' dir='ltr'>in</span> <span class='ocrx_word' id='word_1_501' title='bbox 347 3907 609 3964; x_wconf 89' lang='lat' dir='ltr'>oratione</span> <span class='ocrx_word' id='word_1_502' title='bbox 652 3910 897 3961; x_wconf 90' lang='lat' dir='ltr'>mortem</span> <span class='ocrx_word' id='word_1_503' title='bbox 967 3906 1186 3961; x_wconf 89' lang='lat' dir='ltr'>inimici</span> <span class='ocrx_word' id='word_1_504' title='bbox 1241 3908 1332 3962; x_wconf 90' lang='lat' dir='ltr'>sui</span> <span class='ocrx_word' id='word_1_505' title='bbox 1382 3909 1608 3978; x_wconf 67' lang='lat' dir='ltr'>quaerit,</span> <span class='ocrx_word' id='word_1_506' title='bbox 1658 3915 1759 3964; x_wconf 91' lang='lat' dir='ltr'>aut</span> <span class='ocrx_word' id='word_1_507' title='bbox 1806 3928 1895 3966; x_wconf 88' lang='lat' dir='ltr'>res</span> 
     </span>
    </p>
   </div>
   <div class='ocr_carea' id='block_1_73' title="bbox 229 3995 1898 4066">
    <p class='ocr_par' dir='ltr' id='par_1_73' title="bbox 229 3995 1898 4066">
     <span class='ocr_line' id='line_1_73' title="bbox 229 3995 1898 4066; baseline 0.001 -13"><span class='ocrx_word' id='word_1_508' title='bbox 229 3997 441 4053; x_wconf 88' lang='lat' dir='ltr'>mundi</span> <span class='ocrx_word' id='word_1_509' title='bbox 491 3996 691 4066; x_wconf 87' lang='lat' dir='ltr'>hujus,</span> <span class='ocrx_word' id='word_1_510' title='bbox 726 3999 790 4050; x_wconf 87' lang='lat' dir='ltr'>ut</span> <span class='ocrx_word' id='word_1_511' title='bbox 820 3995 1220 4050; x_wconf 89' lang='lat' dir='ltr'>honorabilior</span> <span class='ocrx_word' id='word_1_512' title='bbox 1265 3997 1326 4051; x_wconf 90' lang='lat' dir='ltr'>in</span> <span class='ocrx_word' id='word_1_513' title='bbox 1358 3997 1465 4052; x_wconf 91' lang='lat' dir='ltr'>hoc</span> <span class='ocrx_word' id='word_1_514' title='bbox 1498 4000 1716 4053; x_wconf 90' lang='lat' dir='ltr'>mundo</span> <span class='ocrx_word' id='word_1_515' title='bbox 1770 4016 1898 4054; x_wconf 89' lang='lat' dir='ltr'>esse</span> 
     </span>
    </p>
   </div>
   <div class='ocr_carea' id='block_1_74' title="bbox 229 4085 1899 4159">
    <p class='ocr_par' dir='ltr' id='par_1_74' title="bbox 229 4085 1899 4159">
     <span class='ocr_line' id='line_1_74' title="bbox 229 4085 1899 4159; baseline 0.001 -17"><span class='ocrx_word' id='word_1_516' title='bbox 229 4087 442 4159; x_wconf 87' lang='lat' dir='ltr'>possit,</span> <span class='ocrx_word' id='word_1_517' title='bbox 477 4101 848 4157; x_wconf 88' lang='lat' dir='ltr'>nequaquam</span> <span class='ocrx_word' id='word_1_518' title='bbox 884 4085 941 4138; x_wconf 91' lang='lat' dir='ltr'>in</span> <span class='ocrx_word' id='word_1_519' title='bbox 978 4090 1231 4140; x_wconf 89' lang='lat' dir='ltr'>montem</span> <span class='ocrx_word' id='word_1_520' title='bbox 1267 4087 1529 4141; x_wconf 90' lang='lat' dir='ltr'>ascendit</span> <span class='ocrx_word' id='word_1_521' title='bbox 1560 4089 1801 4143; x_wconf 90' lang='lat' dir='ltr'>orando.</span> <span class='ocrx_word' id='word_1_522' title='bbox 1825 4093 1899 4143; x_wconf 88' lang='lat' dir='ltr'>At</span> 
     </span>
    </p>
   </div>
   <div class='ocr_carea' id='block_1_75' title="bbox 231 4174 1897 4246">
    <p class='ocr_par' dir='ltr' id='par_1_75' title="bbox 231 4174 1897 4246">
     <span class='ocr_line' id='line_1_75' title="bbox 231 4174 1897 4246; baseline 0.001 -15"><span class='ocrx_word' id='word_1_523' title='bbox 231 4181 458 4241; x_wconf 90' lang='lat' dir='ltr'>contra,</span> <span class='ocrx_word' id='word_1_524' title='bbox 493 4174 589 4246; x_wconf 90' lang='lat' dir='ltr'>qui</span> <span class='ocrx_word' id='word_1_525' title='bbox 642 4175 699 4228; x_wconf 91' lang='lat' dir='ltr'>in</span> <span class='ocrx_word' id='word_1_526' title='bbox 745 4174 1005 4229; x_wconf 89' lang='lat' dir='ltr'>oratione</span> <span class='ocrx_word' id='word_1_527' title='bbox 1037 4191 1140 4245; x_wconf 91' lang='lat' dir='ltr'>pro</span> <span class='ocrx_word' id='word_1_528' title='bbox 1191 4175 1447 4230; x_wconf 90' lang='lat' dir='ltr'>remedio</span> <span class='ocrx_word' id='word_1_529' title='bbox 1497 4176 1704 4232; x_wconf 70' lang='lat' dir='ltr'>animae</span> <span class='ocrx_word' id='word_1_530' title='bbox 1755 4195 1897 4246; x_wconf 61' lang='lat' dir='ltr'>sua),</span> 
     </span>
    </p>
   </div>
   <div class='ocr_carea' id='block_1_76' title="bbox 233 4262 1898 4338">
    <p class='ocr_par' dir='ltr' id='par_1_76' title="bbox 233 4262 1898 4338">
     <span class='ocr_line' id='line_1_76' title="bbox 233 4262 1898 4338; baseline 0 -17"><span class='ocrx_word' id='word_1_531' title='bbox 233 4266 356 4321; x_wconf 90' lang='lat' dir='ltr'>sive</span> <span class='ocrx_word' id='word_1_532' title='bbox 408 4281 510 4336; x_wconf 92' lang='lat' dir='ltr'>pro</span> <span class='ocrx_word' id='word_1_533' title='bbox 563 4262 811 4318; x_wconf 84' lang='lat' dir='ltr'>aliorum</span> <span class='ocrx_word' id='word_1_534' title='bbox 861 4264 1133 4334; x_wconf 87' lang='lat' dir='ltr'>peccatis,</span> <span class='ocrx_word' id='word_1_535' title='bbox 1168 4263 1478 4320; x_wconf 90' lang='lat' dir='ltr'>Dominum</span> <span class='ocrx_word' id='word_1_536' title='bbox 1531 4266 1898 4338; x_wconf 90' lang='lat' dir='ltr'>deprecatur,</span> 
     </span>
    </p>
   </div>
   <div class='ocr_carea' id='block_1_77' title="bbox 231 4351 1901 4410">
    <p class='ocr_par' dir='ltr' id='par_1_77' title="bbox 231 4351 1901 4410">
     <span class='ocr_line' id='line_1_77' title="bbox 231 4351 1901 4410; baseline 0.002 -2"><span class='ocrx_word' id='word_1_537' title='bbox 231 4355 347 4409; x_wconf 88' lang='lat' dir='ltr'>iste</span> <span class='ocrx_word' id='word_1_538' title='bbox 377 4352 504 4408; x_wconf 88' lang='lat' dir='ltr'>sine</span> <span class='ocrx_word' id='word_1_539' title='bbox 533 4352 712 4407; x_wconf 92' lang='lat' dir='ltr'>dubio</span> <span class='ocrx_word' id='word_1_540' title='bbox 744 4351 802 4405; x_wconf 93' lang='lat' dir='ltr'>in</span> <span class='ocrx_word' id='word_1_541' title='bbox 836 4358 1093 4406; x_wconf 89' lang='lat' dir='ltr'>montem</span> <span class='ocrx_word' id='word_1_542' title='bbox 1138 4357 1410 4409; x_wconf 90' lang='lat' dir='ltr'>oraturus</span> <span class='ocrx_word' id='word_1_543' title='bbox 1443 4355 1722 4410; x_wconf 90' lang='lat' dir='ltr'>ascendit.</span> <span class='ocrx_word' id='word_1_544' title='bbox 1757 4355 1901 4410; x_wconf 85' lang='lat' dir='ltr'>Vide</span> 
     </span>
    </p>
   </div>
   <div class='ocr_carea' id='block_1_78' title="bbox 236 4440 1902 4513">
    <p class='ocr_par' dir='ltr' id='par_1_78' title="bbox 236 4440 1902 4513">
     <span class='ocr_line' id='line_1_78' title="bbox 236 4440 1902 4513; baseline 0.001 -16"><span class='ocrx_word' id='word_1_545' title='bbox 236 4446 305 4497; x_wconf 90' lang='lat' dir='ltr'>ut</span> <span class='ocrx_word' id='word_1_546' title='bbox 343 4442 463 4496; x_wconf 83' lang='lat' dir='ltr'>haec</span> <span class='ocrx_word' id='word_1_547' title='bbox 508 4440 666 4513; x_wconf 90' lang='lat' dir='ltr'>legas</span> <span class='ocrx_word' id='word_1_548' title='bbox 701 4445 938 4507; x_wconf 88' lang='lat' dir='ltr'>attente,</span> <span class='ocrx_word' id='word_1_549' title='bbox 991 4441 1105 4495; x_wconf 91' lang='lat' dir='ltr'>Dco</span> <span class='ocrx_word' id='word_1_550' title='bbox 1154 4441 1362 4510; x_wconf 89' lang='lat' dir='ltr'>dicata,</span> <span class='ocrx_word' id='word_1_551' title='bbox 1416 4447 1480 4497; x_wconf 92' lang='lat' dir='ltr'>ut</span> <span class='ocrx_word' id='word_1_552' title='bbox 1527 4444 1787 4499; x_wconf 88' lang='lat' dir='ltr'>ordinate</span> <span class='ocrx_word' id='word_1_553' title='bbox 1831 4445 1902 4507; x_wconf 78' lang='lat' dir='ltr'>de</span> 
     </span>
    </p>
   </div>
   <div class='ocr_carea' id='block_1_79' title="bbox 238 4530 1902 4603">
    <p class='ocr_par' dir='ltr' id='par_1_79' title="bbox 238 4530 1902 4603">
     <span class='ocr_line' id='line_1_79' title="bbox 238 4530 1902 4603; baseline 0.001 -17"><span class='ocrx_word' id='word_1_554' title='bbox 238 4531 692 4586; x_wconf 83' lang='lat' dir='ltr'>mortiﬁcatione</span> <span class='ocrx_word' id='word_1_555' title='bbox 720 4530 919 4586; x_wconf 87' lang='lat' dir='ltr'>venias</span> <span class='ocrx_word' id='word_1_556' title='bbox 953 4530 1024 4584; x_wconf 86' lang='lat' dir='ltr'>ad</span> <span class='ocrx_word' id='word_1_557' title='bbox 1059 4531 1593 4601; x_wconf 86' lang='lat' dir='ltr'>compunctionem,</span> <span class='ocrx_word' id='word_1_558' title='bbox 1619 4550 1902 4603; x_wconf 85' lang='lat' dir='ltr'>compun-</span> 
     </span>
    </p>
   </div>
   <div class='ocr_carea' id='block_1_80' title="bbox 2005 3373 3652 3447">
    <p class='ocr_par' dir='ltr' id='par_1_80' title="bbox 2005 3373 3652 3447">
     <span class='ocr_line' id='line_1_80' title="bbox 2005 3373 3652 3447; baseline 0.001 -17"><span class='ocrx_word' id='word_1_559' title='bbox 2005 3382 2058 3431; x_wconf 92' lang='lat' dir='ltr'>te</span> <span class='ocrx_word' id='word_1_560' title='bbox 2090 3377 2275 3431; x_wconf 86' lang='lat' dir='ltr'>factus</span> <span class='ocrx_word' id='word_1_561' title='bbox 2324 3379 2411 3429; x_wconf 90' lang='lat' dir='ltr'>est</span> <span class='ocrx_word' id='word_1_562' title='bbox 2442 3373 2636 3442; x_wconf 89' lang='lat' dir='ltr'>homo,</span> <span class='ocrx_word' id='word_1_563' title='bbox 2673 3373 2956 3443; x_wconf 86' lang='lat' dir='ltr'>mortalis,</span> <span class='ocrx_word' id='word_1_564' title='bbox 3005 3374 3422 3445; x_wconf 90' lang='lat' dir='ltr'>corruptibilis,</span> <span class='ocrx_word' id='word_1_565' title='bbox 3462 3376 3652 3447; x_wconf 88' lang='lat' dir='ltr'>passi-</span> 
     </span>
    </p>
   </div>
   <div class='ocr_carea' id='block_1_81' title="bbox 2005 3461 3654 3537">
    <p class='ocr_par' dir='ltr' id='par_1_81' title="bbox 2005 3461 3654 3537">
     <span class='ocr_line' id='line_1_81' title="bbox 2005 3461 3654 3537; baseline 0.001 -18"><span class='ocrx_word' id='word_1_566' title='bbox 2005 3465 2158 3530; x_wconf 90' lang='lat' dir='ltr'>bilis,</span> <span class='ocrx_word' id='word_1_567' title='bbox 2193 3465 2293 3536; x_wconf 90' lang='lat' dir='ltr'>qui</span> <span class='ocrx_word' id='word_1_568' title='bbox 2323 3468 2448 3518; x_wconf 90' lang='lat' dir='ltr'>erat</span> <span class='ocrx_word' id='word_1_569' title='bbox 2478 3461 2851 3529; x_wconf 88' lang='lat' dir='ltr'>immortalis,</span> <span class='ocrx_word' id='word_1_570' title='bbox 2879 3461 3284 3535; x_wconf 88' lang='lat' dir='ltr'>impassibilis.</span> <span class='ocrx_word' id='word_1_571' title='bbox 3317 3465 3654 3537; x_wconf 84' lang='lat' dir='ltr'>Assumpsit</span> 
     </span>
    </p>
   </div>
   <div class='ocr_carea' id='block_1_82' title="bbox 2005 3551 3649 3626">
    <p class='ocr_par' dir='ltr' id='par_1_82' title="bbox 2005 3551 3649 3626">
     <span class='ocr_line' id='line_1_82' title="bbox 2005 3551 3649 3626; baseline 0.001 -18"><span class='ocrx_word' id='word_1_572' title='bbox 2005 3571 2107 3626; x_wconf 89' lang='lat' dir='ltr'>pro</span> <span class='ocrx_word' id='word_1_573' title='bbox 2141 3560 2194 3608; x_wconf 92' lang='lat' dir='ltr'>te</span> <span class='ocrx_word' id='word_1_574' title='bbox 2226 3568 2459 3607; x_wconf 88' lang='lat' dir='ltr'>carnem</span> <span class='ocrx_word' id='word_1_575' title='bbox 2490 3569 2558 3606; x_wconf 89' lang='lat' dir='ltr'>ex</span> <span class='ocrx_word' id='word_1_576' title='bbox 2588 3551 2843 3622; x_wconf 88' lang='lat' dir='ltr'>Virgine,</span> <span class='ocrx_word' id='word_1_577' title='bbox 2876 3551 2934 3605; x_wconf 88' lang='lat' dir='ltr'>in</span> <span class='ocrx_word' id='word_1_578' title='bbox 2967 3569 3084 3623; x_wconf 87' lang='lat' dir='ltr'>qua</span> <span class='ocrx_word' id='word_1_579' title='bbox 3115 3556 3410 3623; x_wconf 88' lang='lat' dir='ltr'>pateretur</span> <span class='ocrx_word' id='word_1_580' title='bbox 3439 3558 3496 3610; x_wconf 89' lang='lat' dir='ltr'>et</span> <span class='ocrx_word' id='word_1_581' title='bbox 3526 3571 3649 3610; x_wconf 92' lang='lat' dir='ltr'>mo-</span> 
     </span>
    </p>
   </div>
   <div class='ocr_carea' id='block_1_83' title="bbox 2004 3640 3644 3714">
    <p class='ocr_par' dir='ltr' id='par_1_83' title="bbox 2004 3640 3644 3714">
     <span class='ocr_line' id='line_1_83' title="bbox 2004 3640 3644 3714; baseline -0.001 -16"><span class='ocrx_word' id='word_1_582' title='bbox 2004 3648 2228 3698; x_wconf 88' lang='lat' dir='ltr'>reretur</span> <span class='ocrx_word' id='word_1_583' title='bbox 2251 3659 2263 3709; x_wconf 88' lang='lat'><strong>;</strong></span> <span class='ocrx_word' id='word_1_584' title='bbox 2284 3658 2384 3713; x_wconf 90' lang='lat' dir='ltr'>pro</span> <span class='ocrx_word' id='word_1_585' title='bbox 2415 3644 2470 3695; x_wconf 89' lang='lat' dir='ltr'>te</span> <span class='ocrx_word' id='word_1_586' title='bbox 2501 3657 2734 3712; x_wconf 92' lang='lat' dir='ltr'>quoque</span> <span class='ocrx_word' id='word_1_587' title='bbox 2752 3640 2859 3695; x_wconf 88' lang='lat' dir='ltr'>fuit</span> <span class='ocrx_word' id='word_1_588' title='bbox 2879 3640 3417 3714; x_wconf 84' lang='lat' dir='ltr'>ﬂagellatus,alapis</span> <span class='ocrx_word' id='word_1_589' title='bbox 3439 3659 3644 3711; x_wconf 74' lang='lat' dir='ltr'>caesus,</span> 
     </span>
    </p>
   </div>
   <div class='ocr_carea' id='block_1_84' title="bbox 2005 3730 3646 3804">
    <p class='ocr_par' dir='ltr' id='par_1_84' title="bbox 2005 3730 3646 3804">
     <span class='ocr_line' id='line_1_84' title="bbox 2005 3730 3646 3804; baseline 0.001 -16"><span class='ocrx_word' id='word_1_590' title='bbox 2005 3733 2195 3804; x_wconf 89' lang='lat' dir='ltr'>sputis</span> <span class='ocrx_word' id='word_1_591' title='bbox 2226 3730 2642 3801; x_wconf 86' lang='lat' dir='ltr'>linitus,spinis</span> <span class='ocrx_word' id='word_1_592' title='bbox 2673 3731 3084 3797; x_wconf 89' lang='lat' dir='ltr'>coronatus,ad</span> <span class='ocrx_word' id='word_1_593' title='bbox 3115 3736 3440 3786; x_wconf 86' lang='lat' dir='ltr'>extremum</span> <span class='ocrx_word' id='word_1_594' title='bbox 3469 3732 3646 3788; x_wconf 89' lang='lat' dir='ltr'>etiam</span> 
     </span>
    </p>
   </div>
   <div class='ocr_carea' id='block_1_85' title="bbox 2005 3818 3650 3890">
    <p class='ocr_par' dir='ltr' id='par_1_85' title="bbox 2005 3818 3650 3890">
     <span class='ocr_line' id='line_1_85' title="bbox 2005 3818 3650 3890; baseline 0.001 -15"><span class='ocrx_word' id='word_1_595' title='bbox 2005 3821 2317 3876; x_wconf 81' lang='lat' dir='ltr'>cruciﬁxus</span> <span class='ocrx_word' id='word_1_596' title='bbox 2344 3837 2356 3887; x_wconf 93' lang='lat'>;</span> <span class='ocrx_word' id='word_1_597' title='bbox 2386 3837 2489 3890; x_wconf 89' lang='lat' dir='ltr'>pro</span> <span class='ocrx_word' id='word_1_598' title='bbox 2523 3824 2574 3874; x_wconf 91' lang='lat' dir='ltr'>te</span> <span class='ocrx_word' id='word_1_599' title='bbox 2603 3818 2723 3873; x_wconf 73' lang='lat' dir='ltr'>haec</span> <span class='ocrx_word' id='word_1_600' title='bbox 2755 3819 2952 3874; x_wconf 90' lang='lat' dir='ltr'>omnia</span> <span class='ocrx_word' id='word_1_601' title='bbox 2981 3819 3260 3874; x_wconf 88' lang='lat' dir='ltr'>sustinuit</span> <span class='ocrx_word' id='word_1_602' title='bbox 3289 3821 3650 3889; x_wconf 88' lang='lat' dir='ltr'>Christus,ut</span> 
     </span>
    </p>
   </div>
   <div class='ocr_carea' id='block_1_86' title="bbox 2005 3900 3646 3982">
    <p class='ocr_par' dir='ltr' id='par_1_86' title="bbox 2005 3900 3646 3982">
     <span class='ocr_line' id='line_1_86' title="bbox 2005 3900 3646 3982; baseline 0.001 -18"><span class='ocrx_word' id='word_1_603' title='bbox 2005 3913 2061 3964; x_wconf 88' lang='lat' dir='ltr'>te</span> <span class='ocrx_word' id='word_1_604' title='bbox 2093 3926 2126 3964; x_wconf 92' lang='lat' dir='ltr'>a</span> <span class='ocrx_word' id='word_1_605' title='bbox 2156 3908 2374 3962; x_wconf 91' lang='lat' dir='ltr'>diaboli</span> <span class='ocrx_word' id='word_1_606' title='bbox 2428 3912 2709 3978; x_wconf 85' lang='lat' dir='ltr'>potestate</span> <span class='ocrx_word' id='word_1_607' title='bbox 2748 3900 3036 3962; x_wconf 84' lang='lat' dir='ltr'>liberaret.</span> <span class='ocrx_word' id='word_1_608' title='bbox 3070 3909 3334 3964; x_wconf 88' lang='lat' dir='ltr'>Pendens</span> <span class='ocrx_word' id='word_1_609' title='bbox 3381 3926 3513 3964; x_wconf 91' lang='lat' dir='ltr'>vero</span> <span class='ocrx_word' id='word_1_610' title='bbox 3543 3927 3646 3982; x_wconf 91' lang='lat' dir='ltr'>pro</span> 
     </span>
    </p>
   </div>
   <div class='ocr_carea' id='block_1_87' title="bbox 2007 3995 3652 4069">
    <p class='ocr_par' dir='ltr' id='par_1_87' title="bbox 2007 3995 3652 4069">
     <span class='ocr_line' id='line_1_87' title="bbox 2007 3995 3652 4069; baseline 0.001 -17"><span class='ocrx_word' id='word_1_611' title='bbox 2007 4003 2064 4053; x_wconf 91' lang='lat' dir='ltr'>te</span> <span class='ocrx_word' id='word_1_612' title='bbox 2095 3998 2153 4051; x_wconf 92' lang='lat' dir='ltr'>in</span> <span class='ocrx_word' id='word_1_613' title='bbox 2187 4013 2375 4063; x_wconf 90' lang='lat' dir='ltr'>cruce,</span> <span class='ocrx_word' id='word_1_614' title='bbox 2411 3996 2550 4066; x_wconf 88' lang='lat' dir='ltr'>quid</span> <span class='ocrx_word' id='word_1_615' title='bbox 2585 3995 2812 4050; x_wconf 85' lang='lat' dir='ltr'>dicebat</span> <span class='ocrx_word' id='word_1_616' title='bbox 2845 4013 2858 4049; x_wconf 90' lang='lat'><strong>:</strong></span> <span class='ocrx_word' id='word_1_617' title='bbox 2891 3998 3070 4062; x_wconf 84' lang='lat' dir='ltr'>Pater,</span> <span class='ocrx_word' id='word_1_618' title='bbox 3100 3997 3313 4063; x_wconf 83' lang='lat' dir='ltr'>ignosce</span> <span class='ocrx_word' id='word_1_619' title='bbox 3354 3998 3487 4063; x_wconf 78' lang='lat' dir='ltr'>illis,</span> <span class='ocrx_word' id='word_1_620' title='bbox 3518 4001 3652 4069; x_wconf 86' lang='lat' dir='ltr'>quia</span> 
     </span>
    </p>
   </div>
   <div class='ocr_carea' id='block_1_88' title="bbox 2007 4085 3654 4159">
    <p class='ocr_par' dir='ltr' id='par_1_88' title="bbox 2007 4085 3654 4159">
     <span class='ocr_line' id='line_1_88' title="bbox 2007 4085 3654 4159; baseline 0.001 -17"><span class='ocrx_word' id='word_1_621' title='bbox 2007 4089 2255 4142; x_wconf 79' lang='lat' dir='ltr'>nesciunt</span> <span class='ocrx_word' id='word_1_622' title='bbox 2285 4086 2414 4158; x_wconf 84' lang='lat' dir='ltr'>quid</span> <span class='ocrx_word' id='word_1_623' title='bbox 2441 4085 2696 4156; x_wconf 78' lang='lat' dir='ltr'>faciunt?</span> <span class='ocrx_word' id='word_1_624' title='bbox 2724 4087 2873 4155; x_wconf 85' lang='lat' dir='ltr'>(Luc.</span> <span class='ocrx_word' id='word_1_625' title='bbox 2907 4101 3064 4150; x_wconf 84' lang='lat' dir='ltr'>xxm,</span> <span class='ocrx_word' id='word_1_626' title='bbox 3095 4086 3208 4156; x_wconf 82' lang='grc'>34.)</span> <span class='ocrx_word' id='word_1_627' title='bbox 3242 4085 3341 4140; x_wconf 90' lang='lat' dir='ltr'>Ille</span> <span class='ocrx_word' id='word_1_628' title='bbox 3370 4103 3526 4158; x_wconf 86' lang='lat' dir='ltr'>ergo,</span> <span class='ocrx_word' id='word_1_629' title='bbox 3553 4089 3654 4159; x_wconf 91' lang='lat' dir='ltr'>qui</span> 
     </span>
    </p>
   </div>
   <div class='ocr_carea' id='block_1_89' title="bbox 2011 4174 3656 4247">
    <p class='ocr_par' dir='ltr' id='par_1_89' title="bbox 2011 4174 3656 4247">
     <span class='ocr_line' id='line_1_89' title="bbox 2011 4174 3656 4247; baseline -0.001 -14"><span class='ocrx_word' id='word_1_630' title='bbox 2011 4177 2136 4233; x_wconf 91' lang='lat' dir='ltr'>sine</span> <span class='ocrx_word' id='word_1_631' title='bbox 2170 4180 2399 4247; x_wconf 87' lang='lat' dir='ltr'>peccato</span> <span class='ocrx_word' id='word_1_632' title='bbox 2430 4174 2824 4244; x_wconf 89' lang='lat' dir='ltr'>occidebatur,</span> <span class='ocrx_word' id='word_1_633' title='bbox 2857 4191 2960 4245; x_wconf 87' lang='lat' dir='ltr'>pro</span> <span class='ocrx_word' id='word_1_634' title='bbox 2992 4174 3117 4230; x_wconf 90' lang='lat' dir='ltr'>suis</span> <span class='ocrx_word' id='word_1_635' title='bbox 3146 4174 3400 4230; x_wconf 87' lang='lat' dir='ltr'>inimicis</span> <span class='ocrx_word' id='word_1_636' title='bbox 3433 4178 3656 4245; x_wconf 88' lang='lat' dir='ltr'>orabat,</span> 
     </span>
    </p>
   </div>
   <div class='ocr_carea' id='block_1_90' title="bbox 2011 4263 3657 4336">
    <p class='ocr_par' dir='ltr' id='par_1_90' title="bbox 2011 4263 3657 4336">
     <span class='ocr_line' id='line_1_90' title="bbox 2011 4263 3657 4336; baseline -0.001 -14"><span class='ocrx_word' id='word_1_637' title='bbox 2011 4272 2066 4322; x_wconf 89' lang='lat' dir='ltr'>et</span> <span class='ocrx_word' id='word_1_638' title='bbox 2095 4271 2158 4321; x_wconf 90' lang='lat' dir='ltr'>tu</span> <span class='ocrx_word' id='word_1_639' title='bbox 2191 4264 2239 4320; x_wconf 92' lang='lat' dir='ltr'>si</span> <span class='ocrx_word' id='word_1_640' title='bbox 2272 4263 2529 4335; x_wconf 88' lang='lat' dir='ltr'>aliquam</span> <span class='ocrx_word' id='word_1_641' title='bbox 2565 4263 2894 4319; x_wconf 88' lang='lat' dir='ltr'>molestiam</span> <span class='ocrx_word' id='word_1_642' title='bbox 2931 4263 3172 4335; x_wconf 89' lang='lat' dir='ltr'>patiaris</span> <span class='ocrx_word' id='word_1_643' title='bbox 3203 4265 3275 4318; x_wconf 89' lang='lat' dir='ltr'>ab</span> <span class='ocrx_word' id='word_1_644' title='bbox 3307 4264 3657 4336; x_wconf 90' lang='lat' dir='ltr'>aliquo,non</span> 
     </span>
    </p>
   </div>
   <div class='ocr_carea' id='block_1_91' title="bbox 2013 4353 3659 4428">
    <p class='ocr_par' dir='ltr' id='par_1_91' title="bbox 2013 4353 3659 4428">
     <span class='ocr_line' id='line_1_91' title="bbox 2013 4353 3659 4428; baseline -0.001 -18"><span class='ocrx_word' id='word_1_645' title='bbox 2013 4361 2177 4428; x_wconf 90' lang='lat' dir='ltr'>potes</span> <span class='ocrx_word' id='word_1_646' title='bbox 2209 4371 2277 4409; x_wconf 88' lang='lat' dir='ltr'>ex</span> <span class='ocrx_word' id='word_1_647' title='bbox 2307 4358 2424 4408; x_wconf 88' lang='lat' dir='ltr'>toto</span> <span class='ocrx_word' id='word_1_648' title='bbox 2457 4354 2626 4409; x_wconf 92' lang='lat' dir='ltr'>corde</span> <span class='ocrx_word' id='word_1_649' title='bbox 2655 4353 2967 4408; x_wconf 91' lang='lat' dir='ltr'>dimittere.</span> <span class='ocrx_word' id='word_1_650' title='bbox 3003 4353 3183 4408; x_wconf 89' lang='lat' dir='ltr'>Credo</span> <span class='ocrx_word' id='word_1_651' title='bbox 3215 4368 3468 4424; x_wconf 90' lang='lat' dir='ltr'>quoque,</span> <span class='ocrx_word' id='word_1_652' title='bbox 3503 4354 3659 4424; x_wconf 91' lang='lat' dir='ltr'>quod</span> 
     </span>
    </p>
   </div>
   <div class='ocr_carea' id='block_1_92' title="bbox 2012 4441 3661 4514">
    <p class='ocr_par' dir='ltr' id='par_1_92' title="bbox 2012 4441 3661 4514">
     <span class='ocr_line' id='line_1_92' title="bbox 2012 4441 3661 4514; baseline -0.001 -15"><span class='ocrx_word' id='word_1_653' title='bbox 2012 4445 2061 4500; x_wconf 91' lang='lat' dir='ltr'>si</span> <span class='ocrx_word' id='word_1_654' title='bbox 2094 4445 2224 4511; x_wconf 89' lang='lat' dir='ltr'>ista,</span> <span class='ocrx_word' id='word_1_655' title='bbox 2257 4460 2382 4514; x_wconf 77' lang='lat' dir='ltr'>quae</span> <span class='ocrx_word' id='word_1_656' title='bbox 2414 4443 2564 4510; x_wconf 91' lang='lat' dir='ltr'>dico,</span> <span class='ocrx_word' id='word_1_657' title='bbox 2598 4442 2890 4498; x_wconf 88' lang='lat' dir='ltr'>subtiliter</span> <span class='ocrx_word' id='word_1_658' title='bbox 2919 4443 3176 4513; x_wconf 89' lang='lat' dir='ltr'>cogitare</span> <span class='ocrx_word' id='word_1_659' title='bbox 3208 4441 3501 4512; x_wconf 85' lang='lat' dir='ltr'>volumus,</span> <span class='ocrx_word' id='word_1_660' title='bbox 3535 4445 3661 4497; x_wconf 77' lang='lat' dir='ltr'>om-</span> 
     </span>
    </p>
   </div>
   <div class='ocr_carea' id='block_1_93' title="bbox 2014 4530 3664 4604">
    <p class='ocr_par' dir='ltr' id='par_1_93' title="bbox 2014 4530 3664 4604">
     <span class='ocr_line' id='line_1_93' title="bbox 2014 4530 3664 4604; baseline -0.002 -17"><span class='ocrx_word' id='word_1_661' title='bbox 2014 4533 2187 4588; x_wconf 89' lang='lat' dir='ltr'>nibus</span> <span class='ocrx_word' id='word_1_662' title='bbox 2224 4533 2282 4586; x_wconf 91' lang='lat' dir='ltr'>in</span> <span class='ocrx_word' id='word_1_663' title='bbox 2313 4538 2368 4588; x_wconf 90' lang='lat' dir='ltr'>te</span> <span class='ocrx_word' id='word_1_664' title='bbox 2394 4533 2769 4604; x_wconf 89' lang='lat' dir='ltr'>peccantibus</span> <span class='ocrx_word' id='word_1_665' title='bbox 2797 4548 2864 4587; x_wconf 87' lang='lat' dir='ltr'>ex</span> <span class='ocrx_word' id='word_1_666' title='bbox 2895 4535 3012 4587; x_wconf 91' lang='lat' dir='ltr'>toto</span> <span class='ocrx_word' id='word_1_667' title='bbox 3061 4534 3233 4588; x_wconf 84' lang='lat' dir='ltr'>corde</span> <span class='ocrx_word' id='word_1_668' title='bbox 3279 4531 3443 4587; x_wconf 88' lang='lat' dir='ltr'>facile</span> <span class='ocrx_word' id='word_1_669' title='bbox 3471 4530 3664 4586; x_wconf 89' lang='lat' dir='ltr'>dimit-</span> 
     </span>
    </p>
   </div>
   <div class='ocr_carea' id='block_1_94' title="bbox 237 4619 3665 4703">
    <p class='ocr_par' dir='ltr' id='par_1_94' title="bbox 237 4619 3665 4703">
     <span class='ocr_line' id='line_1_94' title="bbox 237 4619 3665 4703; baseline -0.001 -27"><span class='ocrx_word' id='word_1_670' title='bbox 237 4620 616 4692; x_wconf 90' lang='lat' dir='ltr'>ctionemque</span> <span class='ocrx_word' id='word_1_671' title='bbox 647 4619 914 4674; x_wconf 90' lang='lat' dir='ltr'>habendo</span> <span class='ocrx_word' id='word_1_672' title='bbox 947 4636 1116 4674; x_wconf 89' lang='lat' dir='ltr'>nosse</span> <span class='ocrx_word' id='word_1_673' title='bbox 1148 4636 1329 4690; x_wconf 89' lang='lat' dir='ltr'>queas</span> <span class='ocrx_word' id='word_1_674' title='bbox 1361 4622 1606 4677; x_wconf 90' lang='lat' dir='ltr'>modum</span> <span class='ocrx_word' id='word_1_675' title='bbox 1639 4623 1864 4678; x_wconf 90' lang='lat' dir='ltr'>orandi.</span> <span class='ocrx_word' id='word_1_676' title='bbox 1935 4639 1980 4703; x_wconf 84' lang='lat' dir='ltr'><strong>D</strong></span> <span class='ocrx_word' id='word_1_677' title='bbox 2016 4627 2136 4678; x_wconf 89' lang='lat' dir='ltr'>tere</span> <span class='ocrx_word' id='word_1_678' title='bbox 2171 4621 2546 4691; x_wconf 69' lang='lat' dir='ltr'>poteris.Hazc</span> <span class='ocrx_word' id='word_1_679' title='bbox 2571 4621 3056 4687; x_wconf 73' lang='lat' dir='ltr'>meditando,ha:c</span> <span class='ocrx_word' id='word_1_680' title='bbox 3088 4626 3279 4675; x_wconf 88' lang='lat' dir='ltr'>mente</span> <span class='ocrx_word' id='word_1_681' title='bbox 3296 4620 3665 4675; x_wconf 84' lang='lat' dir='ltr'>discutienda</span> 
     </span>
    </p>
   </div>
   <div class='ocr_carea' id='block_1_95' title="bbox 554 4707 1580 4779">
    <p class='ocr_par' dir='ltr' id='par_1_95' title="bbox 554 4707 1580 4779">
     <span class='ocr_line' id='line_1_95' title="bbox 554 4707 1580 4779; baseline 0.004 -17"><span class='ocrx_word' id='word_1_682' title='bbox 554 4712 684 4764; x_wconf 80' lang='lat' dir='ltr'>CAP.</span> <span class='ocrx_word' id='word_1_683' title='bbox 718 4707 838 4762; x_wconf 84' lang='lat' dir='ltr'>XII.</span> <span class='ocrx_word' id='word_1_684' title='bbox 872 4738 940 4747; x_wconf 90' lang='lat'>—-</span> <span class='ocrx_word' id='word_1_685' title='bbox 971 4708 1044 4762; x_wconf 81' lang='lat' dir='ltr'>De</span> <span class='ocrx_word' id='word_1_686' title='bbox 1065 4723 1265 4779; x_wconf 83' lang='lat' dir='ltr'>pugna</span> <span class='ocrx_word' id='word_1_687' title='bbox 1295 4711 1580 4766; x_wconf 83' lang='lat' dir='ltr'>vitiorum.</span> 
     </span>
    </p>
   </div>
   <div class='ocr_carea' id='block_1_96' title="bbox 315 4796 1899 4870">
    <p class='ocr_par' dir='ltr' id='par_1_96' title="bbox 315 4796 1899 4870">
     <span class='ocr_line' id='line_1_96' title="bbox 315 4796 1899 4870; baseline 0 -17"><span class='ocrx_word' id='word_1_688' title='bbox 315 4799 387 4853; x_wconf 90' lang='lat' dir='ltr'>Et</span> <span class='ocrx_word' id='word_1_689' title='bbox 416 4798 556 4870; x_wconf 87' lang='lat' dir='ltr'>quia</span> <span class='ocrx_word' id='word_1_690' title='bbox 602 4796 794 4854; x_wconf 91' lang='lat' dir='ltr'>lucide</span> <span class='ocrx_word' id='word_1_691' title='bbox 825 4797 895 4852; x_wconf 90' lang='lat' dir='ltr'>de</span> <span class='ocrx_word' id='word_1_692' title='bbox 925 4796 1225 4852; x_wconf 88' lang='lat' dir='ltr'>nonnullis</span> <span class='ocrx_word' id='word_1_693' title='bbox 1266 4797 1552 4855; x_wconf 90' lang='lat' dir='ltr'>instructa</span> <span class='ocrx_word' id='word_1_694' title='bbox 1579 4817 1640 4855; x_wconf 89' lang='lat' dir='ltr'>es</span> <span class='ocrx_word' id='word_1_695' title='bbox 1671 4799 1899 4855; x_wconf 91' lang='lat' dir='ltr'>virtuti-</span> 
     </span>
    </p>
   </div>
   <div class='ocr_carea' id='block_1_97' title="bbox 238 4887 1906 4960">
    <p class='ocr_par' dir='ltr' id='par_1_97' title="bbox 238 4887 1906 4960">
     <span class='ocr_line' id='line_1_97' title="bbox 238 4887 1906 4960; baseline 0 -15"><span class='ocrx_word' id='word_1_696' title='bbox 238 4890 379 4958; x_wconf 88' lang='lat' dir='ltr'>bus,</span> <span class='ocrx_word' id='word_1_697' title='bbox 412 4890 592 4943; x_wconf 90' lang='lat' dir='ltr'>restat</span> <span class='ocrx_word' id='word_1_698' title='bbox 640 4891 703 4942; x_wconf 91' lang='lat' dir='ltr'>ut</span> <span class='ocrx_word' id='word_1_699' title='bbox 743 4891 937 4942; x_wconf 89' lang='lat' dir='ltr'>mente</span> <span class='ocrx_word' id='word_1_700' title='bbox 983 4887 1331 4959; x_wconf 91' lang='lat' dir='ltr'>perpendas,</span> <span class='ocrx_word' id='word_1_701' title='bbox 1365 4895 1582 4960; x_wconf 89' lang='lat' dir='ltr'>quanta</span> <span class='ocrx_word' id='word_1_702' title='bbox 1626 4888 1786 4944; x_wconf 90' lang='lat' dir='ltr'>lucta</span> <span class='ocrx_word' id='word_1_703' title='bbox 1828 4890 1906 4946; x_wconf 89' lang='lat' dir='ltr'>sit</span> 
     </span>
    </p>
   </div>
   <div class='ocr_carea' id='block_1_98' title="bbox 237 4976 1905 5051">
    <p class='ocr_par' dir='ltr' id='par_1_98' title="bbox 237 4976 1905 5051">
     <span class='ocr_line' id='line_1_98' title="bbox 237 4976 1905 5051; baseline 0.002 -18"><span class='ocrx_word' id='word_1_704' title='bbox 237 4977 517 5033; x_wconf 89' lang='lat' dir='ltr'>vitiorum</span> <span class='ocrx_word' id='word_1_705' title='bbox 542 4977 823 5032; x_wconf 89' lang='lat' dir='ltr'>adversus</span> <span class='ocrx_word' id='word_1_706' title='bbox 851 4976 1116 5032; x_wconf 87' lang='lat' dir='ltr'>virtutes.</span> <span class='ocrx_word' id='word_1_707' title='bbox 1148 4980 1426 5049; x_wconf 82' lang='lat' dir='ltr'>Magnum</span> <span class='ocrx_word' id='word_1_708' title='bbox 1461 4995 1688 5051; x_wconf 86' lang='lat' dir='ltr'>quoque</span> <span class='ocrx_word' id='word_1_709' title='bbox 1721 4985 1905 5036; x_wconf 88' lang='lat' dir='ltr'>certa-</span> 
     </span>
    </p>
   </div>
   <div class='ocr_carea' id='block_1_99' title="bbox 243 5066 1906 5125">
    <p class='ocr_par' dir='ltr' id='par_1_99' title="bbox 243 5066 1906 5125">
     <span class='ocr_line' id='line_1_99' title="bbox 243 5066 1906 5125; baseline 0.002 -3"><span class='ocrx_word' id='word_1_710' title='bbox 243 5083 384 5122; x_wconf 87' lang='lat' dir='ltr'>men</span> <span class='ocrx_word' id='word_1_711' title='bbox 434 5070 522 5121; x_wconf 91' lang='lat' dir='ltr'>est</span> <span class='ocrx_word' id='word_1_712' title='bbox 570 5066 843 5121; x_wconf 90' lang='lat' dir='ltr'>vitiorum</span> <span class='ocrx_word' id='word_1_713' title='bbox 889 5068 1168 5122; x_wconf 89' lang='lat' dir='ltr'>adversus</span> <span class='ocrx_word' id='word_1_714' title='bbox 1217 5067 1482 5124; x_wconf 84' lang='lat' dir='ltr'>virtutes.</span> <span class='ocrx_word' id='word_1_715' title='bbox 1537 5069 1701 5123; x_wconf 91' lang='lat' dir='ltr'>Tunc</span> <span class='ocrx_word' id='word_1_716' title='bbox 1749 5070 1906 5125; x_wconf 89' lang='lat' dir='ltr'>enim</span> 
     </span>
    </p>
   </div>
   <div class='ocr_carea' id='block_1_100' title="bbox 244 5153 1905 5229">
    <p class='ocr_par' dir='ltr' id='par_1_100' title="bbox 244 5153 1905 5229">
     <span class='ocr_line' id='line_1_100' title="bbox 244 5153 1905 5229; baseline 0.003 -19"><span class='ocrx_word' id='word_1_717' title='bbox 244 5155 466 5229; x_wconf 87' lang='lat' dir='ltr'>poteris</span> <span class='ocrx_word' id='word_1_718' title='bbox 513 5155 708 5210; x_wconf 91' lang='lat' dir='ltr'>omnia</span> <span class='ocrx_word' id='word_1_719' title='bbox 746 5153 881 5208; x_wconf 88' lang='lat' dir='ltr'>vitia</span> <span class='ocrx_word' id='word_1_720' title='bbox 925 5157 1154 5210; x_wconf 90' lang='lat' dir='ltr'>vincere</span> <span class='ocrx_word' id='word_1_721' title='bbox 1207 5158 1588 5228; x_wconf 85' lang='lat' dir='ltr'>repugnando</span> <span class='ocrx_word' id='word_1_722' title='bbox 1636 5173 1769 5213; x_wconf 88' lang='lat' dir='ltr'>cum</span> <span class='ocrx_word' id='word_1_723' title='bbox 1819 5160 1905 5214; x_wconf 93' lang='lat' dir='ltr'>di-</span> 
     </span>
    </p>
   </div>
   <div class='ocr_carea' id='block_1_101' title="bbox 241 5241 1907 5318">
    <p class='ocr_par' dir='ltr' id='par_1_101' title="bbox 241 5241 1907 5318">
     <span class='ocr_line' id='line_1_101' title="bbox 241 5241 1907 5318; baseline 0.002 -16"><span class='ocrx_word' id='word_1_724' title='bbox 241 5244 384 5302; x_wconf 83' lang='lat' dir='ltr'>vino</span> <span class='ocrx_word' id='word_1_725' title='bbox 433 5244 738 5314; x_wconf 84' lang='lat' dir='ltr'>adjutorio,</span> <span class='ocrx_word' id='word_1_726' title='bbox 772 5241 818 5297; x_wconf 91' lang='lat' dir='ltr'>si</span> <span class='ocrx_word' id='word_1_727' title='bbox 859 5251 1061 5300; x_wconf 88' lang='lat' dir='ltr'>contra</span> <span class='ocrx_word' id='word_1_728' title='bbox 1109 5243 1253 5300; x_wconf 88' lang='lat' dir='ltr'>vitia</span> <span class='ocrx_word' id='word_1_729' title='bbox 1285 5245 1517 5318; x_wconf 87' lang='lat' dir='ltr'>singula</span> <span class='ocrx_word' id='word_1_730' title='bbox 1565 5250 1907 5317; x_wconf 82' lang='lat' dir='ltr'>opposueris</span> 
     </span>
    </p>
   </div>
   <div class='ocr_carea' id='block_1_102' title="bbox 239 5333 671 5358">
    <p class='ocr_par' dir='ltr' id='par_1_102' title="bbox 239 5333 671 5358">
     <span class='ocr_line' id='line_1_102' title="bbox 239 5333 671 5358; baseline 0 0"><span class='ocrx_word' id='word_1_731' title='bbox 239 5333 489 5358; x_wconf 68' lang='grc' dir='ltr'>--ζ-ιηιη..</span> <span class='ocrx_word' id='word_1_732' title='bbox 521 5333 610 5358; x_wconf 73' lang='grc' dir='ltr'>Ο-1</span> <span class='ocrx_word' id='word_1_733' title='bbox 625 5339 671 5358; x_wconf 73' lang='lat'>-1.</span> 
     </span>
    </p>
   </div>
   <div class='ocr_carea' id='block_1_103' title="bbox 688 5336 1346 5358">
    <p class='ocr_par' dir='ltr' id='par_1_103' title="bbox 688 5336 1346 5358">
     <span class='ocr_line' id='line_1_103' title="bbox 688 5336 1346 5358; baseline 0 0"><span class='ocrx_word' id='word_1_734' title='bbox 688 5336 834 5358; x_wconf 61' lang='grc' dir='ltr'>μιν-ἔπι</span> <span class='ocrx_word' id='word_1_735' title='bbox 858 5349 1048 5358; x_wconf 72' lang='grc'>...-.......</span> <span class='ocrx_word' id='word_1_736' title='bbox 1068 5336 1346 5358; x_wconf 59' lang='grc' dir='ltr'>..;ι;-..--...</span> 
     </span>
    </p>
   </div>
   <div class='ocr_carea' id='block_1_104' title="bbox 2015 4707 3669 4783">
    <p class='ocr_par' dir='ltr' id='par_1_104' title="bbox 2015 4707 3669 4783">
     <span class='ocr_line' id='line_1_104' title="bbox 2015 4707 3669 4783; baseline -0.002 -17"><span class='ocrx_word' id='word_1_737' title='bbox 2015 4710 2231 4783; x_wconf 90' lang='lat' dir='ltr'>poteris</span> <span class='ocrx_word' id='word_1_738' title='bbox 2263 4709 2410 4764; x_wconf 92' lang='lat' dir='ltr'>iram</span> <span class='ocrx_word' id='word_1_739' title='bbox 2442 4711 2916 4779; x_wconf 89' lang='lat' dir='ltr'>vincere,poteris</span> <span class='ocrx_word' id='word_1_740' title='bbox 2947 4726 3150 4764; x_wconf 89' lang='lat' dir='ltr'>omnes</span> <span class='ocrx_word' id='word_1_741' title='bbox 3178 4707 3669 4780; x_wconf 83' lang='lat' dir='ltr'>diligere,poteris</span> 
     </span>
    </p>
   </div>
   <div class='ocr_carea' id='block_1_105' title="bbox 2013 4799 3668 4870">
    <p class='ocr_par' dir='ltr' id='par_1_105' title="bbox 2013 4799 3668 4870">
     <span class='ocr_line' id='line_1_105' title="bbox 2013 4799 3668 4870; baseline -0.002 -16"><span class='ocrx_word' id='word_1_742' title='bbox 2013 4799 2258 4870; x_wconf 89' lang='lat' dir='ltr'>implere</span> <span class='ocrx_word' id='word_1_743' title='bbox 2290 4799 2388 4855; x_wconf 91' lang='lat' dir='ltr'>Dei</span> <span class='ocrx_word' id='word_1_744' title='bbox 2439 4803 2795 4869; x_wconf 81' lang='lat' dir='ltr'>praeceptum</span> <span class='ocrx_word' id='word_1_745' title='bbox 2838 4817 2852 4854; x_wconf 87' lang='lat'><strong>:</strong></span> <span class='ocrx_word' id='word_1_746' title='bbox 2884 4799 3113 4869; x_wconf 84' lang='lat' dir='ltr'>Ditigite</span> <span class='ocrx_word' id='word_1_747' title='bbox 3159 4799 3409 4852; x_wconf 76' lang='lat' dir='ltr'>inimicos</span> <span class='ocrx_word' id='word_1_748' title='bbox 3441 4799 3668 4866; x_wconf 78' lang='lat' dir='ltr'>vestros,</span> 
     </span>
    </p>
   </div>
   <div class='ocr_carea' id='block_1_106' title="bbox 2017 4889 3674 4960">
    <p class='ocr_par' dir='ltr' id='par_1_106' title="bbox 2017 4889 3674 4960">
     <span class='ocr_line' id='line_1_106' title="bbox 2017 4889 3674 4960; baseline -0.004 -16"><span class='ocrx_word' id='word_1_749' title='bbox 2017 4889 2321 4960; x_wconf 72' lang='lat' dir='ltr'>bene/abite</span> <span class='ocrx_word' id='word_1_750' title='bbox 2368 4889 2478 4954; x_wconf 72' lang='lat' dir='ltr'>liis,</span> <span class='ocrx_word' id='word_1_751' title='bbox 2509 4890 2606 4960; x_wconf 81' lang='lat' dir='ltr'>qui</span> <span class='ocrx_word' id='word_1_752' title='bbox 2655 4902 2744 4942; x_wconf 81' lang='lat' dir='ltr'>vos</span> <span class='ocrx_word' id='word_1_753' title='bbox 2779 4890 3037 4952; x_wconf 80' lang='lat' dir='ltr'>oderunt,</span> <span class='ocrx_word' id='word_1_754' title='bbox 3069 4891 3122 4940; x_wconf 87' lang='lat' dir='ltr'>et</span> <span class='ocrx_word' id='word_1_755' title='bbox 3169 4890 3316 4941; x_wconf 86' lang='lat' dir='ltr'>orate</span> <span class='ocrx_word' id='word_1_756' title='bbox 3342 4903 3442 4957; x_wconf 86' lang='lat' dir='ltr'>pro</span> <span class='ocrx_word' id='word_1_757' title='bbox 3486 4900 3674 4956; x_wconf 79' lang='lat' dir='ltr'>perse-</span> 
     </span>
    </p>
   </div>
   <div class='ocr_carea' id='block_1_107' title="bbox 2015 4969 3682 5049">
    <p class='ocr_par' dir='ltr' id='par_1_107' title="bbox 2015 4969 3682 5049">
     <span class='ocr_line' id='line_1_107' title="bbox 2015 4969 3682 5049; baseline -0.005 -18"><span class='ocrx_word' id='word_1_758' title='bbox 2015 4978 2307 5049; x_wconf 79' lang='lat' dir='ltr'>quentibus</span> <span class='ocrx_word' id='word_1_759' title='bbox 2355 4984 2405 5033; x_wconf 84' lang='lat' dir='ltr'>et</span> <span class='ocrx_word' id='word_1_760' title='bbox 2451 4975 2931 5033; x_wconf 77' lang='lat' dir='ltr'>calumniantibus</span> <span class='ocrx_word' id='word_1_761' title='bbox 2983 4988 3067 5028; x_wconf 86' lang='lat' dir='ltr'>vos</span> <span class='ocrx_word' id='word_1_762' title='bbox 3117 4973 3326 5043; x_wconf 80' lang='lat' dir='ltr'>(Matth.</span> <span class='ocrx_word' id='word_1_763' title='bbox 3356 4991 3411 5039; x_wconf 92' lang='lat' dir='ltr'>v,</span> <span class='ocrx_word' id='word_1_764' title='bbox 3464 4972 3574 5037; x_wconf 79' lang='grc'>44).</span> <span class='ocrx_word' id='word_1_765' title='bbox 3617 4969 3682 5026; x_wconf 88' lang='lat' dir='ltr'>Si</span> 
     </span>
    </p>
   </div>
   <div class='ocr_carea' id='block_1_108' title="bbox 2019 5059 3684 5139">
    <p class='ocr_par' dir='ltr' id='par_1_108' title="bbox 2019 5059 3684 5139">
     <span class='ocr_line' id='line_1_108' title="bbox 2019 5059 3684 5139; baseline -0.006 -18"><span class='ocrx_word' id='word_1_766' title='bbox 2019 5067 2124 5122; x_wconf 82' lang='lat' dir='ltr'>tibi</span> <span class='ocrx_word' id='word_1_767' title='bbox 2175 5067 2399 5122; x_wconf 80' lang='lat' dir='ltr'>venerit</span> <span class='ocrx_word' id='word_1_768' title='bbox 2443 5065 2720 5122; x_wconf 88' lang='lat' dir='ltr'>voluntas</span> <span class='ocrx_word' id='word_1_769' title='bbox 2799 5060 3075 5139; x_wconf 78' lang='lat' dir='ltr'>vagandi,</span> <span class='ocrx_word' id='word_1_770' title='bbox 3131 5063 3315 5118; x_wconf 88' lang='lat' dir='ltr'>recole</span> <span class='ocrx_word' id='word_1_771' title='bbox 3360 5061 3516 5132; x_wconf 90' lang='lat' dir='ltr'>quod</span> <span class='ocrx_word' id='word_1_772' title='bbox 3556 5059 3684 5128; x_wconf 84' lang='lat' dir='ltr'>jam</span> 
     </span>
    </p>
   </div>
   <div class='ocr_carea' id='block_1_109' title="bbox 2019 5145 3692 5227">
    <p class='ocr_par' dir='ltr' id='par_1_109' title="bbox 2019 5145 3692 5227">
     <span class='ocr_line' id='line_1_109' title="bbox 2019 5145 3692 5227; baseline -0.009 -15"><span class='ocrx_word' id='word_1_773' title='bbox 2019 5161 2251 5213; x_wconf 89' lang='lat' dir='ltr'>mortua</span> <span class='ocrx_word' id='word_1_774' title='bbox 2299 5175 2380 5226; x_wconf 92' lang='lat' dir='ltr'>es,</span> <span class='ocrx_word' id='word_1_775' title='bbox 2414 5158 2569 5227; x_wconf 91' lang='lat' dir='ltr'>quod</span> <span class='ocrx_word' id='word_1_776' title='bbox 2623 5157 2920 5215; x_wconf 76' lang='lat' dir='ltr'>cruciﬁxa</span> <span class='ocrx_word' id='word_1_777' title='bbox 2949 5168 3034 5207; x_wconf 81' lang='lat' dir='ltr'>es.</span> <span class='ocrx_word' id='word_1_778' title='bbox 3061 5149 3377 5222; x_wconf 82' lang='lat' dir='ltr'>Nunquam</span> <span class='ocrx_word' id='word_1_779' title='bbox 3419 5145 3692 5204; x_wconf 78' lang='lat' dir='ltr'>cruciﬁxo</span> 
     </span>
    </p>
   </div>
   <div class='ocr_carea' id='block_1_110' title="bbox 2020 5231 3697 5317">
    <p class='ocr_par' dir='ltr' id='par_1_110' title="bbox 2020 5231 3697 5317">
     <span class='ocr_line' id='line_1_110' title="bbox 2020 5231 3697 5317; baseline -0.008 -17"><span class='ocrx_word' id='word_1_780' title='bbox 2020 5245 2245 5301; x_wconf 91' lang='lat' dir='ltr'>homini</span> <span class='ocrx_word' id='word_1_781' title='bbox 2295 5248 2452 5302; x_wconf 87' lang='lat' dir='ltr'>venit</span> <span class='ocrx_word' id='word_1_782' title='bbox 2499 5246 2789 5303; x_wconf 86' lang='lat' dir='ltr'>voluntas</span> <span class='ocrx_word' id='word_1_783' title='bbox 2843 5237 3093 5317; x_wconf 81' lang='lat' dir='ltr'>vagandi</span> <span class='ocrx_word' id='word_1_784' title='bbox 3129 5255 3143 5293; x_wconf 87' lang='lat'><strong>:</strong></span> <span class='ocrx_word' id='word_1_785' title='bbox 3178 5256 3316 5305; x_wconf 90' lang='lat' dir='ltr'>non,</span> <span class='ocrx_word' id='word_1_786' title='bbox 3369 5238 3504 5310; x_wconf 89' lang='lat' dir='ltr'>quia</span> <span class='ocrx_word' id='word_1_787' title='bbox 3549 5231 3697 5288; x_wconf 88' lang='lat' dir='ltr'>nihil</span> 
     </span>
    </p>
   </div>
   <div class='ocr_carea' id='block_1_111' title="bbox 2023 5321 3698 5358">
    <p class='ocr_par' dir='ltr' id='par_1_111' title="bbox 2023 5321 3698 5358">
     <span class='ocr_line' id='line_1_111' title="bbox 2023 5321 3698 5358; baseline 0 0"><span class='ocrx_word' id='word_1_788' title='bbox 2023 5334 2233 5358; x_wconf 51' lang='grc' dir='ltr'>,ειμι-ἶλαι</span> <span class='ocrx_word' id='word_1_789' title='bbox 2268 5335 2375 5358; x_wconf 61' lang='grc' dir='ltr'>-,Ῐ-Ξ</span> <span class='ocrx_word' id='word_1_790' title='bbox 2417 5336 2475 5358; x_wconf 62' lang='grc'>..1-</span> <span class='ocrx_word' id='word_1_791' title='bbox 2508 5337 2698 5358; x_wconf 64' lang='grc' dir='ltr'>----ιλ</span> <span class='ocrx_word' id='word_1_792' title='bbox 2731 5349 2840 5358; x_wconf 48' lang='lat'>~-_,</span> <span class='ocrx_word' id='word_1_793' title='bbox 2886 5335 2947 5358; x_wconf 68' lang='grc' dir='ltr'>πη</span> <span class='ocrx_word' id='word_1_794' title='bbox 2983 5334 3044 5358; x_wconf 57' lang='grc' dir='ltr'>ιιι</span> <span class='ocrx_word' id='word_1_795' title='bbox 3079 5327 3190 5358; x_wconf 58' lang='grc' dir='ltr'>ίκω</span> <span class='ocrx_word' id='word_1_796' title='bbox 3231 5332 3446 5358; x_wconf 60' lang='grc' dir='ltr'>ΜΑκδιιιιι</span> <span class='ocrx_word' id='word_1_797' title='bbox 3481 5340 3539 5358; x_wconf 75' lang='lat' dir='ltr'>na</span> <span class='ocrx_word' id='word_1_798' title='bbox 3563 5321 3698 5358; x_wconf 60' lang='grc' dir='ltr'>Ἀιιῖη</span> 
     </span>
    </p>
   </div>
   <div class='ocr_carea' id='block_1_112' title="bbox 2983 5332 3446 5358">
    <p class='ocr_par' dir='ltr' id='par_1_112' title="bbox 2983 5332 3446 5358">
     <span class='ocr_line' id='line_1_112' title="bbox 2983 5332 3446 5358; baseline 0 0"><span class='ocrx_word' id='word_1_799' title='bbox 2983 5334 3044 5358; x_wconf 56' lang='grc'><strong>411</strong></span> <span class='ocrx_word' id='word_1_800' title='bbox 3079 5332 3190 5358; x_wconf 61' lang='grc' dir='ltr'>ἰδίω</span> <span class='ocrx_word' id='word_1_801' title='bbox 3231 5332 3446 5358; x_wconf 58' lang='grc' dir='ltr'>ΜΑθδδν-Ιὶ</span> 
     </span>
    </p>
   </div>
  </div>
