4008 5388
196 298 295 357 941

1785 300 1995 360 VI'I‘A.

3472 306 3588 366 942

332 568 617 627 INCIPIT
668 569 1079 629 PHIEFATIU
1126 569 1334 629 VlT/E
1358 567 1483 647 (“3)
1528 571 1772 629 DUMNI
1822 570 2219 630 BttUNUNIS
2266 571 2777 630 CULUNIENSIS
2823 570 3441 633 ARCHIEPISCOPI.

262 863 505 919 Domino
552 865 611 918 in
664 863 879 918 Christi
938 862 1124 934 gratia
1181 862 1519 918 beatissimo
1571 866 1746 933 atque
1776 863 1834 915 in
1868 866 1917 929 Α
1950 862 2074 917 Non
2103 863 2171 896 927
2200 864 2413 918 desunt
2442 862 2677 935 plurimi
2710 865 2811 934 qui
2843 864 2951 919 hoc
2998 864 3157 921 laute
3187 870 3243 921 et
3276 866 3597 938 prudenter

194 953 349 1009 omni
366 952 674 1024 splendore
690 951 987 1021 sapientiae
1004 952 1069 984 2’3
1083 970 1113 1005 α
1130 952 1553 1021 perfectissimo
1574 952 1831 1005 FOLCMA-

193 1060 261 1096 no
285 1042 726 1113 archiepiscopo
750 1046 1095 1096 Bvorosnus
1116 1042 1185 1074 293
1202 1042 1249 1103 ἱ),
1278 1057 1576 1095 servorum
1594 1057 1833 1095 suorum

193 1130 459 1199 ultimus,
494 1148 636 1185 verm
670 1128 950 1184 claritatis
982 1129 1230 1201 gloriam
1265 1130 1704 1199 sempiternam.

266 1220 551 1291 Imposuit
567 1218 897 1273 sanctitatis
914 1224 1116 1272 vestrae
1132 1217 1452 1271 reverentia
1466 1234 1641 1288 super
1663 1221 1839 1287 caput

196 1325 394 1363 meum
418 1324 653 1380 gravem
680 1307 915 1379 quidem
945 1307 1364 1375 sarcinam,sed
1388 1324 1488 1377 pro
1509 1311 1679 1377 captu
1708 1323 1836 1376 par-

192 1396 391 1451 vitatis
412 1396 795 1451 meaedulcem
816 1397 1135 1451 admodum
1161 1397 1577 1465 etjocundam,
1600 1394 1839 1448 videlice

194 1490 257 1540 ut
301 1485 591 1539 mirabilis
645 1490 701 1539 et
781 1484 1074 1557 magniﬁci
1139 1483 1557 1555 archiepiscopi
1618 1488 1840 1537 Bruno-

195 1576 307 1639 nis,
343 1591 458 1645 qua
482 1573 768 1645 potuerim
793 1573 1081 1628 sermonis
1108 1571 1400 1633 facultate,
1431 1573 1839 1627 describerem.

196 1665 298 1719 Cui
333 1662 519 1718 virtus
551 1662 783 1717 laudem
817 1661 1084 1728 contulit,
1122 1678 1321 1733 quam,
1355 1666 1418 1715 ut
1452 1661 1574 1731 ipse
1607 1660 1841 1726 meruit,

195 1751 329 1820 styli
365 1752 478 1806 mei
510 1751 769 1806 ofﬁcium
800 1750 1042 1822 implere
1075 1767 1189 1803 non
1245 1752 1452 1821 potuit.
1492 1752 1566 1805 De
1599 1750 1723 1820 ipso
1756 1754 1843 1802 ta-

197 1858 332 1896 men
367 1842 439 1874 m
468 1840 993 1912 quomodocumque
1023 1838 1203 1909 loqui,
1264 1840 1403 1909 quia
1432 1855 1531 1894 vos
1554 1838 1842 1908 jussistis,

199 1930 547 1985 delectabile
573 1930 699 1984 fuit.
736 1928 841 1994 Qui
875 1930 945 1983 ab
978 1928 1139 1982 initio
1172 1928 1255 1982 sic
1302 1928 1407 1981 fuit
1435 1927 1750 1993 animatus,
1787 1932 1848 1981 ut

199 2035 318 2073 non
348 2019 535 2091 magis
562 2036 670 2073 sua
697 2035 874 2073 causa
893 2034 952 2071 se
969 2020 1197 2089 putaret
1220 2021 1419 2071 natum
1449 2033 1623 2087 quam
1649 2021 1849 2071 nostra

198 2108 405 2179 reique
437 2106 679 2180 publica:
716 2113 1105 2178 procreatum.
1144 2106 1301 2161 Fecit
1326 2105 1563 2160 omnino
1597 2104 1849 2176 plurima

192 2200 250 2251 et
281 2213 464 2268 prope
497 2196 745 2266 inﬁnita,
780 2214 905 2267 qua:
930 2196 1108 2267 digna
1131 2196 1366 2250 fuerunt
1395 2212 1704 2266 semperna
1726 2212 1847 2249 me-

1880 2247 1927 2310 B

1947 951 2184 1021 exsequi
2219 950 2465 1021 possint,
2514 968 2645 1005 cum
2678 951 2786 1005 etsi
2848 951 2991 1006 nulli
3046 953 3141 1007 alii
3188 954 3332 1010 tales
3363 954 3595 1011 valeant

1948 1039 2207 1109 reperiri,
2242 1040 2299 1093 in
2326 1040 2466 1095 solis
2491 1040 2560 1073 “3
2584 1041 2707 1109 ejus
2739 1040 3042 1111 discipulis
3069 1058 3239 1098 omne
3261 1043 3590 1098 studiorum

1949 1133 2005 1183 et
2026 1127 2367 1199 eloquentiae
2391 1145 2578 1200 genus
2602 1128 2791 1183 adhuc
2822 1130 3035 1184 recenti
3061 1131 3188 1200 ejus
3212 1132 3493 1188 memoria
3514 1133 3593 1187 ita

1948 1232 2050 1287 per
2081 1216 2265 1271 multa
2296 1223 2583 1272 terrarum
2619 1216 2744 1272 loca
2772 1218 2991 1287 ﬂoreat,
3016 1223 3081 1272 ut
3111 1219 3369 1275 maxima
3399 1238 3591 1276 rerum

1950 1310 2245 1375 gestarum
2293 1306 2548 1377 insignia
2604 1323 2718 1361 non
2768 1322 3037 1361 enarrare
3095 1309 3267 1364 modo
3306 1325 3506 1364 verum
3539 1314 3595 1365 et

1950 1410 2228 1450 exornare
2249 1395 2680 1458 sufficiat.Quot
2701 1399 3068 1466 quantosque
3087 1397 3155 1451 de
3173 1396 3429 1453 alumnis
3453 1399 3597 1454 tanti

1952 1483 2059 1537 viri
2091 1484 2421 1554 episc0pos,
2445 1488 2696 1553 quantos
2723 1484 2780 1537 in
2809 1501 3160 1555 quacunque
3191 1485 3597 1543 ecclesiasticae

1954 1572 2334 1642 professionis
2366 1572 2677 1643 disciplina
2704 1574 3143 1644 probatissimos
3172 1574 3463 1643 novimus,
3496 1577 3600 1647 qui

1953 1676 2087 1715 eum
2115 1665 2171 1715 et
2201 1661 2546 1716 familiarius
2580 1667 2886 1728 noverunt,
2912 1666 2969 1718 et
2998 1663 3313 1733 perfectius
3354 1664 3598 1720 illustri-

1955 1750 2065 1805 bus
2096 1751 2496 1805 monumentis
2528 1751 2704 1806 vitam
2754 1753 2882 1821 ejus
2914 1752 3207 1809 declarare
3241 1759 3557 1826 potuerunt
3584 1756 3595 1809 Ξ

1955 1840 2061 1894 Sed
2094 1839 2235 1912 quid
2268 1857 2398 1894 sum
2425 1856 2550 1911 ego,
2577 1841 2673 1911 qui
2700 1842 2844 1895 votis
2871 1842 3476 1909 vestris,dominorum
3502 1861 3597 1899 ex-

1957 1927 2392 1991 cellentissime,
2446 1946 2628 1984 ausus
2674 1929 2880 1984 fuerim
2932 1931 3264 1986 contraire?
3306 1932 3433 1987 Feci
3464 1949 3600 2005 ergo

1960 2018 2111 2086 quod
2146 2017 2327 2087 potui,
2354 2019 2645 2088 quomodo
2681 2019 2837 2090 potui
2872 2020 2962 2086 πθ,
2996 2037 3107 2075 non
3141 2037 3499 2090 praesumens
3532 2023 3602 2077 de

1960 2106 2223 2167 scientia,
2259 2108 2355 2162 sed
2410 2107 2684 2162 ﬁduciam
2736 2108 3203 2180 qualemcunque
3254 2110 3510 2166 retinens
3541 2110 3601 2165 in

1960 2195 2310 2250 obedientia.
2348 2198 2407 2249 In
2431 2212 2566 2266 quo,
2591 2197 2697 2251 etsi
2719 2198 2915 2251 minus
2939 2197 3221 2268 possibile
3246 2198 3389 2253 mihi
3410 2199 3601 2255 visum

195 2286 390 2340 moria
416 2303 429 2352 ;
464 2286 563 2341 sed
595 2302 707 2340 non
760 2290 1051 2357 exspectet
1091 2284 1323 2339 auditor
1370 2289 1473 2338 aut
1502 2301 1534 2338 a
1562 2300 1653 2338 me
1686 2288 1785 2338 aut
1815 2301 1849 2338 a
1880 2284 1927 2310 υ
1956 2290 2044 2338 est
2065 2284 2121 2337 id
2151 2284 2376 2354 explere
2407 2286 2560 2355 quod
2593 2300 2905 2357 aggressus
2934 2303 3087 2351 sum,
3109 2288 3376 2359 praecepti
3408 2292 3606 2344 tamen

194 2373 465 2446 quolibet
496 2374 614 2429 haec
647 2374 845 2429 omnia
866 2373 1227 2445 explicanda.
1248 2374 1408 2439 Quod
1434 2372 1483 2427 si
1505 2374 1638 2443 quis
1671 2372 1851 2427 ﬁdeli-

193 2467 287 2518 ter
317 2467 375 2518 et
406 2480 536 2517 vere
570 2464 859 2535 agendum
895 2463 1260 2535 promitteret
1287 2464 1377 2533 επ,
1410 2462 1670 2534 singulos
1703 2479 1851 2533 quos

191 2552 514 2623 pueritiam
550 2558 996 2624 praetergressus
1026 2554 1096 2587 29-5
1128 2552 1267 2605 vixit
1298 2570 1483 2607 annos
1516 2551 1767 2623 propriis
1798 2555 1855 2605 et

191 2640 293 2696 his
334 2640 539 2711 utique
580 2641 856 2713 spatiosis
906 2641 1206 2695 codicibus
1252 2641 1577 2711 insigniret.
1610 2639 1853 2693 Aistimo

188 2730 389 2801 igitur
408 2728 623 2783 multos
647 2728 815 2799 longe
839 2728 1067 2799 lateque
1090 2728 1197 2782 hac
1218 2727 1852 2799 occupatosinduslria,

191 2824 265 2872 ut
296 2822 465 2887 gesta
497 2819 624 2885 eius
646 2816 738 2871 his
770 2817 943 2871 etiam
972 2816 1071 2887 qui
1096 2821 1227 2886 post
1250 2816 1424 2870 futuri
1461 2820 1617 2881 sunt,
1642 2813 1853 2885 partim

191 2904 693 2976 scribendo,parti
706 2921 760 2959 m
778 2904 1290 2959 commemorando
1304 2903 1855 2958 transmittant.Non

193 2995 365 3049 enim
380 2994 439 3047 in
453 3011 570 3049 una
584 2993 879 3065 provincia
895 2998 996 3048 aut
1012 2994 1071 3047 in
1087 3011 1201 3048 uno
1223 2992 1628 3064 negotiabatur
1643 3008 1853 3063 regno;

196 3082 479 3137 omnium
511 3100 659 3155 quos
690 3083 849 3137 adire
899 3086 1122 3154 poterat
1170 3081 1419 3137 salutem
1449 3074 1857 3136 benevolentiae

192 3174 389 3242 atque
419 3170 636 3226 laboris
676 3170 974 3243 studiique
1020 3171 1111 3227 sui
1163 3171 1458 3242 quaerebat
1487 3170 1856 3226 commercio.

1960 2373 2134 2427 vestri
2170 2373 2514 2445 dignitatem
2566 2374 2644 2429 ita
2673 2375 2933 2430 venerari
2990 2392 3220 2447 semper
3249 2381 3305 2431 et
3335 2376 3606 2449 amplecti

1963 2462 2225 2517 animum
2260 2462 2483 2529 induxi,
2520 2469 2582 2517 ut
2612 2463 3107 2535 impossibilitatis
3129 2482 3267 2520 meae
3290 2465 3528 2532 oblitus,
3548 2465 3607 2520 in

1964 2551 2237 2605 manibus
2262 2551 2467 2605 vestris
2492 2553 2601 2606 sim
2629 2552 2812 2608 oculis
2843 2558 2900 2607 et
2931 2554 3126 2608 animo
3150 2555 3481 2610 totus.Hinc
3502 2571 3608 2626 ego

1961 2639 2241 2710 largiflure
2267 2640 2333 2671 2³0
2355 2639 2556 2708 pietati
2582 2645 2783 2695 vestrae
2825 2641 3093 2712 supplico
3115 2643 3179 2678 ²⁸¹
3208 2647 3269 2697 ut
3292 2644 3447 2714 quod
3472 2643 3609 2698 huic

1965 2726 2123 2797 operi
2150 2743 2276 2780 meo
2301 2727 2465 2781 deest
2485 2726 2542 2780 in
2570 2744 2781 2799 pompa
2805 2733 3130 2799 ornatuque
3153 2730 3607 2801 sermonis,sup—

1965 2815 2121 2885 pleat
2152 2815 2205 2868 in
2232 2814 2474 2869 auribus
2497 2817 2707 2871 vestris
2728 2818 2857 2887 eius
2882 2818 2950 2850 93’
2972 2819 3610 2890 commendatio,quem

1967 2919 2070 2973 pro
2102 2904 2308 2957 merito
2338 2904 2570 2959 virtutis
2606 2910 2725 2959 tam
2761 2905 3014 2960 suaviter
3053 2907 3315 2961 amastis.
3352 2907 3612 2961 Beatitu-

1967 2990 2163 3045 dinem
2178 2998 2427 3046 vestram
2450 2998 2596 3047 Deus
2611 2994 2981 3065 omnipotens
3000 2996 3069 3049 ad
3086 2995 3335 3050 salutem
3353 3001 3612 3051 nostram

1969 3079 2295 3135 diutissime
2328 3080 2681 3137 incolumem
2716 3081 2784 3115 933
2815 3087 2871 3137 et
2912 3083 3345 3139 benevolentem
3379 3100 3615 3140 conser-

1967 3185 2103 3224 vare
2133 3169 2405 3241 dignetur
2436 3172 2524 3224 πθ.

623 3531 988 3623 INCIPIT
1036 3530 1274 3620 VITA
1319 3529 1667 3620 DOMINI
1722 3527 2213 3619 BRUNONIS
2265 3528 3013 3621 ARCHIEPISCOPI
3041 3514 3208 3618 (935’.

274 3863 336 3916 1.
377 3855 692 3929 Sapientize
722 3853 997 3907 nimirum
1029 3855 1135 3917 est,
1163 3850 1309 3905 scire
1334 3850 1487 3904 unde
1518 3849 1594 3903 sit
1647 3849 1864 3903 donum
1898 3850 1941 3915 C
1982 3865 2136 3902 unus
2168 3852 2340 3918 atque
2371 3848 2525 3903 idem
2566 3850 2829 3920 spiritus,
2882 3851 3140 3908 divicens
3172 3854 3420 3926 singulis
3452 3864 3626 3927 prout

191 3948 375 4023 quod
413 3946 547 4001 finis
570 3941 791 4013 accepit
814 3942 918 4007 236;
950 3956 1041 3994 ne.
1063 3940 1128 3973 ’37
1152 3955 1185 3992 a
1217 3954 1277 3993 se
1307 3936 1417 3991 sibi
1452 3937 1559 3991 hoc
1588 3954 1735 4003 esse,
1770 3940 1869 3990 aut

192 4059 231 4097 a
265 4040 401 4094 Deo
435 4035 672 4106 quidem
707 4032 804 4087 sed
841 4030 952 4085 sibi
976 4026 1509 4099 debitum,putet.Si
1534 4025 1690 4080 enim
1715 4042 1866 4095 quaa-

193 4129 411 4185 rimus
440 4123 578 4195 quid
612 4121 782 4175 nobis
842 4120 1142 4184 debeatur,
1202 4116 1348 4171 nihil
1395 4115 1723 4169 invenimus
1757 4113 1868 4167 nisi

192 4212 604 4287 supplicium.
633 4206 1031 4263 Misericordia
1053 4212 1246 4261 autem
1274 4204 1369 4259 Dei
1402 4204 1748 4275 praerogavit
1771 4220 1871 4257 no-

191 4305 301 4362 bis
339 4301 623 4373 gratiam,
658 4304 722 4352 ut
765 4297 1023 4361 haberet,
1080 4295 1294 4366 quibus
1325 4294 1593 4348 redderet
1624 4293 1870 4364 gratiam

195 4410 321 4466 pro
356 4389 585 4463 gratia;
620 4393 676 4442 et
704 4387 811 4441 hoc
835 4386 959 4455 jam
993 4384 1058 4417 ²³³
1085 4388 1237 4437 esset
1266 4381 1695 4451 debitum,quia
1722 4381 1875 4434 Deus

187 4480 411 4539 voluit
440 4495 557 4533 non
591 4475 727 4549 quia
758 4476 930 4529 homo
964 4473 1194 4527 meruit.
1223 4471 1370 4538 Quid
1402 4472 1544 4524 enim
1579 4470 1762 4537 habes,
1798 4469 1879 4522 ait

187 4567 564 4643 Apostolus,
596 4565 735 4636 quod
784 4580 892 4619 non
923 4560 1225 4633 accepisti?
1256 4560 1317 4615 Si
1372 4562 1553 4615 autem
1602 4560 1877 4629 accepisti,

192 4659 350 4733 quid
373 4657 660 4728 gloriaris,
688 4654 849 4725 quasi
867 4669 976 4707 non
1000 4652 1304 4720 acceperis?
1325 4651 1369 4720 (I
1389 4653 1515 4704 Cor.
1548 4665 1620 4713 ιν,
1645 4649 1722 4717 7.)
1743 4649 1880 4702 Inet-

195 4746 397 4804 fabili
429 4745 609 4817 igitur
638 4741 1002 4814 providentia
1032 4738 1314 4793 bonitatis
1346 4738 1441 4792 Dei
1477 4736 1752 4793 collatum
1796 4741 1884 4792 est

198 4834 441 4896 electis
473 4834 621 4903 ejus,
654 4838 715 4886 ut
739 4836 793 4886 et
820 4831 1002 4902 gratis
1031 4827 1280 4898 copiosis
1311 4828 1508 4899 gratiae
1543 4826 1885 4880 muneribus

200 4926 526 4990 ditentur,
561 4927 618 4977 et
646 4926 839 4975 tamen
893 4918 999 4974 hoc
1049 4918 1266 4989 ipsum,
1320 4933 1433 4986 quo
1480 4919 1884 4982 munerantur,

191 5012 668 5087 quodammodo
682 5009 1039 5080 pergratiam
1064 5009 1427 5070 mereantur;
1450 5005 1601 5061 alius
1619 5004 1722 5073 sic,
1741 5005 1891 5060 alius

198 5119 364 5163 vero
389 5097 913 5170 sic,unusquisque
935 5095 1263 5153 secundum
1284 5095 1437 5163 quod
1464 5095 1518 5148 in
1537 5110 1605 5149 eo
1623 5100 1895 5164 operatur

772 5374 783 5388 Ι
836 5373 868 5388 n

1595 5244 1842 5304 VARI/E
1892 5243 2303 5304 LECTIONES.

1951 5370 2054 5388 nn-ll
2092 5366 2327 5388 n-1__L_.
2443 5371 2477 5388 n
2543 5369 2583 5388 n

1978 3936 2099 3990 vult
2132 3937 2175 4007 (I
2204 3937 2321 3991 Cor.
2356 3954 2457 4003 x11,
2492 3938 2600 4007 ll).
2636 3937 2752 3991 Soli
2795 3938 3100 4011 Unigenito
3134 3959 3247 3996 non
3279 3943 3349 3996 ad
3385 3948 3630 4000 mensu-

1981 4041 2104 4079 ram
2139 4025 2237 4078 dat
2265 4030 2413 4079 Deus
2437 4026 2740 4095 Spiritum.
2767 4028 2827 4081 In
2862 4029 2985 4099 ipso
3011 4037 3357 4101 namque,ut
3379 4034 3632 4104 aitApo-

1981 4113 2186 4182 stolus,
2223 4114 2435 4168 habitat
2465 4117 2642 4169 omnis
2676 4116 2959 4185 plenitudo
2986 4118 3293 4174 divinitatis
3324 4123 3630 4193 corporali-

1984 4206 2066 4256 ter
2094 4203 2233 4273 (σοι.
2270 4219 2332 4269 11,
2354 4203 2431 4272 9),
2466 4204 2745 4259 membris
2769 4207 2895 4273 ejus
2924 4224 3027 4277 pro
3051 4224 3157 4262 sua
3180 4208 3392 4279 cuique
3422 4210 3631 4266 volun-

1986 4294 2103 4345 tate
2136 4291 2424 4362 partitur;
2485 4291 2700 4361 quibus
2759 4296 3125 4350 abundanter
3181 4298 3378 4354 omnia
3429 4299 3528 4355 dat
3560 4300 3632 4354 ad

1987 4380 2593 4447 iruendum,videlicet
2623 4398 2684 4436 se
2718 4382 2935 4453 ipsum,
2960 4388 3024 4439 ut
3054 4384 3130 4439 sit
3161 4390 3310 4441 Deus
3343 4389 3541 4443 omnia
3571 4388 3633 4443 in

1990 4467 2265 4522 omnibus
2298 4468 2343 4538 (l
2373 4474 2494 4525 Cor.
2528 4487 2617 4535 xv,
2649 4470 2759 4541 28).
2797 4472 3007 4544 Dispar
3036 4473 3155 4529 IIch
3192 4474 3428 4531 claritas
3463 4482 3517 4531 et
3549 4477 3634 4531 di-

1990 4573 2158 4611 versa
2171 4557 2456 4611 donorum
2474 4556 2714 4629 largitas
2728 4576 2883 4615 nunc
2897 4562 3361 4620 estadmirabilis
3375 4565 3615 4636 quaestio
3630 4608 3644 4633 ,

1996 4646 2348 4716 quandoque
2379 4647 2488 4701 erit
2519 4646 2878 4703 honorabilis
2900 4650 2968 4684 ’³9
2990 4650 3365 4720 pulchritudo
3388 4658 3445 4708 et
3474 4670 3644 4707 orna-

1996 4739 2093 4789 tus
2119 4735 2331 4789 domus
2366 4735 2617 4799 Domini,
2671 4736 2740 4789 de
2785 4753 2905 4807 qua
2952 4738 3164 4791 dicitur
3195 4739 3349 4794 Deo:
3384 4742 3651 4796 Sanctum

2000 4827 2078 4878 est
2107 4824 2371 4893 templum
2400 4830 2581 4891 tuum,
2613 4824 2881 4883 mirabile
2912 4828 2971 4880 in
3003 4827 3264 4894 aequitate
3294 4829 3467 4898 (Psal.
3502 4844 3652 4894 wa,

1999 4914 2053 4983 5,
2086 4914 2161 4982 6).

2074 5006 2127 5055 2.
2158 5006 2531 5074 Compertum
2568 5008 2657 5059 est
2680 5020 2888 5074 nuper
2919 5000 3233 5074 aplurimis
3262 5002 3324 5057 in
3355 5002 3670 5058 venerabili

2007 5091 2370 5148 Coloniensis
2429 5092 2698 5148 Ecclesiae
2748 5089 3203 5162 archiepiscopo
3251 5090 3516 5145 Brunone
3566 5090 3677 5160 piae

3149 5380 3297 5388 _-....
3354 5367 3385 5388 ἢ
3479 5362 3637 5388 ηις...-
