4008 5388
414 327 532 386 943

1383 324 1448 381 S.
1498 318 1897 381 BRUNONIS
1941 318 2449 379 COLONIENSIS
2496 319 2853 379 ARCHIEP.
3673 327 3761 383 9M

417 456 795 525 memoria,et
822 456 965 513 satis
997 474 1030 511 a
1060 454 1536 528 prudentioribus
1568 452 2057 515 intellectum,ho-
2090 454 2144 519 Α
2176 452 2629 520 Marahensium,
2665 468 2812 521 quos
2839 450 2949 506 sibi
2972 450 3269 522 nonlonge
3289 451 3603 522 anteimpia
3630 471 3761 511 usur-

416 563 512 603 mo
542 545 767 602 homini
795 545 933 618 quid
970 549 1206 617 praestet
1244 545 1331 613 "0,
1364 543 1450 599 vel
1484 542 1725 597 excellat
1756 544 1845 596 2“.
1881 542 2059 611 Cujus

414 635 677 707 plerique
697 636 766 669 “9
798 635 952 690 dicta
982 638 1039 689 et
1069 651 1261 706 opera,
1297 632 1397 705 qui
1428 633 1495 667 9‘3
1546 630 1894 686 familiarius
1927 647 2059 685 eum

416 729 715 792 noverant,
751 724 896 779 satis
928 722 1205 778 admirari
1238 721 1579 793 nequibant.
1610 721 1787 775 Erant
1818 720 1974 773 enim
2001 719 2059 772 in

415 829 531 869 uno
562 812 659 868 illo
693 813 928 868 homine
960 829 1051 867 res
1080 812 1246 867 valde
1271 810 1589 865 dissimiles
1616 825 1627 863 :
1656 808 1941 863 natalium
1966 824 2061 862 no-

414 902 632 975 bilitas,
665 902 952 958 honorum
985 898 1545 973 dignitas,scientize,
1573 916 1697 969 quae
1730 898 1932 951 inflare
1965 914 2057 951 so-

414 990 513 1058 let,
545 994 709 1047 tanta
739 990 1072 1047 sublimitas
1101 990 1188 1057 3“,
1224 992 1287 1043 ut
1326 987 1472 1043 nihil
1506 1004 1684 1058 supra
1716 986 1895 1041 animi
1926 1002 2056 1041 vero

412 1084 471 1136 et
501 1080 736 1136 habitus
784 1078 1086 1135 humilitas
1136 1082 1421 1149 quantum
1480 1094 1512 1131 a
1542 1076 1940 1147 sagacioribus
1972 1074 2055 1128 di-

412 1168 600 1224 scerni
633 1168 843 1241 potuit,
868 1173 932 1223 ut
960 1166 1105 1222 nihil
1130 1166 1279 1221 infra
1303 1170 1561 1237 putares.
1590 1165 1734 1220 Nam
1766 1166 1833 1203 3‘5
1866 1163 2056 1218 media

408 1257 692 1314 charitate
713 1261 1010 1313 constrata
1026 1255 1536 1313 sunt.Arridebant
1557 1255 1623 1289 ’⁸⁸
1641 1254 1691 1309 ei
1709 1254 1908 1309 omnia
1930 1270 2054 1324 quae

408 1348 479 1401 ad
512 1348 730 1403 fastum
762 1350 1157 1418 suppeterent,
1192 1361 1317 1415 quae
1346 1344 1412 1377 ’37
1446 1361 1479 1397 a
1506 1345 1573 1378 ’⁸⁸
1596 1360 1657 1398 se
1680 1358 1910 1413 semper
1939 1347 2056 1397 stu-

408 1434 740 1491 diosissime
764 1434 1051 1504 vigilantis
1071 1434 1139 1468 2‘9
1165 1450 1341 1488 manu
1367 1432 1736 1487 discretionis
1762 1433 2051 1502 abegerat.

405 1528 492 1579 Ita
524 1522 667 1579 illud
700 1524 772 1578 ad
804 1522 1004 1579 oculos
1036 1523 1366 1590 hominum,
1402 1521 1560 1577 aliud
1596 1522 1664 1575 ad
1702 1524 1906 1575 testem
1938 1537 2056 1574 cor-

406 1610 569 1667 dium
602 1612 913 1668 exhibebat
944 1613 1032 1666 25°.
1075 1612 1253 1683 Cujus
1304 1610 1764 1666 conversationis
1793 1608 2053 1680 exemplo

405 1700 693 1773 plurimos
724 1700 1037 1756 salubriter
1058 1700 1285 1756 institui
1309 1716 1477 1771 posse
1501 1698 1877 1765 credimus,si
1900 1715 2055 1753 eam-

2173 541 2328 607 pavit
2357 540 2609 607 licentia,
2636 540 2943 612 plerasque
2972 541 3296 611 provincias
3321 542 3479 611 regni
3501 543 3621 612 ejus
3648 544 3761 599 ferro

2170 635 2225 684 et
2253 630 2385 701 igne
2413 629 2580 701 longe
2614 630 2842 700 lateque
2873 631 3136 685 vastavit.
3165 630 3291 685 Dies
3314 636 3464 696 ante,
3490 648 3654 701 quam
3684 633 3763 687 hu-

2162 721 2264 787 jus
2296 720 2431 773 mali
2465 719 2733 774 materies
2782 720 3056 773 narrandi
3092 722 3158 753 2‘53
3206 720 3472 774 deﬁceret
3501 721 3585 775 ’5‘.
3616 722 3765 777 Trans

2174 810 2426 863 llrenum
2451 810 2518 850 ’55
2548 809 2904 862 occidentem
2928 826 3130 863 versus
3151 809 3319 863 nobis
3351 809 3545 863 omnia
3573 811 3769 865 rebella-

2171 897 2330 967 bant,
2354 897 2466 968 ipsi
2495 902 2648 951 certc
2672 897 2833 967 regni
2857 898 3043 951 adhuc
3070 898 3303 969 angusti
3334 899 3400 932 ²⁶⁶
3433 898 3702 971 principes
3724 902 3765 955 in

2169 1004 2275 1041 sua
2303 987 2525 1041 viscera
2556 1003 2699 1057 pene
2731 986 3237 1041 irremediabiliter
3295 988 3637 1054 szeviebant;
3667 1006 3766 1059 qua:

2169 1076 2365 1130 omnia
2395 1075 2481 1130 vel
2514 1092 2773 1130 resecare
2803 1074 2891 1129 vel
2924 1092 3129 1129 sanare
3160 1077 3225 1110 257
3259 1094 3430 1131 nemo
3462 1077 3572 1131 nisi
3604 1080 3770 1148 praeci-

2169 1183 2283 1235 pua
2313 1165 2522 1219 virtute
2554 1170 2608 1219 et
2640 1164 2921 1236 singulari
2956 1166 3231 1235 praeditus
3269 1166 3564 1220 industria
3591 1174 3765 1237 posset.

2168 1256 2276 1309 Sed
2303 1259 2430 1326 post
2452 1253 2881 1326 aliquantulum
2906 1255 2972 1288 9”
2997 1255 3271 1325 temporis
3298 1260 3501 1310 tantus
3522 1255 3769 1327 timorper

2166 1344 2413 1415 gratiam
2434 1344 2689 1398 divinam
2708 1344 3263 1411 invasitextraneos,
3292 1350 3355 1399 ut
3380 1344 3531 1399 nihil
3554 1362 3768 1415 unquam

2166 1434 2248 1487 eis
2280 1438 2432 1489 esset
2464 1432 2929 1499 formidabilius;
2964 1437 3167 1488 tantus
3198 1450 3361 1487 amor
3391 1433 3673 1505 colligavit
3696 1436 3769 1489 do-

2167 1523 2461 1589 mesticos,
2498 1526 2561 1577 ut
2609 1522 2753 1576 nihil
2812 1538 3070 1592 unquam
3132 1522 3187 1575 in
3236 1523 3503 1592 quolibet
3538 1525 3766 1593 potentis-

2166 1612 2315 1666 simo
2349 1629 2525 1682 regno
2557 1611 2926 1681 conjunctius
2961 1611 3271 1666 videretur.

2245 1703 2286 1755 'i.
2324 1702 2398 1755 Eo
2432 1707 2689 1771 tempore
2721 1702 2866 1771 (929)
2908 1717 3191 1771 generosa
3222 1717 3425 1772 regum
3463 1701 3663 1773 proles,
3691 1718 3770 1756 an-

405 1790 536 1845 dem
570 1789 817 1845 strictim
846 1808 879 1845 a
910 1789 1157 1861 pueritia
1179 1795 1536 1861 repetamus.
1559 1788 1783 1842 Habent
1813 1787 1967 1842 enim
1995 1790 2050 1841 in
2083 1820 2128 1885 B
2168 1807 2271 1845 nos
2299 1791 2527 1845 circiter
2558 1794 2807 1860 quatuor
2838 1788 3079 1858 habens,
3113 1788 3459 1844 liberalibus
3488 1790 3770 1844 litterarum

403 1878 505 1933 illa
538 1879 855 1935 mediocres
887 1883 943 1933 et
963 1878 1237 1946 humiles,
1265 1879 1417 1933 unde
1444 1877 1850 1933 convalescant
1876 1894 1888 1931 :
1917 1876 2054 1930 elati

402 1973 605 2025 contra
634 1972 691 2024 et
736 1968 967 2035 divites,
1020 1969 1173 2023 unde
1222 1968 1661 2036 obstupescant.
1711 1969 2050 2020 Attavorum

398 2058 527 2128 ejus
544 2057 719 2113 attavi
738 2074 923 2128 usque
940 2058 1010 2112 ad
1033 2057 1339 2113 hominum
1364 2056 1704 2111 memoriam
1733 2071 1935 2111 omnes
1958 2072 2055 2109 no-

396 2145 669 2201 bilissimi
696 2163 710 2214 ;
736 2146 934 2201 nullus
958 2147 1014 2201 in
1036 2163 1239 2201 eorum
1273 2146 1452 2217 stirpe
1477 2146 1711 2215 ignotus
1735 2146 1823 2213 ’5‘,
1852 2144 2048 2198 nullus

396 2235 646 2307 degener
675 2235 843 2290 facile
874 2236 941 2269 ²⁶²
971 2236 1259 2307 reperitur
1284 2253 1295 2301 ;
1324 2234 1415 2288 hic
1440 2240 1631 2289 tamen
1656 2232 2051 2299 omnes,salva

397 2328 784 2396 augustorum
811 2330 867 2379 et
888 2341 1090 2396 regum
1117 2322 1718 2393 excellentia,omnino
1755 2323 2048 2393 perspica-

400 2413 636 2469 cissime
655 2413 1142 2469 lineamentorum
1165 2411 1592 2483 gratia,artium
1618 2410 1824 2481 gloria,
1844 2415 1899 2464 et
1933 2428 2051 2463 om-

402 2502 617 2574 nigena
634 2502 813 2557 animi
833 2520 896 2558 su
910 2502 1146 2573 perabat
1162 2500 1451 2555 industria
1472 2518 1483 2554 :
1508 2504 1679 2554 natus
1704 2516 1768 2554 eo
1792 2505 2050 2570 tempore

399 2592 569 2660 (925),
604 2609 719 2663 quo
769 2595 933 2662 pater
979 2590 1106 2661 ejus
1155 2589 1436 2644 Henricus
1468 2590 1538 2622 25‘
1588 2606 1681 2642 rex
1731 2588 2046 2659 gloriosus,

399 2681 728 2753 perdomita
758 2680 827 2715 95"
856 2679 1239 2735 barbarorum
1290 2678 1526 2744 saevitia,
1572 2694 1837 2748 represso
1866 2678 2045 2733 etiam

395 2767 687 2824 intestinae
717 2766 900 2824 cladis
933 2765 1208 2839 periculo,
1241 2766 1435 2820 diruta
1462 2782 1672 2836 magno
1697 2765 1890 2821 studio
1915 2783 2049 2821 rea:-

396 2858 693 2925 diﬁcabat,
712 2864 769 2913 et
788 2856 1078 2913 volentem
1102 2855 1645 2928 populumjustitiae
1670 2855 1849 2909 frenis
1871 2855 1925 2909 in
1950 2860 2042 2909 tu-

398 2946 631 3003 tissima
650 2951 707 3003 et
730 2945 1101 3019 optatissima
1128 2946 1195 2979 ²⁵⁵
1225 2945 1463 2999 demum
1499 2960 1636 3015 pace
1668 2944 1924 3015 regebat.
1962 2945 2046 2999 Ita

397 3035 721 3091 nativitatis
747 3036 875 3105 ejus
905 3038 1139 3107 tempus
1160 3034 1287 3104 jam
1320 3032 1488 3103 quasi
1522 3033 1718 3087 futura
1751 3034 1911 3087 bona
1943 3050 2040 3087 vo-

396 3121 641 3179 luntatis
673 3125 801 3195 ejus
829 3123 1085 3195 insignia
1133 3123 1493 3194 praeferebat.
1527 3121 1671 3176 Nam
1704 3138 1835 3176 cum
1870 3138 2042 3177 omne

2166 1880 2376 1934 studiis
2407 1879 2721 1934 imbuenda
2754 1880 2819 1912 939
2862 1878 3125 1933 Baldrico
3171 1878 3487 1933 venerabili
3522 1879 3773 1950 episcopo,

2164 1970 2261 2038 qui
2296 1969 2484 2023 adhuc
2526 1973 2791 2039 superest
2840 1968 3045 2035 (1926),
3099 1969 3436 2038 Trajectum
3491 1968 3663 2023 missa
3690 1975 3770 2022 est.

2164 2058 2269 2111 Ubi
2304 2075 2435 2111 cum
2468 2059 2590 2129 ipse
2623 2056 3128 2128 disciplinabiliter
3151 2058 3237 2125 πο,
3272 2062 3333 2110 ut
3366 2062 3512 2127 puta
3536 2056 3683 2111 bonae
3709 2057 3771 2109 in-

2163 2147 2310 2201 dolis
2344 2164 2505 2217 puer,
2538 2146 2768 2217 ingenio
2818 2145 3009 2216 sagaci
3054 2146 3373 2216 proficeret,
3406 2144 3599 2200 invisa
3626 2145 3773 2199 Nord-

2164 2252 2514 2290 mannorum
2534 2236 2595 2276 2"!
2626 2233 2960 2305 tyrannidcs
2982 2235 3047 2267 ⁵⁷³
3070 2233 3236 2304 quasi
3258 2235 3324 2267 ’73
3348 2250 3457 2305 per
3474 2233 3775 2303 hujusmodi

2160 2325 2423 2379 obsidem
2452 2323 2816 2394 aliquantum
2864 2322 3146 2393 refriguit,
3183 2326 3239 2377 et
3271 2322 3542 2377 Ecclesia:
3575 2323 3772 2377 demum

2160 2418 2479 2484 ccetcraque
2519 2415 2585 2446 ’π
2615 2412 2876 2479 aedilicia,
2927 2428 3177 2482 quorum
3234 2413 3411 2465 ruinae
3451 2412 3543 2465 vix
3573 2412 3773 2466 exstite-

2160 2508 2289 2559 rant
2319 2504 2407 2569 ηδ,
2441 2502 2546 2557 hac
2577 2502 2877 2556 occasione
2899 2504 3233 2554 restauratae
3263 2501 3331 2533 2⁷⁸
3354 2506 3520 2554 sunt.
3548 2501 3628 2555 Ita
3648 2498 3774 2553 nulla

2159 2610 2276 2648 sure
2308 2592 2492 2646 aetatis
2518 2590 2707 2662 spatia
2734 2591 2955 2660 absque
2978 2590 3041 2622 “7
3064 2588 3313 2644 utilitate
3341 2594 3561 2644 sancta:
3588 2589 3677 2644 Dei
3697 2589 3773 2643 Ec-

2158 2682 2341 2737 clesia:
2376 2680 2871 2751 transigebat.Per
2901 2678 3094 2749 ipsum
3128 2678 3303 2744 enim,
3328 2677 3471 2733 licet
3502 2679 3681 2734 adhuc
3707 2678 3773 2730 in-

2158 2771 2504 2839 scium,jam
2530 2767 2887 2822 christianos
2911 2766 3161 2838 populus
3186 2767 3256 2821 ab
3279 2767 3558 2822 hostibus
3580 2765 3772 2831 liber,in

2157 2860 2255 2914 Dei
2287 2859 2561 2913 laudibus
2584 2856 3154 2912 exsultabat.Deinde
3180 2856 3277 2910 ubi
3303 2856 3499 2928 prima
3520 2872 3775 2928 gramma-

2153 2948 2279 3003 ticae
2312 2947 2452 3003 artis
2479 2946 2809 3001 rudimenta
2858 2946 3133 3017 percepit,
3168 2945 3320 2999 sicut
3350 2946 3425 2999 ab
3460 2946 3585 3016 ipso
3616 2946 3668 2998 in
3700 2942 3772 2997 Dei

2154 3036 2567 3108 omnipotentis
2595 3036 2840 3107 gloriam
2864 3034 2970 3089 hoe
2993 3034 3205 3106 smpius
3230 3034 3569 3089 ruminante
3598 3031 3770 3087 didici-

2158 3144 2315 3182 mus.
2358 3125 2739 3179 Prudentium
2766 3129 2990 3195 poetam
3016 3124 3275 3178 tradente
3299 3122 3585 3194 magistro
3614 3122 3771 3192 legere

401 3213 555 3284 quod
580 3189 799 3268 bonum
821 3189 980 3268 esset
996 3213 1062 3246 ²⁵⁸
1082 3189 1448 3266 vivacissime
1475 3226 1703 3281 semper
1726 3214 2044 3282 appeteret,
2078 3189 2119 3256 (ἶ
2161 3219 2350 3287 ccepit.
2373 3215 2477 3281 Qui
2503 3214 2653 3269 sicut
2679 3189 2842 3267 est-et
2861 3214 2970 3267 fide
2995 3189 3435 3282 intentioneque
3458 3189 3771 3271 catholicus,

402 3301 563 3373 pacis
590 3302 810 3356 donum
855 3300 1024 3372 quasi
1076 3300 1498 3354 nutrimentum
1546 3302 1601 3352 et
1631 3303 2045 3353 ornamentum

402 3390 697 3460 quoddam
729 3394 1069 3445 czeterorum
1095 3389 1160 3423 ³⁵⁷
1192 3389 1471 3443 virtutum
1500 3386 1806 3443 sollicitius
1830 3388 2047 3459 expeti-

401 3479 504 3542 vit,
521 3480 674 3551 quod
691 3478 859 3535 bonis
877 3479 1152 3534 omnibus
1167 3479 1535 3550 profuturum
1553 3478 2048 3549 prmscivitfl‘ran-

403 3566 690 3638 quilitatis
711 3569 867 3624 enim
890 3572 1149 3638 tempore
1176 3567 1383 3621 nutriri
1410 3568 1475 3601 ²δ⁸
1498 3567 1709 3621 debent
1730 3572 1787 3621 et
1810 3566 2046 3621 solidari

403 3658 665 3723 virtutes,
702 3663 765 3712 ut
795 3656 1227 3727 perturbatione
1253 3656 1509 3726 qualibet
1531 3655 1857 3725 ingruente,
1880 3674 1912 3710 a
1934 3659 2047 3710 sta-

400 3747 497 3800 tus
529 3745 619 3800 sui
651 3745 848 3817 vigore
879 3744 1175 3800 hominem
1209 3744 1455 3799 emolliri
1499 3762 1612 3799 non
1644 3745 1933 3799 desinant.

472 3835 505 3888 3
535 3833 721 3889 Nimis
752 3834 991 3906 longum
1023 3838 1111 3889 est
1164 3835 1433 3905 prosequi
1469 3835 1555 3901 959,
1591 3836 1883 3905 quomodo
1920 3852 2043 3889 me-

402 3927 666 3979 moratus
688 3939 804 3989 rex,
826 3928 989 3995 pater
1010 3922 1186 3992 hujus
1213 3923 1406 3994 magni
1430 3923 1533 3977 viri
1557 3924 1627 3977 de
1651 3940 1764 3994 quo
1789 3924 2041 3995 agimus,

400 4012 472 4067 ad
503 4012 663 4067 illam
695 4016 815 4068 tam
865 4017 1039 4084 gratae
1080 4013 1238 4083 pacis
1294 4014 1663 4067 serenitatem
1697 4014 2041 4083 pervenerit,

399 4118 531 4157 cum
567 4102 690 4173 ipse
720 4102 916 4157 omnia
949 4102 1109 4174 regni
1133 4103 1200 4135 ²⁶⁰
1232 4102 1421 4173 spatia
1452 4108 1507 4155 et
1538 4102 1831 4157 continuis
1864 4102 2040 4156 {initi-

399 4206 630 4247 morum
646 4191 1080 4246 incursionibus
1094 4191 1465 4262 etgravissim
1478 4191 1525 4245 is
1540 4191 1849 4247 intercives
1862 4193 2039 4247 etiam

398 4284 457 4333 et
485 4279 551 4315 ²⁶¹
587 4284 863 4351 cognatos
893 4279 1353 4334 dissentionibus
1374 4296 1663 4334 concussa
1683 4286 1738 4334 et
1769 4280 2040 4336 atrociter

394 4372 598 4423 vexata
613 4368 889 4440 repererit
909 4369 996 4422 ευ.
1023 4367 1165 4423 Hinc
1179 4368 1392 4423 etenim
1417 4386 1564 4423 saeva
1581 4370 1874 4425 Danorum
1895 4386 2038 4442 gens

394 4459 553 4511 terra
579 4456 841 4528 marique
864 4461 1089 4528 potens,
1123 4456 1258 4512 inde
1290 4458 1911 4515 centifidaSclavorum
1948 4479 2037 4516 ra-

2159 3311 2215 3361 et
2244 3304 2571 3376 eloquentia
2607 3303 2961 3373 vcritateque
3012 3302 3356 3373 praecipuus,
3392 3305 3450 3356 et
3486 3306 3772 3355 metrorum

2158 3396 2559 3463 librorumque
2580 3392 2854 3446 varietate
2878 3391 2943 3425 '37“
2966 3390 3467 3462 elegantissimus,
3486 3395 3647 3445 tanta
3665 3405 3774 3443 mox

2158 3483 2462 3539 dulcedine
2494 3483 2685 3553 palato
2709 3479 2899 3535 cordis
2918 3480 3044 3549 ejus
3071 3479 3524 3550 complacuit,ut
3548 3481 3661 3549 jam
3685 3494 3773 3532 non

2156 3579 2386 3627 tantum
2418 3571 2765 3626 exteriorum
2797 3571 3104 3624 verborum
3137 3570 3671 3637 scientiam,verum
3701 3568 3774 3619 in-

2157 3664 2281 3717 timi
2316 3660 2629 3716 medullam
2654 3676 2879 3723 sensus,
2906 3664 2962 3714 et
2984 3663 3182 3713 nectar
3208 3663 3271 3712 ut
3295 3658 3375 3712 ita
3400 3659 3594 3713 dicam
3623 3655 3777 3728 liqui-

2155 3752 2488 3816 dissimum,
2526 3749 2731 3818 majori
2754 3765 2931 3819 quam
2955 3748 3065 3802 dici
3090 3746 3274 3819 possit
3296 3747 3575 3802 aviditate
3601 3744 3778 3800 hauri-

2156 3846 2258 3897 ret.
2295 3842 2498 3895 Postea
2532 3838 2757 3894 nullum
2792 3839 3019 3909 penitus
3070 3842 3191 3891 erat
3223 3836 3561 3891 studiorum
3593 3835 3773 3889 libera-

2155 3932 2295 3986 lium
2312 3948 2494 4001 genus
2518 3931 2574 3983 in
2592 3928 2951 3983 omniGrceca
2966 3926 3049 3981 vel
3068 3926 3271 3980 Latina
3286 3922 3775 3996 eloquentia,quod

2154 4021 2370 4091 ingenii
2403 4019 2491 4073 sui
2528 4019 2887 4073 vivacitatem
2911 4016 3349 4087 aufugeret.Nec
3374 4032 3533 4083 vero,
3553 4020 3611 4068 ut
3632 4013 3774 4074 solet,

2152 4116 2253 4164 aut
2274 4109 2606 4162 divitiarum
2632 4106 2950 4174 affluentia,
2984 4106 3407 4159 autturbarum
3432 4104 3776 4158 circumstre-

2152 4198 2413 4269 pentium
2438 4196 2883 4262 assiduitas,aut
2904 4192 3089 4249 ullum
3115 4194 3181 4226 ’79
3212 4192 3448 4247 aliunde
3476 4192 3774 4261 subrepens

2148 4287 2448 4342 fastidium
2481 4287 2553 4340 ab
2587 4285 2693 4339 hoc
2728 4284 2903 4338 nobili
2938 4284 3052 4338 otio
3080 4283 3342 4337 animum
3376 4283 3506 4351 ejus
3543 4292 3777 4351 unquam

2149 4376 2380 4443 avertit;
2401 4376 2482 4430 ita
2507 4374 2932 4429 utmunditiam
2956 4372 3146 4427 cordis
3169 4372 3296 4441 ejus
3320 4368 3780 4436 attestareturju-

2149 4468 2237 4539 gis
2271 4466 2569 4521 meditatio
2597 4468 2651 4519 et
2681 4464 3039 4517 indefessum
3065 4461 3353 4515 continuze
3372 4454 3777 4515 exercitationis

394 4545 521 4601 bies
552 4547 933 4602 barbarorum
968 4546 1579 4615 frendensinhorruit;
1614 4549 2041 4621 Ungrorumni-
2071 4559 2115 4623 D
2150 4556 2574 4623 studium,cum
2596 4554 2720 4622 jam
2746 4552 2977 4623 penitus
2997 4549 3188 4605 omnis
3214 4548 3553 4617 hujusmodi
3579 4544 3775 4602 affectio

390 4633 986 4692 hilominusinsecuta
1007 4635 1342 4707 crudelitas,
1369 4642 1737 4709 transgressa
1758 4643 2040 4701 terminos

2148 4643 2425 4699 transiret
2451 4643 2506 4697 in
2543 4641 2829 4705 habitum,
2856 4639 3005 4695 sicut
3036 4638 3318 4709 scriptum
3342 4641 3463 4693 est:
3511 4637 3589 4690 Ea:
3609 4630 3779 4690 studiis

1745 4796 1980 4854 VARl/E
2022 4799 2425 4857 LECTIONES.

460 4921 531 5003 ²⁴ξ³
563 4926 797 5003 ρςεβῐτιρ
836 4923 889 5003 3.
964 4922 1030 5003 ff}
1061 4939 1112 5003 v_.
1146 4940 1195 4979 e.
1253 4924 1451 5003 desunt
1481 4924 1546 5003 3._
1596 4924 1683 5003 fi"
1726 4923 2011 5003 pleraque
2040 4927 2099 5003 2.
2285 4926 2353 4960 9‘3

1720 4996 1789 5028 9""
1846 4997 2103 5065 vigilanti
2134 5001 2185 5053 2.
2220 5000 2271 5051 3.

1720 5084 1731 5101 ι
1764 5067 1795 5101 Q
1894 5070 1960 5101 23$
2011 5086 2110 5101 nnn
2140 5070 2270 5101 Ann-

1653 5083 1732 5120 :us
1764 5070 1815 5119 3.
1894 5070 1960 5101 ’5‘
2011 5086 2110 5139 per
2140 5070 2413 5137 dogmata
2459 5072 2509 5122 1.

1653 5138 2023 5215 359Aprose’qui
2082 5142 2128 5215 1.
2210 5142 2277 5215 ἐφ
2310 5158 2375 5215 r._
2417 5140 2505 5194 sui

1730 5209 1797 5242 25"
1830 5211 2054 5265 deficiet
2083 5214 2136 5264 3.

964 4996 1027 5028 "7
1089 4995 1193 5049 hec
1251 4996 1303 5049 3.
1383 4997 1449 5028 9⁵⁸
1480 4996 1551 5048 ad
1588 4997 1635 5048 1.

932 5066 1000 5099 ²⁶³
1032 5064 1327 5121 hienricus
1380 5068 1425 5119 1.
1462 5066 1732 5120 henricus
1764 5067 1815 5119 3.

932 5138 979 5189 to
1010 5137 1125 5189 a1.
1205 5137 1270 5170 ⁸³³⁸
1331 5137 1488 5189 nutri
1526 5138 1571 5189 1.
1653 5138 1724 5172 359
1752 5154 1815 5189 nr

1205 5142 1270 5170 ’³³³
1331 5142 1488 5191 nutri
1526 5142 1571 5189 1.

1165 5207 1232 5236 ί⁹⁶³
1264 5208 1521 5262 narranti
1568 5207 1650 5262 ed.

390 4994 458 5027 ²⁴⁶
487 4994 807 5049 Aridebant
838 4995 885 5049 1.

388 5064 480 5119 sed
502 5073 684 5135 postea
712 5081 853 5121 corr.

387 5140 582 5190 torum
612 5138 979 5206 superscripto
1010 5154 1043 5191 a
1077 5137 1125 5189 1.

504 5223 705 5261 novum
732 5224 828 5279 cap
862 5210 1085 5279 incipit.

2410 4926 2560 4999 quid
2602 4926 2654 4999 1.
2731 4924 2819 4999 1'“,
2855 4924 2996 4999 deest
3052 4924 3107 4999 3.
3185 4920 3252 4954 9‘5
3388 4922 3434 4975 1.
3462 4920 3623 4999 έζςεξι
3650 4918 3701 4999 2ἶ

2353 4986 2444 5031 ²⁵⁰’
2480 4998 2742 5052 exibebat
2804 4998 2850 5051 1.
2927 4996 2989 5030 ²⁵¹
3052 4995 3289 5048 innotus
3332 4995 3383 5045 3.
3461 4986 3774 5043 3521166412.

2591 5069 2657 5101 ³⁵⁵
2688 5072 2742 5121 et
2773 5084 2803 5121 o
2834 5068 3045 5120 desunt.
3079 5067 3110 5117 3
3208 5066 3272 5102 ’5“
3303 5064 3445 5118 deos!
3470 5063 3548 5134 3.Δ
3604 5059 3664 5134 ’ἔτ
3696 5072 3775 5134 ρετ

2824 5140 2885 5171 ²θ¹
2922 5139 3060 5193 deest
3093 5138 3144 5189 3.
3224 5137 3292 5205 #53
3326 5132 3581 5205 repperit
3692 5131 3773 5205 qui

2210 5142 2277 5174 ⁸³⁸0
2310 5158 2353 5194 r.
2417 5140 2505 5194 sui
2566 5156 2651 5194 sn.
2695 5140 2746 5192 3.

2310 5158 2353 5194 r.
2417 5157 2505 5194 SUl
2566 5156 2651 5210 Sp.
2695 5156 2746 5192 ὀ.
2825 5156 2885 5171 ιυι
2922 5156 3060 5193 ace-sc
3093 5156 3144 5189 Α.
3226 5156 3291 5207 fw
3326 5156 3581 5205 repperit
3611 5156 3661 5183 ο.
3692 5156 3773 5197 ψη

2336 5212 2580 5265 rhenum
2641 5212 2692 5265 2.
2729 5226 2930 5263 renum
2965 5212 3017 5264 3.
3094 5209 3160 5241 56“
3192 5210 3276 5262 ita
3312 5209 3358 5259 1.
3391 5202 3628 5272 augusti
3658 5198 3773 5253 edd.

2216 5214 2281 5245 2'35
2336 5212 2580 5265 rhenum
2641 5212 2692 5265 2.
2729 5226 2930 5263 renum
2965 5212 3017 5264 3.
