4008 5388
217 472 336 535 945

1823 473 2028 535 VITA.

3512 473 3631 537 946

215 610 330 663 suis
352 606 697 675 intelligitur
725 622 881 677 puer,
914 608 962 661 si
990 605 1197 661 munda
1225 609 1276 660 et
1305 606 1354 661 si
1391 612 1535 660 recta
1563 606 1673 660 sint
1703 621 1874 677 opera
1904 611 1956 673 Α
2058 608 2110 661 6.
2146 608 2307 680 Saepe
2336 608 2486 666 inter
2512 614 2841 667 Graecorum
2891 612 2948 665 et
2980 609 3319 665 Latinorum
3361 607 3627 666 doctissi-

216 700 334 769 ejus
366 698 547 767 (Prov.
569 714 660 761 xx,
678 696 697 750 ιΙ
718 696 785 763 l).
804 696 927 749 Huc
952 695 1383 765 acccedit,quod
1411 694 1563 749 sicut
1586 696 1869 749 fervorem

219 787 399 843 animi
433 786 523 841 sui
548 804 658 840 non
686 803 896 856 passus
916 791 1002 839 est
1034 785 1280 839 aliorum
1302 784 1529 839 desidia
1559 789 1615 838 et
1641 784 1871 838 levitate

217 875 531 947 existingui
572 880 678 929 aut
709 874 1023 945 superfluis
1056 874 1337 943 vanisque
1370 872 1661 943 corrumpi
1694 872 1867 926 collo-

217 967 393 1038 quiis,
429 964 782 1019 italibrosin
803 964 1019 1035 quibus
1067 962 1310 1027 studuit,
1346 970 1441 1015 aut
1484 978 1869 1031 quoscunque

213 1054 520 1126 prmoculis
560 1054 784 1116 habuit,
812 1053 1040 1106 incaute
1075 1051 1310 1121 refringi
1344 1049 1754 1120 autcorrugari
1782 1048 1867 1102 vel

213 1143 652 1215 quomodolibet
712 1142 909 1195 minus
990 1140 1297 1211 diligenter
1354 1138 1590 1192 tractari
1626 1138 1865 1191 omnino

211 1232 511 1303 aegerrime
546 1232 675 1285 tulit
700 1256 712 1295 ;
736 1230 878 1284 nihil
914 1246 1051 1283 sane
1085 1231 1140 1282 in
1161 1228 1271 1295 his,
1302 1246 1427 1298 qua:
1453 1227 1521 1280 ad
1547 1242 1605 1280 se
1644 1226 1868 1296 pertine

209 1322 373 1384 bant,
409 1320 819 1391 negligendum
858 1320 1113 1383 ducens;
1164 1318 1440 1387 quoniam
1493 1314 1752 1385 quidem,
1808 1319 1869 1368 ut

208 1410 483 1465 Salomon
514 1410 594 1463 ait
620 1425 632 1462 :
683 1410 795 1479 οιιὶ
832 1411 1053 1462 minora
1084 1408 1337 1479 negligz’t,
1364 1406 1636 1475 paulatim
1667 1402 1867 1457 decidit

210 1500 278 1533 ²⁸⁰
312 1500 503 1568 (Eccli.
538 1515 653 1562 XIX,
688 1498 759 1561 ll.

277 1590 336 1641 5.
374 1589 555 1659 Igitur
585 1592 893 1658 postquam
928 1590 1090 1657 pater
1119 1587 1267 1656 ejus,
1302 1584 1540 1637 fundato
1574 1585 1630 1635 et
1658 1580 1728 1634 ad
1758 1596 1865 1632 un-

208 1694 386 1748 guem
422 1676 902 1748 pacatoimperio,
923 1676 1098 1730 rebus
1118 1673 1396 1728 humanis
1414 1668 1862 1735 concessit,0tto

208 1767 369 1821 ﬁlius
401 1768 527 1836 ejus
568 1767 755 1835 major
786 1769 946 1833 natu,
974 1764 1372 1819 benedictione
1400 1759 1623 1816 Domini
1657 1761 1863 1812 auctus

208 1863 264 1911 et
295 1856 422 1910 oleo
472 1855 680 1910 laetitiae
732 1858 943 1908 unctus
997 1854 1163 1924 (036),
1227 1869 1439 1923 magna
1480 1848 1778 1903 voluntate
1811 1848 1867 1898 et

205 1960 499 1999 consensu
524 1943 852 2014 principum
899 1958 1139 2013 regnare
1155 1940 1347 2011 cmpit,
1365 1936 1682 1993 centesimo
1705 1936 1861 1988 octo-
1894 1978 1939 2041 Β

204 2032 433 2104 gcsimo
466 2036 664 2087 octavo
715 2032 919 2093 lustro,
956 2031 1317 2101 sexagesimo
1353 2028 1520 2083 tertio
1554 2026 1734 2095 (1927)
1773 2021 1863 2075 in-

204 2121 531 2175 dictionum
548 2119 761 2175 circulo
802 2121 871 2174 ab
896 2120 1293 2174 incarnatione
1319 2116 1545 2172 Domini
1564 2114 1745 2169 nostri
1766 2112 1859 2167 Je-

202 2228 268 2264 su
296 2210 542 2276 Christi;
582 2211 663 2264 vir
688 2211 745 2264 in
770 2226 943 2280 quem
969 2209 1223 2279 Spiritus
1252 2208 1346 2262 Dei
1368 2208 1587 2261 donum
1615 2200 1859 2257 contulit

205 2298 505 2369 singulare
528 2298 786 2353 veritatis
819 2302 875 2351 et
905 2297 1058 2350 fidei.
1085 2297 1262 2365 Cujus
1286 2296 1524 2349 virtutes
1544 2292 1587 2346 si
1612 2306 1702 2343 me
1727 2304 1855 2341 nar-

208 2392 479 2441 raturum
513 2387 905 2458 promiserim,
934 2386 1185 2439 nimium
1220 2384 1359 2437 mihi
1390 2378 1741 2452 sumpserim
1768 2376 1858 2443 ’3',

210 2482 265 2529 et
299 2477 573 2531 ferendus
606 2476 847 2530 minime
881 2475 1110 2529 fuerim.
1146 2473 1555 2527 Exceditenim
1582 2470 1706 2524 laus
1730 2466 1859 2536 ejus

209 2570 266 2619 et
295 2565 498 2637 gloria,
536 2565 822 2636 quidquid
857 2564 943 2618 vel
976 2564 1099 2634 ipse
1124 2563 1316 2617 Cicero
1350 2562 1460 2617 sibi
1494 2559 1858 2632 promitteret

211 2654 269 2708 in
295 2655 588 2709 facundia.
608 2655 707 2708 Hic
722 2670 1063 2725 germanum
1081 2670 1251 2708 suum
1270 2654 1604 2706 Rrunomen
1625 2656 1732 2705 Deo
1757 2650 1850 2702 Di-

200 2748 419 2809 catum,
456 2743 645 2797 adhuc
678 2740 1727 2808 adolescentulum,honorabiliter,ut
1750 2756 1853 2809 par

199 2832 334 2896 fuit,
357 2848 385 2886 e
408 2831 625 2886 scholis
665 2832 722 2884 in
748 2830 1026 2901 palatium
1059 2829 1333 2897 evocavit,
1365 2829 1557 2883 locum
1584 2827 1851 2881 videlicet

199 2924 321 2975 tam
354 2919 717 2975 lucidissime
751 2924 953 2989 aptum
987 2918 1243 2989 speculo,
1276 2917 1396 2987 ubi,
1431 2916 1715 2987 quidquid
1749 2918 1846 2970 de-

193 3009 377 3064 forme
396 3025 499 3081 per
518 3012 702 3062 totum
732 3023 875 3078 pene
892 3008 1177 3061 mundum
1193 3006 1433 3071 esset,in
1453 3005 1663 3060 studiis
1679 3004 1847 3075 liqui-

194 3098 328 3153 dius
360 3100 679 3170 appareret.
716 3101 840 3151 Huc
872 3096 1027 3150 enim
1061 3113 1128 3150 ex
1168 3095 1439 3149 omnibus
1473 3093 1687 3149 finibus
1720 3095 1843 3162 ejus

194 3187 523 3242 conﬂuebat
553 3190 739 3240 totum
772 3186 926 3255 quod
960 3185 1067 3239 sibi
1104 3183 1323 3254 aliquid
1358 3200 1485 3238 esse
1517 3184 1839 3238 videbatur.

190 3274 585 3330 Nihilominus
600 3276 669 3329 ab
685 3274 960 3329 omnibus
974 3273 1267 3329 calumnia
1281 3272 1536 3343 qualibet
1549 3272 1841 3343 oppressis

197 3362 307 3417 hoc
330 3363 542 3418 asilum
589 3363 827 3417 unicum
852 3363 1175 3434 petebatur.
1198 3361 1841 3432 Exemplaribisapieu-
1872 3345 1914 3410 C

194 3453 311 3517 tiae,
348 3452 578 3523 pietatis
600 3451 911 3521 etjustitiae
936 3469 1117 3523 supra
1162 3450 1469 3505 hominum
1497 3450 1841 3505 memoriam

196 3540 507 3595 eminebat.
536 3541 672 3595 Inde
692 3539 923 3607 reversi,
950 3542 1046 3611 qui
1069 3540 1179 3595 sibi
1204 3539 1375 3610 paulo
1408 3543 1540 3594 ante
1572 3540 1727 3593 domi
1760 3540 1840 3593 vi-

196 3629 487 3683 debantur
535 3628 879 3699 doctissimi,
913 3631 1123 3685 rubore
1163 3630 1229 3662 ²⁸²
1259 3629 1460 3695 notati,
1514 3629 1846 3682 rudimenta

194 3717 430 3786 artium,
483 3718 650 3787 quasi
699 3720 853 3771 Nunc
884 3719 1019 3788 crept
1048 3719 1326 3784 dicentes,
1389 3718 1648 3788 aggressi
1683 3722 1839 3771 sunt.

193 3806 293 3860 Cui
328 3806 384 3861 in
416 3805 558 3860 laeva
598 3811 759 3876 parte
805 3805 1078 3859 mamilla)
1132 3805 1211 3859 nil
1244 3806 1439 3869 saluit,
1476 3821 1602 3859 sese
1634 3806 1704 3858 ab
1736 3805 1845 3858 hoc

193 3895 359 3964 quasi
384 3894 536 3950 celso
568 3893 847 3948 tribunali
898 3894 1103 3947 exinde
1144 3893 1505 3947 verecundus
1538 3893 1841 3947 abstinuit.

193 3981 304 4037 Vas
338 3982 479 4037 illud
517 3999 690 4037 suum
717 3982 975 4052 implevit
1002 3982 1287 4036 Dominus
1309 3980 1515 4052 spiritu
1550 3980 1843 4050 sapientis:

194 4075 248 4124 et
279 4070 631 4125 intellectus.
661 4071 773 4124 Nec
804 4070 1034 4124 suffecit
1082 4070 1150 4103 “333
1184 4069 1233 4124 ei
1282 4070 1340 4123 in
1383 4068 1843 4141 gazophilacium

194 4161 388 4215 cordis
412 4159 504 4213 sui
527 4158 816 4230 colligere,
850 4160 1003 4229 quod
1028 4158 1086 4212 in
1120 4163 1393 4229 promptu
1426 4159 1711 4225 habebat;
1746 4174 1840 4229 pe-

197 4249 424 4317 regrina
448 4249 687 4317 insuper
709 4246 1685 4318 conduxitzenigmata,et,quidquid
1713 4246 1844 4317 phi—

196 4334 563 4407 losophicum
578 4335 938 4405 terrenisque
952 4336 1224 4390 sensibus
1238 4335 1699 4391 remotissimum
1722 4353 1846 4391 sen-

196 4423 270 4478 sit
308 4424 416 4480 hoc
439 4424 850 4494 undecumque
880 4424 1187 4478 contraxit.
1233 4423 1605 4477 Oblitteratas
1634 4425 1733 4478 diu
1757 4440 1846 4479 se-

196 4517 349 4579 ptem
380 4512 650 4569 liberales
665 4517 817 4567 artes
850 4512 973 4583 ipse
1006 4512 1537 4581 retexit.Quidquid
1563 4512 1845 4578 historici,

198 4604 476 4666 oratores,
510 4605 688 4671 poetze
719 4605 774 4655 et
809 4599 1366 4671 philosopbinovum
1402 4604 1455 4653 et
1472 4601 1690 4670 grande
1723 4616 1846 4669 per-

1981 713 2107 753 mos
2137 698 2205 752 de
2238 698 2573 771 philosopiaa
2598 699 2964 755 sublimitate
2998 704 3098 755 aut
3126 699 3195 754 de
3226 696 3540 770 cujuslibet
3564 698 3625 754 in

1978 786 2079 842 illa
2109 788 2368 843 florentis
2400 789 2718 861 disciplinae
2749 790 3071 845 subtilitate
3100 790 3467 861 disputantes
3489 788 3623 844 doc-

1978 880 2074 931 tus
2105 876 2391 949 interpres
2409 878 2636 933 medius
2662 880 2785 950 ipse
2808 878 3087 948 consedit,
3103 883 3161 935 et
3179 877 3621 950 disputantibus

1979 965 2049 1018 ad
2082 965 2356 1036 plausum
2388 967 2802 1037 omnium,quo
2828 969 2896 1001 2⁸⁸
2926 967 3282 1022 nihilminus
3305 968 3619 1034 amaverat,

1979 1055 2280 1109 satisfecit.
2316 1055 2437 1109 Non
2460 1056 2614 1110 enim
2637 1072 2875 1111 examen
2898 1057 3232 1128 improbum
3251 1056 3309 1109 in
3333 1054 3435 1110 illa
3454 1054 3624 1110 casti-

1978 1143 2134 1213 gavit
2190 1144 2430 1210 trutina,
2464 1160 2568 1200 nec
2601 1161 2662 1199 se
2707 1145 2972 1216 quaesivit
3000 1150 3196 1212 extra;
3230 1144 3475 1215 gloriam
3506 1143 3619 1200 sibi

1978 1233 2307 1287 aestimabat
2323 1233 2725 1289 testimonium
2746 1233 3112 1289 conscientiae
3136 1251 3252 1289 suae
3272 1234 3359 1286 “5.
3379 1234 3621 1305 Specta-

1976 1321 2055 1374 vit
2076 1322 2185 1375 hoc
2211 1323 2769 1393 frequentiusjudex
2793 1324 2849 1377 in
2869 1322 3086 1378 talibus
3110 1321 3227 1377 falli
3255 1320 3623 1389 nescius,rex

1976 1409 2132 1464 orbis
2162 1415 2450 1465 terrarum
2476 1411 2786 1480 maximus,
2806 1416 2861 1466 et
2882 1410 2981 1482 qui
3005 1426 3248 1482 regnum
3272 1427 3446 1466 suum
3469 1415 3621 1467 exte-

1976 1499 2098 1553 rius
2130 1500 2491 1553 fortitudinis
2522 1510 2577 1554 et
2607 1500 2837 1555 consilii
2868 1500 3066 1570 vigore
3095 1498 3623 1569 ﬁrmavit,interius

1974 1586 2118 1641 illud
2152 1588 2247 1643 tali
2278 1588 2841 1659 splendorevestivit.
2868 1592 3087 1643 Horum
3115 1591 3405 1659 spectator
3426 1591 3483 1643 et
3504 1587 3625 1659 ipse

1973 1677 2126 1731 Deus
2145 1678 2399 1731 creditur
2420 1679 2509 1745 2⁸⁸,
2532 1678 2700 1747 cujus
2733 1677 3133 1732 misericordia
3161 1678 3403 1746 donum,
3436 1678 3624 1747 quod-

1973 1782 2203 1836 cunque
2231 1766 2811 1831 tribuit,custoditur.
2838 1766 2978 1830 Quis
3008 1766 3161 1821 enim
3188 1783 3221 1821 a
3240 1768 3403 1820 tanta
3418 1768 3476 1820 et
3499 1769 3619 1820 tam

1972 1854 2413 1926 incomparabili
2433 1854 2738 1910 altitudine
2762 1854 3092 1927 prohiberet
3103 1852 3515 1924 arrogantiam,
3531 1853 3619 1909 ni-

1972 1943 2020 1998 si
2053 1945 2185 2015 pius
2216 1944 2339 2015 ipse
2371 1961 2537 1999 suam
2572 1944 2878 1999 adhiberet
2909 1943 3234 2000 custodiam
3254 1942 3282 1997 7

2040 2032 2093 2083 7.
2129 2030 2305 2085 Israel
2342 2032 2650 2102 episcopus
2691 2031 2998 2103 Scotigena
3054 2031 3259 2102 (1948),
3289 2031 3398 2086 sub
3445 2031 3618 2101 cujus

1972 2119 2305 2190 magisterio
2329 2119 2769 2174 illustrissimus
2792 2120 2887 2174 hic
2901 2121 2969 2175 de
2982 2137 3096 2191 quo
3118 2118 3417 2191 loquimur
3438 2118 3616 2191 pluri-

1972 2224 2133 2262 mum
2167 2225 2226 2263 se
2258 2208 2570 2280 profecisse
2623 2212 2868 2263 testatus
2916 2213 3024 2275 est,
3076 2209 3147 2263 de
3196 2208 3457 2263 moribus
3487 2209 3616 2279 ejus

1971 2297 2289 2368 resiquitus
2318 2314 2351 2351 a
2373 2297 2752 2368 quibusdam,
2807 2314 2955 2369 quos
3004 2296 3115 2368 ipsi
3146 2296 3479 2352 audivimus
3510 2296 3617 2352 hoc

1971 2386 2123 2440 idem
2174 2385 2481 2440 sollicitius
2522 2386 2886 2441 ruminantes
2917 2390 2975 2441 et
3030 2386 3199 2455 quasi
3246 2401 3349 2456 pro
3380 2384 3615 2442 oraculo

1968 2474 2270 2539 habentes,
2348 2479 2615 2529 sanctum
2670 2474 3125 2545 eum‘apprime
3172 2474 3352 2529 virem
3392 2490 3520 2530 esse
3549 2475 3615 2509 ²⁸⁷

1968 2564 2284 2635 respondit.
2320 2563 2475 2617 Satis
2524 2562 2817 2618 laudabile
2864 2561 3193 2633 scitumque
3242 2562 3496 2619 doctoris
3543 2564 3614 2619 de

1965 2652 2253 2723 discipulo
2307 2652 2734 2706 testimonium.
2788 2651 2988 2717 Graeci,
3023 2652 3239 2722 quibus
3284 2667 3446 2724 asque
3486 2669 3610 2708 ma-

1964 2742 2164 2812 gistris
2198 2757 2341 2794 usus
2372 2745 2479 2806 est,
2515 2741 2585 2794 ad
2621 2745 2844 2794 tantam
2870 2740 3118 2809 gratiam
3151 2741 3503 2811 stupebant;
3528 2740 3612 2795 di-

1957 2847 2075 2902 gna
2095 2830 2374 2884 nimirum
2396 2830 2465 2884 de
2484 2828 2582 2883 illo
2604 2827 3217 2899 problematadomum
3238 2828 3364 2884 suis
3384 2828 3608 2885 civibus

1959 2920 2367 2990 reportabant;
2403 2935 2650 2989 quorum
2676 2916 2937 2974 studium
2970 2918 3268 2990 quondam
3302 2916 3481 2973 fuisse
3509 2918 3603 2972 di-

1958 3009 2129 3073 citur,
2163 3011 2263 3062 aut
2295 3006 2498 3062 audire
2526 3022 2756 3078 semper
2782 3006 3001 3078 aliquid
3051 3005 3181 3062 novi
3211 3008 3313 3062 aut
3342 3005 3600 3063 invenire

1954 3098 2088 3167 (Act.
2122 3114 2258 3162 xvn,
2292 3097 2401 3166 2|).

2024 3188 2074 3239 8.
2113 3184 2322 3241 Millies
2355 3186 2576 3240 interea
2606 3201 2710 3256 per
2737 3185 2862 3240 dies
2894 3185 3210 3257 cogebatur
3238 3184 3596 3242 calamitosis

1954 3274 2303 3346 patrocinari
2340 3275 2426 3341 288,
2463 3273 2767 3329 consulere
2816 3272 3069 3344 afﬂictis,
3115 3290 3281 3344 opem
3312 3273 3461 3330 ferre
3486 3273 3595 3330 mi-

1955 3364 2120 3419 seris.
2158 3365 2289 3428 Quze
2321 3362 2517 3418 omnia
2566 3362 2649 3417 sic
2674 3361 3143 3432 administrabat,
3199 3366 3264 3417 ut
3307 3362 3597 3435 refugium

1953 3452 2142 3507 factus
2172 3452 2371 3523 egenis
2400 3452 2672 3506 omnibus
2719 3450 3032 3506 videretur.
3067 3450 3170 3517 Ita,
3193 3466 3327 3506 cum
3354 3455 3510 3508 esset
3540 3451 3599 3507 in

1954 3542 2089 3608 otio,
2125 3558 2292 3596 nemo
2324 3542 2439 3596 fere
2494 3541 2681 3612 magis
2736 3539 3041 3595 videbatur
3078 3539 3139 3594 in
3178 3540 3438 3612 negotio;
3468 3556 3594 3607 nec,

1954 3648 2087 3685 cum
2138 3634 2291 3685 esset
2339 3630 2396 3683 in
2430 3629 2682 3701 negotio,
2733 3644 2994 3699 unquam
3045 3628 3313 3684 cessabat
3358 3628 3428 3685 ab
3461 3628 3599 3685 otio.

1952 3718 2481 3774 Lucubrationibus
2513 3716 2945 3773 intentissimus
2977 3716 3360 3786 inveniendis,
3393 3717 3453 3773 in
3482 3718 3603 3774 dic-

1954 3812 2101 3875 tatu,
2142 3824 2503 3878 quaecunque
2554 3811 2692 3861 sunt
2737 3805 3175 3875 honestissima,
3227 3805 3604 3863 acutissimus

1954 3896 2082 3949 fuit.
2120 3894 2396 3949 Latialem
2428 3896 2496 3929 ἐν
2528 3894 2920 3966 eloquentiam
2953 3911 3068 3949 non
3100 3895 3157 3949 in
3192 3910 3255 3950 se
3283 3894 3605 3963 solum,ubi

1955 3982 2242 4049 excelluit,
2279 3984 2378 4037 sed
2407 3983 2475 4017 99°
2506 3987 2563 4036 et
2593 3982 2651 4035 in
2683 3981 2885 4036 multis
2923 3982 3051 4037 aliis
3078 3982 3318 4054 politam
3350 3983 3605 4039 reddidit

1956 4077 2011 4127 et
2042 4071 2352 4126 illustrem.
2386 4069 2555 4125 Nullo
2605 4074 2799 4125 autem
2831 4069 2939 4124 hoc
2987 4069 3104 4141 egit
3132 4070 3466 4141 supercilio,
3500 4071 3600 4127 sed

1957 4178 2090 4216 cum
2124 4159 2444 4215 domestico
2472 4159 2685 4229 lepore,
2720 4164 2846 4212 tum
2880 4158 3107 4213 urbana
3136 4158 3438 4230 gravitate.
3466 4159 3603 4215 Post

1956 4248 2159 4321 epulas
2190 4264 2323 4303 cum
2350 4247 2467 4316 alii,
2502 4252 2558 4302 et
2604 4247 2853 4317 majores
2907 4246 3084 4301 etiam
3135 4251 3199 4301 ut
3248 4247 3603 4319 accepimus,

1958 4337 2129 4410 paulo
2163 4343 2346 4409 agunt
2377 4335 2703 4403 remissius,
2738 4334 2863 4406 ipse
2892 4333 3124 4390 lectioni
3154 4338 3212 4390 et
3241 4335 3606 4392 meditationi

1958 4428 2200 4482 vacabat
2230 4427 2293 4461 ’9‘
2321 4424 2613 4481 attentius.
2639 4423 2988 4479 Matutinum
3012 4423 3423 4495 crepusculum
3445 4424 3607 4481 nullo

1960 4516 2144 4588 pretio
2176 4515 2456 4579 vendidit,
2490 4530 2593 4568 nec
2621 4519 2760 4568 tunc
2791 4529 2851 4567 se
2884 4528 3090 4568 somno
3122 4511 3457 4568 sollicitanti
3488 4513 3607 4569 ullo

1960 4604 2131 4658 modo
2168 4602 2436 4658 credidit.
2472 4602 2756 4656 Scurrilia
2785 4603 2853 4636 ²⁵²
2883 4606 2941 4657 et
2967 4600 3225 4671 mimica,
3258 4618 3385 4673 qua:
3416 4602 3476 4657 in
3507 4618 3608 4658 co-

199 4690 485 4760 strepunt,
511 4688 964 4761 diligentissime
1006 4705 1137 4742 cum
1163 4687 1497 4742 doctoribus
1532 4689 1844 4758 cujuscun-
1882 4710 1924 4773 ι)
1960 4690 2257 4747 mmdiiset
2277 4690 2618 4761 tragaadiisa
2650 4690 2913 4759 personis
2970 4688 3144 4743 variis
3164 4689 3350 4745 edicta
3367 4690 3608 4761 quidam

201 4789 310 4843 que
333 4777 546 4849 linqum
580 4782 979 4849 perscrutatus
1000 4782 1088 4832 est
1113 4795 1125 4843 ;
1150 4782 1207 4832 et
1232 4776 1328 4831 ubi
1356 4776 1633 4847 magister
1663 4778 1838 4832 excel-

198 4858 306 4917 luit
336 4864 555 4936 ingenii
603 4865 921 4946 velocitate,
972 4865 1053 4920 ibi
1111 4882 1171 4920 se
1210 4864 1563 4936 discipulum
1594 4867 1841 4936 praebuit

200 4946 544 5009 humilitate.

1959 4784 2379 4849 concrepantes
2394 4778 2513 4832 risu
2530 4792 2589 4832 se
2611 4776 2839 4832 infinito
2863 4776 3225 4842 concutiunt,
3239 4778 3363 4848 ipse
3383 4794 3614 4848 semper

1950 4868 2099 4925 serio
2124 4867 2189 4900 ²⁹³
2216 4865 2553 4925 lectitabat:
2588 4865 2893 4921 materiam
2920 4879 3023 4935 pro
3053 4862 3321 4931 minimo,
3354 4864 3612 4920 auctori-

1956 4964 2134 5014 tatem
2167 4955 2226 5009 in
2276 4958 2595 5017 verborum
2636 4949 3162 5025 compositionibus
3210 4969 3312 5024 pro
3362 4951 3620 5010 maximo

1544 5126 1804 5185 VARL/E
1854 5124 2266 5186 LECTIONES.

270 5246 336 5281 330
365 5248 587 5288 dot-ida}
620 5250 652 5288 2
751 5247 816 5280 28¹
856 5248 1147 5288 qnnanrim
1185 5250 1203 5288 4

1273 5253 1736 5288 nrnanmnuanim
1767 5255 1799 5288 ἢ
1898 5253 1969 5287 282
1998 5264 2228 5288 numnum
2261 5252 2305 5286 ’δ

2436 5249 2502 5284 983
2530 5241 2739 5284 artifici?
2776 5248 2941 5282 (Apud
2970 5241 3051 5282 in\
3078 5238 3129 5280 Ϊ-ζ.
3206 5239 3278 5275 288
3314 5242 3460 5280 num-1
3530 5236 3553 5278 4
3576 5273 3589 5278 -
3618 5232 3663 5278 2
