4008 5388
405 292 522 353 94⁸7

1366 296 1430 356 S.
1480 292 1875 355 BRUNONIS
1922 284 2437 349 COLONIENSIS
2484 287 2850 349 ARCHlEP.
3679 289 3773 353 948

408 426 735 499 reputabat.
767 426 1157 483 Translatitiis
1188 444 1331 483 usus
1362 436 1451 484 est
1476 433 1563 483 est
1587 425 1824 491 scholis,
1849 438 1961 478 non
1983 423 2050 455 ’9‘
2081 421 2132 485 Α
2165 419 2221 473 in
2253 419 2524 474 virtutem
2558 420 2867 492 giganteis,
2894 425 2957 476 ut
2987 421 3068 476 ita
3097 420 3311 489 dicam,
3370 420 3645 493 passibus
3673 423 3772 493 iret,

409 533 647 589 corpore
679 517 915 588 quidem
949 520 1049 571 sed
1083 521 1276 573 mente
1306 519 1541 588 quietus
1565 519 1649 570 29⁵.
1695 518 2051 584 Quocunque

408 605 566 661 enim
598 605 1145 677 circumagebantur
1194 607 1568 661 tabernacula
1612 610 1709 659 aut
1740 608 1929 659 castra
1961 618 2052 657 re-

409 693 1000 766 galia,bibliothecam
1016 712 1182 749 suam
1199 695 1371 749 sicuti
1390 712 1584 750 arcam
1604 695 1667 728 ²⁹⁶
1692 693 2050 748 Dominicam

411 782 817 853 circumduxit,
852 784 1039 838 ferens
1065 785 1129 818 997
1171 801 1368 839 secum
1402 789 1457 838 et
1488 800 1724 838 causam
1759 781 1935 837 studii
1960 780 2052 835 sui

410 876 466 927 et
485 871 965 942 instrumentum,
990 889 1227 927 causam
1251 872 1309 926 in
1332 872 1562 939 divinis,
1594 874 2052 927 instrumentum

408 961 467 1015 in
492 959 808 1031 gentilibus
836 959 1040 1026 libris;
1076 964 1139 1014 ut
1172 965 1312 1031 puta
1360 962 1568 1016 doctus
1610 959 2052 1031 paterfamilias,

409 1050 509 1121 qui
542 1050 702 1105 novit
731 1050 800 1105 de
848 1050 1143 1105 Thesauro
1175 1068 1279 1105 suo
1321 1051 1573 1122 proferre
1608 1067 1751 1105 nova
1782 1055 1837 1103 et
1862 1054 2053 1104 vetera

406 1138 620 1210 (Matth.
654 1155 775 1205 x111,
806 1138 917 1209 52),
951 1138 1061 1193 Nec
1093 1140 1149 1192 in
1182 1140 1306 1209 ipso
1357 1139 1561 1195 itinere
1613 1139 1847 1194 desidiae
1889 1138 2053 1193 locus

408 1232 533 1283 erat
558 1244 570 1293 ;
596 1228 655 1281 in
674 1227 867 1293 turba,
893 1227 1044 1297 quod
1070 1244 1388 1298 paucorum
1411 1234 1517 1294 est,
1534 1228 1702 1299 quasi
1726 1227 1885 1282 solus
1909 1232 2050 1281 erat.

409 1315 905 1371 Confabulabatur
954 1333 1207 1386 namque
1240 1317 1621 1372 utilissimum
1666 1316 1886 1387 aliquid
1919 1332 2051 1371 cum

410 1405 633 1475 quovis,
684 1409 785 1459 aut
830 1403 1221 1459 meditabatur
1274 1406 1326 1459 id
1385 1406 1451 1440 993
1501 1407 1694 1477 ipsum
1737 1408 1794 1459 in
1827 1405 2049 1476 quovis.

478 1494 531 1547 9.
565 1496 707 1547 Cum
740 1494 811 1547 ad
843 1493 1102 1547 divinum
1156 1499 1392 1548 ventum
1426 1500 1581 1550 esset
1612 1496 1891 1563 ofﬁcium,
1928 1494 2051 1549 ani-

410 1598 573 1637 mum
605 1583 814 1653 agebat
842 1581 1153 1651 intentum,
1207 1583 1365 1637 brevi
1416 1585 1648 1654 quidem
1683 1585 1781 1639 sed
1816 1602 1960 1654 pura
1992 1600 2052 1639 se

407 1670 668 1726 oratione
706 1670 946 1725 Domino
977 1672 1413 1727 commendans.
1447 1673 1568 1743 His,
1604 1674 1818 1743 quibus
1859 1674 2050 1727 convi—

2162 516 2216 563 et
2246 526 2593 581 quocunque
2625 511 2829 581 pedem
2864 510 3132 576 intendit,
3167 526 3396 582 semper
3418 511 3479 564 in
3512 510 3775 570 voluntate

2167 600 2391 655 Domini
2424 601 2743 671 proficeret,
2772 606 2898 656 orta
2952 605 3042 656 est
3090 601 3284 655 subita
3340 606 3658 672 tempestas
3684 604 3775 660 dis-

2167 689 2455 744 sensionis
2486 691 2544 744 in
2572 690 2828 746 Ecclesia
2855 692 3022 761 (953),
3048 690 3373 745 dormiente
3396 692 3573 745 credo
3590 693 3707 747 lesu
3726 695 3776 729 ’δε

2166 780 2221 833 in
2271 780 2603 850 pectoribus
2650 779 2887 850 vigilum
2940 785 3074 835 ante
3123 780 3275 834 fores
3327 781 3544 835 domus
3586 785 3779 840 Domini

2164 868 2612 935 excubantium;
2648 869 2727 922 ita
2762 872 2823 923 ut
2852 868 3090 939 quidam
3120 873 3344 924 Satanas
3373 868 3541 933 socii,
3588 870 3776 927 invidia

2165 956 2372 1027 spiritu
2398 957 2655 1027 distenti,
2682 958 3089 1029 imperatorem
3112 958 3442 1029 ipsum,per
3459 973 3629 1028 quem
3650 960 3776 1016 salus

2164 1050 2288 1101 erat
2320 1047 2376 1099 in
2408 1047 2640 1117 populo,
2673 1047 2940 1102 videlicet
2967 1047 3165 1102 lumen
3197 1047 3353 1102 orbis
3404 1051 3597 1111 terras,
3636 1064 3777 1105 cona-

2164 1142 2367 1190 rentur
2396 1137 2750 1207 extinguere.
2776 1139 2964 1202 Quare
2998 1137 3125 1201 hoc,
3151 1136 3348 1192 nisiut
3371 1154 3494 1192 non
3521 1138 3589 1171 ⁸⁰⁵
3610 1155 3777 1209 argue-

2167 1230 2368 1281 rentur
2408 1242 2605 1281 eorum
2652 1225 2807 1279 mala
2845 1226 3064 1297 opera?
3109 1226 3253 1280 Nam
3304 1230 3457 1282 teste
3487 1226 3778 1298 evangelica

2162 1315 2440 1382 Veritate,
2474 1331 2652 1369 omms
2681 1317 2775 1385 qui
2802 1317 2948 1369 male
2975 1317 3108 1385 agit,
3141 1315 3253 1369 odit
3301 1316 3484 1370 lucem
3526 1316 3688 1385 (Joan.
3715 1335 3778 1385 xu,

2162 1406 2271 1473 20).
2298 1403 2733 1475 Cassatoigitur
2765 1421 2865 1474 per
2914 1404 3006 1459 Dei
3057 1405 3499 1460 miserationem
3560 1404 3660 1460 hoc
3704 1424 3779 1476 per

2164 1494 2565 1564 serpentinum
2590 1495 2657 1528 ³06
2690 1493 2925 1548 sibilum
2952 1499 3231 1565 concepto
3253 1494 3527 1559 consilio,
3551 1495 3778 1564 nequitia

2165 1600 2285 1638 sum
2314 1583 2473 1637 virus
2505 1598 2606 1653 per
2636 1583 2817 1637 totius
2848 1583 3009 1654 regni
3039 1585 3167 1653 ejus
3190 1582 3413 1638 viscera
3435 1582 3778 1639 diffuderunt.

2164 1674 2325 1738 Quod
2358 1672 2489 1726 licet
2520 1672 2734 1742 ubique
2766 1677 2821 1725 et
2852 1672 3045 1742 legum
3081 1673 3406 1727 minaretur
3437 1671 3718 1727 silentium
3737 1678 3779 1726 et

405 1764 567 1814 xerat
606 1760 695 1824 ’99,
726 1758 928 1814 habitu
960 1763 1015 1814 et
1064 1764 1229 1830 gestu
1280 1760 1616 1832 aliquando,
1671 1768 1861 1817 mente
1894 1763 2051 1817 aliud
2086 1792 2129 1855 Β
2164 1761 2351 1833 plebis
2394 1777 2491 1831 per
2522 1762 2704 1815 caedes
2753 1768 2809 1815 et
2858 1759 3091 1832 rapinas
3143 1760 3476 1829 interitum,
3522 1777 3775 1831 nusquam

406 1848 676 1917 actitans,
703 1848 1004 1903 satisfecit.
1038 1848 1162 1902 Non
1194 1849 1348 1903 enim
1382 1850 1550 1905 aliter
1570 1854 1687 1905 tam
1711 1868 1839 1905 vere
1870 1869 2051 1923 popu-

404 1936 544 1991 laris
566 1941 738 2007 esset,
771 1953 958 2006 neque
990 1941 1109 1991 tam
1135 1937 1337 1993 multis
1371 1939 1611 1993 meliora
1643 1941 2049 2011 persuasisset.

404 2025 695 2096 Quidquid
718 2026 1084 2081 sacerdotum
1112 2027 1339 2082 Domini
1362 2032 1464 2082 aut
1492 2031 1879 2099 perfectorum
1901 2031 2052 2086 viro-

405 2132 535 2171 rum
571 2114 862 2187 quispiam
894 2114 994 2169 illo
1020 2115 1077 2170 in
1104 2120 1361 2188 tempore
1386 2134 1664 2189 magnum
1698 2119 1754 2174 in
1778 2120 2054 2191 religione

403 2204 769 2269 moliebatur,
805 2200 913 2259 hoc
944 2205 1115 2275 quasi
1148 2206 1272 2260 solo
1302 2208 1558 2276 quodam
1590 2209 1800 2263 comite
1826 2208 2052 2263 niteba-

404 2297 531 2364 tur;
566 2310 670 2349 nec
702 2294 937 2349 rebatur
959 2294 1364 2349 auctoritatem
1398 2312 1563 2350 suam
1589 2298 1730 2351 satis
1756 2314 1857 2368 per
1877 2314 1939 2353 se
1959 2315 2051 2353 ve-

404 2382 759 2449 hementem,
816 2383 926 2436 nisi
984 2382 1164 2449 hunc,
1217 2383 1383 2453 quasi
1433 2386 2049 2454 succenturietumm,

406 2473 606 2525 nosset
621 2487 682 2525 se
703 2470 762 2524 in
785 2470 982 2526 divina
1004 2471 1123 2525 acie
1148 2476 1594 2529 sustentantem.
1621 2480 1830 2529 Servus
1855 2481 2049 2531 autem

404 2558 505 2613 Dei
537 2576 648 2613 non
683 2559 1050 2613 mediocriter
1094 2559 1152 2613 in
1204 2560 1436 2632 incepto
1468 2564 1747 2634 profecit;
1786 2582 2050 2622 rumores

401 2647 559 2719 vulgi
592 2665 695 2718 pro
739 2647 920 2701 nihilo
961 2649 1162 2716 duxit;
1197 2666 1300 2704 nec
1349 2652 1501 2721 quod
1552 2658 1682 2706 ante
1714 2654 1888 2723 pedes
1942 2656 2052 2709 fuit

404 2736 596 2791 solum
628 2737 727 2791 sed
788 2735 976 2791 multa
1032 2754 1263 2809 quoque
1300 2739 1354 2793 in
1414 2746 1716 2811 posterum
1768 2744 2047 2814 praevidit.

404 2824 547 2879 Hinc
578 2828 685 2891 est,
719 2826 872 2895 quod
892 2826 962 2880 de
986 2825 1162 2881 fratre
1185 2844 1290 2882 suo
1324 2834 1706 2900 cognomento
1731 2832 1912 2902 patris
1935 2834 2047 2902 sui,

402 2918 458 2967 et
489 2914 560 2967 de
611 2913 883 2968 Cuonone
929 2915 996 2949 ³⁰¹
1050 2914 1109 2968 in
1153 2916 1495 2971 afﬁnitatem
1546 2919 1764 2989 regiam
1818 2937 2046 2975 assum-

402 3004 497 3072 pto
527 3002 731 3073 (1929),
766 3002 906 3056 dum
940 3002 1183 3058 nimiam
1204 3004 1356 3058 inter
1376 3022 1474 3060 eos
1496 3007 1768 3079 colloquii
1803 3009 2047 3064 familia-

401 3089 714 3156 ritatem,et
734 3090 840 3145 hoc
857 3092 1107 3148 maxime
1133 3092 1449 3149 missarum
1464 3099 1741 3165 tempore,
1762 3103 2041 3159 cerneret.

400 3194 660 3250 praesago
691 3180 900 3251 spiritu
925 3182 1107 3235 fertur
1149 3183 1363 3238 dixise:
1401 3183 1439 3237 0
1472 3187 1528 3239 in
1560 3190 1823 3255 quantum
1856 3188 2044 3242 inimi-
2079 3160 2120 3226 C

399 3268 659 3322 cz'tz'arum
690 3269 1123 3324 amaritudinem
1152 3271 1260 3325 ista
1290 3272 1348 3325 in
1380 3272 1479 3327 hoc
1506 3282 1741 3345 tempore
1771 3277 2048 3331 tremendo

400 3357 544 3412 male
568 3364 729 3427 parta
759 3359 1117 3413 contubernia
1146 3361 1515 3416 resolventur!
1539 3363 1789 3419 Eventus
1821 3366 1900 3420 rei
1933 3382 2047 3420 non

404 3444 587 3499 multo
619 3450 751 3515 post
774 3446 946 3501 dictis
973 3446 1145 3502 ﬁdem
1184 3449 1333 3502 fecit.

472 3532 559 3586 40.
588 3532 786 3587 Prima
814 3534 1174 3603 dispensatio
1206 3536 1423 3590 credita
1453 3542 1542 3592 est
1569 3539 1653 3593 illi
1683 3541 1874 3596 adhuc
1904 3544 2047 3597 ado-

387 3619 633 3675 lescenti
653 3620 711 3673 in
733 3620 1087 3690 quibusdam
1124 3625 1493 3681 monasteriis
1517 3628 1697 3699 (4930)
1721 3646 1733 3695 ;
1753 3629 1812 3684 in
1831 3630 2045 3701 quibus

386 3708 663 3779 degentes
678 3708 1033 3765 cumidoneo
1059 3710 1321 3767 Ecclesiae
1347 3713 1415 3748 ⁸οὲ
1439 3717 1794 3787 testimonio,
1831 3720 2042 3790 partim

386 3796 726 3864 voluntarie,
754 3799 967 3869 partim
984 3798 1057 3866 vi,
1078 3800 1147 3854 ad
1164 3803 1492 3872 regularem
1508 3805 1682 3861 vitam
1702 3809 2046 3864 constrinxit

391 3885 581 3940 sciens
604 3886 755 3956 quod
781 3892 835 3940 et
860 3886 1052 3942 invitis
1076 3888 1230 3943 bona
1249 3897 1620 3960 praestantur.
1640 3896 1886 3968 Ipsaque
1912 3906 2043 3969 post

390 3973 696 4044 paululum
721 3979 833 4030 Deo
876 3981 1103 4030 sacrata
1132 3976 1281 4047 loca,
1320 3987 1609 4035 annuente
1650 3986 1807 4056 regia
1837 3986 2041 4043 libera-

390 4060 571 4128 litate,
604 4062 922 4135 privilegiis
962 4068 1017 4118 et
1050 4065 1523 4124 immunitatibus
1566 4072 1826 4141 pristinis
1858 4078 2035 4131 refor-

391 4150 587 4217 mavit,
625 4150 769 4204 nihil
803 4151 914 4206 sibi
947 4153 1141 4208 suisve
1170 4154 1238 4189 ³⁰³
1262 4155 1467 4210 exinde
1500 4159 1758 4214 benelicii
1784 4163 1917 4231 jure
1948 4182 2036 4219 re-

388 4253 646 4302 servans,
681 4238 795 4292 nisi
846 4246 1129 4308 quantum
1186 4244 1581 4300 ccsnobiorum
1608 4254 1802 4317 patres
1833 4258 2037 4322 sponte

388 4341 565 4379 cauea
595 4325 893 4382 charitatis
925 4330 1277 4384 obtulerant.
1314 4333 1376 4385 In
1400 4333 1493 4388 his
1511 4340 1696 4390 exstat
1720 4338 2033 4395 Loresham

389 4412 551 4468 locus
566 4429 765 4485 regum
784 4431 877 4470 mu
890 4418 1177 4473 nilicentia
1194 4419 1403 4475 nobilis
1418 4421 1607 4478 adhuc
1620 4423 1677 4477 in
1694 4426 2031 4481 memoriam

2164 1856 2360 1905 tamen
2384 1852 2632 1905 ferocius
2650 1866 2825 1920 quam
2841 1850 2897 1903 in
2913 1850 3308 1905 occidentibus
3327 1850 3599 1921 partibus
3614 1855 3778 1903 estna-

2162 1941 2261 1995 bat
2281 1942 2367 1995 30".
2408 1940 2488 1994 lbi
2521 1940 2812 2011 principes
2841 1939 2892 1993 vi
2926 1943 2982 1994 et
3013 1944 3175 2010 rapto
3217 1939 3465 2006 assueti,
3500 1938 3689 2010 populi
3714 1954 3779 1991 re-

2164 2047 2293 2084 rum
2349 2046 2623 2084 novarum
2660 2028 2877 2100 cupidi,
2914 2027 3184 2084 civilibus
3215 2044 3423 2083 omnes
3454 2029 3526 2063 308
3556 2026 3778 2082 cladibus

2164 2119 2393 2185 intenti,
2428 2119 2674 2173 aliorum
2708 2118 2988 2174 ditescere
3021 2117 3273 2172 miseriis
3318 2118 3722 2189 preoptabant.

2238 2209 2321 2262 11.
2383 2210 2546 2262 Tunc
2599 2211 2808 2263 sancta:
2867 2206 3229 2261 Coloniensis
3290 2204 3562 2260 Ecclesiae
3617 2208 3777 2276 pastor

2163 2297 2475 2352 Wicfridus
2504 2297 2571 2330 ³⁰⁹
2600 2296 2698 2351 diu
2722 2295 3037 2349 admodum
3062 2293 3395 2361 imbecillis,
3416 2293 3588 2365 regiae
3618 2298 3777 2346 tamen

2164 2385 2453 2455 majestati
2473 2390 2529 2439 et
2550 2386 2749 2455 patrias
2773 2385 2916 2439 satis
2940 2384 3111 2449 tidus,
3140 2383 3309 2437 fessis
3331 2383 3574 2437 tandem
3599 2378 3776 2435 relictis

2159 2479 2323 2529 terra;
2346 2475 2611 2543 artubus,
2636 2473 2906 2545 supernis
2928 2471 3234 2542 spiritibus
3249 2470 3624 2526 sociatusest.
3645 2468 3777 2523 Plebs

2162 2568 2354 2619 autem
2388 2563 2665 2617 destituta
2696 2565 2950 2633 postore,
2982 2562 3037 2614 in
3072 2560 3201 2631 ipsa
3229 2560 3575 2615 confusione
3607 2556 3679 2611 nil
3698 2574 3775 2611 an-

2161 2669 2295 2723 ceps
2338 2652 2415 2705 nil
2446 2652 2672 2705 varium
2702 2650 2926 2717 molita,
2960 2649 3196 2704 unicum
3229 2649 3399 2703 unice
3459 2652 3708 2719 optatum
3730 2644 3775 2697 in

2160 2742 2374 2795 domno
2407 2745 2697 2804 Brunone,
2732 2738 3041 2810 magnifico
3091 2738 3212 2791 viro
3260 2742 3317 2791 et
3373 2735 3776 2808 probatissimo,

2160 2830 2272 2885 sibi
2305 2828 2519 2901 delegit
2548 2827 2843 2897 solatium,
2896 2833 3098 2881 secuta
3144 2831 3493 2896 magnatum
3543 2829 3597 2879 et
3630 2822 3776 2877 totius

2160 2919 2294 2974 cleri
2324 2918 2660 2973 consilium.
2678 2918 2783 2981 Qui
2807 2914 3125 2986 injuvenili
3162 2931 3401 2985 corpore
3417 2914 3674 2969 moribus
3686 2928 3778 2965 ma-

2158 3012 2347 3073 turus,
2381 3009 2438 3060 in
2472 3008 2725 3061 maximo
2757 3004 3076 3060 nobilitatis
3109 3002 3264 3058 fastu
3298 3001 3543 3057 humilis
3573 3006 3627 3056 et
3646 3016 3777 3054 man-

2161 3102 2361 3152 suetus
2377 3101 2523 3163 erat;
2549 3096 2607 3150 in
2626 3094 2987 3149 sublimitate
3004 3092 3516 3164 sapientiaquem
3535 3086 3778 3161 percepit,

2160 3204 2272 3241 non
2298 3186 2430 3256 plus
2454 3201 2656 3256 sapere
2686 3200 2861 3254 quam
2911 3186 3135 3253 oportet
3165 3196 3367 3252 sapere
3389 3181 3565 3250 (Rom.
3595 3195 3688 3238 xu.
3715 3174 3775 3244 3),

2160 3277 2256 3331 sed
2283 3290 2485 3346 sapere
2506 3274 2578 3328 ad
2602 3274 2974 3328 sobrietatem
3025 3270 3293 3325 animum
3329 3269 3596 3323 induxit:
3628 3268 3677 3320 in
3707 3279 3775 3318 re-

2158 3363 2271 3435 gali
2297 3362 2596 3418 affluentia
2630 3378 2838 3432 parcus
2869 3360 3000 3429 sibi,
3060 3359 3219 3413 dives
3252 3356 3459 3412 amicis
3488 3357 3613 3412 fuit.
3646 3354 3698 3408 In
3724 3368 3775 3407 ea

2157 3454 2415 3523 primum
2441 3451 2719 3505 electione
2742 3455 2951 3521 praeter
2975 3452 3214 3503 caeteros
3238 3445 3590 3501 Godefridus
3610 3439 3774 3497 ﬂoruit

2155 3542 2463 3612 episcopus
2493 3541 2705 3612 (1932);
2742 3539 2841 3593 sed
2876 3538 2925 3592 si
2955 3539 3025 3573 31°
3055 3537 3188 3605 quis
3230 3536 3411 3589 alium
3471 3539 3606 3589 voto
3634 3529 3770 3603 praei-

2154 3635 2259 3697 ret,
2294 3629 2530 3685 difficile
2580 3628 2873 3699 quispiam
2933 3626 3250 3696 expediret.
3310 3628 3429 3678 Hoc
3489 3639 3602 3677 uno
3647 3620 3771 3674 inter

2153 3735 2313 3791 spem
2336 3723 2677 3788 metumque
2702 3715 2864 3771 dubii
2890 3716 3245 3780 ferebantur,
3269 3714 3424 3785 quod
3450 3710 3679 3767 honoris
3699 3707 3766 3761 di-

2153 3808 2434 3879 gnitatem
2470 3811 2524 3860 et
2552 3806 2657 3859 viri
2689 3803 2935 3876 gloriam
2970 3802 3299 3866 metientes,
3342 3800 3649 3871 indignum
3672 3796 3767 3849 fore

2150 3900 2323 3950 tanta:
2343 3893 2686 3949 sublimitati
2719 3892 3073 3958 metuebant,
3099 3890 3250 3961 quod
3274 3889 3323 3944 ei
3347 3905 3484 3943 cum
3500 3892 3763 3942 tantonin-

2149 3984 2267 4038 bito
2302 3982 2723 4053 praeparabant.
2752 3985 2820 4034 Et
2851 3996 3049 4033 revera
3078 3978 3129 4033 si
3161 3979 3292 4049 quis
3322 3977 3382 4031 in
3415 3981 3535 4031 toto
3566 3976 3663 4028 hoc
3690 3987 3761 4025 re-

2150 4088 2262 4143 gno
2283 4072 2447 4125 locus
2479 4075 2633 4125 esset
2664 4068 2987 4140 augustior,
3022 4072 3123 4122 aut
3151 4072 3302 4122 certe
3333 4064 3509 4120 clero.
3558 4059 3758 4134 populo,

2147 4161 2428 4227 ecclesiis,
2464 4159 2741 4229 omnique
2798 4160 3079 4229 apparatu
3139 4154 3477 4226 elegantior,
3522 4152 3611 4206 hic
3640 4145 3761 4204 tanti

2149 4250 2401 4322 pastoris
2432 4246 2687 4319 receptui
2716 4248 2783 4282 ³¹¹
2819 4246 2891 4302 ab
2922 4244 3196 4300 omnibus
3222 4244 3320 4315 qui
3351 4259 3485 4298 eum
3518 4238 3762 4296 noverant

2145 4339 2376 4411 dignior
2408 4340 2727 4409 putaretur.

2218 4430 2302 4481 l2.
2333 4423 2813 4497 Conspirantibus
2864 4423 3062 4493 itaque
3111 4421 3387 4476 omnibus
3436 4424 3491 4474 et
3538 4418 3677 4472 idem
3710 4411 3756 4465 in

390 4502 532 4555 tanti
566 4502 670 4555 viri
700 4504 955 4559 retinens
978 4509 1034 4559 et
1072 4510 1509 4578 praerogativam
1540 4511 1826 4570 libertatis
1848 4515 2031 4587 ({93l)
2064 4524 2111 4585 Ι)
2144 4518 2370 4571 Christo
2402 4513 2806 4577 sentientibus,
2837 4527 2968 4565 cum
3000 4510 3189 4564 adhuc
3228 4509 3594 4563 inhumatum
3624 4508 3674 4559 et
3698 4498 3755 4555 ad

390 4593 447 4644 et
476 4589 836 4647 monimenta
883 4592 1199 4665 religionis.
1262 4597 1475 4654 Deinde
1525 4616 1656 4655 cum
1708 4602 1779 4658 de
1826 4605 2038 4661 virtute

2150 4605 2347 4662 oculos
2361 4604 2613 4675 positum
2629 4601 2951 4657 secundum
2964 4597 3445 4654 consuetudinem
3461 4594 3757 4660 locicorpus

1738 4781 1997 4838 VARL/E
2026 4783 2438 4840 LECTIONES.

461 4916 529 4951 ’9‘
559 4917 705 4971 deest
734 4918 787 4971 3.
867 4920 934 4953 29⁵

390 5057 457 5091 ³0⁵
513 5058 660 5113 deest
715 5061 767 5113 3.

390 5127 460 5163 3“
493 5129 791 5199 preceptui
819 5131 872 5185 3.

800 4991 810 4999 _
867 4922 1176 5003 2°5‘quietis
1234 4926 1285 4978 3.
1366 4927 1754 5003 marinam}.
1830 4933 1899 4965 ³9⁷
1927 4932 2201 5003 frequens
2232 4936 2284 4988 3.

390 4986 458 5059 f9?
488 4991 916 5059 succentarium
951 4986 1003 5046 3'.
1079 4995 1145 5028 ³⁰¹
1181 5011 1399 5051 conoue
1430 4999 1482 5051 3.
1514 4986 1527 4998 ’
1559 5000 1627 5033 ³⁰²
1680 5001 1729 5053 4.
1789 5003 1943 5057 modo
1992 4986 2253 5059 ecclesiae
2312 5004 2465 5057 modo
2521 4998 2796 5056 ecclesiae.
2877 4998 2944 5035 ⁸0³
3001 4995 3222 5051 suisuel
3279 4986 3331 5050 Ῑ.

869 5062 936 5095 ³0⁸
987 5065 1347 5134 serpentium
1407 5069 1458 5122 3.
1538 5070 1601 5107 ³0⁷
1659 5074 1969 5129 estuabant
2025 5077 2078 5129 3.

2365 4934 2430 4966 ³9⁸
2462 4931 2611 4985 deest
2657 4930 2710 4982 2.
2771 4926 2862 4982 sed
2918 4942 3058 4982 corr.
3137 4926 3205 4961 29°
3262 4925 3606 4995 quibuscum
3636 4918 3752 4973 v.3-

2370 5004 2465 5046 ndn
2521 4998 2796 5046 nnnlasim-
2877 4998 2944 5035 ⁸0³
3001 4995 3222 5046 suisuel
3279 4997 3331 5046 4.
3409 4996 3476 5030 ³0³
3530 4992 3682 5046 illum
3707 4991 3749 5040 2·

3530 5006 3682 5047 illum
3707 5006 3749 5040 Ζ·

2182 5076 2248 5112 ³0⁸
2300 5074 2447 5129 deest
2495 5074 2550 5126 3.
2627 5071 2693 5105 3°“
2752 5067 3085 5124 wiikt'ridus
3141 5069 3194 5123 2.
3272 5068 3344 5102 ³¹⁰
3392 5066 3553 5123 deest.
3605 5063 3654 5116 2.
3706 5059 3749 5111 3~

1977 5276 2208 5331 NOTl'E.

474 5379 637 5388 ..Α-..ιλ
675 5381 706 5388 Α..
