4008 5388
196 466 312 528 953

1790 464 1975 525 VITA
1990 506 2003 524 .

3475 465 3592 526 954

266 600 353 654 19.
383 599 513 655 Haec
542 603 599 655 et
626 598 719 655 his
747 598 963 656 similia
986 600 1240 656 domnus
1261 602 1473 669 Bruno,
1506 598 1595 652 vir
1620 598 1833 662 bonus,
1862 597 1919 663 Α
1950 616 2096 671 quos
2128 601 2275 657 fidos
2307 601 2529 670 habuit,
2563 599 2891 658 consultam
2922 599 3183 673 partibus
3207 564 3343 671 illis,
3386 599 3593 656 festiue

193 689 424 743 dicendi
491 689 732 760 peritus,
783 690 851 744 de
917 688 1103 744 salute
1169 687 1547 759 pulcherrimi
1603 687 1835 757 juvenis

191 777 356 832 valde
418 777 700 832 sallicitus
746 779 1075 848 perorabat.
1132 776 1230 832 Ille
1260 792 1416 843 vero,
1470 778 1635 847 quasi
1668 777 1835 845 cujus

196 870 453 922 mentem
480 866 709 921 Erinnis
734 868 799 901 3‘7
823 868 893 922 ad
919 871 1170 938 coeptum
1192 868 1257 900 3‘3
1282 866 1442 921 nefas
1476 866 1835 936 instigasset,

193 972 392 1010 aurem
453 956 642 1011 cordis
704 957 795 1011 sui
846 956 1187 1025 neutiquam
1240 972 1449 1027 passus
1496 959 1582 1009 est
1630 954 1836 1023 hujus-

196 1045 354 1098 modi
387 1045 629 1100 monitis
660 1044 949 1100 admoveri
981 1064 993 1112 ;
1045 1046 1139 1098 vix
1187 1044 1387 1099 auditu
1433 1044 1734 1111 exteriore,
1767 1059 1839 1097 ne

193 1133 489 1188 videretur
532 1134 709 1188 nimis
758 1132 1038 1197 insolens,
1092 1133 1519 1205 propinquavit.
1557 1133 1838 1187 Innocens

195 1222 351 1278 enim
368 1224 438 1277 ab
452 1223 628 1293 hujus
644 1222 1029 1278 dissensionis
1050 1222 1285 1277 miseria
1304 1222 1482 1277 videri
1498 1238 1673 1292 quam
1689 1236 1835 1284 esse,

194 1310 477 1366 honestus
534 1312 717 1366 duxit.
781 1312 958 1367 Movit
1015 1313 1141 1381 ejus
1200 1311 1516 1381 juvenilem
1574 1310 1837 1364 animum

195 1401 455 1456 anxietas
486 1406 542 1456 et
573 1407 767 1456 motus
798 1400 1369 1472 elegantissimorum
1402 1400 1703 1463 comitum,
1738 1398 1835 1468 qui

196 1490 308 1543 nisi
341 1489 501 1544 illius
550 1490 741 1562 impiae
773 1490 1191 1560 conjurationis
1223 1490 1355 1543 tabo
1404 1490 1473 1523 ⁸⁵9
1522 1492 1717 1543 essent
1746 1488 1835 1540 in-

195 1578 598 1645 fecti,ornatus
621 1584 677 1633 et
699 1579 1041 1649 jucunditas
1068 1595 1195 1633 esse
1222 1583 1459 1648 possent
1489 1578 1555 1612 35°
1584 1577 1835 1646 impera—

194 1668 358 1723 torias
396 1668 685 1740 dignitati.
736 1670 901 1723 Tunc
950 1668 1152 1739 utique
1199 1672 1321 1722 tam
1366 1664 1834 1731 desiderabilem,

195 1760 313 1812 tam
386 1774 562 1813 manu
634 1759 862 1823 fortem,
926 1761 1046 1812 tam
1096 1757 1385 1829 egregiam
1437 1757 1563 1826 ejus
1614 1753 1833 1826 prolem

196 1843 425 1899 deceret
470 1844 579 1899 hoc
636 1844 869 1916 agmine
926 1844 1151 1915 stipari,
1186 1845 1254 1899 de
1286 1844 1394 1898 hac
1425 1842 1646 1898 delecta
1668 1843 1833 1911 juve-

1946 690 2233 761 proﬁcisci
2269 691 2562 763 disposuit
2593 711 2605 758 ;
2643 693 2877 747 fratrem
2902 708 3075 746 suum
3099 696 3425 745 Brunonem
3450 690 3594 745 occi-

1948 778 2104 833 denti
2154 784 2405 835 tutorem
2451 785 2507 835 et
2557 781 2931 852 provisorem,
2983 783 3059 844 et,
3110 783 3175 832 ut
3217 778 3346 831 dica
3375 776 3589 845 dicam,

1949 867 2339 937 archiducem,
2376 868 2432 921 in
2465 872 2583 923 tam
2616 868 2939 939 periculoso
2973 872 3231 938 tempore
3264 865 3461 931 misit;
3496 864 3589 920 cui

1948 955 2089 1010 talia
2121 958 2400 1011 mandata
2431 958 2627 1012 dedit:
2662 978 2682 1006 ι
2708 958 2900 1012 Unum
2930 974 3034 1011 nos
3069 954 3589 1026 semperidemque

1949 1044 2223 1115 sensisse,
2275 1062 2380 1099 nec
2430 1063 2688 1117 unquam
2741 1051 2874 1100 vota
2922 1049 3120 1099 nostra
3150 1044 3206 1098 in
3241 1058 3589 1113 quocunque

1949 1134 2180 1203 negotio
2239 1134 2625 1205 discrepasse,
2681 1134 2793 1189 dici
2852 1150 2966 1188 non
3017 1138 3228 1204 potest,
3288 1134 3466 1185 frater
3496 1131 3588 1184 di-

1948 1222 2284 1291 lectissime,
2345 1228 2634 1293 quantum
2693 1222 2991 1287 delector;
3035 1226 3089 1275 et
3145 1221 3253 1275 hoc
3310 1226 3397 1275 est
3430 1220 3585 1291 quod

1948 1310 2005 1364 in
2040 1311 2263 1365 acerbis
2299 1312 2442 1367 meis
2500 1312 2566 1345 ³⁵9
2624 1328 2715 1365 me
2766 1311 3017 1365 maxime
3066 1309 3416 1373 consolatur,
3450 1324 3584 1363 cum

1946 1399 2108 1454 video
2136 1416 2237 1471 per
2288 1400 2387 1454 Dei
2436 1401 2855 1471 omnipotentis
2886 1400 3132 1471 gratiam
3171 1403 3369 1453 nostro
3400 1396 3584 1467 impe-

1946 1489 2030 1542 rio
2088 1488 2279 1560 regale
2338 1489 2726 1544 sacerdotium
2774 1491 3111 1554 accessisse,
3155 1490 3215 1543 in
3247 1493 3302 1542 te
3332 1503 3586 1558 namque

1946 1582 2000 1631 et
2054 1579 2426 1633 sacerdotalis
2474 1579 2674 1650 religio
2734 1584 2789 1634 et
2840 1579 2996 1651 regia
3052 1578 3227 1650 pollet
3286 1577 3583 1645 fortitudo,

1947 1672 2011 1721 ut
2040 1673 2095 1721 et
2124 1668 2275 1722 scias
2306 1685 2414 1722 sua
2468 1668 2673 1737 cuique
2722 1669 2999 1734 tribuere,
3059 1667 3213 1737 quod
3273 1669 3360 1720 est
3410 1664 3584 1735 justi-

1942 1756 2057 1821 tize,
2119 1760 2175 1811 et
2233 1757 2423 1827 possis
2479 1758 2938 1812 adversariorum
3016 1756 3133 1811 sive
3204 1755 3406 1809 terrori
3466 1753 3587 1808 sive

1946 1845 2135 1900 fraudi
2195 1846 2487 1912 resistere,
2547 1846 2700 1917 quod
2762 1850 2851 1899 est
2910 1844 3269 1900 fortitudinis
3325 1842 3586 1912 etjusti—

193 1948 336 1986 num
387 1931 727 1987 excellentia
785 1932 1040 2004 gloriari.
1107 1934 1240 1987 Erat
1296 1950 1408 2003 prae
1469 1931 1744 1986 omnibus
1776 1931 1833 1984 in
1867 1958 1914 2021 B
1945 1934 2037 1988 tiae
2063 1935 2148 1987 ³⁵0.
2192 1934 2305 1990 Nec
2339 1935 2541 1989 abesse
2572 1934 3052 2005 tibijamdudum
3084 1932 3361 2005 perpendi
3395 1933 3585 2002 ipsam

194 2021 323 2090 ejus
350 2021 544 2075 animo
576 2020 743 2092 quasi
775 2022 1014 2092 quidam
1047 2021 1325 2076 stimulus
1356 2021 1472 2075 dux
1502 2020 1670 2091 paulo
1703 2024 1837 2074 ante

192 2108 572 2180 fortissimus,
604 2114 743 2164 tunc
776 2114 970 2165 autem
1004 2111 1195 2181 praedo
1229 2109 1832 2173 audacissimus,Cuo-

194 2214 268 2253 no
299 2217 311 2265 ;
346 2198 523 2253 etiam
558 2203 741 2269 parta,
776 2204 840 2253 ut
882 2198 994 2269 ipsi
1044 2200 1365 2269 jactabant,
1401 2198 1732 2253 divitiarum
1782 2203 1837 2252 et

192 2287 355 2358 regni
412 2286 614 2359 gloria,
677 2288 778 2341 sed
837 2303 1034 2342 revera
1065 2287 1228 2342 labor
1284 2287 1498 2342 sterilis
1539 2304 1640 2359 pro
1669 2292 1834 2342 tran-

194 2376 481 2447 quilitate,
520 2375 854 2431 sollicitudo
890 2391 1121 2447 semper
1154 2376 1325 2431 auxia
1369 2393 1471 2447 pro
1503 2377 1831 2432 securitate.

192 2469 315 2520 Nan
348 2466 399 2520 is
430 2465 545 2531 cui,
581 2470 644 2519 ut
674 2466 756 2518 ita
786 2464 997 2530 dicam,
1029 2466 1225 2520 omnia
1253 2470 1418 2520 erant
1448 2466 1506 2519 in
1539 2466 1832 2532 manibus,

195 2554 418 2625 agendo
451 2559 517 2609 ut
575 2554 707 2625 plus
741 2553 1001 2619 haberet,
1060 2559 1124 2608 ut
1176 2554 1320 2608 nihil
1375 2554 1611 2609 haberet
1646 2556 1833 2609 omni-

190 2642 380 2697 modis
437 2643 775 2697 efi‘ecerunt.
816 2643 1040 2697 Interea
1075 2646 1271 2697 tamen
1317 2644 1505 2697 modis
1537 2644 1831 2709 omnibus,

194 2747 299 2785 nec
344 2730 493 2785 dolis
542 2732 739 2784 minus
790 2748 965 2801 quam
1018 2731 1240 2786 viribus
1272 2736 1509 2797 certare,
1535 2749 1722 2802 neque
1767 2733 1830 2767 ³⁶¹

196 2820 321 2874 dies
355 2834 541 2888 neque
598 2824 796 2873 noctes
828 2819 1209 2887 requiescere,
1270 2820 1629 2874 adversarios
1686 2820 1837 2875 inter

198 2925 261 2963 se
316 2908 384 2941 ³⁵³
443 2913 746 2978 suspectos
805 2909 1009 2974 facere,
1062 2907 1207 2961 nihil
1261 2907 1611 2962 intentatum
1663 2908 1833 2964 relin-

200 3012 376 3067 quere
431 3013 617 3066 neque
670 2995 990 3066 quidquam
1043 2996 1207 3068 pensi
1262 2996 1473 3050 habere
1517 2997 1834 3053 dummodo

194 3085 252 3139 id
284 3086 597 3155 efficerent,
628 3090 693 3139 ut
750 3086 1021 3140 maximis
1072 3086 1226 3139 intra
1282 3102 1525 3156 regnum
1569 3086 1832 3155 urbibus,

195 3177 250 3227 et
284 3173 377 3228 his
407 3172 897 3244 opulentissimis,
938 3190 1290 3244 quocunque
1319 3173 1550 3245 ingenio
1582 3176 1835 3245 potiren-

190 3265 288 3316 tur
337 3262 471 3317 inde
525 3265 748 3317 cunctis
809 3263 965 3334 regni
1029 3262 1243 3317 finibus
1312 3263 1477 3317 facile
1533 3280 1593 3317 se
1650 3264 1832 3334 impe-

192 3355 427 3405 raturos
484 3352 552 3385 ³⁵³
609 3351 982 3406 arbitrantes.
1034 3352 1112 3405 Ac
1153 3367 1223 3405 ne
1271 3351 1410 3421 quid
1443 3352 1675 3422 penitus
1708 3353 1834 3408 sine
1866 3325 1908 3391 Ο

190 3438 393 3492 fraude
424 3438 604 3505 ﬁeret,
632 3454 764 3492 cum
796 3438 1071 3505 Arnoldo,
1099 3443 1335 3493 strenuo
1369 3438 1660 3510 imprimis
1691 3441 1835 3506 viro,

188 3526 280 3581 cui
325 3542 559 3581 summa
608 3542 801 3581 rerum
851 3542 955 3597 per
1004 3527 1161 3582 idem
1211 3532 1444 3598 tempus
1489 3528 1545 3582 in
1588 3529 1835 3584 Bauwa-

189 3614 410 3669 riorum
469 3619 623 3668 terra
653 3614 835 3683 (4935)
896 3614 1214 3670 commissa
1272 3615 1399 3682 fuit,
1461 3617 1740 3672 secretius
1770 3619 1838 3652 ³⁵⁸

185 3702 714 3774 pollicitationibus
745 3702 1010 3771 inﬁnitis,
1046 3705 1558 3759 commemorando
1598 3704 1837 3776 insuper

187 3792 387 3847 odium
418 3795 603 3857 vetus,
637 3796 900 3863 egerunt,
944 3796 1010 3845 ut
1068 3808 1130 3845 se
1162 3792 1441 3863 primum,
1504 3793 1713 3848 deinde
1767 3795 1834 3829 ⁸⁵⁵

191 3882 396 3935 urbem
448 3879 807 3950 praeclaram,
842 3884 1138 3950 postremo
1171 3884 1359 3934 totum
1412 3880 1556 3934 illud
1590 3898 1833 3952 regnum

186 3967 452 4023 Heinrico
511 3968 644 4021 duci
705 3969 979 4039 perjurus
1030 3968 1349 4023 abdicaret.
1414 3970 1666 4023 Tantum
1722 3971 1832 4025 sibi

188 4057 414 4112 roboris
470 4057 617 4112 inter
683 4074 780 4112 eos
850 4057 1070 4111 invidia
1125 4062 1181 4111 et
1237 4058 1435 4111 odium
1499 4059 1828 4113 vindicavit.

187 4145 373 4200 Simul
408 4146 655 4217 Ungros,
690 4146 995 4216 antiquam
1048 4151 1274 4217 pestem
1307 4147 1526 4217 patriae,
1561 4147 1832 4203 sollicita-

184 4233 343 4304 bant,
398 4237 465 4288 ut
514 4250 759 4306 regnum
810 4235 870 4288 in
932 4251 993 4290 se
1026 4236 1220 4306 ipsum
1282 4234 1532 4289 divisum
1594 4236 1828 4292 invade-

193 4326 322 4376 rent
347 4339 359 4389 ;
388 4323 760 4393 arbitrantes,
778 4323 887 4378 hoc
909 4324 1081 4379 modo
1113 4325 1223 4379 sibi
1249 4325 1316 4359 ³⁵⁵
1349 4323 1828 4391 sollicitudinem,

184 4427 301 4481 qua
319 4400 865 4482 premebantur,aut
885 4413 1115 4483 penitus
1136 4413 1314 4467 adimi
1336 4416 1438 4467 aut
1461 4413 1830 4484 aliquatenus

184 4500 369 4555 minui
405 4517 596 4571 posse.

250 4590 339 4642 20.
374 4593 492 4643 Hac
524 4588 595 4643 de
625 4606 705 4653 re,
741 4594 805 4643 ut
834 4595 977 4660 puta
1005 4590 1070 4623 ³⁵⁷
1098 4592 1219 4643 tam
1271 4590 1467 4644 subita
1498 4593 1553 4644 et
1609 4591 1827 4661 impro-

1946 2023 2331 2094 ingenuarum
2362 2025 2575 2080 artium
2598 2024 2663 2059 ³⁶¹
2701 2028 2945 2079 matrem
2979 2026 3035 2077 et
3062 2039 3190 2077 vere
3221 2022 3495 2076 virtutem
3518 2020 3586 2053 ³⁸⁵⁸

1945 2113 2347 2184 philosophiae,
2379 2129 2506 2183 quae
2537 2117 2593 2167 te
2624 2113 2693 2168 ad
2746 2113 2896 2168 hanc
2955 2112 3301 2167 modestiam
3359 2108 3588 2180 magni-

1945 2202 2331 2273 tudinemque
2355 2201 2535 2255 animi
2567 2201 2834 2256 erudivit.
2865 2201 2994 2257 Scio
3024 2201 3239 2271 itaque,
3271 2201 3448 2254 frater
3478 2198 3590 2252 mi-

1946 2291 2087 2356 scio,
2121 2291 2275 2361 quod
2310 2306 2477 2345 nemo
2537 2290 2857 2361 prudentiae
2914 2295 3029 2344 tua:
3085 2287 3481 2360 persuadebit,
3527 2286 3585 2340 id

1944 2384 2044 2433 tua
2103 2396 2217 2433 non
2275 2378 2579 2444 interesse,
2626 2382 2911 2448 quantum
2970 2377 3222 2447 perversi
3274 2377 3344 2431 de
3403 2376 3587 2431 bono-

1945 2484 2074 2523 rum
2135 2467 2380 2538 pernitie
2431 2466 2774 2538 glorientur,
2834 2481 3177 2538 quacunque
3220 2465 3275 2518 id
3309 2465 3463 2535 quod
3494 2464 3585 2516 in-

1945 2556 2238 2611 tenderint
2290 2556 2593 2611 honestate
2652 2557 2961 2610 verborum
2991 2553 3183 2608 velent
3238 2554 3325 2607 ³⁵³.
3386 2553 3588 2607 Dicent

1949 2647 2213 2710 fortasse,
2248 2644 2415 2698 bellis
2445 2644 2567 2698 hzec
2599 2645 2857 2699 sedanda
2906 2659 3053 2713 esse,
3087 2659 3212 2713 quae
3269 2642 3338 2696 ad
3372 2645 3427 2696 te
3470 2657 3585 2696 non

1948 2734 2293 2804 pertineant,
2365 2749 2491 2801 quae
2548 2732 2635 2785 tui
2700 2732 3010 2785 ministerii
3070 2729 3411 2801 dignitatem
3471 2746 3586 2783 non

1945 2823 2205 2877 deceant.
2242 2820 2587 2891 Hujusmodi
2620 2819 2988 2874 fraudulenta
3025 2820 3333 2873 verborum
3357 2819 3587 2888 jactan-

1946 2911 2030 2965 tia
2059 2910 2230 2965 istius
2262 2908 2602 2980 metropolis
2634 2907 2843 2980 praesul
2896 2908 3100 2979 (1936),
3154 2908 3336 2974 vides,
3398 2923 3588 2977 quan-

1947 3003 2035 3052 tos
2085 2998 2318 3053 seduxit
2362 3000 2447 3063 33‘,
2510 3001 2762 3068 quantos
2810 2997 2887 3051 ad
2920 2996 3103 3051 civilis
3153 2995 3334 3050 cladis
3368 2994 3583 3049 rabiem

1946 3087 2161 3153 illexit;
2216 3088 2314 3157 qui
2370 3087 2417 3141 si
2475 3087 2800 3141 subducere
2832 3102 2893 3141 se
2937 3085 3107 3140 vellet
3138 3102 3171 3139 a
3198 3083 3584 3150 dissensione,

1947 3176 2440 3246 quemadmodum
2494 3174 2695 3246 fingit,
2747 3179 2801 3229 et
2850 3173 3137 3230 bellorum
3188 3173 3465 3245 periculo,
3524 3176 3590 3227 ut

1946 3264 2215 3336 religioso
2282 3265 2485 3334 degere
2553 3267 2750 3334 posset
2794 3263 2852 3317 in
2920 3263 3056 3331 otio,
3116 3262 3283 3317 nobis
3333 3262 3586 3331 profecto

1946 3359 2003 3408 et
2079 3357 2274 3408 nostro
2326 3351 2656 3424 reipublicae
2707 3351 2918 3407 melius
2966 3353 3044 3419 id,
3106 3352 3256 3419 quod
3310 3350 3361 3405 ei
3409 3349 3588 3420 regali

1947 3442 2347 3497 munificentia
2377 3440 2757 3506 contulimus,
2808 3441 3162 3496 reddidisset
3193 3456 3369 3511 quam
3402 3438 3588 3494 hosti-

1946 3531 2076 3585 bus.
2128 3531 2335 3585 Hostes
2385 3531 2533 3595 dico,
2586 3535 2650 3584 ut
2699 3530 2813 3585 fere
2864 3546 3066 3585 omnes
3110 3528 3393 3595 sentiunt,
3429 3527 3588 3582 nefa-

1946 3618 2063 3674 rios
2128 3619 2343 3673 civium
2397 3619 2721 3689 praedones,
2778 3619 2973 3688 patria;
3025 3616 3370 3687 proditores,
3429 3614 3589 3685 regni

1943 3712 2283 3777 vastatores,
2345 3706 2565 3761 militiae
2599 3708 2922 3761 desertores
2977 3706 3065 3774 ³⁸⁵,
3117 3706 3215 3776 qui
3246 3720 3338 3759 me
3393 3703 3588 3775 ipsum

1944 3797 2146 3867 utique
2204 3794 2491 3867 sacrilega
2544 3795 2787 3851 audacia
2841 3795 3003 3859 suis,
3064 3795 3256 3859 credo,
3319 3792 3592 3847 manibus

1944 3888 2234 3951 necatum,
2296 3888 2395 3937 aut
2449 3884 2656 3954 quovis
2715 3900 2892 3953 quam
2952 3882 3327 3938 acerbissimo
3387 3880 3593 3935 mortis

1943 3988 2149 4043 genere
2210 3971 2429 4042 perisse
2484 3970 2740 4040 vellent;
2803 3972 2894 4025 cui
2954 3971 3141 4025 filium
3201 3968 3594 4037 sustulerunt,

1942 4063 2183 4115 fratrem
2234 4061 2301 4093 ³⁸⁸
2354 4076 2557 4131 regno,
2610 4059 2829 4124 liberis,
2862 4059 3107 4130 ipsaque
3136 4057 3291 4112 dulci
3324 4058 3591 4126 conjuge,

1940 4149 2059 4203 vita
2088 4149 2339 4220 denique
2359 4148 2487 4219 ipsa
2516 4148 2741 4219 privare
2762 4147 3236 4203 contendunt.Tu
3260 4145 3420 4201 solus
3444 4144 3588 4199 mihi

1940 4238 2177 4293 demum
2211 4254 2272 4292 es
2307 4237 2583 4304 solidum,
2637 4236 2819 4290 ﬁdum
2874 4237 3230 4307 firmumque
3289 4234 3588 4296 solatium,

1941 4328 2038 4398 qui
2089 4331 2319 4381 tantum
2378 4326 2449 4380 ab
2500 4327 2737 4380 ineunte
2771 4328 2933 4379 aetate
2965 4325 3023 4378 in
3056 4324 3224 4378 bonis
3254 4322 3481 4377 actibus
3528 4322 3595 4360 ³⁸⁷

1939 4415 2254 4487 profecisti,
2288 4419 2352 4468 ut
2387 4414 2730 4469 benefacere
2762 4429 3111 4484 summaque
3133 4411 3433 4482 diligentia
3464 4425 3589 4463 om-

1938 4504 2036 4559 nia
2066 4504 2518 4575 circumspicere
2554 4503 2656 4557 tibi
2684 4504 2810 4572 jam
2844 4519 2911 4558 ex
2940 4500 3361 4556 consuetudine
3393 4499 3452 4552 in
3484 4515 3587 4552 na-

1936 4597 2129 4647 turam
2159 4592 2383 4646 venerit
2413 4593 2501 4647 368.
2534 4592 2614 4646 Te
2646 4590 2816 4663 plane
2875 4590 3097 4661 sospite
3153 4590 3201 4643 si
3243 4588 3505 4658 jucunde
3537 4593 3591 4641 et

179 4677 325 4743 visa,
361 4682 694 4732 commotus
743 4678 1081 4749 imperator,
1138 4683 1194 4732 et
1224 4677 1412 4750 magis
1442 4677 1676 4734 illorum
1730 4680 1841 4733 mi-
1872 4687 1919 4752 D
1953 4698 2020 4736 ex
2070 4684 2292 4751 integro
2342 4681 2555 4734 fruitus
2614 4680 2797 4747 fuero,
2849 4684 2912 4734 ut
2958 4694 3123 4732 mens
3173 4692 3303 4731 mea
3360 4690 3591 4743 semper

182 4764 341 4819 seriae
395 4781 574 4837 quam
635 4783 740 4821 suo
774 4767 987 4821 damno
1038 4766 1262 4837 dolens,
1318 4766 1683 4822 obsidionem
1718 4768 1835 4823 Ma-

180 4854 412 4925 gontize,
475 4859 711 4925 accepto
776 4857 1013 4911 tandem
1073 4856 1227 4926 quod
1289 4856 1599 4927 petebatur
1642 4862 1831 4928 pacto,

184 4942 449 5011 dimisit;
481 4959 511 4998 e
564 4944 632 4979 ³⁸⁸
686 4945 893 5001 castris
950 4943 1234 5000 orientem
1294 4962 1498 5000 versus
1554 4962 1685 5001 cum
1718 4945 1831 5013 his,

1945 4770 2191 4841 ﬂagitat,
2248 4767 2601 4824 desiderium
2663 4767 2944 4836 postulat,
3003 4767 3238 4820 animus
3268 4763 3589 4834 implorat:

1948 4864 2070 4913 tum
2102 4857 2381 4928 dignitas,
2412 4861 2538 4911 tum
2571 4856 2777 4927 gloria,
2812 4861 2938 4911 tum
2973 4853 3151 4908 decus
3204 4852 3405 4909 aderit.
3438 4856 3590 4904 Prae-

1946 4948 2079 5003 sidii
2112 4948 2256 5003 satis
2289 4946 2638 5015 abundeque
2681 4946 2852 5001 nobis
2883 4946 2973 4999 est
3000 4959 3015 5009 ;
3056 4959 3132 4998 ne
3158 4943 3327 4999 nobis
3355 4956 3463 4995 nos
3493 4938 3596 4991 de-

1456 5062 1469 5079 ’
1512 5106 1750 5163 VARIE
1782 5108 2199 5166 LECTIONES.

186 5295 201 5300 -
246 5223 312 5259 “7
340 5222 601 5300 armis}.
636 5221 686 5275 2.
718 5294 726 5300 Δ
767 5219 831 5300 ⁸⁸⁸⁸
863 5222 1166 5300 acceptum
1200 5221 1337 5300 4.}.
1371 5222 1424 5275 3.

1501 5222 1569 5258 3‘9
1598 5224 1729 5279 tabe
1873 5224 2048 5299 _35°_p.
2084 5220 2259 5300 etiam
2318 5225 2384 5300 i._
2416 5226 2470 5278 2.

3255 5212 3322 5249 ππ
3355 5226 3404 5264 a.
3435 5206 3618 5259 inter-

3314 5288 3353 5300 ιν
3392 5280 3403 5300 l
3472 5275 3619 5300 una“;

2642 5218 2723 5300 ,Ὗ
2750 5224 2839 5300 ,αι
2886 5215 3183 5300 aeque}
