  <div class='ocr_page' id='page_1' title='image "/cluster/home/n/w/nwhite01/storage/ocr_20150623/134/hvd.32044015471741/475.png"; bbox 0 0 4008 5388; ppageno 0'>
   <div class='ocr_carea' id='block_1_1' title="bbox 448 434 585 496">
    <p class='ocr_par' dir='ltr' id='par_1_1' title="bbox 448 434 585 496">
     <span class='ocr_line' id='line_1_1' title="bbox 448 434 585 496; baseline 0.015 -2"><span class='ocrx_word' id='word_1_1' title='bbox 448 434 585 496; x_wconf 73' lang='lat'><strong>955&#39;</strong></span> 
     </span>
    </p>
   </div>
   <div class='ocr_carea' id='block_1_2' title="bbox 1406 437 2878 501">
    <p class='ocr_par' dir='ltr' id='par_1_2' title="bbox 1406 437 2878 501">
     <span class='ocr_line' id='line_1_2' title="bbox 1406 437 2878 501; baseline 0 -1"><span class='ocrx_word' id='word_1_2' title='bbox 1406 439 1469 500; x_wconf 91' lang='lat' dir='ltr'>S.</span> <span class='ocrx_word' id='word_1_3' title='bbox 1516 437 1913 501; x_wconf 81' lang='lat' dir='ltr'>BRUNONIS</span> <span class='ocrx_word' id='word_1_4' title='bbox 1961 438 2467 501; x_wconf 82' lang='lat' dir='ltr'>COLONIENSIS</span> <span class='ocrx_word' id='word_1_5' title='bbox 2516 437 2878 501; x_wconf 81' lang='lat' dir='ltr'>ARCHIEP.</span> 
     </span>
    </p>
   </div>
   <div class='ocr_carea' id='block_1_3' title="bbox 3702 441 3798 504">
    <p class='ocr_par' dir='ltr' id='par_1_3' title="bbox 3702 441 3798 504">
     <span class='ocr_line' id='line_1_3' title="bbox 3702 441 3798 504; baseline -0.01 0"><span class='ocrx_word' id='word_1_6' title='bbox 3702 441 3798 504; x_wconf 76' lang='lat'>956</span> 
     </span>
    </p>
   </div>
   <div class='ocr_carea' id='block_1_4' title="bbox 449 569 3794 644">
    <p class='ocr_par' dir='ltr' id='par_1_4' title="bbox 449 569 3794 644">
     <span class='ocr_line' id='line_1_4' title="bbox 449 569 3794 644; baseline 0.001 -19"><span class='ocrx_word' id='word_1_7' title='bbox 449 570 669 625; x_wconf 89' lang='lat' dir='ltr'>simusl</span> <span class='ocrx_word' id='word_1_8' title='bbox 708 569 823 625; x_wconf 83' lang='lat' dir='ltr'>Hoc</span> <span class='ocrx_word' id='word_1_9' title='bbox 854 588 986 626; x_wconf 87' lang='lat' dir='ltr'>vero</span> <span class='ocrx_word' id='word_1_10' title='bbox 1045 587 1415 643; x_wconf 82' lang='lat' dir='ltr'>summopere</span> <span class='ocrx_word' id='word_1_11' title='bbox 1472 574 1794 628; x_wconf 88' lang='lat' dir='ltr'>curandum</span> <span class='ocrx_word' id='word_1_12' title='bbox 1840 577 1946 628; x_wconf 91' lang='lat' dir='ltr'>est.</span> <span class='ocrx_word' id='word_1_13' title='bbox 2000 573 2084 627; x_wconf 91' lang='lat' dir='ltr'>Tu</span> <span class='ocrx_word' id='word_1_14' title='bbox 2116 574 2169 638; x_wconf 83' lang='grc' dir='ltr'><strong>Α</strong></span> <span class='ocrx_word' id='word_1_15' title='bbox 2202 572 2414 628; x_wconf 89' lang='lat' dir='ltr'>habere</span> <span class='ocrx_word' id='word_1_16' title='bbox 2445 589 2668 644; x_wconf 83' lang='lat' dir='ltr'>pacem.</span> <span class='ocrx_word' id='word_1_17' title='bbox 2706 595 2732 622; x_wconf 89' lang='grc'><strong>››</strong></span> <span class='ocrx_word' id='word_1_18' title='bbox 2769 572 2985 630; x_wconf 83' lang='lat' dir='ltr'>Deinde</span> <span class='ocrx_word' id='word_1_19' title='bbox 3017 575 3327 644; x_wconf 82' lang='lat' dir='ltr'>postquam</span> <span class='ocrx_word' id='word_1_20' title='bbox 3359 575 3601 628; x_wconf 87' lang='lat' dir='ltr'>ruerunt</span> <span class='ocrx_word' id='word_1_21' title='bbox 3625 572 3680 627; x_wconf 89' lang='lat' dir='ltr'>in</span> <span class='ocrx_word' id='word_1_22' title='bbox 3725 591 3794 630; x_wconf 80' lang='lat' dir='ltr'>os-</span> 
     </span>
    </p>
   </div>
   <div class='ocr_carea' id='block_1_5' title="bbox 450 660 2090 733">
    <p class='ocr_par' dir='ltr' id='par_1_5' title="bbox 450 660 2090 733">
     <span class='ocr_line' id='line_1_5' title="bbox 450 660 2090 733; baseline 0.001 -18"><span class='ocrx_word' id='word_1_23' title='bbox 450 660 612 721; x_wconf 82' lang='lat' dir='ltr'>mihi,</span> <span class='ocrx_word' id='word_1_24' title='bbox 644 665 706 714; x_wconf 89' lang='lat' dir='ltr'>tu</span> <span class='ocrx_word' id='word_1_25' title='bbox 741 660 977 732; x_wconf 90' lang='lat' dir='ltr'>inquam</span> <span class='ocrx_word' id='word_1_26' title='bbox 1042 662 1225 727; x_wconf 90' lang='lat' dir='ltr'>testis,</span> <span class='ocrx_word' id='word_1_27' title='bbox 1286 667 1505 733; x_wconf 89' lang='lat' dir='ltr'>quanta</span> <span class='ocrx_word' id='word_1_28' title='bbox 1561 680 1701 717; x_wconf 89' lang='lat' dir='ltr'>cura</span> <span class='ocrx_word' id='word_1_29' title='bbox 1760 667 2090 733; x_wconf 87' lang='lat' dir='ltr'>quantaque</span> 
     </span>
    </p>
   </div>
   <div class='ocr_carea' id='block_1_6' title="bbox 446 749 2087 823">
    <p class='ocr_par' dir='ltr' id='par_1_6' title="bbox 446 749 2087 823">
     <span class='ocr_line' id='line_1_6' title="bbox 446 749 2087 823; baseline 0.001 -19"><span class='ocrx_word' id='word_1_30' title='bbox 446 749 850 806; x_wconf 85' lang='lat' dir='ltr'>benevolentia</span> <span class='ocrx_word' id='word_1_31' title='bbox 910 752 1182 816; x_wconf 86' lang='lat' dir='ltr'>foverem,</span> <span class='ocrx_word' id='word_1_32' title='bbox 1240 756 1451 819; x_wconf 88' lang='lat' dir='ltr'>tuerer,</span> <span class='ocrx_word' id='word_1_33' title='bbox 1524 752 1903 823; x_wconf 78' lang='lat' dir='ltr'>amplecterer</span> <span class='ocrx_word' id='word_1_34' title='bbox 1961 752 2087 820; x_wconf 89' lang='lat' dir='ltr'>hos,</span> 
     </span>
    </p>
   </div>
   <div class='ocr_carea' id='block_1_7' title="bbox 448 840 2087 911">
    <p class='ocr_par' dir='ltr' id='par_1_7' title="bbox 448 840 2087 911">
     <span class='ocr_line' id='line_1_7' title="bbox 448 840 2087 911; baseline 0.002 -20"><span class='ocrx_word' id='word_1_35' title='bbox 448 854 595 909; x_wconf 89' lang='lat' dir='ltr'>quos</span> <span class='ocrx_word' id='word_1_36' title='bbox 652 840 823 893; x_wconf 91' lang='lat' dir='ltr'>modo</span> <span class='ocrx_word' id='word_1_37' title='bbox 876 844 994 893; x_wconf 87' lang='lat' dir='ltr'>tam</span> <span class='ocrx_word' id='word_1_38' title='bbox 1031 840 1295 895; x_wconf 85' lang='lat' dir='ltr'>crudeles</span> <span class='ocrx_word' id='word_1_39' title='bbox 1352 840 1559 911; x_wconf 83' lang='lat' dir='ltr'>patior,</span> <span class='ocrx_word' id='word_1_40' title='bbox 1622 842 1834 911; x_wconf 83' lang='lat' dir='ltr'>quibus</span> <span class='ocrx_word' id='word_1_41' title='bbox 1896 846 2087 895; x_wconf 82' lang='lat' dir='ltr'>tamen</span> 
     </span>
    </p>
   </div>
   <div class='ocr_carea' id='block_1_8' title="bbox 449 929 2087 999">
    <p class='ocr_par' dir='ltr' id='par_1_8' title="bbox 449 929 2087 999">
     <span class='ocr_line' id='line_1_8' title="bbox 449 929 2087 999; baseline 0.001 -17"><span class='ocrx_word' id='word_1_42' title='bbox 449 929 639 982; x_wconf 87' lang='lat' dir='ltr'>adhuc</span> <span class='ocrx_word' id='word_1_43' title='bbox 696 946 868 999; x_wconf 89' lang='lat' dir='ltr'>quam</span> <span class='ocrx_word' id='word_1_44' title='bbox 927 929 1316 984; x_wconf 77' lang='lat' dir='ltr'>libentissime</span> <span class='ocrx_word' id='word_1_45' title='bbox 1376 931 1593 984; x_wconf 86' lang='lat' dir='ltr'>mederi</span> <span class='ocrx_word' id='word_1_46' title='bbox 1624 930 1847 995; x_wconf 88' lang='lat' dir='ltr'>vellem,</span> <span class='ocrx_word' id='word_1_47' title='bbox 1897 929 1945 983; x_wconf 90' lang='lat' dir='ltr'>si</span> <span class='ocrx_word' id='word_1_48' title='bbox 1977 930 2087 985; x_wconf 87' lang='lat' dir='ltr'>sibi</span> 
     </span>
    </p>
   </div>
   <div class='ocr_carea' id='block_1_9' title="bbox 446 1017 2088 1089">
    <p class='ocr_par' dir='ltr' id='par_1_9' title="bbox 446 1017 2088 1089">
     <span class='ocr_line' id='line_1_9' title="bbox 446 1017 2088 1089; baseline 0.002 -19"><span class='ocrx_word' id='word_1_49' title='bbox 446 1017 557 1089; x_wconf 88' lang='lat' dir='ltr'>ipsi</span> <span class='ocrx_word' id='word_1_50' title='bbox 594 1034 827 1087; x_wconf 82' lang='lat' dir='ltr'>parcere</span> <span class='ocrx_word' id='word_1_51' title='bbox 858 1018 1087 1073; x_wconf 80' lang='lat' dir='ltr'>vellent.</span> <span class='ocrx_word' id='word_1_52' title='bbox 1124 1020 1206 1073; x_wconf 89' lang='lat' dir='ltr'>Ah</span> <span class='ocrx_word' id='word_1_53' title='bbox 1235 1020 1246 1072; x_wconf 91' lang='lat' dir='ltr'>l</span> <span class='ocrx_word' id='word_1_54' title='bbox 1300 1025 1521 1089; x_wconf 89' lang='lat' dir='ltr'>quanta</span> <span class='ocrx_word' id='word_1_55' title='bbox 1551 1020 1617 1053; x_wconf 79' lang='grc'>⁸⁶⁹</span> <span class='ocrx_word' id='word_1_56' title='bbox 1648 1018 2088 1089; x_wconf 83' lang='lat' dir='ltr'>importunitate</span> 
     </span>
    </p>
   </div>
   <div class='ocr_carea' id='block_1_10' title="bbox 446 1106 2084 1178">
    <p class='ocr_par' dir='ltr' id='par_1_10' title="bbox 446 1106 2084 1178">
     <span class='ocr_line' id='line_1_10' title="bbox 446 1106 2084 1178; baseline 0.002 -19"><span class='ocrx_word' id='word_1_57' title='bbox 446 1106 769 1177; x_wconf 70' lang='lat' dir='ltr'>prmeipites</span> <span class='ocrx_word' id='word_1_58' title='bbox 802 1109 987 1178; x_wconf 88' lang='lat' dir='ltr'>perire</span> <span class='ocrx_word' id='word_1_59' title='bbox 1020 1108 1633 1175; x_wconf 80' lang='lat' dir='ltr'>festinant.secumque</span> <span class='ocrx_word' id='word_1_60' title='bbox 1656 1107 1871 1177; x_wconf 87' lang='lat' dir='ltr'>prolem</span> <span class='ocrx_word' id='word_1_61' title='bbox 1896 1124 2084 1162; x_wconf 79' lang='lat' dir='ltr'>meum</span> 
     </span>
    </p>
   </div>
   <div class='ocr_carea' id='block_1_11' title="bbox 446 1194 2080 1251">
    <p class='ocr_par' dir='ltr' id='par_1_11' title="bbox 446 1194 2080 1251">
     <span class='ocr_line' id='line_1_11' title="bbox 446 1194 2080 1251; baseline 0.001 -3"><span class='ocrx_word' id='word_1_62' title='bbox 446 1194 784 1250; x_wconf 86' lang='lat' dir='ltr'>innocenter</span> <span class='ocrx_word' id='word_1_63' title='bbox 833 1197 1135 1251; x_wconf 79' lang='lat' dir='ltr'>educatam</span> <span class='ocrx_word' id='word_1_64' title='bbox 1189 1198 1245 1250; x_wconf 91' lang='lat' dir='ltr'>in</span> <span class='ocrx_word' id='word_1_65' title='bbox 1295 1197 1491 1250; x_wconf 83' lang='lat' dir='ltr'>omnia</span> <span class='ocrx_word' id='word_1_66' title='bbox 1544 1196 1761 1250; x_wconf 89' lang='lat' dir='ltr'>scelera</span> <span class='ocrx_word' id='word_1_67' title='bbox 1806 1197 2080 1251; x_wconf 81' lang='lat' dir='ltr'>versant!</span> 
     </span>
    </p>
   </div>
   <div class='ocr_carea' id='block_1_12' title="bbox 442 1284 2086 1355">
    <p class='ocr_par' dir='ltr' id='par_1_12' title="bbox 442 1284 2086 1355">
     <span class='ocr_line' id='line_1_12' title="bbox 442 1284 2086 1355; baseline 0.002 -19"><span class='ocrx_word' id='word_1_68' title='bbox 442 1284 525 1337; x_wconf 86' lang='lat' dir='ltr'>Ita</span> <span class='ocrx_word' id='word_1_69' title='bbox 585 1284 646 1338; x_wconf 94' lang='lat' dir='ltr'>in</span> <span class='ocrx_word' id='word_1_70' title='bbox 705 1284 1088 1355; x_wconf 81' lang='lat' dir='ltr'>potestatibus</span> <span class='ocrx_word' id='word_1_71' title='bbox 1120 1290 1441 1355; x_wconf 88' lang='lat' dir='ltr'>temperare</span> <span class='ocrx_word' id='word_1_72' title='bbox 1502 1284 1620 1339; x_wconf 91' lang='lat' dir='ltr'>illis</span> <span class='ocrx_word' id='word_1_73' title='bbox 1679 1286 1820 1339; x_wconf 84' lang='lat' dir='ltr'>adeo</span> <span class='ocrx_word' id='word_1_74' title='bbox 1852 1285 2086 1339; x_wconf 77' lang='lat' dir='ltr'>difficile</span> 
     </span>
    </p>
   </div>
   <div class='ocr_carea' id='block_1_13' title="bbox 439 1372 2083 1444">
    <p class='ocr_par' dir='ltr' id='par_1_13' title="bbox 439 1372 2083 1444">
     <span class='ocr_line' id='line_1_13' title="bbox 439 1372 2083 1444; baseline 0.001 -19"><span class='ocrx_word' id='word_1_75' title='bbox 439 1376 546 1434; x_wconf 87' lang='lat' dir='ltr'>est,</span> <span class='ocrx_word' id='word_1_76' title='bbox 580 1373 675 1442; x_wconf 91' lang='lat' dir='ltr'>qui</span> <span class='ocrx_word' id='word_1_77' title='bbox 740 1390 841 1443; x_wconf 90' lang='lat' dir='ltr'>per</span> <span class='ocrx_word' id='word_1_78' title='bbox 888 1372 1262 1428; x_wconf 87' lang='lat' dir='ltr'>ambitionem</span> <span class='ocrx_word' id='word_1_79' title='bbox 1325 1375 1537 1444; x_wconf 91' lang='lat' dir='ltr'>probos</span> <span class='ocrx_word' id='word_1_80' title='bbox 1568 1391 1627 1428; x_wconf 88' lang='lat' dir='ltr'>se</span> <span class='ocrx_word' id='word_1_81' title='bbox 1660 1392 1771 1428; x_wconf 89' lang='lat' dir='ltr'>non</span> <span class='ocrx_word' id='word_1_82' title='bbox 1803 1390 1949 1442; x_wconf 86' lang='lat' dir='ltr'>esse,</span> <span class='ocrx_word' id='word_1_83' title='bbox 1983 1374 2083 1429; x_wconf 86' lang='lat' dir='ltr'>sed</span> 
     </span>
    </p>
   </div>
   <div class='ocr_carea' id='block_1_14' title="bbox 440 1461 2083 1533">
    <p class='ocr_par' dir='ltr' id='par_1_14' title="bbox 440 1461 2083 1533">
     <span class='ocr_line' id='line_1_14' title="bbox 440 1461 2083 1533; baseline 0.001 -20"><span class='ocrx_word' id='word_1_84' title='bbox 440 1461 640 1527; x_wconf 85' lang='lat' dir='ltr'>videri,</span> <span class='ocrx_word' id='word_1_85' title='bbox 704 1466 1041 1531; x_wconf 72' lang='lat' dir='ltr'>praeoptent.</span> <span class='ocrx_word' id='word_1_86' title='bbox 1094 1464 1275 1531; x_wconf 88' lang='lat' dir='ltr'>Nosti,</span> <span class='ocrx_word' id='word_1_87' title='bbox 1310 1462 1706 1529; x_wconf 88' lang='lat' dir='ltr'>dilectissime,</span> <span class='ocrx_word' id='word_1_88' title='bbox 1744 1464 1893 1533; x_wconf 91' lang='lat' dir='ltr'>quod</span> <span class='ocrx_word' id='word_1_89' title='bbox 1951 1462 2083 1533; x_wconf 91' lang='lat' dir='ltr'>qui-</span> 
     </span>
    </p>
   </div>
   <div class='ocr_carea' id='block_1_15' title="bbox 442 1549 2081 1623">
    <p class='ocr_par' dir='ltr' id='par_1_15' title="bbox 442 1549 2081 1623">
     <span class='ocr_line' id='line_1_15' title="bbox 442 1549 2081 1623; baseline 0.001 -20"><span class='ocrx_word' id='word_1_90' title='bbox 442 1549 575 1603; x_wconf 89' lang='lat' dir='ltr'>dem</span> <span class='ocrx_word' id='word_1_91' title='bbox 607 1566 738 1603; x_wconf 89' lang='lat' dir='ltr'>cum</span> <span class='ocrx_word' id='word_1_92' title='bbox 797 1550 992 1605; x_wconf 91' lang='lat' dir='ltr'>dolore</span> <span class='ocrx_word' id='word_1_93' title='bbox 1024 1552 1232 1617; x_wconf 88' lang='lat' dir='ltr'>recolo,</span> <span class='ocrx_word' id='word_1_94' title='bbox 1290 1569 1387 1605; x_wconf 90' lang='lat' dir='ltr'>cos</span> <span class='ocrx_word' id='word_1_95' title='bbox 1430 1552 1573 1605; x_wconf 87' lang='lat' dir='ltr'>mihi</span> <span class='ocrx_word' id='word_1_96' title='bbox 1606 1552 1935 1623; x_wconf 88' lang='lat' dir='ltr'>frequenter</span> <span class='ocrx_word' id='word_1_97' title='bbox 1975 1553 2081 1605; x_wconf 90' lang='lat' dir='ltr'>du-</span> 
     </span>
    </p>
   </div>
   <div class='ocr_carea' id='block_1_16' title="bbox 446 1638 2081 1712">
    <p class='ocr_par' dir='ltr' id='par_1_16' title="bbox 446 1638 2081 1712">
     <span class='ocr_line' id='line_1_16' title="bbox 446 1638 2081 1712; baseline 0.002 -21"><span class='ocrx_word' id='word_1_98' title='bbox 446 1638 623 1692; x_wconf 90' lang='lat' dir='ltr'>riores</span> <span class='ocrx_word' id='word_1_99' title='bbox 645 1643 699 1691; x_wconf 91' lang='lat' dir='ltr'>et</span> <span class='ocrx_word' id='word_1_100' title='bbox 733 1638 920 1709; x_wconf 89' lang='lat' dir='ltr'>magis</span> <span class='ocrx_word' id='word_1_101' title='bbox 952 1640 1019 1674; x_wconf 75' lang='grc'><strong>³⁷⁰</strong></span> <span class='ocrx_word' id='word_1_102' title='bbox 1042 1640 1252 1694; x_wconf 84' lang='lat' dir='ltr'>infidos</span> <span class='ocrx_word' id='word_1_103' title='bbox 1285 1641 1486 1706; x_wconf 89' lang='lat' dir='ltr'>fuisse,</span> <span class='ocrx_word' id='word_1_104' title='bbox 1512 1658 1659 1712; x_wconf 89' lang='lat' dir='ltr'>quos</span> <span class='ocrx_word' id='word_1_105' title='bbox 1693 1640 1944 1711; x_wconf 87' lang='lat' dir='ltr'>amplius</span> <span class='ocrx_word' id='word_1_106' title='bbox 1974 1642 2081 1695; x_wconf 89' lang='lat' dir='ltr'>fovi</span> 
     </span>
    </p>
   </div>
   <div class='ocr_carea' id='block_1_17' title="bbox 443 1727 2080 1796">
    <p class='ocr_par' dir='ltr' id='par_1_17' title="bbox 443 1727 2080 1796">
     <span class='ocr_line' id='line_1_17' title="bbox 443 1727 2080 1796; baseline 0.001 -15"><span class='ocrx_word' id='word_1_107' title='bbox 443 1743 589 1796; x_wconf 90' lang='lat' dir='ltr'>quos</span> <span class='ocrx_word' id='word_1_108' title='bbox 648 1727 704 1780; x_wconf 92' lang='lat' dir='ltr'>in</span> <span class='ocrx_word' id='word_1_109' title='bbox 764 1728 965 1783; x_wconf 87' lang='lat' dir='ltr'>multis</span> <span class='ocrx_word' id='word_1_110' title='bbox 1024 1730 1554 1785; x_wconf 86' lang='lat' dir='ltr'>necessitudinibus</span> <span class='ocrx_word' id='word_1_111' title='bbox 1606 1730 2080 1784; x_wconf 89' lang='lat' dir='ltr'>fcederatissimos</span> 
     </span>
    </p>
   </div>
   <div class='ocr_carea' id='block_1_18' title="bbox 438 1814 2078 1888">
    <p class='ocr_par' dir='ltr' id='par_1_18' title="bbox 438 1814 2078 1888">
     <span class='ocr_line' id='line_1_18' title="bbox 438 1814 2078 1888; baseline 0.001 -19"><span class='ocrx_word' id='word_1_112' title='bbox 438 1814 647 1883; x_wconf 85' lang='lat' dir='ltr'>amavi,</span> <span class='ocrx_word' id='word_1_113' title='bbox 680 1832 827 1885; x_wconf 88' lang='lat' dir='ltr'>quos</span> <span class='ocrx_word' id='word_1_114' title='bbox 858 1817 1108 1888; x_wconf 88' lang='lat' dir='ltr'>denique</span> <span class='ocrx_word' id='word_1_115' title='bbox 1168 1818 1310 1871; x_wconf 89' lang='lat' dir='ltr'>mihi</span> <span class='ocrx_word' id='word_1_116' title='bbox 1382 1819 1895 1888; x_wconf 76' lang='lat' dir='ltr'>coniunctissimos</span> <span class='ocrx_word' id='word_1_117' title='bbox 1927 1819 2078 1873; x_wconf 71' lang='lat' dir='ltr'>aesti-</span> 
     </span>
    </p>
   </div>
   <div class='ocr_carea' id='block_1_19' title="bbox 438 1903 2079 1978">
    <p class='ocr_par' dir='ltr' id='par_1_19' title="bbox 438 1903 2079 1978">
     <span class='ocr_line' id='line_1_19' title="bbox 438 1903 2079 1978; baseline 0.002 -21"><span class='ocrx_word' id='word_1_118' title='bbox 438 1903 587 1957; x_wconf 89' lang='lat' dir='ltr'>mavi</span> <span class='ocrx_word' id='word_1_119' title='bbox 621 1905 709 1959; x_wconf 73' lang='lat'>3“.</span> <span class='ocrx_word' id='word_1_120' title='bbox 744 1905 926 1960; x_wconf 85' lang='lat' dir='ltr'>Grave</span> <span class='ocrx_word' id='word_1_121' title='bbox 966 1905 1075 1960; x_wconf 90' lang='lat' dir='ltr'>hoc</span> <span class='ocrx_word' id='word_1_122' title='bbox 1107 1922 1385 1978; x_wconf 89' lang='lat' dir='ltr'>perpessu</span> <span class='ocrx_word' id='word_1_123' title='bbox 1436 1909 1505 1942; x_wconf 69' lang='lat'>3&quot;</span> <span class='ocrx_word' id='word_1_124' title='bbox 1566 1908 1695 1969; x_wconf 91' lang='lat' dir='ltr'>fuit,</span> <span class='ocrx_word' id='word_1_125' title='bbox 1728 1906 1941 1977; x_wconf 84' lang='lat' dir='ltr'>duplex</span> <span class='ocrx_word' id='word_1_126' title='bbox 1972 1907 2079 1961; x_wconf 86' lang='lat' dir='ltr'>mi-</span> 
     </span>
    </p>
   </div>
   <div class='ocr_carea' id='block_1_20' title="bbox 435 1991 2083 2067">
    <p class='ocr_par' dir='ltr' id='par_1_20' title="bbox 435 1991 2083 2067">
     <span class='ocr_line' id='line_1_20' title="bbox 435 1991 2083 2067; baseline 0.004 -22"><span class='ocrx_word' id='word_1_127' title='bbox 435 1991 605 2047; x_wconf 90' lang='lat' dir='ltr'>seria.</span> <span class='ocrx_word' id='word_1_128' title='bbox 664 1994 823 2056; x_wconf 86' lang='lat' dir='ltr'>Quod</span> <span class='ocrx_word' id='word_1_129' title='bbox 893 1999 1089 2049; x_wconf 88' lang='lat' dir='ltr'>autem</span> <span class='ocrx_word' id='word_1_130' title='bbox 1161 2012 1252 2050; x_wconf 90' lang='lat' dir='ltr'>me</span> <span class='ocrx_word' id='word_1_131' title='bbox 1316 2002 1504 2067; x_wconf 83' lang='lat' dir='ltr'>urget,</span> <span class='ocrx_word' id='word_1_132' title='bbox 1570 1996 1723 2051; x_wconf 87' lang='lat' dir='ltr'>mala</span> <span class='ocrx_word' id='word_1_133' title='bbox 1783 1995 2083 2067; x_wconf 81' lang='lat' dir='ltr'>superiora</span> 
     </span>
    </p>
   </div>
   <div class='ocr_carea' id='block_1_21' title="bbox 434 2082 2075 2156">
    <p class='ocr_par' dir='ltr' id='par_1_21' title="bbox 434 2082 2075 2156">
     <span class='ocr_line' id='line_1_21' title="bbox 434 2082 2075 2156; baseline 0.002 -22"><span class='ocrx_word' id='word_1_134' title='bbox 434 2082 995 2153; x_wconf 73' lang='lat' dir='ltr'>praeponderat,cum</span> <span class='ocrx_word' id='word_1_135' title='bbox 1028 2084 1123 2138; x_wconf 89' lang='lat' dir='ltr'>ille</span> <span class='ocrx_word' id='word_1_136' title='bbox 1155 2101 1328 2155; x_wconf 90' lang='lat' dir='ltr'>quem</span> <span class='ocrx_word' id='word_1_137' title='bbox 1361 2084 1533 2155; x_wconf 83' lang='lat' dir='ltr'>genui</span> <span class='ocrx_word' id='word_1_138' title='bbox 1568 2090 1886 2156; x_wconf 73' lang='lat' dir='ltr'>praereptus</span> <span class='ocrx_word' id='word_1_139' title='bbox 1910 2085 2075 2154; x_wconf 90' lang='lat' dir='ltr'>mihi,</span> 
     </span>
    </p>
   </div>
   <div class='ocr_carea' id='block_1_22' title="bbox 436 2172 2077 2245">
    <p class='ocr_par' dir='ltr' id='par_1_22' title="bbox 436 2172 2077 2245">
     <span class='ocr_line' id='line_1_22' title="bbox 436 2172 2077 2245; baseline 0.003 -23"><span class='ocrx_word' id='word_1_140' title='bbox 436 2173 688 2239; x_wconf 67' lang='lat' dir='ltr'>paterna:</span> <span class='ocrx_word' id='word_1_141' title='bbox 747 2172 942 2241; x_wconf 87' lang='lat' dir='ltr'>pietati</span> <span class='ocrx_word' id='word_1_142' title='bbox 1003 2173 1205 2228; x_wconf 90' lang='lat' dir='ltr'>didicit</span> <span class='ocrx_word' id='word_1_143' title='bbox 1256 2174 1542 2229; x_wconf 88' lang='lat' dir='ltr'>insidiari.</span> <span class='ocrx_word' id='word_1_144' title='bbox 1604 2174 1833 2229; x_wconf 88' lang='lat' dir='ltr'>Enitere</span> <span class='ocrx_word' id='word_1_145' title='bbox 1880 2174 2077 2245; x_wconf 84' lang='lat' dir='ltr'>igitur,</span> 
     </span>
    </p>
   </div>
   <div class='ocr_carea' id='block_1_23' title="bbox 438 2260 2078 2335">
    <p class='ocr_par' dir='ltr' id='par_1_23' title="bbox 438 2260 2078 2335">
     <span class='ocr_line' id='line_1_23' title="bbox 438 2260 2078 2335; baseline 0.002 -23"><span class='ocrx_word' id='word_1_146' title='bbox 438 2260 525 2313; x_wconf 90' lang='lat' dir='ltr'>vir</span> <span class='ocrx_word' id='word_1_147' title='bbox 554 2260 668 2315; x_wconf 94' lang='lat' dir='ltr'>Deo</span> <span class='ocrx_word' id='word_1_148' title='bbox 700 2261 914 2329; x_wconf 88' lang='lat' dir='ltr'>dedite,</span> <span class='ocrx_word' id='word_1_149' title='bbox 948 2280 1061 2317; x_wconf 91' lang='lat' dir='ltr'>non</span> <span class='ocrx_word' id='word_1_150' title='bbox 1111 2281 1225 2335; x_wconf 92' lang='lat' dir='ltr'>quo</span> <span class='ocrx_word' id='word_1_151' title='bbox 1261 2265 1430 2319; x_wconf 90' lang='lat' dir='ltr'>modo</span> <span class='ocrx_word' id='word_1_152' title='bbox 1464 2264 1737 2333; x_wconf 91' lang='lat' dir='ltr'>primum,</span> <span class='ocrx_word' id='word_1_153' title='bbox 1772 2264 1868 2318; x_wconf 91' lang='lat' dir='ltr'>sed</span> <span class='ocrx_word' id='word_1_154' title='bbox 1910 2263 2078 2317; x_wconf 91' lang='lat' dir='ltr'>modo</span> 
     </span>
    </p>
   </div>
   <div class='ocr_carea' id='block_1_24' title="bbox 440 2348 2078 2424">
    <p class='ocr_par' dir='ltr' id='par_1_24' title="bbox 440 2348 2078 2424">
     <span class='ocr_line' id='line_1_24' title="bbox 440 2348 2078 2424; baseline 0.002 -22"><span class='ocrx_word' id='word_1_155' title='bbox 440 2348 833 2421; x_wconf 87' lang='lat' dir='ltr'>potissimum,</span> <span class='ocrx_word' id='word_1_156' title='bbox 887 2353 1125 2419; x_wconf 89' lang='lat' dir='ltr'>enitere,</span> <span class='ocrx_word' id='word_1_157' title='bbox 1161 2369 1375 2424; x_wconf 74' lang='lat' dir='ltr'>quasso,</span> <span class='ocrx_word' id='word_1_158' title='bbox 1432 2352 1674 2408; x_wconf 89' lang='lat' dir='ltr'>consilio</span> <span class='ocrx_word' id='word_1_159' title='bbox 1705 2352 1801 2405; x_wconf 93' lang='lat' dir='ltr'>illo</span> <span class='ocrx_word' id='word_1_160' title='bbox 1836 2357 1933 2406; x_wconf 91' lang='lat' dir='ltr'>tuo</span> <span class='ocrx_word' id='word_1_161' title='bbox 1964 2368 2078 2421; x_wconf 92' lang='lat' dir='ltr'>quo</span> 
     </span>
    </p>
   </div>
   <div class='ocr_carea' id='block_1_25' title="bbox 437 2436 2081 2513">
    <p class='ocr_par' dir='ltr' id='par_1_25' title="bbox 437 2436 2081 2513">
     <span class='ocr_line' id='line_1_25' title="bbox 437 2436 2081 2513; baseline 0.001 -21"><span class='ocrx_word' id='word_1_162' title='bbox 437 2436 613 2493; x_wconf 86' lang='lat' dir='ltr'>calles</span> <span class='ocrx_word' id='word_1_163' title='bbox 688 2438 1029 2509; x_wconf 91' lang='lat' dir='ltr'>plurimum,</span> <span class='ocrx_word' id='word_1_164' title='bbox 1086 2446 1151 2494; x_wconf 91' lang='lat' dir='ltr'>ut</span> <span class='ocrx_word' id='word_1_165' title='bbox 1221 2458 1323 2513; x_wconf 92' lang='lat' dir='ltr'>pro</span> <span class='ocrx_word' id='word_1_166' title='bbox 1381 2441 1503 2495; x_wconf 91' lang='lat' dir='ltr'>loco</span> <span class='ocrx_word' id='word_1_167' title='bbox 1562 2446 1618 2495; x_wconf 89' lang='lat' dir='ltr'>et</span> <span class='ocrx_word' id='word_1_168' title='bbox 1664 2446 1923 2510; x_wconf 88' lang='lat' dir='ltr'>tempore</span> <span class='ocrx_word' id='word_1_169' title='bbox 1980 2444 2081 2494; x_wconf 91' lang='lat' dir='ltr'>aut</span> 
     </span>
    </p>
   </div>
   <div class='ocr_carea' id='block_1_26' title="bbox 436 2528 2075 2601">
    <p class='ocr_par' dir='ltr' id='par_1_26' title="bbox 436 2528 2075 2601">
     <span class='ocr_line' id='line_1_26' title="bbox 436 2528 2075 2601; baseline 0.002 -23"><span class='ocrx_word' id='word_1_170' title='bbox 436 2542 602 2579; x_wconf 91' lang='lat' dir='ltr'>arma</span> <span class='ocrx_word' id='word_1_171' title='bbox 647 2528 990 2595; x_wconf 86' lang='lat' dir='ltr'>desuadeas,</span> <span class='ocrx_word' id='word_1_172' title='bbox 1051 2536 1152 2584; x_wconf 89' lang='lat' dir='ltr'>aut</span> <span class='ocrx_word' id='word_1_173' title='bbox 1206 2546 1438 2600; x_wconf 90' lang='lat' dir='ltr'>quoquo</span> <span class='ocrx_word' id='word_1_174' title='bbox 1498 2534 1662 2601; x_wconf 90' lang='lat' dir='ltr'>pacto</span> <span class='ocrx_word' id='word_1_175' title='bbox 1722 2544 2075 2599; x_wconf 88' lang='lat' dir='ltr'>compescas.</span> 
     </span>
    </p>
   </div>
   <div class='ocr_carea' id='block_1_27' title="bbox 436 2614 2077 2689">
    <p class='ocr_par' dir='ltr' id='par_1_27' title="bbox 436 2614 2077 2689">
     <span class='ocr_line' id='line_1_27' title="bbox 436 2614 2077 2689; baseline 0.002 -22"><span class='ocrx_word' id='word_1_176' title='bbox 436 2614 656 2669; x_wconf 84' lang='lat' dir='ltr'>Absens</span> <span class='ocrx_word' id='word_1_177' title='bbox 712 2616 817 2670; x_wconf 89' lang='lat' dir='ltr'>tibi</span> <span class='ocrx_word' id='word_1_178' title='bbox 873 2633 1132 2688; x_wconf 88' lang='lat' dir='ltr'>corpore,</span> <span class='ocrx_word' id='word_1_179' title='bbox 1197 2618 1531 2689; x_wconf 86' lang='lat' dir='ltr'>ubicunque</span> <span class='ocrx_word' id='word_1_180' title='bbox 1604 2635 1721 2687; x_wconf 87' lang='lat' dir='ltr'>ero,</span> <span class='ocrx_word' id='word_1_181' title='bbox 1792 2618 2077 2688; x_wconf 83' lang='lat' dir='ltr'>gaudeam</span> 
     </span>
    </p>
   </div>
   <div class='ocr_carea' id='block_1_28' title="bbox 434 2703 2075 2775">
    <p class='ocr_par' dir='ltr' id='par_1_28' title="bbox 434 2703 2075 2775">
     <span class='ocr_line' id='line_1_28' title="bbox 434 2703 2075 2775; baseline 0.004 -20"><span class='ocrx_word' id='word_1_182' title='bbox 434 2703 561 2768; x_wconf 88' lang='lat' dir='ltr'>tibi,</span> <span class='ocrx_word' id='word_1_183' title='bbox 596 2705 852 2775; x_wconf 86' lang='lat' dir='ltr'>gratuler</span> <span class='ocrx_word' id='word_1_184' title='bbox 881 2706 1257 2775; x_wconf 69' lang='lat' dir='ltr'>providentiae</span> <span class='ocrx_word' id='word_1_185' title='bbox 1314 2713 1369 2761; x_wconf 90' lang='lat' dir='ltr'>et</span> <span class='ocrx_word' id='word_1_186' title='bbox 1412 2707 1789 2763; x_wconf 87' lang='lat' dir='ltr'>moderationi</span> <span class='ocrx_word' id='word_1_187' title='bbox 1825 2712 1952 2761; x_wconf 71' lang='lat' dir='ltr'>tuae.</span> <span class='ocrx_word' id='word_1_188' title='bbox 2016 2707 2075 2761; x_wconf 89' lang='lat' dir='ltr'>Id</span> 
     </span>
    </p>
   </div>
   <div class='ocr_carea' id='block_1_29' title="bbox 438 2791 2073 2865">
    <p class='ocr_par' dir='ltr' id='par_1_29' title="bbox 438 2791 2073 2865">
     <span class='ocr_line' id='line_1_29' title="bbox 438 2791 2073 2865; baseline 0.001 -18"><span class='ocrx_word' id='word_1_189' title='bbox 438 2791 580 2847; x_wconf 89' lang='lat' dir='ltr'>mihi</span> <span class='ocrx_word' id='word_1_190' title='bbox 614 2798 880 2863; x_wconf 88' lang='lat' dir='ltr'>reputare</span> <span class='ocrx_word' id='word_1_191' title='bbox 906 2793 1046 2848; x_wconf 90' lang='lat' dir='ltr'>libet</span> <span class='ocrx_word' id='word_1_192' title='bbox 1094 2796 1246 2865; x_wconf 93' lang='lat' dir='ltr'>quod</span> <span class='ocrx_word' id='word_1_193' title='bbox 1280 2795 1507 2863; x_wconf 85' lang='lat' dir='ltr'>feceris,</span> <span class='ocrx_word' id='word_1_194' title='bbox 1567 2797 1623 2850; x_wconf 91' lang='lat' dir='ltr'>id</span> <span class='ocrx_word' id='word_1_195' title='bbox 1660 2796 1877 2851; x_wconf 90' lang='lat' dir='ltr'>ibidem</span> <span class='ocrx_word' id='word_1_196' title='bbox 1910 2798 1976 2839; x_wconf 72' lang='grc'>³⁷³</span> <span class='ocrx_word' id='word_1_197' title='bbox 2008 2794 2073 2849; x_wconf 90' lang='lat' dir='ltr'>li-</span> 
     </span>
    </p>
   </div>
   <div class='ocr_carea' id='block_1_30' title="bbox 437 2880 2073 2955">
    <p class='ocr_par' dir='ltr' id='par_1_30' title="bbox 437 2880 2073 2955">
     <span class='ocr_line' id='line_1_30' title="bbox 437 2880 2073 2955; baseline 0.002 -20"><span class='ocrx_word' id='word_1_198' title='bbox 437 2880 569 2935; x_wconf 86' lang='lat' dir='ltr'>beat</span> <span class='ocrx_word' id='word_1_199' title='bbox 620 2880 724 2935; x_wconf 90' lang='lat' dir='ltr'>tibi</span> <span class='ocrx_word' id='word_1_200' title='bbox 783 2884 935 2953; x_wconf 92' lang='lat' dir='ltr'>qucd</span> <span class='ocrx_word' id='word_1_201' title='bbox 998 2883 1203 2939; x_wconf 82' lang='lat' dir='ltr'>fecero.</span> <span class='ocrx_word' id='word_1_202' title='bbox 1256 2886 1401 2955; x_wconf 86' lang='lat' dir='ltr'>Opto</span> <span class='ocrx_word' id='word_1_203' title='bbox 1461 2889 1517 2939; x_wconf 89' lang='lat' dir='ltr'>et</span> <span class='ocrx_word' id='word_1_204' title='bbox 1569 2885 1862 2940; x_wconf 89' lang='lat' dir='ltr'>cumulate</span> <span class='ocrx_word' id='word_1_205' title='bbox 1922 2885 2073 2941; x_wconf 86' lang='lat' dir='ltr'>desi-</span> 
     </span>
    </p>
   </div>
   <div class='ocr_carea' id='block_1_31' title="bbox 435 2968 2073 3029">
    <p class='ocr_par' dir='ltr' id='par_1_31' title="bbox 435 2968 2073 3029">
     <span class='ocr_line' id='line_1_31' title="bbox 435 2968 2073 3029; baseline 0.004 -8"><span class='ocrx_word' id='word_1_206' title='bbox 435 2968 569 3023; x_wconf 82' lang='lat' dir='ltr'>dero</span> <span class='ocrx_word' id='word_1_207' title='bbox 630 2975 694 3023; x_wconf 90' lang='lat' dir='ltr'>ut</span> <span class='ocrx_word' id='word_1_208' title='bbox 740 2986 807 3024; x_wconf 89' lang='lat' dir='ltr'>ea</span> <span class='ocrx_word' id='word_1_209' title='bbox 874 2972 1042 3026; x_wconf 88' lang='lat' dir='ltr'>nobis</span> <span class='ocrx_word' id='word_1_210' title='bbox 1101 2974 1178 3028; x_wconf 91' lang='lat' dir='ltr'>sit</span> <span class='ocrx_word' id='word_1_211' title='bbox 1235 2980 1499 3028; x_wconf 85' lang='lat' dir='ltr'>votorum</span> <span class='ocrx_word' id='word_1_212' title='bbox 1556 2979 1612 3028; x_wconf 89' lang='lat' dir='ltr'>et</span> <span class='ocrx_word' id='word_1_213' title='bbox 1668 2974 2073 3029; x_wconf 83' lang='lat' dir='ltr'>oblectamenti</span> 
     </span>
    </p>
   </div>
   <div class='ocr_carea' id='block_1_32' title="bbox 438 3064 2072 3133">
    <p class='ocr_par' dir='ltr' id='par_1_32' title="bbox 438 3064 2072 3133">
     <span class='ocr_line' id='line_1_32' title="bbox 438 3064 2072 3133; baseline 0.005 -23"><span class='ocrx_word' id='word_1_214' title='bbox 438 3073 688 3123; x_wconf 87' lang='lat' dir='ltr'>summa,</span> <span class='ocrx_word' id='word_1_215' title='bbox 766 3076 879 3113; x_wconf 90' lang='lat' dir='ltr'>non</span> <span class='ocrx_word' id='word_1_216' title='bbox 958 3065 1187 3116; x_wconf 90' lang='lat' dir='ltr'>tantum</span> <span class='ocrx_word' id='word_1_217' title='bbox 1265 3079 1459 3117; x_wconf 90' lang='lat' dir='ltr'>coram</span> <span class='ocrx_word' id='word_1_218' title='bbox 1538 3064 1674 3133; x_wconf 85' lang='lat' dir='ltr'>Deo,</span> <span class='ocrx_word' id='word_1_219' title='bbox 1742 3064 1843 3118; x_wconf 92' lang='lat' dir='ltr'>sed</span> <span class='ocrx_word' id='word_1_220' title='bbox 1897 3064 2072 3118; x_wconf 89' lang='lat' dir='ltr'>etiam</span> 
     </span>
    </p>
   </div>
   <div class='ocr_carea' id='block_1_33' title="bbox 434 3146 2070 3221">
    <p class='ocr_par' dir='ltr' id='par_1_33' title="bbox 434 3146 2070 3221">
     <span class='ocr_line' id='line_1_33' title="bbox 434 3146 2070 3221; baseline 0.006 -24"><span class='ocrx_word' id='word_1_221' title='bbox 434 3160 627 3199; x_wconf 88' lang='lat' dir='ltr'>coram</span> <span class='ocrx_word' id='word_1_222' title='bbox 686 3146 1070 3216; x_wconf 91' lang='lat' dir='ltr'>hominibus,</span> <span class='ocrx_word' id='word_1_223' title='bbox 1150 3150 1433 3221; x_wconf 90' lang='lat' dir='ltr'>provideri</span> <span class='ocrx_word' id='word_1_224' title='bbox 1496 3152 1648 3207; x_wconf 89' lang='lat' dir='ltr'>bona</span> <span class='ocrx_word' id='word_1_225' title='bbox 1726 3151 2070 3207; x_wconf 88' lang='lat' dir='ltr'>alterutrum</span> 
     </span>
    </p>
   </div>
   <div class='ocr_carea' id='block_1_34' title="bbox 432 3239 2073 3311">
    <p class='ocr_par' dir='ltr' id='par_1_34' title="bbox 432 3239 2073 3311">
     <span class='ocr_line' id='line_1_34' title="bbox 432 3239 2073 3311; baseline 0.005 -24"><span class='ocrx_word' id='word_1_226' title='bbox 432 3248 499 3287; x_wconf 84' lang='lat' dir='ltr'>ea</span> <span class='ocrx_word' id='word_1_227' title='bbox 554 3250 684 3304; x_wconf 69' lang='lat' dir='ltr'>quae</span> <span class='ocrx_word' id='word_1_228' title='bbox 741 3242 901 3303; x_wconf 89' lang='lat' dir='ltr'>sunt,</span> <span class='ocrx_word' id='word_1_229' title='bbox 961 3243 1018 3293; x_wconf 89' lang='lat' dir='ltr'>et</span> <span class='ocrx_word' id='word_1_230' title='bbox 1063 3239 1111 3293; x_wconf 91' lang='lat' dir='ltr'>si</span> <span class='ocrx_word' id='word_1_231' title='bbox 1168 3240 1288 3294; x_wconf 84' lang='lat' dir='ltr'>fieri</span> <span class='ocrx_word' id='word_1_232' title='bbox 1341 3245 1546 3311; x_wconf 74' lang='lat' dir='ltr'>potest,</span> <span class='ocrx_word' id='word_1_233' title='bbox 1607 3258 1740 3295; x_wconf 90' lang='lat' dir='ltr'>cum</span> <span class='ocrx_word' id='word_1_234' title='bbox 1801 3242 2073 3296; x_wconf 90' lang='lat' dir='ltr'>omnibus</span> 
     </span>
    </p>
   </div>
   <div class='ocr_carea' id='block_1_35' title="bbox 2200 662 3795 734">
    <p class='ocr_par' dir='ltr' id='par_1_35' title="bbox 2200 662 3795 734">
     <span class='ocr_line' id='line_1_35' title="bbox 2200 662 3795 734; baseline 0.002 -19"><span class='ocrx_word' id='word_1_235' title='bbox 2200 662 2348 723; x_wconf 89' lang='lat' dir='ltr'>cula,</span> <span class='ocrx_word' id='word_1_236' title='bbox 2383 678 2493 716; x_wconf 91' lang='lat' dir='ltr'>non</span> <span class='ocrx_word' id='word_1_237' title='bbox 2529 663 2653 717; x_wconf 81' lang='lat' dir='ltr'>sine</span> <span class='ocrx_word' id='word_1_238' title='bbox 2711 662 2980 734; x_wconf 81' lang='lat' dir='ltr'>lacrymis</span> <span class='ocrx_word' id='word_1_239' title='bbox 3038 662 3109 716; x_wconf 88' lang='lat' dir='ltr'>ab</span> <span class='ocrx_word' id='word_1_240' title='bbox 3141 662 3383 717; x_wconf 90' lang='lat' dir='ltr'>invicem</span> <span class='ocrx_word' id='word_1_241' title='bbox 3414 662 3795 733; x_wconf 83' lang='lat' dir='ltr'>digredientes,</span> 
     </span>
    </p>
   </div>
   <div class='ocr_carea' id='block_1_36' title="bbox 2198 751 3795 823">
    <p class='ocr_par' dir='ltr' id='par_1_36' title="bbox 2198 751 3795 823">
     <span class='ocr_line' id='line_1_36' title="bbox 2198 751 3795 823; baseline 0.003 -19"><span class='ocrx_word' id='word_1_242' title='bbox 2198 752 2513 821; x_wconf 85' lang='lat' dir='ltr'>imperator</span> <span class='ocrx_word' id='word_1_243' title='bbox 2543 752 2846 820; x_wconf 86' lang='lat' dir='ltr'>orientem,</span> <span class='ocrx_word' id='word_1_244' title='bbox 2886 751 3061 806; x_wconf 80' lang='lat' dir='ltr'>frater</span> <span class='ocrx_word' id='word_1_245' title='bbox 3117 752 3245 821; x_wconf 83' lang='lat' dir='ltr'>ejus</span> <span class='ocrx_word' id='word_1_246' title='bbox 3297 751 3650 806; x_wconf 88' lang='lat' dir='ltr'>occidentem</span> <span class='ocrx_word' id='word_1_247' title='bbox 3679 754 3795 823; x_wconf 86' lang='lat' dir='ltr'>peti-</span> 
     </span>
    </p>
   </div>
   <div class='ocr_carea' id='block_1_37' title="bbox 2196 858 2269 894">
    <p class='ocr_par' dir='ltr' id='par_1_37' title="bbox 2196 858 2269 894">
     <span class='ocr_line' id='line_1_37' title="bbox 2196 858 2269 894; baseline 0 -1"><span class='ocrx_word' id='word_1_248' title='bbox 2196 858 2269 894; x_wconf 85' lang='lat' dir='ltr'>Vl.</span> 
     </span>
    </p>
   </div>
   <div class='ocr_carea' id='block_1_38' title="bbox 2265 928 3793 1002">
    <p class='ocr_par' dir='ltr' id='par_1_38' title="bbox 2265 928 3793 1002">
     <span class='ocr_line' id='line_1_38' title="bbox 2265 928 3793 1002; baseline 0.001 -19"><span class='ocrx_word' id='word_1_249' title='bbox 2265 930 2352 984; x_wconf 83' lang='lat'>2|.</span> <span class='ocrx_word' id='word_1_250' title='bbox 2415 930 2660 1000; x_wconf 85' lang='lat' dir='ltr'>Moxque</span> <span class='ocrx_word' id='word_1_251' title='bbox 2708 932 2777 985; x_wconf 88' lang='lat' dir='ltr'>ad</span> <span class='ocrx_word' id='word_1_252' title='bbox 2833 932 3029 1002; x_wconf 87' lang='lat' dir='ltr'>Aquas</span> <span class='ocrx_word' id='word_1_253' title='bbox 3088 930 3261 985; x_wconf 91' lang='lat' dir='ltr'>Grani</span> <span class='ocrx_word' id='word_1_254' title='bbox 3323 928 3524 1001; x_wconf 84' lang='lat' dir='ltr'>palatii</span> <span class='ocrx_word' id='word_1_255' title='bbox 3582 929 3646 962; x_wconf 57' lang='grc' dir='ltr'>δτι</span> <span class='ocrx_word' id='word_1_256' title='bbox 3690 946 3793 999; x_wconf 86' lang='lat' dir='ltr'>pro-</span> 
     </span>
    </p>
   </div>
   <div class='ocr_carea' id='block_1_39' title="bbox 2198 1018 3793 1091">
    <p class='ocr_par' dir='ltr' id='par_1_39' title="bbox 2198 1018 3793 1091">
     <span class='ocr_line' id='line_1_39' title="bbox 2198 1018 3793 1091; baseline 0.001 -20"><span class='ocrx_word' id='word_1_257' title='bbox 2198 1020 2417 1089; x_wconf 86' lang='lat' dir='ltr'>peravit</span> <span class='ocrx_word' id='word_1_258' title='bbox 2473 1021 2677 1090; x_wconf 80' lang='lat'>(1937).</span> <span class='ocrx_word' id='word_1_259' title='bbox 2739 1020 2817 1075; x_wconf 91' lang='lat' dir='ltr'>Ibi</span> <span class='ocrx_word' id='word_1_260' title='bbox 2882 1020 3174 1091; x_wconf 89' lang='lat' dir='ltr'>principes</span> <span class='ocrx_word' id='word_1_261' title='bbox 3230 1018 3415 1090; x_wconf 87' lang='lat' dir='ltr'>regni,</span> <span class='ocrx_word' id='word_1_262' title='bbox 3478 1034 3708 1088; x_wconf 82' lang='lat' dir='ltr'>quorum</span> <span class='ocrx_word' id='word_1_263' title='bbox 3750 1021 3793 1073; x_wconf 93' lang='lat' dir='ltr'>id</span> 
     </span>
    </p>
   </div>
   <div class='ocr_carea' id='block_1_40' title="bbox 2196 1106 3794 1178">
    <p class='ocr_par' dir='ltr' id='par_1_40' title="bbox 2196 1106 3794 1178">
     <span class='ocr_line' id='line_1_40' title="bbox 2196 1106 3794 1178; baseline 0.002 -18"><span class='ocrx_word' id='word_1_264' title='bbox 2196 1108 2488 1172; x_wconf 88' lang='lat' dir='ltr'>intererat,</span> <span class='ocrx_word' id='word_1_265' title='bbox 2536 1109 2818 1178; x_wconf 86' lang='lat' dir='ltr'>convenit,</span> <span class='ocrx_word' id='word_1_266' title='bbox 2880 1124 2977 1162; x_wconf 91' lang='lat' dir='ltr'>eos</span> <span class='ocrx_word' id='word_1_267' title='bbox 3034 1107 3206 1162; x_wconf 87' lang='lat' dir='ltr'>variis</span> <span class='ocrx_word' id='word_1_268' title='bbox 3263 1106 3589 1177; x_wconf 90' lang='lat' dir='ltr'>multisque</span> <span class='ocrx_word' id='word_1_269' title='bbox 3639 1108 3794 1163; x_wconf 87' lang='lat' dir='ltr'>modis</span> 
     </span>
    </p>
   </div>
   <div class='ocr_carea' id='block_1_41' title="bbox 2198 1196 3792 1267">
    <p class='ocr_par' dir='ltr' id='par_1_41' title="bbox 2198 1196 3792 1267">
     <span class='ocr_line' id='line_1_41' title="bbox 2198 1196 3792 1267; baseline 0.001 -18"><span class='ocrx_word' id='word_1_270' title='bbox 2198 1196 2493 1261; x_wconf 85' lang='lat' dir='ltr'>instruxit,</span> <span class='ocrx_word' id='word_1_271' title='bbox 2526 1201 2697 1267; x_wconf 90' lang='lat' dir='ltr'>atque</span> <span class='ocrx_word' id='word_1_272' title='bbox 2753 1198 2859 1252; x_wconf 91' lang='lat' dir='ltr'>hoc</span> <span class='ocrx_word' id='word_1_273' title='bbox 2890 1214 3021 1251; x_wconf 90' lang='lat' dir='ltr'>cum</span> <span class='ocrx_word' id='word_1_274' title='bbox 3054 1196 3136 1251; x_wconf 88' lang='lat' dir='ltr'>eis</span> <span class='ocrx_word' id='word_1_275' title='bbox 3186 1197 3566 1266; x_wconf 88' lang='lat' dir='ltr'>potissimum</span> <span class='ocrx_word' id='word_1_276' title='bbox 3596 1196 3715 1267; x_wconf 85' lang='lat' dir='ltr'>egit,</span> <span class='ocrx_word' id='word_1_277' title='bbox 3740 1213 3792 1251; x_wconf 86' lang='lat' dir='ltr'>ne</span> 
     </span>
    </p>
   </div>
   <div class='ocr_carea' id='block_1_42' title="bbox 2194 1284 3790 1355">
    <p class='ocr_par' dir='ltr' id='par_1_42' title="bbox 2194 1284 3790 1355">
     <span class='ocr_line' id='line_1_42' title="bbox 2194 1284 3790 1355; baseline 0 -16"><span class='ocrx_word' id='word_1_278' title='bbox 2194 1286 2599 1341; x_wconf 88' lang='lat' dir='ltr'>seductoribus</span> <span class='ocrx_word' id='word_1_279' title='bbox 2657 1291 2759 1340; x_wconf 90' lang='lat' dir='ltr'>aut</span> <span class='ocrx_word' id='word_1_280' title='bbox 2814 1287 2977 1340; x_wconf 87' lang='lat' dir='ltr'>vanis</span> <span class='ocrx_word' id='word_1_281' title='bbox 3021 1302 3221 1340; x_wconf 89' lang='lat' dir='ltr'>eorum</span> <span class='ocrx_word' id='word_1_282' title='bbox 3273 1284 3579 1355; x_wconf 89' lang='lat' dir='ltr'>promissis</span> <span class='ocrx_word' id='word_1_283' title='bbox 3633 1285 3790 1339; x_wconf 86' lang='lat' dir='ltr'>crede-</span> 
     </span>
    </p>
   </div>
   <div class='ocr_carea' id='block_1_43' title="bbox 2194 1374 3793 1445">
    <p class='ocr_par' dir='ltr' id='par_1_43' title="bbox 2194 1374 3793 1445">
     <span class='ocr_line' id='line_1_43' title="bbox 2194 1374 3793 1445; baseline -0.001 -17"><span class='ocrx_word' id='word_1_284' title='bbox 2194 1380 2341 1439; x_wconf 90' lang='lat' dir='ltr'>rent,</span> <span class='ocrx_word' id='word_1_285' title='bbox 2376 1392 2447 1430; x_wconf 92' lang='lat' dir='ltr'>ne</span> <span class='ocrx_word' id='word_1_286' title='bbox 2476 1376 2664 1438; x_wconf 85' lang='lat' dir='ltr'>minas</span> <span class='ocrx_word' id='word_1_287' title='bbox 2726 1376 3000 1429; x_wconf 88' lang='lat' dir='ltr'>timerent</span> <span class='ocrx_word' id='word_1_288' title='bbox 3046 1376 3133 1443; x_wconf 69' lang='lat'>375,</span> <span class='ocrx_word' id='word_1_289' title='bbox 3195 1374 3365 1445; x_wconf 63' lang='lat' dir='ltr'>regis;</span> <span class='ocrx_word' id='word_1_290' title='bbox 3428 1374 3704 1442; x_wconf 85' lang='lat' dir='ltr'>majestati</span> <span class='ocrx_word' id='word_1_291' title='bbox 3750 1380 3793 1427; x_wconf 84' lang='lat' dir='ltr'>et</span> 
     </span>
    </p>
   </div>
   <div class='ocr_carea' id='block_1_44' title="bbox 2193 1462 3788 1535">
    <p class='ocr_par' dir='ltr' id='par_1_44' title="bbox 2193 1462 3788 1535">
     <span class='ocr_line' id='line_1_44' title="bbox 2193 1462 3788 1535; baseline -0.001 -17"><span class='ocrx_word' id='word_1_292' title='bbox 2193 1480 2311 1518; x_wconf 67' lang='lat' dir='ltr'>suae</span> <span class='ocrx_word' id='word_1_293' title='bbox 2343 1466 2601 1534; x_wconf 89' lang='lat' dir='ltr'>ipsorum</span> <span class='ocrx_word' id='word_1_294' title='bbox 2664 1464 2795 1518; x_wconf 79' lang='lat' dir='ltr'>fidei</span> <span class='ocrx_word' id='word_1_295' title='bbox 2853 1463 3296 1535; x_wconf 88' lang='lat' dir='ltr'>pollicitationes</span> <span class='ocrx_word' id='word_1_296' title='bbox 3355 1462 3553 1517; x_wconf 89' lang='lat' dir='ltr'>nullas</span> <span class='ocrx_word' id='word_1_297' title='bbox 3606 1479 3788 1533; x_wconf 69' lang='lat' dir='ltr'>praepo-</span> 
     </span>
    </p>
   </div>
   <div class='ocr_carea' id='block_1_45' title="bbox 2193 1551 3788 1625">
    <p class='ocr_par' dir='ltr' id='par_1_45' title="bbox 2193 1551 3788 1625">
     <span class='ocr_line' id='line_1_45' title="bbox 2193 1551 3788 1625; baseline -0.001 -18"><span class='ocrx_word' id='word_1_298' title='bbox 2193 1559 2437 1621; x_wconf 88' lang='lat' dir='ltr'>nerent;</span> <span class='ocrx_word' id='word_1_299' title='bbox 2474 1554 2768 1625; x_wconf 89' lang='lat' dir='ltr'>spondens</span> <span class='ocrx_word' id='word_1_300' title='bbox 2799 1569 2860 1607; x_wconf 89' lang='lat' dir='ltr'>se</span> <span class='ocrx_word' id='word_1_301' title='bbox 2894 1559 3026 1607; x_wconf 90' lang='lat' dir='ltr'>ante</span> <span class='ocrx_word' id='word_1_302' title='bbox 3082 1553 3148 1587; x_wconf 71' lang='grc'>³⁷6</span> <span class='ocrx_word' id='word_1_303' title='bbox 3203 1556 3439 1623; x_wconf 88' lang='lat' dir='ltr'>tempus</span> <span class='ocrx_word' id='word_1_304' title='bbox 3498 1554 3553 1605; x_wconf 89' lang='lat' dir='ltr'>et</span> <span class='ocrx_word' id='word_1_305' title='bbox 3592 1551 3646 1604; x_wconf 88' lang='lat' dir='ltr'>in</span> <span class='ocrx_word' id='word_1_306' title='bbox 3674 1555 3788 1605; x_wconf 85' lang='lat' dir='ltr'>tem-</span> 
     </span>
    </p>
   </div>
   <div class='ocr_carea' id='block_1_46' title="bbox 2193 1638 3784 1713">
    <p class='ocr_par' dir='ltr' id='par_1_46' title="bbox 2193 1638 3784 1713">
     <span class='ocr_line' id='line_1_46' title="bbox 2193 1638 3784 1713; baseline -0.003 -16"><span class='ocrx_word' id='word_1_307' title='bbox 2193 1659 2329 1713; x_wconf 91' lang='lat' dir='ltr'>pore</span> <span class='ocrx_word' id='word_1_308' title='bbox 2377 1659 2604 1709; x_wconf 90' lang='lat' dir='ltr'>semper</span> <span class='ocrx_word' id='word_1_309' title='bbox 2660 1647 2927 1713; x_wconf 87' lang='lat' dir='ltr'>paratum</span> <span class='ocrx_word' id='word_1_310' title='bbox 2987 1642 3128 1706; x_wconf 86' lang='lat' dir='ltr'>fore,</span> <span class='ocrx_word' id='word_1_311' title='bbox 3164 1647 3228 1697; x_wconf 92' lang='lat' dir='ltr'>ut</span> <span class='ocrx_word' id='word_1_312' title='bbox 3284 1641 3350 1676; x_wconf 78' lang='grc'>³⁷⁷</span> <span class='ocrx_word' id='word_1_313' title='bbox 3408 1656 3607 1711; x_wconf 86' lang='lat' dir='ltr'>pacem</span> <span class='ocrx_word' id='word_1_314' title='bbox 3637 1638 3784 1694; x_wconf 77' lang='lat' dir='ltr'>Eccle-</span> 
     </span>
    </p>
   </div>
   <div class='ocr_carea' id='block_1_47' title="bbox 2192 1728 3790 1801">
    <p class='ocr_par' dir='ltr' id='par_1_47' title="bbox 2192 1728 3790 1801">
     <span class='ocr_line' id='line_1_47' title="bbox 2192 1728 3790 1801; baseline -0.003 -14"><span class='ocrx_word' id='word_1_315' title='bbox 2192 1732 2288 1787; x_wconf 82' lang='lat' dir='ltr'>siae</span> <span class='ocrx_word' id='word_1_316' title='bbox 2345 1731 2639 1801; x_wconf 86' lang='lat' dir='ltr'>violatam,</span> <span class='ocrx_word' id='word_1_317' title='bbox 2701 1732 2749 1787; x_wconf 90' lang='lat' dir='ltr'>si</span> <span class='ocrx_word' id='word_1_318' title='bbox 2810 1731 2892 1784; x_wconf 81' lang='lat' dir='ltr'>sic</span> <span class='ocrx_word' id='word_1_319' title='bbox 2946 1746 3179 1785; x_wconf 90' lang='lat' dir='ltr'>necesse</span> <span class='ocrx_word' id='word_1_320' title='bbox 3245 1733 3418 1799; x_wconf 87' lang='lat' dir='ltr'>esset,</span> <span class='ocrx_word' id='word_1_321' title='bbox 3480 1728 3605 1783; x_wconf 77' lang='lat' dir='ltr'>vitae</span> <span class='ocrx_word' id='word_1_322' title='bbox 3651 1728 3790 1782; x_wconf 80' lang='lat' dir='ltr'>etiam</span> 
     </span>
    </p>
   </div>
   <div class='ocr_carea' id='block_1_48' title="bbox 2192 1814 3789 1890">
    <p class='ocr_par' dir='ltr' id='par_1_48' title="bbox 2192 1814 3789 1890">
     <span class='ocr_line' id='line_1_48' title="bbox 2192 1814 3789 1890; baseline -0.004 -17"><span class='ocrx_word' id='word_1_323' title='bbox 2192 1836 2309 1874; x_wconf 72' lang='lat' dir='ltr'>sua:</span> <span class='ocrx_word' id='word_1_324' title='bbox 2344 1819 2595 1890; x_wconf 81' lang='lat' dir='ltr'>periculo</span> <span class='ocrx_word' id='word_1_325' title='bbox 2654 1820 3014 1874; x_wconf 85' lang='lat' dir='ltr'>refcrmaret.</span> <span class='ocrx_word' id='word_1_326' title='bbox 3077 1818 3192 1872; x_wconf 89' lang='lat' dir='ltr'>Hoc</span> <span class='ocrx_word' id='word_1_327' title='bbox 3225 1818 3375 1872; x_wconf 89' lang='lat' dir='ltr'>facto</span> <span class='ocrx_word' id='word_1_328' title='bbox 3406 1814 3691 1871; x_wconf 87' lang='lat' dir='ltr'>Coloniam</span> <span class='ocrx_word' id='word_1_329' title='bbox 3717 1814 3789 1867; x_wconf 77' lang='lat' dir='ltr'>le-</span> 
     </span>
    </p>
   </div>
   <div class='ocr_carea' id='block_1_49' title="bbox 2191 1906 3791 1980">
    <p class='ocr_par' dir='ltr' id='par_1_49' title="bbox 2191 1906 3791 1980">
     <span class='ocr_line' id='line_1_49' title="bbox 2191 1906 3791 1980; baseline -0.005 -16"><span class='ocrx_word' id='word_1_330' title='bbox 2191 1913 2287 1964; x_wconf 88' lang='lat' dir='ltr'>tus</span> <span class='ocrx_word' id='word_1_331' title='bbox 2320 1909 2462 1963; x_wconf 89' lang='lat' dir='ltr'>adiit</span> <span class='ocrx_word' id='word_1_332' title='bbox 2494 1927 2506 1975; x_wconf 90' lang='lat'><strong>;</strong></span> <span class='ocrx_word' id='word_1_333' title='bbox 2567 1908 3017 1980; x_wconf 83' lang='lat' dir='ltr'>exspectabatur</span> <span class='ocrx_word' id='word_1_334' title='bbox 3059 1906 3465 1963; x_wconf 88' lang='lat' dir='ltr'>ordonationis</span> <span class='ocrx_word' id='word_1_335' title='bbox 3495 1909 3708 1975; x_wconf 86' lang='lat' dir='ltr'>tempus</span> <span class='ocrx_word' id='word_1_336' title='bbox 3750 1908 3791 1957; x_wconf 87' lang='lat' dir='ltr'>et</span> 
     </span>
    </p>
   </div>
   <div class='ocr_carea' id='block_1_50' title="bbox 2192 1994 3787 2059">
    <p class='ocr_par' dir='ltr' id='par_1_50' title="bbox 2192 1994 3787 2059">
     <span class='ocr_line' id='line_1_50' title="bbox 2192 1994 3787 2059; baseline -0.004 -7"><span class='ocrx_word' id='word_1_337' title='bbox 2192 1998 2483 2053; x_wconf 90' lang='lat' dir='ltr'>unctionis</span> <span class='ocrx_word' id='word_1_338' title='bbox 2539 1997 2739 2053; x_wconf 65' lang='lat' dir='ltr'>laetitia</span> <span class='ocrx_word' id='word_1_339' title='bbox 2791 1996 3086 2051; x_wconf 87' lang='lat' dir='ltr'>salutaris.</span> <span class='ocrx_word' id='word_1_340' title='bbox 3142 1997 3255 2051; x_wconf 80' lang='lat' dir='ltr'>Hoc</span> <span class='ocrx_word' id='word_1_341' title='bbox 3286 1996 3464 2059; x_wconf 84' lang='lat' dir='ltr'>facto,</span> <span class='ocrx_word' id='word_1_342' title='bbox 3496 1994 3787 2047; x_wconf 85' lang='lat' dir='ltr'>innovatum</span> 
     </span>
    </p>
   </div>
   <div class='ocr_carea' id='block_1_51' title="bbox 2189 2083 3783 2158">
    <p class='ocr_par' dir='ltr' id='par_1_51' title="bbox 2189 2083 3783 2158">
     <span class='ocr_line' id='line_1_51' title="bbox 2189 2083 3783 2158; baseline -0.005 -17"><span class='ocrx_word' id='word_1_343' title='bbox 2189 2092 2277 2142; x_wconf 90' lang='lat' dir='ltr'>est</span> <span class='ocrx_word' id='word_1_344' title='bbox 2306 2087 2584 2157; x_wconf 86' lang='lat' dir='ltr'>gaudium</span> <span class='ocrx_word' id='word_1_345' title='bbox 2618 2087 2825 2158; x_wconf 91' lang='lat' dir='ltr'>plebis,</span> <span class='ocrx_word' id='word_1_346' title='bbox 2883 2091 2941 2140; x_wconf 88' lang='lat' dir='ltr'>et</span> <span class='ocrx_word' id='word_1_347' title='bbox 2979 2083 3207 2140; x_wconf 81' lang='lat' dir='ltr'>refulsit</span> <span class='ocrx_word' id='word_1_348' title='bbox 3236 2084 3294 2137; x_wconf 89' lang='lat' dir='ltr'>in</span> <span class='ocrx_word' id='word_1_349' title='bbox 3326 2087 3641 2153; x_wconf 89' lang='lat' dir='ltr'>couspuctu</span> <span class='ocrx_word' id='word_1_350' title='bbox 3689 2096 3783 2134; x_wconf 88' lang='lat' dir='ltr'>om-</span> 
     </span>
    </p>
   </div>
   <div class='ocr_carea' id='block_1_52' title="bbox 2190 2168 3786 2248">
    <p class='ocr_par' dir='ltr' id='par_1_52' title="bbox 2190 2168 3786 2248">
     <span class='ocr_line' id='line_1_52' title="bbox 2190 2168 3786 2248; baseline -0.005 -19"><span class='ocrx_word' id='word_1_351' title='bbox 2190 2175 2352 2231; x_wconf 90' lang='lat' dir='ltr'>nium</span> <span class='ocrx_word' id='word_1_352' title='bbox 2406 2177 2505 2248; x_wconf 91' lang='lat' dir='ltr'>qui</span> <span class='ocrx_word' id='word_1_353' title='bbox 2564 2179 2970 2239; x_wconf 86' lang='lat' dir='ltr'>convenerant,</span> <span class='ocrx_word' id='word_1_354' title='bbox 3032 2177 3274 2228; x_wconf 89' lang='lat' dir='ltr'>ornatus</span> <span class='ocrx_word' id='word_1_355' title='bbox 3321 2168 3786 2240; x_wconf 83' lang='lat' dir='ltr'>stolajucundita-</span> 
     </span>
    </p>
   </div>
   <div class='ocr_carea' id='block_1_53' title="bbox 2189 2257 3785 2327">
    <p class='ocr_par' dir='ltr' id='par_1_53' title="bbox 2189 2257 3785 2327">
     <span class='ocr_line' id='line_1_53' title="bbox 2189 2257 3785 2327; baseline -0.006 -8"><span class='ocrx_word' id='word_1_356' title='bbox 2189 2265 2288 2327; x_wconf 90' lang='lat' dir='ltr'>tis,</span> <span class='ocrx_word' id='word_1_357' title='bbox 2345 2266 2617 2320; x_wconf 89' lang='lat' dir='ltr'>sacerdos</span> <span class='ocrx_word' id='word_1_358' title='bbox 2676 2263 2904 2318; x_wconf 91' lang='lat' dir='ltr'>Domini</span> <span class='ocrx_word' id='word_1_359' title='bbox 2962 2261 3293 2326; x_wconf 89' lang='lat' dir='ltr'>Salvatoris,</span> <span class='ocrx_word' id='word_1_360' title='bbox 3350 2260 3559 2315; x_wconf 88' lang='lat' dir='ltr'>Postea</span> <span class='ocrx_word' id='word_1_361' title='bbox 3611 2257 3785 2312; x_wconf 88' lang='lat' dir='ltr'>nardus</span> 
     </span>
    </p>
   </div>
   <div class='ocr_carea' id='block_1_54' title="bbox 2190 2346 3787 2425">
    <p class='ocr_par' dir='ltr' id='par_1_54' title="bbox 2190 2346 3787 2425">
     <span class='ocr_line' id='line_1_54' title="bbox 2190 2346 3787 2425; baseline -0.006 -17"><span class='ocrx_word' id='word_1_362' title='bbox 2190 2354 2445 2425; x_wconf 88' lang='lat' dir='ltr'>pretiosa</span> <span class='ocrx_word' id='word_1_363' title='bbox 2475 2354 2635 2409; x_wconf 90' lang='lat' dir='ltr'>dedit</span> <span class='ocrx_word' id='word_1_364' title='bbox 2664 2354 2899 2407; x_wconf 88' lang='lat' dir='ltr'>odorem</span> <span class='ocrx_word' id='word_1_365' title='bbox 2960 2367 3134 2407; x_wconf 91' lang='lat' dir='ltr'>suum</span> <span class='ocrx_word' id='word_1_366' title='bbox 3170 2368 3183 2417; x_wconf 85' lang='lat'><strong>;</strong></span> <span class='ocrx_word' id='word_1_367' title='bbox 3239 2349 3298 2404; x_wconf 90' lang='lat' dir='ltr'>in</span> <span class='ocrx_word' id='word_1_368' title='bbox 3344 2350 3538 2404; x_wconf 88' lang='lat' dir='ltr'>medio</span> <span class='ocrx_word' id='word_1_369' title='bbox 3569 2346 3787 2402; x_wconf 72' lang='lat' dir='ltr'>Ecclesia</span> 
     </span>
    </p>
   </div>
   <div class='ocr_carea' id='block_1_55' title="bbox 2190 2436 3787 2513">
    <p class='ocr_par' dir='ltr' id='par_1_55' title="bbox 2190 2436 3787 2513">
     <span class='ocr_line' id='line_1_55' title="bbox 2190 2436 3787 2513; baseline -0.006 -16"><span class='ocrx_word' id='word_1_370' title='bbox 2190 2444 2417 2513; x_wconf 83' lang='lat' dir='ltr'>aperuit</span> <span class='ocrx_word' id='word_1_371' title='bbox 2444 2460 2509 2497; x_wconf 93' lang='lat' dir='ltr'>os</span> <span class='ocrx_word' id='word_1_372' title='bbox 2558 2459 2732 2497; x_wconf 90' lang='lat' dir='ltr'>suum</span> <span class='ocrx_word' id='word_1_373' title='bbox 2793 2441 2987 2511; x_wconf 72' lang='lat' dir='ltr'>(Exod.</span> <span class='ocrx_word' id='word_1_374' title='bbox 3049 2457 3241 2506; x_wconf 80' lang='lat' dir='ltr'>xxvm,</span> <span class='ocrx_word' id='word_1_375' title='bbox 3298 2438 3415 2509; x_wconf 86' lang='lat'>35).</span> <span class='ocrx_word' id='word_1_376' title='bbox 3476 2436 3787 2492; x_wconf 80' lang='lat' dir='ltr'>Audiebatur</span> 
     </span>
    </p>
   </div>
   <div class='ocr_carea' id='block_1_56' title="bbox 2190 2525 3785 2601">
    <p class='ocr_par' dir='ltr' id='par_1_56' title="bbox 2190 2525 3785 2601">
     <span class='ocr_line' id='line_1_56' title="bbox 2190 2525 3785 2601; baseline -0.006 -16"><span class='ocrx_word' id='word_1_377' title='bbox 2190 2532 2511 2585; x_wconf 90' lang='lat' dir='ltr'>secundum</span> <span class='ocrx_word' id='word_1_378' title='bbox 2534 2530 2716 2601; x_wconf 87' lang='lat' dir='ltr'>legale</span> <span class='ocrx_word' id='word_1_379' title='bbox 2740 2531 3076 2584; x_wconf 89' lang='lat' dir='ltr'>institutum</span> <span class='ocrx_word' id='word_1_380' title='bbox 3102 2528 3326 2583; x_wconf 89' lang='lat' dir='ltr'>sonitus</span> <span class='ocrx_word' id='word_1_381' title='bbox 3351 2526 3623 2581; x_wconf 88' lang='lat' dir='ltr'>intrantis</span> <span class='ocrx_word' id='word_1_382' title='bbox 3642 2525 3692 2578; x_wconf 89' lang='lat' dir='ltr'>in</span> <span class='ocrx_word' id='word_1_383' title='bbox 3716 2525 3785 2576; x_wconf 89' lang='lat' dir='ltr'>do-</span> 
     </span>
    </p>
   </div>
   <div class='ocr_carea' id='block_1_57' title="bbox 2191 2614 3785 2687">
    <p class='ocr_par' dir='ltr' id='par_1_57' title="bbox 2191 2614 3785 2687">
     <span class='ocr_line' id='line_1_57' title="bbox 2191 2614 3785 2687; baseline -0.006 -13"><span class='ocrx_word' id='word_1_384' title='bbox 2191 2636 2353 2675; x_wconf 90' lang='lat' dir='ltr'>mum</span> <span class='ocrx_word' id='word_1_385' title='bbox 2377 2619 2607 2673; x_wconf 90' lang='lat' dir='ltr'>Domini</span> <span class='ocrx_word' id='word_1_386' title='bbox 2626 2619 2719 2673; x_wconf 89' lang='lat' dir='ltr'>Dei</span> <span class='ocrx_word' id='word_1_387' title='bbox 2741 2637 2752 2685; x_wconf 95' lang='lat'>;</span> <span class='ocrx_word' id='word_1_388' title='bbox 2776 2617 3105 2687; x_wconf 86' lang='lat' dir='ltr'>exemplum</span> <span class='ocrx_word' id='word_1_389' title='bbox 3127 2622 3184 2671; x_wconf 89' lang='lat' dir='ltr'>et</span> <span class='ocrx_word' id='word_1_390' title='bbox 3205 2617 3617 2671; x_wconf 86' lang='lat' dir='ltr'>documentum</span> <span class='ocrx_word' id='word_1_391' title='bbox 3640 2614 3785 2667; x_wconf 82' lang='lat' dir='ltr'>factus</span> 
     </span>
    </p>
   </div>
   <div class='ocr_carea' id='block_1_58' title="bbox 2193 2700 3784 2778">
    <p class='ocr_par' dir='ltr' id='par_1_58' title="bbox 2193 2700 3784 2778">
     <span class='ocr_line' id='line_1_58' title="bbox 2193 2700 3784 2778; baseline -0.008 -14"><span class='ocrx_word' id='word_1_392' title='bbox 2193 2715 2278 2765; x_wconf 88' lang='lat' dir='ltr'>est</span> <span class='ocrx_word' id='word_1_393' title='bbox 2309 2708 2581 2764; x_wconf 88' lang='lat' dir='ltr'>omnibus</span> <span class='ocrx_word' id='word_1_394' title='bbox 2612 2707 3153 2778; x_wconf 88' lang='lat' dir='ltr'>obtemperantibus</span> <span class='ocrx_word' id='word_1_395' title='bbox 3175 2705 3285 2760; x_wconf 89' lang='lat' dir='ltr'>sibi</span> <span class='ocrx_word' id='word_1_396' title='bbox 3307 2705 3363 2759; x_wconf 91' lang='lat' dir='ltr'>in</span> <span class='ocrx_word' id='word_1_397' title='bbox 3399 2700 3784 2763; x_wconf 85' lang='lat' dir='ltr'>salutem.0uid</span> 
     </span>
    </p>
   </div>
   <div class='ocr_carea' id='block_1_59' title="bbox 2190 2793 3782 2867">
    <p class='ocr_par' dir='ltr' id='par_1_59' title="bbox 2190 2793 3782 2867">
     <span class='ocr_line' id='line_1_59' title="bbox 2190 2793 3782 2867; baseline -0.005 -15"><span class='ocrx_word' id='word_1_398' title='bbox 2190 2804 2382 2853; x_wconf 89' lang='lat' dir='ltr'>autem</span> <span class='ocrx_word' id='word_1_399' title='bbox 2412 2797 2927 2867; x_wconf 84' lang='lat' dir='ltr'>fecerit,quomodc</span> <span class='ocrx_word' id='word_1_400' title='bbox 2958 2796 3237 2861; x_wconf 88' lang='lat' dir='ltr'>docuerit,</span> <span class='ocrx_word' id='word_1_401' title='bbox 3279 2793 3529 2864; x_wconf 85' lang='lat' dir='ltr'>qualiter</span> <span class='ocrx_word' id='word_1_402' title='bbox 3560 2808 3651 2862; x_wconf 91' lang='lat' dir='ltr'>pro</span> <span class='ocrx_word' id='word_1_403' title='bbox 3680 2804 3782 2861; x_wconf 76' lang='lat' dir='ltr'>pace</span> 
     </span>
    </p>
   </div>
   <div class='ocr_carea' id='block_1_60' title="bbox 2189 2876 3782 2954">
    <p class='ocr_par' dir='ltr' id='par_1_60' title="bbox 2189 2876 3782 2954">
     <span class='ocr_line' id='line_1_60' title="bbox 2189 2876 3782 2954; baseline -0.007 -13"><span class='ocrx_word' id='word_1_404' title='bbox 2189 2886 2578 2942; x_wconf 90' lang='lat' dir='ltr'>Eeclesiarum</span> <span class='ocrx_word' id='word_1_405' title='bbox 2639 2886 2740 2940; x_wconf 89' lang='lat' dir='ltr'>Dei</span> <span class='ocrx_word' id='word_1_406' title='bbox 2798 2900 2858 2939; x_wconf 91' lang='lat' dir='ltr'>se</span> <span class='ocrx_word' id='word_1_407' title='bbox 2916 2884 3112 2954; x_wconf 87' lang='lat' dir='ltr'>ipsum</span> <span class='ocrx_word' id='word_1_408' title='bbox 3166 2881 3541 2952; x_wconf 86' lang='lat' dir='ltr'>impenderit,</span> <span class='ocrx_word' id='word_1_409' title='bbox 3572 2884 3689 2934; x_wconf 91' lang='lat' dir='ltr'>actu</span> <span class='ocrx_word' id='word_1_410' title='bbox 3733 2876 3782 2908; x_wconf 57' lang='lat'>3’3</span> 
     </span>
    </p>
   </div>
   <div class='ocr_carea' id='block_1_61' title="bbox 2190 2969 3781 3039">
    <p class='ocr_par' dir='ltr' id='par_1_61' title="bbox 2190 2969 3781 3039">
     <span class='ocr_line' id='line_1_61' title="bbox 2190 2969 3781 3039; baseline -0.008 -8"><span class='ocrx_word' id='word_1_411' title='bbox 2190 2982 2278 3031; x_wconf 87' lang='lat' dir='ltr'>est</span> <span class='ocrx_word' id='word_1_412' title='bbox 2309 2974 2595 3039; x_wconf 89' lang='lat' dir='ltr'>mirabile,</span> <span class='ocrx_word' id='word_1_413' title='bbox 2655 2973 2813 3028; x_wconf 90' lang='lat' dir='ltr'>dictu</span> <span class='ocrx_word' id='word_1_414' title='bbox 2873 2971 3129 3027; x_wconf 83' lang='lat' dir='ltr'>difficile.</span> <span class='ocrx_word' id='word_1_415' title='bbox 3161 2971 3415 3025; x_wconf 90' lang='lat' dir='ltr'>Tantum</span> <span class='ocrx_word' id='word_1_416' title='bbox 3473 2969 3619 3023; x_wconf 88' lang='lat' dir='ltr'>enim</span> <span class='ocrx_word' id='word_1_417' title='bbox 3646 2980 3781 3035; x_wconf 83' lang='lat' dir='ltr'>supe-</span> 
     </span>
    </p>
   </div>
   <div class='ocr_carea' id='block_1_62' title="bbox 2190 3060 3778 3133">
    <p class='ocr_par' dir='ltr' id='par_1_62' title="bbox 2190 3060 3778 3133">
     <span class='ocr_line' id='line_1_62' title="bbox 2190 3060 3778 3133; baseline -0.008 -14"><span class='ocrx_word' id='word_1_418' title='bbox 2190 3064 2408 3119; x_wconf 90' lang='lat' dir='ltr'>riorum</span> <span class='ocrx_word' id='word_1_419' title='bbox 2466 3062 2721 3133; x_wconf 88' lang='lat' dir='ltr'>insignia</span> <span class='ocrx_word' id='word_1_420' title='bbox 2770 3061 2948 3131; x_wconf 90' lang='lat' dir='ltr'>hujus</span> <span class='ocrx_word' id='word_1_421' title='bbox 3003 3060 3342 3131; x_wconf 80' lang='lat' dir='ltr'>quotidiano</span> <span class='ocrx_word' id='word_1_422' title='bbox 3403 3072 3576 3129; x_wconf 87' lang='lat' dir='ltr'>opera</span> <span class='ocrx_word' id='word_1_423' title='bbox 3605 3068 3778 3126; x_wconf 68' lang='lat' dir='ltr'>praece-</span> 
     </span>
    </p>
   </div>
   <div class='ocr_carea' id='block_1_63' title="bbox 2188 3142 3779 3221">
    <p class='ocr_par' dir='ltr' id='par_1_63' title="bbox 2188 3142 3779 3221">
     <span class='ocr_line' id='line_1_63' title="bbox 2188 3142 3779 3221; baseline -0.009 -14"><span class='ocrx_word' id='word_1_424' title='bbox 2188 3154 2423 3219; x_wconf 84' lang='lat' dir='ltr'>debant,</span> <span class='ocrx_word' id='word_1_425' title='bbox 2459 3159 2523 3206; x_wconf 92' lang='lat' dir='ltr'>ut</span> <span class='ocrx_word' id='word_1_426' title='bbox 2550 3156 2760 3216; x_wconf 87' lang='lat' dir='ltr'>totum,</span> <span class='ocrx_word' id='word_1_427' title='bbox 2814 3150 2969 3221; x_wconf 88' lang='lat' dir='ltr'>quod</span> <span class='ocrx_word' id='word_1_428' title='bbox 3000 3149 3059 3203; x_wconf 90' lang='lat' dir='ltr'>in</span> <span class='ocrx_word' id='word_1_429' title='bbox 3086 3147 3359 3203; x_wconf 88' lang='lat' dir='ltr'>Ecclesiis</span> <span class='ocrx_word' id='word_1_430' title='bbox 3389 3148 3512 3202; x_wconf 89' lang='lat' dir='ltr'>sive</span> <span class='ocrx_word' id='word_1_431' title='bbox 3541 3142 3779 3215; x_wconf 57' lang='lat' dir='ltr'>ampliano</span> 
     </span>
    </p>
   </div>
   <div class='ocr_carea' id='block_1_64' title="bbox 2186 3236 3784 3309">
    <p class='ocr_par' dir='ltr' id='par_1_64' title="bbox 2186 3236 3784 3309">
     <span class='ocr_line' id='line_1_64' title="bbox 2186 3236 3784 3309; baseline -0.008 -13"><span class='ocrx_word' id='word_1_432' title='bbox 2186 3243 2275 3296; x_wconf 89' lang='lat' dir='ltr'>dis</span> <span class='ocrx_word' id='word_1_433' title='bbox 2306 3243 2426 3296; x_wconf 83' lang='lat' dir='ltr'>sive</span> <span class='ocrx_word' id='word_1_434' title='bbox 2457 3238 2880 3305; x_wconf 88' lang='lat' dir='ltr'>restaurandis,</span> <span class='ocrx_word' id='word_1_435' title='bbox 2922 3238 3075 3309; x_wconf 89' lang='lat' dir='ltr'>quod</span> <span class='ocrx_word' id='word_1_436' title='bbox 3140 3238 3197 3290; x_wconf 90' lang='lat' dir='ltr'>in</span> <span class='ocrx_word' id='word_1_437' title='bbox 3230 3236 3495 3307; x_wconf 87' lang='lat' dir='ltr'>reliquiis</span> <span class='ocrx_word' id='word_1_438' title='bbox 3548 3239 3599 3288; x_wconf 88' lang='lat' dir='ltr'>et</span> <span class='ocrx_word' id='word_1_439' title='bbox 3624 3245 3784 3300; x_wconf 85' lang='lat' dir='ltr'>corpo-</span> 
     </span>
    </p>
   </div>
   <div class='ocr_carea' id='block_1_65' title="bbox 1806 3382 2499 3439">
    <p class='ocr_par' dir='ltr' id='par_1_65' title="bbox 1806 3382 2499 3439">
     <span class='ocr_line' id='line_1_65' title="bbox 1806 3382 2499 3439; baseline 0.004 -5"><span class='ocrx_word' id='word_1_440' title='bbox 1806 3382 1900 3436; x_wconf 85' lang='lat' dir='ltr'>VA</span> <span class='ocrx_word' id='word_1_441' title='bbox 1910 3383 2049 3439; x_wconf 74' lang='lat' dir='ltr'>Rl/E</span> <span class='ocrx_word' id='word_1_442' title='bbox 2089 3382 2499 3438; x_wconf 86' lang='lat' dir='ltr'>LECTIONES.</span> 
     </span>
    </p>
   </div>
   <div class='ocr_carea' id='block_1_66' title="bbox 509 3467 3784 3553">
    <p class='ocr_par' dir='ltr' id='par_1_66' title="bbox 509 3467 3784 3553">
     <span class='ocr_line' id='line_1_66' title="bbox 509 3467 3784 3553; baseline -0.005 -15"><span class='ocrx_word' id='word_1_443' title='bbox 509 3474 577 3507; x_wconf 78' lang='grc'>³⁶⁹</span> <span class='ocrx_word' id='word_1_444' title='bbox 606 3475 949 3553; x_wconf 11' lang='grc' dir='ltr'>ξίαῇροννίρο.</span> <span class='ocrx_word' id='word_1_445' title='bbox 985 3476 1299 3553; x_wconf 59' lang='lat' dir='ltr'>Aliquanta</span> <span class='ocrx_word' id='word_1_446' title='bbox 1324 3482 1371 3533; x_wconf 84' lang='grc'>1.</span> <span class='ocrx_word' id='word_1_447' title='bbox 1398 3481 1472 3551; x_wconf 82' lang='grc'>(2.</span> <span class='ocrx_word' id='word_1_448' title='bbox 1496 3481 1577 3549; x_wconf 79' lang='lat'>3?)</span> <span class='ocrx_word' id='word_1_449' title='bbox 1654 3482 1722 3515; x_wconf 80' lang='grc'><strong>³⁷⁰</strong></span> <span class='ocrx_word' id='word_1_450' title='bbox 1752 3480 1981 3553; x_wconf 88' lang='lat' dir='ltr'>magnis</span> <span class='ocrx_word' id='word_1_451' title='bbox 2016 3482 2065 3553; x_wconf 79' lang='lat'>1.</span> <span class='ocrx_word' id='word_1_452' title='bbox 2142 3482 2207 3517; x_wconf 72' lang='grc'>⁴⁷¹</span> <span class='ocrx_word' id='word_1_453' title='bbox 2231 3479 2553 3536; x_wconf 81' lang='lat' dir='ltr'>existimavi</span> <span class='ocrx_word' id='word_1_454' title='bbox 2587 3482 2638 3553; x_wconf 76' lang='lat'>3.</span> <span class='ocrx_word' id='word_1_455' title='bbox 2672 3552 2683 3553; x_wconf 16' lang='grc' dir='ltr'>ί</span> <span class='ocrx_word' id='word_1_456' title='bbox 2718 3478 3143 3553; x_wconf 73' lang='lat' dir='ltr'>3&quot;perpessum</span> <span class='ocrx_word' id='word_1_457' title='bbox 3173 3476 3225 3530; x_wconf 91' lang='lat'>3.</span> <span class='ocrx_word' id='word_1_458' title='bbox 3299 3476 3371 3553; x_wconf 46' lang='lat'>3&#39;”</span> <span class='ocrx_word' id='word_1_459' title='bbox 3395 3470 3725 3553; x_wconf 77' lang='lat' dir='ltr'>f.identide_m</span> 
     </span>
    </p>
   </div>
   <div class='ocr_carea' id='block_1_67' title="bbox 437 3544 913 3616">
    <p class='ocr_par' dir='ltr' id='par_1_67' title="bbox 437 3544 913 3616">
     <span class='ocr_line' id='line_1_67' title="bbox 437 3544 913 3616; baseline 0.006 -16"><span class='ocrx_word' id='word_1_460' title='bbox 437 3544 505 3578; x_wconf 68' lang='lat'>37‘</span> <span class='ocrx_word' id='word_1_461' title='bbox 544 3545 827 3616; x_wconf 88' lang='lat' dir='ltr'>palatium</span> <span class='ocrx_word' id='word_1_462' title='bbox 859 3544 913 3603; x_wconf 86' lang='lat'>3.</span> 
     </span>
    </p>
   </div>
   <div class='ocr_carea' id='block_1_68' title="bbox 1014 3550 2325 3623">
    <p class='ocr_par' dir='ltr' id='par_1_68' title="bbox 1014 3550 2325 3623">
     <span class='ocr_line' id='line_1_68' title="bbox 1014 3550 2325 3623; baseline 0.024 -23"><span class='ocrx_word' id='word_1_463' title='bbox 1014 3550 1080 3582; x_wconf 63' lang='lat'>375</span> <span class='ocrx_word' id='word_1_464' title='bbox 1112 3556 1393 3606; x_wconf 89' lang='lat' dir='ltr'>terrerent</span> <span class='ocrx_word' id='word_1_465' title='bbox 1423 3552 1474 3607; x_wconf 91' lang='lat'>3.</span> <span class='ocrx_word' id='word_1_466' title='bbox 1552 3553 1618 3587; x_wconf 75' lang='grc'>³⁷⁵</span> <span class='ocrx_word' id='word_1_467' title='bbox 1648 3550 1875 3607; x_wconf 34' lang='lat' dir='ltr'>aulem&#39;</span> <span class='ocrx_word' id='word_1_468' title='bbox 1898 3552 1951 3607; x_wconf 83' lang='lat'>3-</span> <span class='ocrx_word' id='word_1_469' title='bbox 2012 3552 2175 3621; x_wconf 70' lang='grc' dir='ltr'>(ἀθθδί</span> <span class='ocrx_word' id='word_1_470' title='bbox 2229 3554 2325 3623; x_wconf 70' lang='grc' dir='ltr'>δθ)’</span> 
     </span>
    </p>
   </div>
   <div class='ocr_carea' id='block_1_69' title="bbox 2402 3541 3783 3605">
    <p class='ocr_par' dir='ltr' id='par_1_69' title="bbox 2402 3541 3783 3605">
     <span class='ocr_line' id='line_1_69' title="bbox 2402 3541 3783 3605; baseline -0.012 1"><span class='ocrx_word' id='word_1_471' title='bbox 2402 3553 2467 3585; x_wconf 80' lang='grc'><strong>³⁷⁷</strong></span> <span class='ocrx_word' id='word_1_472' title='bbox 2526 3550 2612 3605; x_wconf 91' lang='lat' dir='ltr'>vel</span> <span class='ocrx_word' id='word_1_473' title='bbox 2661 3552 2715 3604; x_wconf 85' lang='lat'>2.</span> <span class='ocrx_word' id='word_1_474' title='bbox 2792 3541 2857 3582; x_wconf 61' lang='lat'>573</span> <span class='ocrx_word' id='word_1_475' title='bbox 2889 3541 3020 3603; x_wconf 72' lang='lat' dir='ltr'>actu</span> <span class='ocrx_word' id='word_1_476' title='bbox 3052 3564 3195 3602; x_wconf 71' lang='lat' dir='ltr'>corr.</span> <span class='ocrx_word' id='word_1_477' title='bbox 3224 3549 3421 3601; x_wconf 86' lang='lat' dir='ltr'>actum</span> <span class='ocrx_word' id='word_1_478' title='bbox 3452 3560 3585 3600; x_wconf 84' lang='lat' dir='ltr'>corr.</span> <span class='ocrx_word' id='word_1_479' title='bbox 3615 3546 3721 3595; x_wconf 91' lang='lat' dir='ltr'>actu</span> <span class='ocrx_word' id='word_1_480' title='bbox 3747 3541 3783 3591; x_wconf 85' lang='grc'>1.</span> 
     </span>
    </p>
   </div>
   <div class='ocr_carea' id='block_1_70' title="bbox 2024 3709 2247 3765">
    <p class='ocr_par' dir='ltr' id='par_1_70' title="bbox 2024 3709 2247 3765">
     <span class='ocr_line' id='line_1_70' title="bbox 2024 3709 2247 3765; baseline -0.004 -1"><span class='ocrx_word' id='word_1_481' title='bbox 2024 3709 2247 3765; x_wconf 62' lang='lat' dir='ltr'>NOTAE.</span> 
     </span>
    </p>
   </div>
   <div class='ocr_carea' id='block_1_71' title="bbox 507 3805 2156 3928">
    <p class='ocr_par' dir='ltr' id='par_1_71' title="bbox 507 3805 2156 3928">
     <span class='ocr_line' id='line_1_71' title="bbox 507 3805 2156 3928; baseline 0.002 -69"><span class='ocrx_word' id='word_1_482' title='bbox 507 3806 692 3928; x_wconf 46' lang='grc'>81937)</span> <span class='ocrx_word' id='word_1_483' title='bbox 729 3806 802 3859; x_wconf 91' lang='lat' dir='ltr'>De</span> <span class='ocrx_word' id='word_1_484' title='bbox 832 3809 1093 3888; x_wconf 82' lang='lat' dir='ltr'>tempore</span> <span class='ocrx_word' id='word_1_485' title='bbox 1150 3805 1451 3861; x_wconf 88' lang='lat' dir='ltr'>electionis</span> <span class='ocrx_word' id='word_1_486' title='bbox 1501 3811 1557 3860; x_wconf 90' lang='lat' dir='ltr'>et</span> <span class='ocrx_word' id='word_1_487' title='bbox 1589 3807 1973 3888; x_wconf 79' lang='lat' dir='ltr'>ordinationis</span> <span class='ocrx_word' id='word_1_488' title='bbox 2005 3807 2077 3862; x_wconf 88' lang='lat' dir='ltr'>cf.</span> <span class='ocrx_word' id='word_1_489' title='bbox 2114 3812 2156 3879; x_wconf 84' lang='lat' dir='ltr'>C</span> 
     </span>
     <span class='ocr_line' id='line_1_72' title="bbox 507 3875 2077 3928; baseline 0 0"><span class='ocrx_word' id='word_1_490' title='bbox 507 3920 512 3928; x_wconf 92' lang='lat'>.</span> <span class='ocrx_word' id='word_1_491' title='bbox 540 3875 853 3928; x_wconf 73' lang='lat' dir='ltr'>lerinorum</span> <span class='ocrx_word' id='word_1_492' title='bbox 891 3877 1203 3928; x_wconf 80' lang='lat' dir='ltr'>editionem</span> <span class='ocrx_word' id='word_1_493' title='bbox 1237 3878 1381 3928; x_wconf 85' lang='lat' dir='ltr'>Onn.</span> <span class='ocrx_word' id='word_1_494' title='bbox 1420 3878 1724 3928; x_wconf 68' lang='lat' dir='ltr'>Ratthern-</span> <span class='ocrx_word' id='word_1_495' title='bbox 1755 3879 2077 3928; x_wconf 62' lang='lat' dir='ltr'>[LLXXVIL</span> 
     </span>
    </p>
   </div>
   <div class='ocr_carea' id='block_1_72' title="bbox 433 3875 2077 3950">
    <p class='ocr_par' dir='ltr' id='par_1_72' title="bbox 433 3875 2077 3950">
     <span class='ocr_line' id='line_1_73' title="bbox 433 3875 2077 3950; baseline 0.002 -22"><span class='ocrx_word' id='word_1_496' title='bbox 433 3875 853 3950; x_wconf 29' lang='lat' dir='ltr'>Dall-erinorum</span> <span class='ocrx_word' id='word_1_497' title='bbox 891 3876 1203 3950; x_wconf 85' lang='lat' dir='ltr'>editionem</span> <span class='ocrx_word' id='word_1_498' title='bbox 1237 3878 1381 3949; x_wconf 90' lang='lat' dir='ltr'>Opp.</span> <span class='ocrx_word' id='word_1_499' title='bbox 1420 3878 1727 3950; x_wconf 82' lang='lat' dir='ltr'>Rattherii,</span> <span class='ocrx_word' id='word_1_500' title='bbox 1755 3879 2077 3950; x_wconf 86' lang='lat' dir='ltr'>p.LXXVll.</span> 
     </span>
    </p>
   </div>
   <div class='ocr_carea' id='block_1_73' title="bbox 440 3946 2083 4020">
    <p class='ocr_par' dir='ltr' id='par_1_73' title="bbox 440 3946 2083 4020">
     <span class='ocr_line' id='line_1_74' title="bbox 440 3946 2083 4020; baseline 0.002 -19"><span class='ocrx_word' id='word_1_501' title='bbox 440 3946 749 4001; x_wconf 75' lang='lat' dir='ltr'>Eutherius</span> <span class='ocrx_word' id='word_1_502' title='bbox 806 3949 1007 4002; x_wconf 88' lang='lat' dir='ltr'>eodem</span> <span class='ocrx_word' id='word_1_503' title='bbox 1068 3950 1158 4003; x_wconf 90' lang='lat' dir='ltr'>die</span> <span class='ocrx_word' id='word_1_504' title='bbox 1190 3946 1305 4020; x_wconf 85' lang='lat' dir='ltr'>quo</span> <span class='ocrx_word' id='word_1_505' title='bbox 1328 3946 1548 4005; x_wconf 51' lang='lat' dir='ltr'>&#39;Bruno</span> <span class='ocrx_word' id='word_1_506' title='bbox 1605 3946 1825 4005; x_wconf 83' lang='lat' dir='ltr'>electus</span> <span class='ocrx_word' id='word_1_507' title='bbox 1861 3956 1917 4005; x_wconf 91' lang='lat' dir='ltr'>et</span> <span class='ocrx_word' id='word_1_508' title='bbox 1947 3968 2083 4005; x_wconf 91' lang='lat' dir='ltr'>con-</span> 
     </span>
    </p>
   </div>
   <div class='ocr_carea' id='block_1_74' title="bbox 438 4022 2084 4091">
    <p class='ocr_par' dir='ltr' id='par_1_74' title="bbox 438 4022 2084 4091">
     <span class='ocr_line' id='line_1_75' title="bbox 438 4022 2084 4091; baseline 0.001 -17"><span class='ocrx_word' id='word_1_509' title='bbox 438 4023 701 4091; x_wconf 86' lang='lat' dir='ltr'>secratus</span> <span class='ocrx_word' id='word_1_510' title='bbox 758 4026 867 4087; x_wconf 90' lang='lat' dir='ltr'>est,</span> <span class='ocrx_word' id='word_1_511' title='bbox 910 4022 1292 4090; x_wconf 65' lang='lat' dir='ltr'>praesentibus</span> <span class='ocrx_word' id='word_1_512' title='bbox 1324 4027 1601 4091; x_wconf 69' lang='lat' dir='ltr'>praeterea</span> <span class='ocrx_word' id='word_1_513' title='bbox 1651 4022 1899 4077; x_wconf 83' lang='lat' dir='ltr'>Roberto</span> <span class='ocrx_word' id='word_1_514' title='bbox 1947 4023 2084 4076; x_wconf 89' lang='lat' dir='ltr'>Tre-</span> 
     </span>
    </p>
   </div>
   <div class='ocr_carea' id='block_1_75' title="bbox 438 4089 2085 4163">
    <p class='ocr_par' dir='ltr' id='par_1_75' title="bbox 438 4089 2085 4163">
     <span class='ocr_line' id='line_1_76' title="bbox 438 4089 2085 4163; baseline 0.001 -20"><span class='ocrx_word' id='word_1_515' title='bbox 438 4089 652 4163; x_wconf 80' lang='lat' dir='ltr'>virensi</span> <span class='ocrx_word' id='word_1_516' title='bbox 681 4089 1140 4163; x_wconf 80' lang='lat' dir='ltr'>archiepiscopo,</span> <span class='ocrx_word' id='word_1_517' title='bbox 1174 4089 1464 4147; x_wconf 79' lang='lat' dir='ltr'>Balderico</span> <span class='ocrx_word' id='word_1_518' title='bbox 1518 4092 1914 4159; x_wconf 80' lang='lat' dir='ltr'>Ultraiectino,</span> <span class='ocrx_word' id='word_1_519' title='bbox 1958 4092 2085 4147; x_wconf 89' lang='lat' dir='ltr'>Hil-</span> 
     </span>
    </p>
   </div>
   <div class='ocr_carea' id='block_1_76' title="bbox 440 4160 2079 4234">
    <p class='ocr_par' dir='ltr' id='par_1_76' title="bbox 440 4160 2079 4234">
     <span class='ocr_line' id='line_1_77' title="bbox 440 4160 2079 4234; baseline 0.001 -19"><span class='ocrx_word' id='word_1_520' title='bbox 440 4160 685 4234; x_wconf 82' lang='lat' dir='ltr'>debaldo</span> <span class='ocrx_word' id='word_1_521' title='bbox 721 4160 1357 4234; x_wconf 60' lang='lat' dir='ltr'>liiimigardex&#39;ordensi,</span> <span class='ocrx_word' id='word_1_522' title='bbox 1423 4164 1728 4230; x_wconf 75' lang='lat' dir='ltr'>Druogone</span> <span class='ocrx_word' id='word_1_523' title='bbox 1786 4164 2079 4219; x_wconf 36' lang='lat' dir='ltr'>Osuabruv</span> 
     </span>
    </p>
   </div>
   <div class='ocr_carea' id='block_1_77' title="bbox 438 4232 2083 4304">
    <p class='ocr_par' dir='ltr' id='par_1_77' title="bbox 438 4232 2083 4304">
     <span class='ocr_line' id='line_1_78' title="bbox 438 4232 2083 4304; baseline 0.001 -17"><span class='ocrx_word' id='word_1_524' title='bbox 438 4232 625 4303; x_wconf 86' lang='lat' dir='ltr'>gensi.</span> <span class='ocrx_word' id='word_1_525' title='bbox 681 4232 1024 4304; x_wconf 72' lang='lat' dir='ltr'>Berengarie</span> <span class='ocrx_word' id='word_1_526' title='bbox 1076 4234 1448 4303; x_wconf 89' lang='lat' dir='ltr'>Virduncnsi,</span> <span class='ocrx_word' id='word_1_527' title='bbox 1514 4236 1774 4288; x_wconf 63' lang='lat' dir='ltr'>Follierto</span> <span class='ocrx_word' id='word_1_528' title='bbox 1821 4237 2083 4289; x_wconf 83' lang='lat' dir='ltr'>Camera-</span> 
     </span>
    </p>
   </div>
   <div class='ocr_carea' id='block_1_78' title="bbox 438 4305 2087 4375">
    <p class='ocr_par' dir='ltr' id='par_1_78' title="bbox 438 4305 2087 4375">
     <span class='ocr_line' id='line_1_79' title="bbox 438 4305 2087 4375; baseline 0 -17"><span class='ocrx_word' id='word_1_529' title='bbox 438 4306 595 4358; x_wconf 89' lang='lat' dir='ltr'>censi</span> <span class='ocrx_word' id='word_1_530' title='bbox 651 4305 963 4375; x_wconf 86' lang='lat' dir='ltr'>episc0pis,</span> <span class='ocrx_word' id='word_1_531' title='bbox 1026 4306 1329 4360; x_wconf 70' lang='lat' dir='ltr'>Eutherius</span> <span class='ocrx_word' id='word_1_532' title='bbox 1388 4305 1445 4358; x_wconf 90' lang='lat' dir='ltr'>in</span> <span class='ocrx_word' id='word_1_533' title='bbox 1504 4306 1776 4360; x_wconf 90' lang='lat' dir='ltr'>Phrenesi</span> <span class='ocrx_word' id='word_1_534' title='bbox 1838 4306 1955 4360; x_wconf 70' lang='lat' dir='ltr'>haac</span> <span class='ocrx_word' id='word_1_535' title='bbox 2000 4307 2087 4358; x_wconf 89' lang='lat' dir='ltr'>ita</span> 
     </span>
    </p>
   </div>
   <div class='ocr_carea' id='block_1_79' title="bbox 441 4376 2082 4447">
    <p class='ocr_par' dir='ltr' id='par_1_79' title="bbox 441 4376 2082 4447">
     <span class='ocr_line' id='line_1_80' title="bbox 441 4376 2082 4447; baseline 0.001 -19"><span class='ocrx_word' id='word_1_536' title='bbox 441 4384 636 4447; x_wconf 81' lang='lat' dir='ltr'>narrat</span> <span class='ocrx_word' id='word_1_537' title='bbox 664 4379 739 4447; x_wconf 77' lang='grc' dir='ltr'>(ο.</span> <span class='ocrx_word' id='word_1_538' title='bbox 777 4378 843 4436; x_wconf 84' lang='grc' dir='ltr'>Ι.)</span> <span class='ocrx_word' id='word_1_539' title='bbox 878 4394 889 4429; x_wconf 91' lang='lat'>:</span> <span class='ocrx_word' id='word_1_540' title='bbox 926 4399 952 4424; x_wconf 87' lang='grc'>‹‹</span> <span class='ocrx_word' id='word_1_541' title='bbox 989 4376 1199 4431; x_wconf 88' lang='lat' dir='ltr'>Pulsus</span> <span class='ocrx_word' id='word_1_542' title='bbox 1242 4376 1537 4447; x_wconf 79' lang='lat' dir='ltr'>episcopio</span> <span class='ocrx_word' id='word_1_543' title='bbox 1599 4377 1915 4431; x_wconf 90' lang='lat' dir='ltr'>Veronensi</span> <span class='ocrx_word' id='word_1_544' title='bbox 1972 4376 2082 4430; x_wconf 87' lang='lat' dir='ltr'>Ita-</span> 
     </span>
    </p>
   </div>
   <div class='ocr_carea' id='block_1_80' title="bbox 441 4446 2085 4519">
    <p class='ocr_par' dir='ltr' id='par_1_80' title="bbox 441 4446 2085 4519">
     <span class='ocr_line' id='line_1_81' title="bbox 441 4446 2085 4519; baseline 0 -20"><span class='ocrx_word' id='word_1_545' title='bbox 441 4446 881 4519; x_wconf 69' lang='lat' dir='ltr'>liae,ordinatus</span> <span class='ocrx_word' id='word_1_546' title='bbox 932 4447 1027 4519; x_wconf 90' lang='lat' dir='ltr'>ubi</span> <span class='ocrx_word' id='word_1_547' title='bbox 1088 4446 1295 4513; x_wconf 79' lang='lat' dir='ltr'>fuerat,</span> <span class='ocrx_word' id='word_1_548' title='bbox 1340 4464 1490 4519; x_wconf 87' lang='lat' dir='ltr'>cum</span> <span class='ocrx_word' id='word_1_549' title='bbox 1556 4448 1626 4519; x_wconf 80' lang='lat' dir='ltr'>ad</span> <span class='ocrx_word' id='word_1_550' title='bbox 1678 4448 2085 4519; x_wconf 87' lang='lat' dir='ltr'>gloriosissimi</span> 
     </span>
    </p>
   </div>
   <div class='ocr_carea' id='block_1_81' title="bbox 441 4516 2086 4589">
    <p class='ocr_par' dir='ltr' id='par_1_81' title="bbox 441 4516 2086 4589">
     <span class='ocr_line' id='line_1_82' title="bbox 441 4516 2086 4589; baseline 0 -17"><span class='ocrx_word' id='word_1_551' title='bbox 441 4516 596 4588; x_wconf 88' lang='lat' dir='ltr'>regis</span> <span class='ocrx_word' id='word_1_552' title='bbox 637 4533 698 4571; x_wconf 89' lang='lat' dir='ltr'>se</span> <span class='ocrx_word' id='word_1_553' title='bbox 756 4518 1097 4572; x_wconf 86' lang='lat' dir='ltr'>contulisset</span> <span class='ocrx_word' id='word_1_554' title='bbox 1155 4518 1397 4589; x_wconf 77' lang='lat' dir='ltr'>Ottonis</span> <span class='ocrx_word' id='word_1_555' title='bbox 1441 4516 1744 4584; x_wconf 80' lang='lat' dir='ltr'>auxilium,</span> <span class='ocrx_word' id='word_1_556' title='bbox 1805 4521 2086 4589; x_wconf 87' lang='lat' dir='ltr'>copiaque</span> 
     </span>
    </p>
   </div>
   <div class='ocr_carea' id='block_1_82' title="bbox 442 4587 2084 4661">
    <p class='ocr_par' dir='ltr' id='par_1_82' title="bbox 442 4587 2084 4661">
     <span class='ocr_line' id='line_1_83' title="bbox 442 4587 2084 4661; baseline 0.001 -19"><span class='ocrx_word' id='word_1_557' title='bbox 442 4587 830 4643; x_wconf 77' lang='lat' dir='ltr'>rcStitutionis</span> <span class='ocrx_word' id='word_1_558' title='bbox 863 4589 1251 4659; x_wconf 79' lang='lat' dir='ltr'>praecessisset</span> <span class='ocrx_word' id='word_1_559' title='bbox 1284 4587 1462 4657; x_wconf 88' lang='lat' dir='ltr'>nulla,</span> <span class='ocrx_word' id='word_1_560' title='bbox 1495 4589 1621 4659; x_wconf 91' lang='lat' dir='ltr'>ipso</span> <span class='ocrx_word' id='word_1_561' title='bbox 1664 4587 1896 4661; x_wconf 82' lang='lat' dir='ltr'>quoque</span> <span class='ocrx_word' id='word_1_562' title='bbox 1947 4587 2084 4660; x_wconf 85' lang='lat' dir='ltr'>piis-</span> 
     </span>
    </p>
   </div>
   <div class='ocr_carea' id='block_1_83' title="bbox 444 4660 2086 4731">
    <p class='ocr_par' dir='ltr' id='par_1_83' title="bbox 444 4660 2086 4731">
     <span class='ocr_line' id='line_1_84' title="bbox 444 4660 2086 4731; baseline 0.001 -19"><span class='ocrx_word' id='word_1_563' title='bbox 444 4661 593 4714; x_wconf 91' lang='lat' dir='ltr'>simo</span> <span class='ocrx_word' id='word_1_564' title='bbox 625 4676 759 4731; x_wconf 87' lang='lat' dir='ltr'>rege</span> <span class='ocrx_word' id='word_1_565' title='bbox 790 4666 1053 4729; x_wconf 87' lang='lat' dir='ltr'>conante,</span> <span class='ocrx_word' id='word_1_566' title='bbox 1116 4662 1251 4715; x_wconf 89' lang='lat' dir='ltr'>data</span> <span class='ocrx_word' id='word_1_567' title='bbox 1306 4660 1561 4731; x_wconf 92' lang='lat' dir='ltr'>optione,</span> <span class='ocrx_word' id='word_1_568' title='bbox 1612 4660 1937 4717; x_wconf 86' lang='lat' dir='ltr'>interventu</span> <span class='ocrx_word' id='word_1_569' title='bbox 1973 4662 2086 4715; x_wconf 82' lang='lat' dir='ltr'>fra-</span> 
     </span>
    </p>
   </div>
   <div class='ocr_carea' id='block_1_84' title="bbox 444 4732 2085 4803">
    <p class='ocr_par' dir='ltr' id='par_1_84' title="bbox 444 4732 2085 4803">
     <span class='ocr_line' id='line_1_85' title="bbox 444 4732 2085 4803; baseline -0.001 -18"><span class='ocrx_word' id='word_1_570' title='bbox 444 4732 551 4785; x_wconf 87' lang='lat' dir='ltr'>tris</span> <span class='ocrx_word' id='word_1_571' title='bbox 598 4733 727 4801; x_wconf 86' lang='lat' dir='ltr'>ejus</span> <span class='ocrx_word' id='word_1_572' title='bbox 783 4733 1066 4787; x_wconf 87' lang='lat' dir='ltr'>Brunonis</span> <span class='ocrx_word' id='word_1_573' title='bbox 1113 4732 1543 4802; x_wconf 63' lang='lat' dir='ltr'>archiprmsulis</span> <span class='ocrx_word' id='word_1_574' title='bbox 1601 4738 1775 4803; x_wconf 89' lang='lat' dir='ltr'>atque</span> <span class='ocrx_word' id='word_1_575' title='bbox 1833 4737 2085 4803; x_wconf 83' lang='lat' dir='ltr'>patratu,</span> 
     </span>
    </p>
   </div>
   <div class='ocr_carea' id='block_1_85' title="bbox 449 4803 2087 4873">
    <p class='ocr_par' dir='ltr' id='par_1_85' title="bbox 449 4803 2087 4873">
     <span class='ocr_line' id='line_1_86' title="bbox 449 4803 2087 4873; baseline -0.001 -16"><span class='ocrx_word' id='word_1_576' title='bbox 449 4808 757 4872; x_wconf 86' lang='lat' dir='ltr'>postquam</span> <span class='ocrx_word' id='word_1_577' title='bbox 799 4803 1016 4858; x_wconf 89' lang='lat' dir='ltr'>electus</span> <span class='ocrx_word' id='word_1_578' title='bbox 1047 4821 1241 4858; x_wconf 87' lang='lat' dir='ltr'>coram</span> <span class='ocrx_word' id='word_1_579' title='bbox 1293 4804 1495 4858; x_wconf 86' lang='lat' dir='ltr'>eodem</span> <span class='ocrx_word' id='word_1_580' title='bbox 1549 4804 1620 4857; x_wconf 90' lang='lat' dir='ltr'>ad</span> <span class='ocrx_word' id='word_1_581' title='bbox 1679 4808 1873 4873; x_wconf 87' lang='lat' dir='ltr'>Aquas</span> <span class='ocrx_word' id='word_1_582' title='bbox 1932 4804 2087 4873; x_wconf 86' lang='lat' dir='ltr'>quod</span> 
     </span>
    </p>
   </div>
   <div class='ocr_carea' id='block_1_86' title="bbox 449 4874 2084 4945">
    <p class='ocr_par' dir='ltr' id='par_1_86' title="bbox 449 4874 2084 4945">
     <span class='ocr_line' id='line_1_87' title="bbox 449 4874 2084 4945; baseline 0 -18"><span class='ocrx_word' id='word_1_583' title='bbox 449 4874 665 4945; x_wconf 87' lang='lat' dir='ltr'>dicitur</span> <span class='ocrx_word' id='word_1_584' title='bbox 722 4874 896 4929; x_wconf 89' lang='lat' dir='ltr'>Grani</span> <span class='ocrx_word' id='word_1_585' title='bbox 958 4874 1260 4945; x_wconf 87' lang='lat' dir='ltr'>palatium,</span> <span class='ocrx_word' id='word_1_586' title='bbox 1316 4893 1427 4929; x_wconf 87' lang='lat' dir='ltr'>non</span> <span class='ocrx_word' id='word_1_587' title='bbox 1462 4874 1653 4929; x_wconf 90' lang='lat' dir='ltr'>solum</span> <span class='ocrx_word' id='word_1_588' title='bbox 1713 4874 1783 4929; x_wconf 89' lang='lat' dir='ltr'>ab</span> <span class='ocrx_word' id='word_1_589' title='bbox 1819 4875 1909 4928; x_wconf 86' lang='lat' dir='ltr'>bis</span> <span class='ocrx_word' id='word_1_590' title='bbox 1946 4891 2084 4944; x_wconf 90' lang='lat' dir='ltr'>quo-</span> 
     </span>
    </p>
   </div>
   <div class='ocr_carea' id='block_1_87' title="bbox 448 4943 2091 5016">
    <p class='ocr_par' dir='ltr' id='par_1_87' title="bbox 448 4943 2091 5016">
     <span class='ocr_line' id='line_1_88' title="bbox 448 4943 2091 5016; baseline 0 -18"><span class='ocrx_word' id='word_1_591' title='bbox 448 4961 576 4998; x_wconf 89' lang='lat' dir='ltr'>rum</span> <span class='ocrx_word' id='word_1_592' title='bbox 611 4943 885 4999; x_wconf 89' lang='lat' dir='ltr'>intererat</span> <span class='ocrx_word' id='word_1_593' title='bbox 917 4943 1249 5016; x_wconf 79' lang='lat' dir='ltr'>specialius,</span> <span class='ocrx_word' id='word_1_594' title='bbox 1304 4947 1401 5000; x_wconf 88' lang='lat' dir='ltr'>sed</span> <span class='ocrx_word' id='word_1_595' title='bbox 1462 4951 1519 4999; x_wconf 90' lang='lat' dir='ltr'>et</span> <span class='ocrx_word' id='word_1_596' title='bbox 1553 4946 1625 4999; x_wconf 90' lang='lat' dir='ltr'>ab</span> <span class='ocrx_word' id='word_1_597' title='bbox 1656 4946 1964 5016; x_wconf 86' lang='lat' dir='ltr'>episcopis,</span> <span class='ocrx_word' id='word_1_598' title='bbox 1995 4946 2091 4998; x_wconf 91' lang='lat' dir='ltr'>ab-</span> 
     </span>
    </p>
   </div>
   <div class='ocr_carea' id='block_1_88' title="bbox 448 5016 2090 5096">
    <p class='ocr_par' dir='ltr' id='par_1_88' title="bbox 448 5016 2090 5096">
     <span class='ocr_line' id='line_1_89' title="bbox 448 5016 2090 5096; baseline -0.001 -26"><span class='ocrx_word' id='word_1_599' title='bbox 448 5016 1353 5096; x_wconf 69' lang='lat' dir='ltr'>batibus,comitibus,totiusque_</span> <span class='ocrx_word' id='word_1_600' title='bbox 1368 5016 1527 5086; x_wconf 86' lang='lat' dir='ltr'>regni</span> <span class='ocrx_word' id='word_1_601' title='bbox 1550 5016 2090 5096; x_wconf 31' lang='lat' dir='ltr'>primoribusque?</span> 
     </span>
    </p>
   </div>
   <div class='ocr_carea' id='block_1_89' title="bbox 446 5086 2088 5158">
    <p class='ocr_par' dir='ltr' id='par_1_89' title="bbox 446 5086 2088 5158">
     <span class='ocr_line' id='line_1_90' title="bbox 446 5086 2088 5158; baseline 0.001 -20"><span class='ocrx_word' id='word_1_602' title='bbox 446 5092 505 5141; x_wconf 86' lang='lat' dir='ltr'>ta</span> <span class='ocrx_word' id='word_1_603' title='bbox 536 5086 814 5141; x_wconf 89' lang='lat' dir='ltr'>solemnis</span> <span class='ocrx_word' id='word_1_604' title='bbox 857 5088 1062 5157; x_wconf 86' lang='lat' dir='ltr'>jejunii</span> <span class='ocrx_word' id='word_1_605' title='bbox 1125 5086 1357 5158; x_wconf 88' lang='lat' dir='ltr'>septimi</span> <span class='ocrx_word' id='word_1_606' title='bbox 1416 5087 1636 5158; x_wconf 90' lang='lat' dir='ltr'>mensis</span> <span class='ocrx_word' id='word_1_607' title='bbox 1696 5088 1839 5141; x_wconf 82' lang='lat' dir='ltr'>feria</span> <span class='ocrx_word' id='word_1_608' title='bbox 1898 5088 2088 5141; x_wconf 87' lang='lat' dir='ltr'>fuerat</span> 
     </span>
    </p>
   </div>
   <div class='ocr_carea' id='block_1_90' title="bbox 2195 3791 3784 3877">
    <p class='ocr_par' dir='ltr' id='par_1_90' title="bbox 2195 3791 3784 3877">
     <span class='ocr_line' id='line_1_91' title="bbox 2195 3791 3784 3877; baseline -0.01 -14"><span class='ocrx_word' id='word_1_609' title='bbox 2195 3808 2395 3863; x_wconf 88' lang='lat' dir='ltr'>aderat</span> <span class='ocrx_word' id='word_1_610' title='bbox 2426 3806 2500 3877; x_wconf 87' lang='grc' dir='ltr'>(α)</span> <span class='ocrx_word' id='word_1_611' title='bbox 2532 3806 3081 3872; x_wconf 85' lang='lat' dir='ltr'>favore,destinatus</span> <span class='ocrx_word' id='word_1_612' title='bbox 3111 3804 3330 3858; x_wconf 85' lang='lat' dir='ltr'>eisdem</span> <span class='ocrx_word' id='word_1_613' title='bbox 3366 3806 3539 3872; x_wconf 88' lang='lat' dir='ltr'>atque</span> <span class='ocrx_word' id='word_1_614' title='bbox 3565 3791 3784 3877; x_wconf 80' lang='lat' dir='ltr'>solemni-</span> 
     </span>
    </p>
   </div>
   <div class='ocr_carea' id='block_1_91' title="bbox 2195 3877 3781 3954">
    <p class='ocr_par' dir='ltr' id='par_1_91' title="bbox 2195 3877 3781 3954">
     <span class='ocr_line' id='line_1_92' title="bbox 2195 3877 3781 3954; baseline -0.006 -21"><span class='ocrx_word' id='word_1_615' title='bbox 2195 3886 2284 3954; x_wconf 85' lang='lat' dir='ltr'>ter</span> <span class='ocrx_word' id='word_1_616' title='bbox 2313 3878 2766 3954; x_wconf 28' lang='lat' dir='ltr'>inthro‘niaa‘tus</span> <span class='ocrx_word' id='word_1_617' title='bbox 2803 3877 3067 3954; x_wconf 60' lang='lat' dir='ltr'>Ecclesia</span> <span class='ocrx_word' id='word_1_618' title='bbox 3090 3890 3391 3954; x_wconf 84' lang='lat' dir='ltr'>;_cumque</span> <span class='ocrx_word' id='word_1_619' title='bbox 3450 3877 3781 3954; x_wconf 48' lang='lat' dir='ltr'>posteamgt:</span> 
     </span>
    </p>
   </div>
   <div class='ocr_carea' id='block_1_92' title="bbox 2196 3948 3783 4021">
    <p class='ocr_par' dir='ltr' id='par_1_92' title="bbox 2196 3948 3783 4021">
     <span class='ocr_line' id='line_1_93' title="bbox 2196 3948 3783 4021; baseline -0.009 -16"><span class='ocrx_word' id='word_1_620' title='bbox 2196 3951 2291 4005; x_wconf 89' lang='lat' dir='ltr'>nio</span> <span class='ocrx_word' id='word_1_621' title='bbox 2316 3952 2439 4019; x_wconf 88' lang='lat' dir='ltr'>jam</span> <span class='ocrx_word' id='word_1_622' title='bbox 2500 3950 2602 4003; x_wconf 90' lang='lat' dir='ltr'>fati</span> <span class='ocrx_word' id='word_1_623' title='bbox 2639 3948 2901 4021; x_wconf 84' lang='lat' dir='ltr'>Baldrici,</span> <span class='ocrx_word' id='word_1_624' title='bbox 2937 3952 3308 4021; x_wconf 75' lang='lat' dir='ltr'>patratuque,</span> <span class='ocrx_word' id='word_1_625' title='bbox 3366 3948 3467 4015; x_wconf 88' lang='lat' dir='ltr'>qui</span> <span class='ocrx_word' id='word_1_626' title='bbox 3498 3958 3619 4021; x_wconf 83' lang='lat' dir='ltr'>eum</span> <span class='ocrx_word' id='word_1_627' title='bbox 3647 3950 3783 4021; x_wconf 63' lang='lat' dir='ltr'>super</span> 
     </span>
    </p>
   </div>
   <div class='ocr_carea' id='block_1_93' title="bbox 2194 4010 3777 4084">
    <p class='ocr_par' dir='ltr' id='par_1_93' title="bbox 2194 4010 3777 4084">
     <span class='ocr_line' id='line_1_94' title="bbox 2194 4010 3777 4084; baseline -0.009 -9"><span class='ocrx_word' id='word_1_628' title='bbox 2194 4010 2503 4076; x_wconf 65' lang='lat' dir='ltr'>ambonem</span> <span class='ocrx_word' id='word_1_629' title='bbox 2561 4019 2828 4074; x_wconf 79' lang='lat' dir='ltr'>Ecclesiae</span> <span class='ocrx_word' id='word_1_630' title='bbox 2891 4010 3253 4073; x_wconf 53' lang='lat' dir='ltr'>Coloniens&#39;is</span> <span class='ocrx_word' id='word_1_631' title='bbox 3285 4010 3572 4084; x_wconf 73' lang='lat' dir='ltr'>Spectanti</span> <span class='ocrx_word' id='word_1_632' title='bbox 3615 4010 3777 4084; x_wconf 49' lang='lat' dir='ltr'>cuncto</span> 
     </span>
    </p>
   </div>
   <div class='ocr_carea' id='block_1_94' title="bbox 2196 4080 3776 4161">
    <p class='ocr_par' dir='ltr' id='par_1_94' title="bbox 2196 4080 3776 4161">
     <span class='ocr_line' id='line_1_95' title="bbox 2196 4080 3776 4161; baseline -0.012 -14"><span class='ocrx_word' id='word_1_633' title='bbox 2196 4091 2505 4161; x_wconf 88' lang='lat' dir='ltr'>specialius</span> <span class='ocrx_word' id='word_1_634' title='bbox 2553 4090 2982 4145; x_wconf 88' lang='lat' dir='ltr'>collaudaverat</span> <span class='ocrx_word' id='word_1_635' title='bbox 3038 4089 3273 4161; x_wconf 91' lang='lat' dir='ltr'>populo.</span> <span class='ocrx_word' id='word_1_636' title='bbox 3309 4080 3585 4161; x_wconf 65' lang='lat' dir='ltr'>Rodberti</span> <span class='ocrx_word' id='word_1_637' title='bbox 3625 4080 3776 4153; x_wconf 39' lang='lat' dir='ltr'>Trevi:</span> 
     </span>
    </p>
   </div>
   <div class='ocr_carea' id='block_1_95' title="bbox 2196 4155 3777 4235">
    <p class='ocr_par' dir='ltr' id='par_1_95' title="bbox 2196 4155 3777 4235">
     <span class='ocr_line' id='line_1_96' title="bbox 2196 4155 3777 4235; baseline -0.004 -19"><span class='ocrx_word' id='word_1_638' title='bbox 2196 4155 2867 4235; x_wconf 55' lang='lat' dir='ltr'>rorumarchiepiscopi,</span> <span class='ocrx_word' id='word_1_639' title='bbox 2904 4163 2957 4217; x_wconf 91' lang='lat' dir='ltr'>vi</span> <span class='ocrx_word' id='word_1_640' title='bbox 2989 4155 3219 4235; x_wconf 80' lang='lat' dir='ltr'>publica</span> <span class='ocrx_word' id='word_1_641' title='bbox 3250 4155 3777 4235; x_wconf 28' lang='lat' dir='ltr'>comitum.Re‘ggtlfili|</span> 
     </span>
    </p>
   </div>
   <div class='ocr_carea' id='block_1_96' title="bbox 2196 4221 3776 4303">
    <p class='ocr_par' dir='ltr' id='par_1_96' title="bbox 2196 4221 3776 4303">
     <span class='ocr_line' id='line_1_97' title="bbox 2196 4221 3776 4303; baseline -0.011 -15"><span class='ocrx_word' id='word_1_642' title='bbox 2196 4241 2369 4303; x_wconf 85' lang='lat' dir='ltr'>atque</span> <span class='ocrx_word' id='word_1_643' title='bbox 2403 4221 2715 4286; x_wconf 79' lang='lat' dir='ltr'>Ruoduolti</span> <span class='ocrx_word' id='word_1_644' title='bbox 2895 4221 3075 4302; x_wconf 81' lang='lat' dir='ltr'>nepos</span> <span class='ocrx_word' id='word_1_645' title='bbox 3134 4233 3418 4301; x_wconf 87' lang='lat' dir='ltr'>ipsorum,</span> <span class='ocrx_word' id='word_1_646' title='bbox 3451 4228 3545 4303; x_wconf 76' lang='lat' dir='ltr'>qui</span> <span class='ocrx_word' id='word_1_647' title='bbox 3581 4221 3642 4279; x_wconf 89' lang='lat' dir='ltr'>et</span> <span class='ocrx_word' id='word_1_648' title='bbox 3660 4221 3776 4303; x_wconf 75' lang='lat' dir='ltr'>filius</span> 
     </span>
    </p>
   </div>
   <div class='ocr_carea' id='block_1_97' title="bbox 2196 4297 3777 4371">
    <p class='ocr_par' dir='ltr' id='par_1_97' title="bbox 2196 4297 3777 4371">
     <span class='ocr_line' id='line_1_98' title="bbox 2196 4297 3777 4371; baseline -0.001 -12"><span class='ocrx_word' id='word_1_649' title='bbox 2196 4297 2390 4359; x_wconf 73' lang='lat' dir='ltr'>fratris</span> <span class='ocrx_word' id='word_1_650' title='bbox 2422 4305 2717 4358; x_wconf 87' lang='lat' dir='ltr'>exstiterat</span> <span class='ocrx_word' id='word_1_651' title='bbox 2777 4297 3044 4367; x_wconf 81' lang='lat' dir='ltr'>Baldriei,</span> <span class='ocrx_word' id='word_1_652' title='bbox 3103 4297 3243 4357; x_wconf 85' lang='lat' dir='ltr'>talia</span> <span class='ocrx_word' id='word_1_653' title='bbox 3300 4307 3363 4355; x_wconf 88' lang='lat' dir='ltr'>ut</span> <span class='ocrx_word' id='word_1_654' title='bbox 3394 4297 3531 4371; x_wconf 84' lang='lat' dir='ltr'>quid</span> <span class='ocrx_word' id='word_1_655' title='bbox 3575 4297 3777 4371; x_wconf 63' lang='lat' dir='ltr'>contitl‘?’</span> 
     </span>
    </p>
   </div>
   <div class='ocr_carea' id='block_1_98' title="bbox 2197 4372 3775 4444">
    <p class='ocr_par' dir='ltr' id='par_1_98' title="bbox 2197 4372 3775 4444">
     <span class='ocr_line' id='line_1_99' title="bbox 2197 4372 3775 4444; baseline -0.008 -14"><span class='ocrx_word' id='word_1_656' title='bbox 2197 4377 2315 4430; x_wconf 91' lang='lat' dir='ltr'>rint</span> <span class='ocrx_word' id='word_1_657' title='bbox 2346 4391 2418 4429; x_wconf 91' lang='lat' dir='ltr'>ne</span> <span class='ocrx_word' id='word_1_658' title='bbox 2451 4375 2688 4429; x_wconf 81' lang='lat' dir='ltr'>difﬁcile</span> <span class='ocrx_word' id='word_1_659' title='bbox 2747 4375 2823 4430; x_wconf 91' lang='lat' dir='ltr'>sit</span> <span class='ocrx_word' id='word_1_660' title='bbox 2879 4374 3214 4444; x_wconf 88' lang='lat' dir='ltr'>conjectari,</span> <span class='ocrx_word' id='word_1_661' title='bbox 3278 4373 3536 4442; x_wconf 90' lang='lat' dir='ltr'>ejusdem</span> <span class='ocrx_word' id='word_1_662' title='bbox 3574 4372 3775 4437; x_wconf 59' lang='lat' dir='ltr'>nomlnls</span> 
     </span>
    </p>
   </div>
   <div class='ocr_carea' id='block_1_99' title="bbox 2196 4444 3777 4519">
    <p class='ocr_par' dir='ltr' id='par_1_99' title="bbox 2196 4444 3777 4519">
     <span class='ocr_line' id='line_1_100' title="bbox 2196 4444 3777 4519; baseline -0.011 -17"><span class='ocrx_word' id='word_1_663' title='bbox 2196 4464 2339 4519; x_wconf 90' lang='lat' dir='ltr'>puer</span> <span class='ocrx_word' id='word_1_664' title='bbox 2388 4447 2627 4519; x_wconf 85' lang='lat' dir='ltr'>quidam</span> <span class='ocrx_word' id='word_1_665' title='bbox 2689 4450 2751 4500; x_wconf 91' lang='lat' dir='ltr'>ut</span> <span class='ocrx_word' id='word_1_666' title='bbox 2800 4446 3204 4519; x_wconf 84' lang='lat' dir='ltr'>institueretur</span> <span class='ocrx_word' id='word_1_667' title='bbox 3234 4474 3299 4483; x_wconf 90' lang='lat'>——</span> <span class='ocrx_word' id='word_1_668' title='bbox 3330 4448 3386 4497; x_wconf 92' lang='lat' dir='ltr'>et</span> <span class='ocrx_word' id='word_1_669' title='bbox 3415 4446 3477 4497; x_wconf 90' lang='lat' dir='ltr'>ut</span> <span class='ocrx_word' id='word_1_670' title='bbox 3504 4456 3596 4519; x_wconf 86' lang='lat' dir='ltr'>per</span> <span class='ocrx_word' id='word_1_671' title='bbox 3623 4444 3777 4519; x_wconf 58' lang='lat' dir='ltr'>omnia</span> 
     </span>
    </p>
   </div>
   <div class='ocr_carea' id='block_1_100' title="bbox 2197 4504 3772 4589">
    <p class='ocr_par' dir='ltr' id='par_1_100' title="bbox 2197 4504 3772 4589">
     <span class='ocr_line' id='line_1_101' title="bbox 2197 4504 3772 4589; baseline -0.008 -17"><span class='ocrx_word' id='word_1_672' title='bbox 2197 4504 2467 4572; x_wconf 68' lang='lat' dir='ltr'>materies</span> <span class='ocrx_word' id='word_1_673' title='bbox 2528 4534 2908 4589; x_wconf 90' lang='lat' dir='ltr'>personarum</span> <span class='ocrx_word' id='word_1_674' title='bbox 2969 4516 3300 4589; x_wconf 85' lang='lat' dir='ltr'>acceptione</span> <span class='ocrx_word' id='word_1_675' title='bbox 3333 4504 3523 4589; x_wconf 70' lang='lat' dir='ltr'>pateat</span> <span class='ocrx_word' id='word_1_676' title='bbox 3549 4504 3772 4589; x_wconf 53' lang='lat' dir='ltr'>neglecti}:</span> 
     </span>
    </p>
   </div>
   <div class='ocr_carea' id='block_1_101' title="bbox 2196 4574 3771 4660">
    <p class='ocr_par' dir='ltr' id='par_1_101' title="bbox 2196 4574 3771 4660">
     <span class='ocr_line' id='line_1_102' title="bbox 2196 4574 3771 4660; baseline -0.007 -17"><span class='ocrx_word' id='word_1_677' title='bbox 2196 4574 2678 4658; x_wconf 47' lang='lat' dir='ltr'>timiditate‘jam</span> <span class='ocrx_word' id='word_1_678' title='bbox 2740 4589 2876 4642; x_wconf 87' lang='lat' dir='ltr'>dicti</span> <span class='ocrx_word' id='word_1_679' title='bbox 2939 4574 3387 4660; x_wconf 47' lang='lat' dir='ltr'>regis‘germani</span> <span class='ocrx_word' id='word_1_680' title='bbox 3414 4614 3481 4625; x_wconf 93' lang='lat'>—-</span> <span class='ocrx_word' id='word_1_681' title='bbox 3509 4597 3577 4637; x_wconf 88' lang='lat' dir='ltr'>ne</span> <span class='ocrx_word' id='word_1_682' title='bbox 3602 4574 3771 4660; x_wconf 57' lang='lat' dir='ltr'>scilioff</span> 
     </span>
    </p>
   </div>
   <div class='ocr_carea' id='block_1_102' title="bbox 2191 4652 3771 4730">
    <p class='ocr_par' dir='ltr' id='par_1_102' title="bbox 2191 4652 3771 4730">
     <span class='ocr_line' id='line_1_103' title="bbox 2191 4652 3771 4730; baseline -0.011 -15"><span class='ocrx_word' id='word_1_683' title='bbox 2191 4662 2315 4730; x_wconf 80' lang='lat' dir='ltr'>jam</span> <span class='ocrx_word' id='word_1_684' title='bbox 2351 4660 2451 4714; x_wconf 86' lang='lat' dir='ltr'>fati</span> <span class='ocrx_word' id='word_1_685' title='bbox 2484 4652 2723 4714; x_wconf 77' lang='lat' dir='ltr'>comites</span> <span class='ocrx_word' id='word_1_686' title='bbox 2783 4676 2815 4714; x_wconf 87' lang='lat' dir='ltr'>a</span> <span class='ocrx_word' id='word_1_687' title='bbox 2863 4652 3506 4730; x_wconf 47' lang='lat' dir='ltr'>regevad&#39;Conradum,</span> <span class='ocrx_word' id='word_1_688' title='bbox 3556 4652 3643 4722; x_wconf 88' lang='lat' dir='ltr'>qui</span> <span class='ocrx_word' id='word_1_689' title='bbox 3669 4652 3771 4730; x_wconf 47' lang='lat' dir='ltr'>tuo?</span> 
     </span>
    </p>
   </div>
   <div class='ocr_carea' id='block_1_103' title="bbox 2198 4726 3770 4800">
    <p class='ocr_par' dir='ltr' id='par_1_103' title="bbox 2198 4726 3770 4800">
     <span class='ocr_line' id='line_1_104' title="bbox 2198 4726 3770 4800; baseline -0.01 -12"><span class='ocrx_word' id='word_1_690' title='bbox 2198 4726 2399 4787; x_wconf 80' lang='lat' dir='ltr'>contra</span> <span class='ocrx_word' id='word_1_691' title='bbox 2454 4730 2647 4800; x_wconf 86' lang='lat' dir='ltr'>ipsum</span> <span class='ocrx_word' id='word_1_692' title='bbox 2707 4726 3280 4800; x_wconf 44' lang='lat' dir='ltr'>agebatfdeﬁeerent</span> <span class='ocrx_word' id='word_1_693' title='bbox 3332 4728 3550 4797; x_wconf 90' lang='lat' dir='ltr'>sibique</span> <span class='ocrx_word' id='word_1_694' title='bbox 3576 4726 3770 4800; x_wconf 48' lang='lat' dir='ltr'>cum}?</span> 
     </span>
    </p>
   </div>
   <div class='ocr_carea' id='block_1_104' title="bbox 2198 4784 3770 4872">
    <p class='ocr_par' dir='ltr' id='par_1_104' title="bbox 2198 4784 3770 4872">
     <span class='ocr_line' id='line_1_105' title="bbox 2198 4784 3770 4872; baseline -0.006 -17"><span class='ocrx_word' id='word_1_695' title='bbox 2198 4784 2777 4868; x_wconf 44' lang='lat' dir='ltr'>inimicarentur,velj</span> <span class='ocrx_word' id='word_1_696' title='bbox 2809 4784 2961 4872; x_wconf 75' lang='lat' dir='ltr'>quod</span> <span class='ocrx_word' id='word_1_697' title='bbox 2992 4800 3402 4872; x_wconf 21' lang='lat' dir='ltr'>veriusﬂipsius</span> <span class='ocrx_word' id='word_1_698' title='bbox 3434 4784 3770 4872; x_wconf 43' lang='lat' dir='ltr'>asseruut‘dg:</span> 
     </span>
    </p>
   </div>
   <div class='ocr_carea' id='block_1_105' title="bbox 2198 4854 3771 4944">
    <p class='ocr_par' dir='ltr' id='par_1_105' title="bbox 2198 4854 3771 4944">
     <span class='ocr_line' id='line_1_106' title="bbox 2198 4854 3771 4944; baseline -0.008 -16"><span class='ocrx_word' id='word_1_699' title='bbox 2198 4854 2489 4937; x_wconf 49' lang='lat' dir='ltr'>aesaes;</span> <span class='ocrx_word' id='word_1_700' title='bbox 2506 4854 2879 4940; x_wconf 44' lang='lat' dir='ltr'>eaeaeae;</span> <span class='ocrx_word' id='word_1_701' title='bbox 2897 4854 3051 4944; x_wconf 46' lang='lat' dir='ltr'>quia</span> <span class='ocrx_word' id='word_1_702' title='bbox 3066 4854 3079 4855; x_wconf 28' lang='grc' dir='ltr'>ί</span> <span class='ocrx_word' id='word_1_703' title='bbox 3094 4854 3211 4944; x_wconf 67' lang='lat' dir='ltr'>null</span> <span class='ocrx_word' id='word_1_704' title='bbox 3224 4854 3319 4925; x_wconf 79' lang='grc' dir='ltr'>ιῖηι</span> <span class='ocrx_word' id='word_1_705' title='bbox 3378 4869 3576 4924; x_wconf 85' lang='lat' dir='ltr'>habere</span> <span class='ocrx_word' id='word_1_706' title='bbox 3627 4854 3771 4944; x_wconf 54' lang='lat' dir='ltr'>potuit</span> 
     </span>
    </p>
   </div>
   <div class='ocr_carea' id='block_1_106' title="bbox 2200 4938 3767 5017">
    <p class='ocr_par' dir='ltr' id='par_1_106' title="bbox 2200 4938 3767 5017">
     <span class='ocr_line' id='line_1_107' title="bbox 2200 4938 3767 5017; baseline -0.003 -21"><span class='ocrx_word' id='word_1_707' title='bbox 2200 4945 2364 5017; x_wconf 85' lang='lat' dir='ltr'>idem</span> <span class='ocrx_word' id='word_1_708' title='bbox 2408 4938 2898 5017; x_wconf 77' lang='lat' dir='ltr'>archiepiscopus,</span> <span class='ocrx_word' id='word_1_709' title='bbox 2930 4938 3019 5017; x_wconf 12' lang='lat' dir='ltr'>&#39;iut</span> <span class='ocrx_word' id='word_1_710' title='bbox 3076 4943 3431 5017; x_wconf 88' lang='lat' dir='ltr'>inhiaverat,_</span> <span class='ocrx_word' id='word_1_711' title='bbox 3470 4954 3538 5017; x_wconf 79' lang='lat' dir='ltr'>ex</span> <span class='ocrx_word' id='word_1_712' title='bbox 3564 4938 3767 5017; x_wconf 44' lang='lat' dir='ltr'>epis???</span> 
     </span>
    </p>
   </div>
   <div class='ocr_carea' id='block_1_107' title="bbox 2198 4994 3768 5085">
    <p class='ocr_par' dir='ltr' id='par_1_107' title="bbox 2198 4994 3768 5085">
     <span class='ocr_line' id='line_1_108' title="bbox 2198 4994 3768 5085; baseline -0.008 -15"><span class='ocrx_word' id='word_1_713' title='bbox 2198 4994 3768 5085; x_wconf 43' lang='lat' dir='ltr'>gessisse“animusadjasga‘;&#39;fa.g...raggg-</span> 
     </span>
    </p>
   </div>
   <div class='ocr_carea' id='block_1_108' title="bbox 2196 5065 3767 5166">
    <p class='ocr_par' dir='ltr' id='par_1_108' title="bbox 2196 5065 3767 5166">
     <span class='ocr_line' id='line_1_109' title="bbox 2196 5065 3767 5166; baseline -0.004 -25"><span class='ocrx_word' id='word_1_714' title='bbox 2196 5065 2343 5166; x_wconf 62' lang='grc' dir='ltr'><em>ξ</em></span> <span class='ocrx_word' id='word_1_715' title='bbox 2355 5065 2782 5166; x_wconf 38' lang='lat' dir='ltr'>negasses;</span> <span class='ocrx_word' id='word_1_716' title='bbox 2799 5065 3222 5166; x_wconf 37' lang='lat' dir='ltr'>seligas};</span> <span class='ocrx_word' id='word_1_717' title='bbox 3235 5065 3767 5166; x_wconf 47' lang='lat' dir='ltr'>archiepiscopi</span> 
     </span>
    </p>
   </div>
   <div class='ocr_carea' id='block_1_109' title="bbox 443 5140 3768 5233">
    <p class='ocr_par' dir='ltr' id='par_1_109' title="bbox 443 5140 3768 5233">
     <span class='ocr_line' id='line_1_110' title="bbox 443 5140 3768 5233; baseline -0.004 -22"><span class='ocrx_word' id='word_1_718' title='bbox 443 5158 745 5233; x_wconf 71' lang='lat' dir='ltr'>expetitus</span> <span class='ocrx_word' id='word_1_719' title='bbox 767 5175 779 5211; x_wconf 86' lang='lat'><strong>:</strong></span> <span class='ocrx_word' id='word_1_720' title='bbox 802 5140 1047 5233; x_wconf 61' lang='lat' dir='ltr'>rursum</span> <span class='ocrx_word' id='word_1_721' title='bbox 1083 5140 1356 5233; x_wconf 63' lang='lat' dir='ltr'>sequenti</span> <span class='ocrx_word' id='word_1_722' title='bbox 1399 5157 1702 5233; x_wconf 79' lang='lat' dir='ltr'>Dominica</span> <span class='ocrx_word' id='word_1_723' title='bbox 1730 5140 1833 5233; x_wconf 15' lang='lat' dir='ltr'>ab”</span> <span class='ocrx_word' id='word_1_724' title='bbox 1862 5140 2083 5226; x_wconf 88' lang='lat' dir='ltr'>eodem,</span> <span class='ocrx_word' id='word_1_725' title='bbox 2119 5169 2163 5233; x_wconf 85' lang='lat' dir='ltr'>D</span> <span class='ocrx_word' id='word_1_726' title='bbox 2198 5140 2420 5233; x_wconf 80' lang='lat' dir='ltr'>lihelmi</span> <span class='ocrx_word' id='word_1_727' title='bbox 2452 5140 2553 5211; x_wconf 70' lang='lat' dir='ltr'>filii</span> <span class='ocrx_word' id='word_1_728' title='bbox 2585 5140 2765 5233; x_wconf 75' lang='lat' dir='ltr'>_regis</span> <span class='ocrx_word' id='word_1_729' title='bbox 2799 5140 3376 5233; x_wconf 53' lang='lat' dir='ltr'>_muni(lieentissima</span> <span class='ocrx_word' id='word_1_730' title='bbox 3429 5140 3768 5233; x_wconf 37' lang='lat' dir='ltr'>copiosis???</span> 
     </span>
    </p>
   </div>
   <div class='ocr_carea' id='block_1_110' title="bbox 444 5226 2083 5298">
    <p class='ocr_par' dir='ltr' id='par_1_110' title="bbox 444 5226 2083 5298">
     <span class='ocr_line' id='line_1_111' title="bbox 444 5226 2083 5298; baseline 0 -17"><span class='ocrx_word' id='word_1_731' title='bbox 444 5228 552 5281; x_wconf 90' lang='lat' dir='ltr'>hoc</span> <span class='ocrx_word' id='word_1_732' title='bbox 584 5235 672 5281; x_wconf 87' lang='lat' dir='ltr'>est</span> <span class='ocrx_word' id='word_1_733' title='bbox 726 5228 1092 5282; x_wconf 70' lang='lat' dir='ltr'>Laodicensns</span> <span class='ocrx_word' id='word_1_734' title='bbox 1146 5228 1412 5282; x_wconf 72' lang='lat' dir='ltr'>Ecclesiae</span> <span class='ocrx_word' id='word_1_735' title='bbox 1454 5226 1665 5298; x_wconf 91' lang='lat' dir='ltr'>populo</span> <span class='ocrx_word' id='word_1_736' title='bbox 1715 5229 1956 5292; x_wconf 87' lang='lat' dir='ltr'>electus,</span> <span class='ocrx_word' id='word_1_737' title='bbox 1989 5246 2083 5282; x_wconf 74' lang='lat' dir='ltr'>se~</span> 
     </span>
    </p>
   </div>
   <div class='ocr_carea' id='block_1_111' title="bbox 446 5298 2083 5386">
    <p class='ocr_par' dir='ltr' id='par_1_111' title="bbox 446 5298 2083 5386">
     <span class='ocr_line' id='line_1_112' title="bbox 446 5298 2083 5386; baseline 0.002 -37"><span class='ocrx_word' id='word_1_738' title='bbox 446 5302 600 5365; x_wconf 89' lang='lat' dir='ltr'>ptem</span> <span class='ocrx_word' id='word_1_739' title='bbox 635 5316 666 5380; x_wconf 75' lang='lat' dir='ltr'>a</span> <span class='ocrx_word' id='word_1_740' title='bbox 720 5300 1075 5379; x_wconf 86' lang='lat' dir='ltr'>coepiscopis</span> <span class='ocrx_word' id='word_1_741' title='bbox 1135 5301 1248 5382; x_wconf 77' lang='lat' dir='ltr'>duo</span> <span class='ocrx_word' id='word_1_742' title='bbox 1298 5315 1547 5384; x_wconf 69' lang='lat' dir='ltr'>quorum</span> <span class='ocrx_word' id='word_1_743' title='bbox 1610 5300 1837 5386; x_wconf 67' lang='lat' dir='ltr'>fuerant</span> <span class='ocrx_word' id='word_1_744' title='bbox 1897 5298 2083 5386; x_wconf 62' lang='lat' dir='ltr'>archi-</span> 
     </span>
    </p>
   </div>
   <div class='ocr_carea' id='block_1_112' title="bbox 2202 5212 3768 5295">
    <p class='ocr_par' dir='ltr' id='par_1_112' title="bbox 2202 5212 3768 5295">
     <span class='ocr_line' id='line_1_113' title="bbox 2202 5212 3768 5295; baseline -0.009 -12"><span class='ocrx_word' id='word_1_745' title='bbox 2202 5230 2486 5283; x_wconf 86' lang='lat' dir='ltr'>i&#39;rueretur</span> <span class='ocrx_word' id='word_1_746' title='bbox 2522 5245 2533 5284; x_wconf 92' lang='lat'>:</span> <span class='ocrx_word' id='word_1_747' title='bbox 2569 5212 2710 5282; x_wconf 61' lang='lat' dir='ltr'>data</span> <span class='ocrx_word' id='word_1_748' title='bbox 2734 5228 2835 5283; x_wconf 90' lang='lat' dir='ltr'>otii</span> <span class='ocrx_word' id='word_1_749' title='bbox 2868 5212 3213 5295; x_wconf 83' lang='lat' dir='ltr'>occasione,</span> <span class='ocrx_word' id='word_1_750' title='bbox 3252 5212 3628 5295; x_wconf 55' lang='lat' dir='ltr'>curavit,&#39;quaa</span> <span class='ocrx_word' id='word_1_751' title='bbox 3653 5212 3768 5295; x_wconf 63' lang='grc' dir='ltr'>εἱςβδ</span> 
     </span>
    </p>
   </div>
   <div class='ocr_carea' id='block_1_113' title="bbox 2196 5280 3768 5388">
    <p class='ocr_par' dir='ltr' id='par_1_113' title="bbox 2196 5280 3768 5388">
     <span class='ocr_line' id='line_1_114' title="bbox 2196 5280 3768 5388; baseline -0.019 -35"><span class='ocrx_word' id='word_1_752' title='bbox 2196 5316 2329 5388; x_wconf 80' lang='lat' dir='ltr'>eum</span> <span class='ocrx_word' id='word_1_753' title='bbox 2362 5304 2488 5354; x_wconf 88' lang='lat' dir='ltr'>acta</span> <span class='ocrx_word' id='word_1_754' title='bbox 2523 5300 2767 5386; x_wconf 68' lang='lat' dir='ltr'>fuerant,</span> <span class='ocrx_word' id='word_1_755' title='bbox 2788 5300 2859 5381; x_wconf 45' lang='grc' dir='ltr'>εἰη</span> <span class='ocrx_word' id='word_1_756' title='bbox 2881 5300 3090 5386; x_wconf 46' lang='lat' dir='ltr'>.li‘bros</span> <span class='ocrx_word' id='word_1_757' title='bbox 3122 5280 3399 5386; x_wconf 70' lang='lat' dir='ltr'>digerere,</span> <span class='ocrx_word' id='word_1_758' title='bbox 3432 5280 3768 5386; x_wconf 49' lang='lat' dir='ltr'>qualitas‘ﬁlg-</span> 
     </span>
    </p>
   </div>
  </div>
