4008 5388
268 362 384 425 957

1868 363 2076 426 Vl'l‘A.

3553 352 3675 418 958

268 498 434 554 ribus
465 500 800 555 sanctorum
833 497 891 554 in
925 515 1091 555 suam
1116 499 1450 571 parochiam
1472 497 1915 566 transferendis,
1947 500 2002 564 Α
2033 496 2244 569 ignari,
2279 512 2458 569 quare
2478 495 2788 569 episcopus
2808 512 2931 552 rem
2962 492 3160 568 populi
3194 498 3249 550 et
3268 492 3522 566 pericula
3539 490 3653 547 bell

269 588 425 659 quod
474 588 533 642 in
593 588 830 659 privatis
878 590 963 644 vel
1036 589 1284 660 publicis
1340 592 1408 623 ³79
1466 588 1725 643 adificiis
1766 604 1918 643 com-

267 676 573 747 ponendis,
608 680 761 747 quod
794 678 853 732 in
884 678 1223 733 ordinandis
1256 679 1526 732 domibus
1569 677 1918 748 familiaque

268 769 487 819 sancta
549 766 646 821 Dei
710 766 978 822 Ecclesia
1032 768 1204 821 rebus
1256 768 1485 836 fecerat,
1547 768 1617 820 ad
1669 766 1915 821 aliorum

266 869 443 924 opera
470 854 537 889 ³⁸0
590 871 734 925 pene
781 854 1237 926 incomparabile
1285 856 1596 911 videretur.
1651 855 1796 909 Nam
1838 855 1916 909 si-

266 945 366 995 cut
397 959 576 1014 super
604 960 806 998 omnes
828 944 891 977 3‘“
919 945 1192 999 docentes
1216 960 1277 999 se
1303 943 1604 1012 intellexit,
1628 944 1709 997 ita
1724 944 1916 998 cordis

265 1030 355 1084 sui
389 1031 459 1065 ⁸⁸⁸
488 1032 692 1097 aciem,
728 1032 942 1103 ingenii
994 1050 1261 1101 acumen,
1310 1034 1490 1088 animi
1522 1036 1798 1103 vigorem,
1842 1033 1913 1087 ad

265 1121 492 1187 majora
550 1120 844 1192 sapientia
905 1126 962 1175 et
1021 1122 1250 1176 virtutis
1308 1138 1484 1193 opera
1558 1122 1770 1176 direxit
1824 1122 1913 1176 ³⁸³.

264 1212 344 1261 De
405 1207 684 1277 religione
743 1210 930 1279 primo
999 1217 1054 1264 et
1112 1210 1271 1265 cultu
1344 1212 1462 1275 Dei,
1521 1212 1674 1281 quod
1735 1211 1915 1265 Graci

263 1297 576 1351 theosebian
623 1299 693 1334 ³⁸⁸
734 1298 957 1365 dicunt,
1018 1300 1343 1354 secundum
1409 1302 1606 1354 datam
1666 1300 1778 1354 sibi
1830 1316 1917 1353 sa-

264 1384 565 1456 pientiam,
598 1387 938 1442 canonicam
972 1393 1029 1443 et
1084 1388 1466 1458 apostolicam
1512 1388 1915 1443 auctoritatem

264 1478 522 1540 secutus,
556 1474 834 1542 instituit,
868 1480 933 1530 ut
976 1477 1391 1547 multitudinis,
1447 1493 1574 1547 qua
1624 1478 1681 1530 in
1724 1477 1907 1531 diver.

265 1562 347 1617 sis
380 1564 447 1597 ³⁸⁸
478 1564 1028 1636 congregationibus
1076 1566 1145 1619 ad
1196 1566 1323 1635 ejus
1373 1565 1770 1621 bonorabilem
1820 1582 1914 1620 se-

265 1651 396 1706 dem
431 1651 861 1722 pertinentibus
892 1658 1035 1719 erat,
1072 1671 1250 1708 unum
1286 1671 1384 1709 cor
1416 1663 1566 1709 esset
1620 1659 1677 1708 et
1720 1654 1919 1708 anima

265 1758 419 1809 una;
458 1746 522 1796 ut
551 1744 798 1797 vestium
832 1742 1226 1813 superfluitas,
1260 1759 1489 1798 morum
1529 1742 1916 1813 inaequalitas,

263 1834 320 1884 et
366 1830 659 1901 quidquid
695 1830 802 1885 hoc
853 1832 1025 1886 modo
1072 1832 1143 1869 ³⁸⁸
1198 1833 1597 1887 eﬁeminatum
1655 1838 1711 1887 et
1753 1832 1917 1886 inde-
1946 1867 1993 1931 B

265 1935 404 1974 cens
461 1919 519 1973 in
579 1921 703 1988 ejus
756 1920 1013 1975 Ecclesia
1068 1921 1384 1986 videretur,
1444 1938 1574 1976 vera
1630 1926 1685 1974 et
1741 1922 1913 1992 spiri-

262 2006 407 2063 tuali
441 2007 906 2075 circumcisione,
970 2010 1123 2079 quod
1182 2014 1269 2064 est
1322 2010 1555 2064 initium
1590 2009 1912 2081 sapientia,

261 2096 713 2167 diligentissime
764 2098 1203 2165 abscideretur;
1271 2102 1334 2152 ut
1391 2097 1601 2153 divinis
1652 2098 1915 2152 ministe-

260 2185 364 2240 riis
393 2187 459 2226 δεῖ
493 2203 715 2255 omnes,
736 2203 985 2258 quorum
1017 2187 1075 2240 id
1109 2186 1816 2250 intererat,intentissime
1845 2187 1911 2222 ³⁸⁸

259 2274 586 2330 secundum
640 2276 934 2346 praiixam
987 2274 1102 2329 sibi
1161 2275 1425 2347 regulam
1486 2275 1765 2343 viverent,
1808 2293 1913 2331 nec

259 2362 436 2419 aliam
468 2364 579 2420 sibi
613 2381 733 2420 sua
764 2363 971 2419 salutis
1029 2381 1269 2419 causam
1335 2364 1629 2419 ullatenus
1662 2366 1911 2420 astima-

260 2457 411 2507 rent.

323 2543 414 2596 25.
449 2545 578 2596 Hac
609 2546 667 2597 et
695 2541 786 2596 his
819 2540 1039 2597 similia
1070 2557 1204 2596 cum
1238 2543 1588 2597 venerandis
1645 2544 1912 2613 patribus

258 2634 315 2685 ct
364 2630 504 2685 cleri
550 2632 641 2685 sui
690 2630 1022 2685 senioribus
1070 2632 1345 2699 frequens
1392 2631 1533 2701 egit,
1593 2649 1811 2702 eosque
1852 2632 1911 2688 in

258 2718 525 2773 custodia
554 2718 841 2772 Dominici
886 2717 1079 2788 gregis
1129 2733 1329 2771 secum
1363 2718 1580 2788 pariter
1610 2719 1912 2789 invigilare

261 2807 551 2862 sollicitus
612 2805 955 2871 admonuit;
1024 2810 1079 2860 et
1147 2805 1285 2876 quia
1341 2805 1514 2877 eulpa
1580 2811 1911 2877 temporum

262 2897 597 2965 urgebatur.
622 2899 689 2948 ut
720 2893 909 2948 rarius
931 2894 1048 2949 hac
1072 2910 1205 2948 cum
1240 2893 1356 2949 illis
1378 2900 1575 2967 ageret
1606 2914 1783 2967 quam
1813 2914 1913 2953 vo-

261 2984 437 3051 lebat,
462 2981 770 3037 sollicitius
792 2983 1003 3037 absens
1036 2999 1151 3037 non
1183 2982 1379 3038 minus
1405 3000 1583 3054 quam
1634 3001 1909 3055 prasens,

262 3070 471 3141 spiritu
494 3071 720 3125 fervens
738 3070 1083 3141 38°,Domino
1107 3071 1366 3126 serviens
1389 3072 1693 3128 astuabat.
1736 3075 1914 3129 Erant

259 3159 311 3215 ei
334 3160 488 3214 foras
517 3161 586 3195 39°
617 3176 843 3231 pugna,
876 3160 1035 3215 intus
1056 3160 1326 3215 timores.
1360 3160 1664 3233 Pugnabat
1711 3166 1914 3218 contra

2028 586 2375 653 tractaverit,
2429 604 2561 643 cum
2612 588 2943 642 animarum
3018 584 3427 640 tantummodo
3473 598 3672 637 curam

2028 678 2369 749 susceperit.
2404 677 2624 740 Quibus
2656 694 2746 731 res
2778 678 2907 747 ipsa
2936 674 3121 741 facile,
3183 675 3229 729 si
3283 672 3421 744 quid
3462 688 3673 727 sanum

2029 766 2284 837 sapiunt,
2320 765 2627 830 satisfacit,
2661 782 2793 819 cum
2828 770 3055 819 tantum
3090 768 3147 817 et
3202 769 3323 815 tam
3374 761 3672 815 insuetum

2026 855 2142 909 illis
2170 856 2491 926 prasertim
2517 854 2780 924 partibus
2808 854 2965 925 pacis
2988 854 3206 906 bonum
3232 867 3334 921 per
3348 850 3505 904 hunc
3529 854 3676 903 tuto-

2028 960 2149 998 rem
2172 949 2228 997 et
2252 946 2543 998 doctorem
2570 941 2757 996 ﬁdelis
2780 942 2979 1012 pOpuli
3004 941 3173 1012 longe
3206 940 3435 1011 lateque
3466 955 3675 1009 propa-

2026 1037 2228 1101 gatum
2263 1031 2577 1102 aspiciunt,
2610 1047 2679 1085 ne
2714 1047 2815 1101 pro
2848 1030 2953 1083 hac
2982 1047 3040 1083 re
3087 1029 3253 1099 quasi
3302 1028 3361 1081 in
3401 1029 3671 1082 tenebras

2026 1120 2300 1191 amplius,
2334 1121 2429 1174 ubi
2456 1136 2569 1173 non
2601 1125 2690 1174 est
2720 1118 3031 1189 prasentia
3052 1117 3219 1187 lucis,
3251 1117 3548 1172 offendant
3575 1117 3665 1168 επ.

2026 1211 2137 1264 Nec
2168 1226 2299 1264 vero
2322 1226 2467 1264 nova
2491 1210 2596 1262 fuit
2628 1208 2806 1279 hujus
2838 1207 3039 1261 mundi
3071 1207 3138 1241 3“
3195 1206 3536 1277 gubernatio
3568 1208 3672 1260 aut

2026 1303 2239 1354 sancta
2290 1298 2388 1352 Dei
2449 1297 2712 1353 Ecclesia
2758 1295 3079 1351 rectoribus
3132 1300 3302 1349 antea
3346 1295 3670 1361 inusitata;

2026 1387 2195 1455 cujus
2227 1385 2493 1456 exempla
2525 1385 2573 1438 si
2620 1385 2754 1455 quis
2804 1384 3135 1453 requisierit
3165 1385 3251 1447 3“,
3310 1383 3369 1437 in
3397 1386 3670 1454 promptu

2026 1479 2164 1529 sunt
2194 1475 2281 1527 397.
2316 1475 2432 1528 Nos
2462 1490 2594 1528 vero
2625 1473 2698 1528 ad
2750 1472 2865 1527 alia
2922 1472 3283 1541 festinantes,
3347 1472 3486 1543 quid
3520 1470 3673 1541 quis-

2027 1581 2141 1635 que
2163 1567 2228 1599 ³9⁸
2252 1566 2321 1620 de
2337 1565 2428 1637 pio
2444 1565 2552 1619 hoc
2570 1563 2691 1618 viro
2713 1564 3120 1635 loquatur,suo
3145 1560 3561 1633 ipsiusjudicio
3586 1577 3672 1615 re-

2025 1653 2381 1725 linquimus:
2410 1653 2680 1718 scientes,
2701 1653 2829 1709 sani
2861 1651 3073 1723 capitis
3104 1667 3231 1706 esse
3251 1648 3671 1719 neminem,qui

2028 1745 2243 1799 bonum
2296 1742 2801 1799 evidentissimum
2852 1740 2971 1796 ullo
3029 1739 3321 1795 maledicti
3364 1737 3674 1809 opprobrio

2028 1832 2255 1887 fuscare
2278 1832 2521 1887 nitatur.
2557 1832 2877 1887 Honestum
2915 1830 3069 1885 enim
3102 1834 3159 1884 et
3186 1827 3327 1883 utile
3354 1827 3421 1862 ³⁹⁹
3466 1830 3677 1882 nostra

2026 1920 2357 1991 reipublica
2416 1922 2525 1975 fuit
2555 1936 2725 1976 omne
2758 1920 2911 1990 quod
2946 1919 3096 1973 fecit.
3130 1917 3319 1972 Factis
3370 1931 3502 1971 vero
3551 1914 3674 1969 suis

2026 2010 2182 2065 hunc
2214 2011 2387 2065 finem
2420 2027 2793 2081 nequaquam
2826 2007 3149 2077 constituit,
3179 2012 3244 2061 ut
3302 2003 3534 2059 nonnisi
3573 2018 3676 2074 per

2026 2098 2330 2153 hominum
2363 2115 2464 2153 ora
2495 2098 2747 2153 favorem
2780 2096 3069 2168 captando
3120 2093 3401 2159 volarent,
3459 2092 3559 2147 sed
3592 2091 3675 2146 ita

2023 2186 2180 2253 vixit,
2205 2177 2292 2242 ita
2322 2204 2496 2258 opera
2527 2204 2634 2241 sua
2664 2202 2859 2241 coram
2920 2183 3261 2240 hominibus
3302 2180 3668 2252 temperavit,

2026 2281 2088 2330 ut
2117 2275 2389 2347 pessimis
2410 2275 2654 2342 horrori,
2688 2274 2858 2330 bonis
2888 2277 3042 2329 esset
3070 2273 3307 2327 honore.
3343 2271 3443 2325 His
3473 2272 3669 2341 aperte

2022 2367 2246 2420 cunctis
2280 2366 2552 2432 innotuit,
2589 2366 2741 2434 quod
2775 2365 2834 2417 in
2865 2364 3202 2435 episcopatu
3264 2361 3482 2415 bonum
3523 2376 3668 2430 opus

2023 2454 2392 2524 desideravit,
2428 2453 2485 2507 in
2519 2471 2634 2525 quo
2669 2469 2774 2507 nec
2808 2454 2879 2507 ab
2912 2450 3124 2506 invidis
3173 2454 3229 2504 et
3286 2448 3512 2503 amulis
3543 2448 3671 2504 suis

2023 2543 2189 2598 facile
2221 2544 2409 2614 potuit
2438 2542 2802 2611 reprehendi,
2838 2542 2949 2597 nisi
3002 2540 3108 2595 hoc
3157 2540 3351 2611 ipsum
3400 2538 3460 2592 in
3502 2536 3673 2592 laude

2024 2633 2151 2700 ejus
2183 2632 2367 2701 magis
2400 2632 2721 2701 proficeret,
2747 2630 2899 2700 quod
2935 2629 3147 2683 talibus
3178 2626 3527 2697 displiceret.
3555 2629 3673 2679 Hac

2024 2719 2202 2789 igitur
2233 2718 2477 2774 mirifica
2508 2718 2842 2790 operatione
2876 2718 3149 2771 detentus
3181 2713 3423 2786 pervigil
3451 2713 3669 2768 summi

2023 2807 2463 2878 patrisfamilias
2484 2811 2750 2877 operator
2763 2810 2818 2860 et
2840 2822 3110 2860 summus
3133 2801 3669 2875 prasul,lucernam

2022 2897 2347 2959 ardentem,
2371 2896 2507 2951 boni
2530 2894 2796 2950 videlicet
2815 2894 3007 2964 operis
3038 2891 3353 2962 exemplar.
3388 2892 3445 2944 in
3480 2888 3667 2944 mani-

2023 2985 2133 3038 bus
2162 2986 2377 3053 ferens,
2412 2985 2484 3039 ad
2516 3001 2584 3039 ea
2613 3001 2739 3054 qua
2764 2982 2863 3038 Dei
2883 2986 3021 3037 sunt
3040 2981 3183 3036 alios
3206 2979 3458 3035 volentes
3481 2979 3665 3048 duxit,

2021 3070 2168 3126 alios
2198 3072 2461 3127 nolentes
2493 3072 2687 3127 traxit.

2091 3162 2179 3215 24.
2204 3162 2353 3231 (954)
2385 3161 2494 3216 Sed
2528 3161 2679 3216 inter
2707 3161 2829 3217 hac
2861 3160 3104 3216 humani
3150 3158 3378 3232 generis
3426 3156 3670 3227 antiqua

257 3248 532 3320 luporum
554 3248 870 3304 Ecclesium
902 3249 1003 3303 Dei
1065 3250 1367 3304 devastare
1427 3251 1790 3322 cupientium
1823 3270 1909 3307 ra-
1942 3233 1985 3299 α
2024 3249 2208 3320 pestis
2239 3266 2353 3304 non
2384 3250 2631 3305 cessavit
2661 3250 2888 3305 invidia
2923 3266 3040 3305 sua
3070 3249 3231 3304 virus
3250 3264 3354 3319 per
3383 3262 3557 3318 opera
3588 3245 3667 3316 pii

256 3336 455 3403 hiem;
489 3336 732 3391 timebat
792 3335 1020 3390 Domini
1079 3336 1273 3391 ovium
1335 3336 1720 3407 simplicitati,
1760 3338 1913 3393 sicut

254 3424 611 3495 Apostolus:
655 3425 855 3489 Timeo,
886 3423 1102 3494 inquit,
1162 3441 1233 3479 ne
1284 3442 1507 3496 serpens
1563 3428 1705 3481 sicut
1744 3428 1912 3482 Evam

250 3513 479 3567 seduxit
507 3513 708 3567 astutia
733 3527 855 3581 sua,
880 3514 963 3566 ita
987 3528 1175 3567 sensus
1203 3514 1375 3567 vestri
1403 3520 1831 3585 corrumpantur
1876 3532 1911 3571 a

250 3601 623 3671 simplicitate,
646 3615 771 3671 qua
801 3604 880 3655 est
908 3602 968 3655 in
998 3600 1208 3656 Christo
1236 3603 1365 3657 Jesa
1423 3605 1495 3672 (II
1551 3604 1673 3659 Cor.
1716 3621 1796 3670 x1,
1829 3604 1904 3675 3).

254 3689 339 3743 Ita
368 3688 679 3743 exercitato
709 3692 937 3758 pectore
967 3692 1170 3742 contra
1200 3690 1444 3744 adversa
1506 3691 1704 3745 omnia
1733 3693 1906 3746 robu-

254 3776 554 3832 stissimus
586 3780 709 3830 erat
737 3799 752 3840 ;
785 3774 844 3829 in
876 3776 1171 3847 prosperis
1202 3792 1434 3847 quoque
1496 3778 1630 3831 talis
1674 3779 1910 3835 animus

257 3866 499 3920 minime
534 3862 858 3930 vacillabat,
895 3864 1070 3919 rebus
1102 3882 1263 3935 aque
1296 3870 1353 3919 et
1385 3866 1605 3920 crebris
1636 3868 1909 3923 exercita-

255 3955 515 4009 tionibus
537 3954 753 4009 docens
775 3969 977 4008 omnes
1000 3953 1910 4023 sibisubditos,sollicitosserva-

254 4059 314 4097 re
364 4042 649 4097 unitatem
698 4039 1051 4126 spiritusdn
1093 4042 1323 4097 vinculo
1367 4042 1547 4112 pacis.
1600 4044 1774 4099 Visus
1821 4050 1910 4101 est

253 4130 540 4202 singulari
572 4130 672 4185 illa
703 4131 918 4185 mentis
950 4148 1067 4185 sua
1098 4131 1359 4203 agilitate
1390 4148 1537 4201 pene
1587 4133 1908 4189 excessisse

251 4218 522 4291 generale
552 4218 719 4283 illud,
753 4236 868 4289 quo
901 4219 1138 4284 dicitur,
1164 4224 1441 4286 mentem,
1466 4237 1601 4275 cum
1628 4221 1906 4277 dividitur

250 4308 321 4362 ad
356 4307 561 4375 multa,
580 4307 705 4363 fieri
726 4307 1013 4362 minorem
1040 4309 1113 4363 ad
1135 4308 1387 4379 singula.
1456 4310 1705 4380 Cogente
1727 4309 1907 4381 igitur

249 4396 315 4432 3“
351 4395 640 4467 imperiali
671 4396 1040 4466 auctoritate,
1072 4396 1348 4467 suscepit,
1412 4401 1475 4450 ut
1523 4398 1649 4467 jam
1682 4397 1905 4451 dictum

251 4488 361 4553 est,
394 4488 645 4540 tractare
674 4484 905 4556 negotia
936 4484 1101 4557 regni
1151 4486 1305 4555 apud
1367 4484 1673 4540 Lotharios
1704 4486 1792 4539 ³92.
1839 4489 1907 4540 Et

2024 3339 2279 3393 doctoris
2302 3339 2427 3410 jam
2460 3340 2518 3393 in
2550 3341 2701 3394 bona
2724 3356 2825 3410 spe
2849 3335 3667 3410 germinantialongelateque

2024 3426 2380 3499 dispergere.
2408 3432 2553 3482 Nam
2579 3444 2711 3483 cum
2732 3428 2987 3499 primum
3008 3426 3295 3482 Lotharici
3311 3424 3471 3497 regni
3492 3439 3671 3494 popu~

2021 3514 2115 3571 lus
2139 3516 2892 3589 multimodamagnihujus
2920 3516 3025 3570 viri
3058 3515 3452 3571 exhortatione
3481 3513 3549 3547 ⁴⁰⁰
3576 3511 3672 3566 vix

2022 3605 2257 3660 tandem
2317 3606 2616 3674 inductus,
2667 3605 3071 3661 blandimenta
3118 3604 3275 3676 pacis
3336 3603 3503 3659 valde
3561 3602 3673 3659 sibi

2022 3693 2254 3749 insueta
2278 3699 2546 3760 tentaret,
2578 3699 2635 3749 et
2662 3695 2755 3750 his
2789 3695 2885 3766 qui
2940 3694 3065 3749 sola
3117 3693 3271 3749 civili
3313 3692 3676 3748 dissensione

2019 3786 2214 3836 tutum
2246 3782 2356 3837 sibi
2389 3782 2609 3853 aliquid
2642 3784 3084 3853 pollicebantur,
3138 3798 3443 3838 assensum
3495 3782 3551 3835 in
3584 3780 3676 3836 sui

2022 3870 2339 3939 perniciem
2370 3885 2438 3924 ex
2468 3876 2632 3941 parte
2669 3870 2918 3940 plurima
2975 3871 3228 3940 prabere
3255 3872 3320 3907 ‘0’
3353 3874 3669 3941 respueret,

2020 3974 2171 4012 sava
2200 3958 2528 4029 Ungrorum
2569 3974 2731 4028 gens,
2783 3964 2840 4014 et
2880 3958 3117 4030 qualem
3179 3974 3481 4028 nunquam
3513 3963 3669 4013 terra

2019 4052 2223 4100 nostra
2248 4047 2433 4101 sensit
2454 4047 2803 4112 barbariem,
2829 4064 2862 4101 a
2881 4048 3165 4117 perversis
3195 4046 3386 4101 illecta
3415 4046 3659 4117 civibus,

2018 4135 2283 4188 transitis
2314 4135 2634 4189 Germania
2668 4136 2735 4170 ‘09
2768 4135 3062 4206 plerisque
3084 4134 3415 4205 provinciis,
3440 4133 3663 4203 Gallia,

2017 4223 2111 4277 cui
2136 4223 2262 4291 jam
2288 4222 2427 4277 olim
2463 4222 2674 4277 no‘oilis
2725 4223 3079 4277 Francorum
3132 4222 3379 4294 populus
3425 4221 3659 4288 insedit,

2016 4310 2216 4366 omnia
2237 4311 2383 4366 ferro
2403 4315 2461 4365 et
2483 4310 2714 4383 ignibus
2734 4315 3032 4367 vastatura
3051 4327 3113 4366 se
3143 4318 3324 4366 totam
3349 4311 3580 4366 infudit.
3600 4311 3661 4365 In

2018 4398 2125 4453 hac
2158 4400 2277 4454 acie
2307 4400 2523 4463 Cuono,
2549 4402 2649 4469 qui
2676 4400 2838 4470 prlus
2859 4401 2925 4434 ‘03
2945 4401 3063 4455 dux
3084 4407 3207 4455 erat
3227 4402 3661 4472 egregius,cum

2018 4486 2142 4542 suis
2174 4487 2524 4557 sequacibus
2559 4486 2827 4542 militavit
2846 4518 2914 4528 ——
2936 4493 3131 4543 utrum
3156 4489 3227 4543 ad
3259 4489 3386 4556 hoc,
3440 4494 3504 4543 ut
3531 4490 3662 4543 odio

254 4589 389 4628 cum
443 4572 759 4644 unicuique
817 4575 889 4629 de
948 4573 1314 4645 principibus
1373 4578 1429 4628 et
1462 4574 1906 4646 magistratibus
1938 4592 1985 4657 Β
2020 4592 2147 4643 suo,
2174 4575 2403 4646 quodin
2422 4575 2612 4629 virum
2646 4575 2745 4630 Dei
2770 4577 3102 4632 Brunonem
3127 4578 3295 4632 bonis
3318 4584 3469 4633 certe
3498 4593 3662 4631 man-

256 4678 431 4717 suum
464 4663 777 4733 partiretur
803 4679 953 4719 onus
982 4664 1069 4733 393,
1107 4663 1422 4733 unicuique
1446 4662 1558 4717 sibi
1579 4679 1909 4735 congruum

256 4749 570 4822 imperaret
600 4768 768 4822 opus,
801 4751 946 4806 nihil
975 4756 1171 4806 tamen
1204 4756 1349 4821 erat,
1408 4751 1565 4821 quod
1626 4769 1741 4807 non
1782 4752 1908 4823 ipse

256 4838 480 4907 obiret;
513 4839 621 4895 hoc
643 4839 898 4895 maxime.
928 4838 1156 4896 consilii
1211 4838 1515 4896 vivacitate
1573 4840 1903 4911 providens,

256 4928 410 4997 quod
444 4927 719 4983 omnibus
750 4929 1063 4998 expediret.

321 5016 411 5071 23.
436 5016 767 5072 Causantur
796 5016 939 5071 forte
970 5016 1153 5087 aliqui
1187 5018 1397 5075 divina
1450 5018 1909 5089 dispensationis

2021 4663 2424 4719 suetissimum
2446 4664 2933 4735 conceperat,hac
2954 4665 3104 4719 foeda
3126 4666 3469 4721 crudelitate
3490 4666 3667 4719 satis-

2020 4753 2250 4821 faceret,
2284 4769 2358 4806 an
2390 4756 2456 4807 ut
2484 4752 2699 4823 quibus
2730 4759 2928 4823 posset
2957 4753 3016 4807 in
3047 4758 3210 4808 tanto
3242 4754 3499 4825 periculo
3528 4754 3670 4806 sub-

2017 4842 2259 4909 veniret,
2289 4840 2615 4906 incertum;
2653 4841 2755 4895 sed
2787 4840 2931 4895 illud
2965 4841 3130 4912 prius
3184 4842 3361 4897 latius
3403 4840 3675 4912 opinione

2022 4929 2470 4986 disseminatum
2531 4934 2639 4985 est.
2698 4929 2849 4984 Nam
2922 4934 2979 4983 et
3056 4934 3264 4984 contra
3334 4947 3466 4985 eum
3534 4928 3683 4979 dura

2021 5033 2269 5091 quaque
2297 5018 2725 5085 fraudulenter,
2760 5019 2904 5087 quia
2931 5016 3085 5071 vires
3118 5018 3465 5083 defecerant,
3498 5018 3688 5068 tenta-

1604 5116 1864 5172 VARLZE
1898 5116 2207 5172 LECTION
2219 5116 2316 5170 ES.

318 5203 386 5239 379
418 5201 476 5255 in
508 5217 562 5272 p.
593 5204 649 5255 2.
681 5199 733 5253 3.

246 5272 312 5306 ³⁸⁸
341 5274 400 5327 h.
436 5269 525 5326 mf
544 5272 739 5327 desunt
757 5269 810 5324 3.

242 5343 309 5377 ’9’
338 5342 651 5388 lnthnrinns
679 5342 730 5388 2-
764 5341 814 5388 3-

814 5199 1146 5276 39°‘operam
1181 5204 1247 5276 2.
1313 5207 1379 5241 ³⁸1
1414 5222 1657 5276 superos
1686 5208 1745 5260 L.

885 5272 949 5306 ³⁸⁷
983 5274 1285 5340 mysteriis
1315 5279 1366 5333 3.

891 5344 956 5378 ³9³
1022 5358 1077 5388 ﬂ-
1140 5358 1198 5388 l)-
1263 5366 1288 5388 α
1361 5367 1390 5388 n
1473 5349 1485 5388 ἶ
1569 5344 1760 5388 damnvqu
1821 5349 1852 5388 2

1826 5205 1895 5247 ³8²
1924 5206 2053 5276 ejus
2086 5209 2143 5260 2.

1445 5278 1509 5313 388
1567 5276 2019 5349 diligentissime
2070 5281 2132 5333 L.

1950 5349 2017 5385 39b
2048 5346 2293 5388 nﬂ'pndif.
2325 5347 2347 5388 ιΙ
2414 5349 2725 5388 nti‘nndnnf.
2752 5347 2773 5388 Ι

3305 5210 3369 5244 ³⁸⁵
3398 5202 3606 5262 diversi
3640 5202 3668 5254 1
3683 5229 3698 5241 ο

3333 5281 3397 5315 ³91
3430 5279 3599 5332 deest.
3639 5272 3700 5340 3;

3533 5344 3600 5381 396
3650 5348 3703 5388 gl

2691 5203 2759 5237 38"
2792 5204 3141 5262 theofebian
3172 5206 3195 5260 l
3217 5249 3229 5261 .

2742 5277 2813 5312 39°
2874 5276 3017 5333 foris
3073 5278 3132 5328 2.
3200 5280 3255 5334 3.

2887 5350 2956 5385 395
3015 5346 3367 5388 hninnmnAi
3400 5351 3433 5388 ἢ

2223 5204 2290 5240 ⁸⁸³
2322 5204 2525 5260 dilexit
2556 5209 2608 5263 l.

2214 5276 2281 5309 ³⁸9
2341 5278 2546 5334 fruens
2608 5276 2662 5332 l.
