4008 5388
364 382 481 443 959

1332 394 1394 455 8.
1443 393 1840 457 BRUNONIS
1885 393 2395 458 COLONIENSIS
2442 398 2806 462 ARCHIEP.

3662 398 3779 459 960

363 515 465 604 vit,
497 515 577 571 ita
616 521 681 572 ut
729 518 972 590 Mettim,
1033 522 1235 579 urbem
1293 524 1818 597 opulentissimam,
1875 527 2003 582 dolo
2033 525 2390 592 Atraditam
2423 548 2458 586 a
2515 532 2679 587 beato
2732 532 2897 587 Petro
2954 530 3214 604 apostolo
3272 548 3480 587 sanam
3545 548 3775 587 servare

366 603 681 672 invaderet,
715 608 826 679 ipsi
860 612 1105 666 Colonia:
1133 618 1189 668 et
1219 616 1436 671 czeteris
1466 618 1624 687 regni
1674 617 2009 672 munitioni-

367 694 479 749 bus
514 704 851 768 suspectum
886 716 945 755 se
989 702 1213 775 faceret,
1264 706 1473 775 probra
1522 708 1788 775 jactaret,
1825 706 2013 761 minas

366 783 707 840 etlunderet.
744 788 807 841 Et
841 794 1041 859 postea
1072 790 1501 863 aliquantulum
1534 796 1600 838 δοῖ
1643 796 1921 866 temporis
1955 796 2012 849 in

368 871 479 927 hac
508 874 707 929 eadem
743 894 859 946 qua
889 880 1110 934 dudum
1135 887 1257 936 erat
1280 884 1645 939 immanitate
1672 885 2011 955 permansit.

370 961 523 1017 Nihil
549 963 781 1034 reliquit
804 967 1297 1040 intentatum,quo
1317 973 1571 1027 fmdusin
1588 973 1798 1043 populo
1820 978 2013 1028 nostro

366 1066 467 1120 per
497 1052 843 1121 sapientiam
902 1056 1153 1113 doctoris
1199 1061 1288 1113 sui
1342 1067 1575 1131 pactum
1608 1062 1922 1117 dissolvere
1954 1078 2014 1117 se

369 1155 537 1209 posse
571 1146 816 1211 putaret.
846 1144 1026 1221 llomo
1061 1164 1312 1218 namque
1331 1156 1452 1204 erat
1482 1151 1654 1221 paulo
1687 1156 1820 1207 ante
1854 1168 2013 1206 sum-

370 1243 467 1281 ma
495 1231 754 1298 potentia
783 1250 1131 1305 summaque
1162 1236 1414 1301 fortuna,
1448 1240 1546 1293 sed
1582 1240 1839 1309 ignarus,
1876 1256 2015 1310 quo-

371 1317 542 1370 modo
577 1321 849 1375 secundis
885 1324 1055 1377 rebus
1090 1324 1167 1377 uti
1190 1327 1539 1383 conveniret.
1568 1332 1682 1383 llas
1714 1329 2018 1399 quoniam,

368 1411 678 1476 postquam
712 1410 1055 1476 abusnsest,
1080 1414 1349 1484 perdidit,
1378 1416 1432 1470 in
1488 1418 1670 1471 bonos
1714 1417 1866 1471 ultra
1896 1434 2017 1472 mo-

375 1494 517 1547 dum
555 1494 866 1566 impatiens
898 1502 1080 1555 szeviit
1111 1504 1213 1569 $05;
1247 1505 1345 1557 sed
1379 1523 1411 1559 a
1444 1507 1679 1561 nefariis
1706 1506 1829 1561 suis
1852 1523 2021 1561 cona-

379 1582 535 1671 tibus
563 1601 810 1656 semper,
838 1588 919 1643 ita
948 1590 1062 1645 Deo
1094 1592 1489 1671 dispensante,
1527 1594 1793 1665 repulsus
1816 1600 1923 1663 est,
1958 1602 2021 1651 ut

372 1669 480 1725 hoc
510 1688 642 1727 eum
678 1692 791 1731 non
827 1677 1027 1734 leviter
1052 1669 1373 1750 pceniteret,
1403 1685 1556 1755 quod
1581 1702 1857 1756 magnum
1885 1685 2019 1739 faci-

374 1776 485 1813 nus
516 1766 679 1817 tanta
702 1763 934 1822 levitate
967 1786 1277 1841 aggressus
1308 1777 1415 1828 est.

2127 618 2307 689 “938)
2326 620 2672 683 doctrinam,
2698 620 2991 676 catholicae
3014 622 3144 675 fidei
3178 621 3535 693 integritate,
3567 622 3627 675 in
3653 638 3779 676 vera

2123 709 2487 763 confessione
2544 714 2600 763 et
2656 710 2977 765 inviolabili
3046 711 3283 765 veritate
3342 710 3779 782 praedicationis

2126 798 2275 851 uniri
2300 814 2311 851 :
2339 798 2671 870 synodicam
2703 816 2867 853 suam
2903 800 3209 871 epistolam
3230 817 3331 871 per
3353 801 3777 865 Hadamarum,

2124 887 2509 942 venerabilem
2538 889 2875 943 monasterii
2903 889 3775 957 Fuldensisabbatem,Romam

2125 977 2194 1030 ad
2228 976 2559 1047 Agapitum,
2595 978 2751 1031 mirae
2783 978 3113 1033 sanctitatis
3142 995 3374 1049 papam,
3429 978 3684 1035 direxit:
3719 979 3775 1032 in

2127 1082 2259 1135 qua,
2296 1068 2465 1135 cujus
2496 1066 2743 1137 spiritus
2776 1073 2951 1131 esset,
2975 1072 3031 1121 et
3061 1067 3196 1137 quia
3230 1072 3432 1137 pastor
3462 1068 3537 1120 ab
3572 1066 3774 1120 ovibus

2127 1153 2368 1221 electus,
2401 1173 2433 1209 a
2466 1156 2711 1210 Domino
2746 1156 2959 1211 missus
2990 1161 3161 1224 esset,
3186 1156 3465 1210 innotuit.
3501 1154 3774 1226 Appella-

2128 1247 2340 1313 tusque
2362 1247 2449 1297 est
2472 1244 2547 1298 ibi
2573 1261 2810 1299 concors
2828 1250 2885 1299 et
2912 1245 3163 1299 concivis
3186 1243 3774 1314 apostolorum,prin-

2129 1349 2262 1403 ceps
2288 1334 2354 1366 ⁴⁰⁹
2376 1350 2439 1386 ac
2463 1339 2812 1405 propagator
2825 1334 3051 1388 Domini
3070 1334 3775 1404 praeceptorumLegatus

2132 1421 2261 1475 inde
2289 1438 2419 1474 cum
2456 1437 2665 1491 magna
2725 1423 2935 1476 mentis
2995 1421 3290 1476 alacritate
3350 1438 3643 1488 reversus,
3686 1421 3776 1490 pio

2130 1510 2368 1581 pastori,
2404 1510 2494 1564 cui
2528 1510 2769 1565 antehac
2799 1510 2986 1579 gratia
3016 1510 3115 1564 Dei
3148 1509 3422 1564 collatum
3457 1514 3551 1563 est
3573 1525 3774 1563 secun-

2130 1599 2267 1652 dum
2304 1599 2643 1669 prophetam
2676 1599 2864 1653 oleum
2899 1598 3094 1669 gaudii
3142 1600 3230 1667 "0,
3291 1614 3393 1669 pro
3442 1597 3607 1652 luctu
3654 1600 3775 1666 (Iw.

2131 1705 2240 1753 LXI,
2274 1689 2325 1757 3)
2360 1693 2497 1742 tunc
2528 1688 2721 1742 attulit
2750 1688 2989 1759 pallium
3022 1687 3211 1742 laudis
3244 1704 3346 1759 pro
3380 1688 3592 1758 spiritu
3640 1704 3778 1740 mce-

2131 1777 2298 1831 roris.
2353 1778 2603 1847 Spiritus
2661 1793 2915 1848 namque
2963 1777 3063 1831 Dei
3123 1776 3355 1831 cordate
3417 1776 3666 1841 homini,
3729 1780 3782 1829 et

442 1851 533 1906 25.
567 1851 829 1951 Pepercit
859 1861 1053 1911 autem
1088 1860 1142 1913 in
1179 1862 1451 1917 omnibus
1512 1864 1797 1919 sacerdoti
1830 1879 1935 1918 suo
1966 1866 2022 1917 et
2054 1898 2101 1963 Β
2133 1867 2477 1920 sacramenti
2527 1867 2593 1900 ⁴¹¹
2648 1866 2825 1934 hujus
2867 1865 3185 1936 magniﬁcae
3246 1864 3445 1919 virtuti
3480 1866 3552 1899 “2
3591 1864 3776 1935 magis

373 1936 468 2007 pio
502 1940 781 2009 provisori
815 1945 1010 2015 populi
1072 1948 1159 2002 sui
1224 1951 1553 2005 misericors
1612 1958 1667 2007 et
1718 1952 2026 2007 miserator

373 2024 680 2100 Dominus,
711 2036 768 2085 et
798 2034 875 2087 ita
905 2036 1101 2092 omnia
1131 2040 1438 2107 ordinavit,
1464 2047 1529 2095 ut
1549 2044 1771 2113 absque
1795 2040 1944 2096 bello
1968 2045 2024 2095 et

374 2116 633 2173 humana
650 2122 903 2191 pernicie
927 2127 1182 2181 maxima
1202 2146 1351 2200 saepe
1374 2131 1631 2200 pericula
1656 2133 2023 2186 sedarentur.

378 2205 531 2260 Inter
562 2224 687 2277 qua:
722 2210 1054 2281 frequenter
1086 2216 1206 2286 ipse
1239 2217 1536 2273 interritus
1577 2225 1677 2275 aut
1708 2237 1904 2275 secum
1936 2222 2021 2274 in-

374 2297 569 2350 tentus
592 2296 749 2368 legit,
782 2306 882 2355 aut
910 2302 980 2355 de
1006 2305 1275 2361 maximis
1295 2309 1625 2379 quibusque
1650 2308 2019 2380 rebus,quasi

376 2398 647 2439 curarum
676 2387 1019 2445 instantium
1042 2394 1294 2461 nescius,
1320 2396 1657 2467 disputavit.
1684 2403 1798 2451 Hoc
1816 2398 2016 2453 Treve-

377 2471 510 2536 rim,
544 2472 651 2528 hoc
683 2475 739 2528 in
770 2476 1010 2533 Alisatio
1057 2482 1325 2551 gentibus
1365 2488 1419 2537 et
1467 2485 1696 2556 populis
1741 2486 2013 2552 innotuit,

378 2565 599 2629 quanta
629 2566 956 2619 constantia
1001 2572 1057 2621 et
1104 2572 1410 2625 securitate
1461 2573 1639 2627 animi
1697 2575 1787 2629 sui
1818 2574 2015 2629 incon-

375 2653 599 2702 stantes
640 2654 693 2703 et
724 2655 1060 2711 temerarios
1091 2659 1555 2717 adversariorum
1593 2670 1785 2719 motus
1818 2665 2017 2718 redar-

374 2735 521 2805 guit,
546 2754 676 2792 cum
700 2743 925 2812 eos,qui
944 2744 999 2797 in
1024 2746 1227 2803 alienis
1249 2766 1309 2804 se
1326 2752 2014 2823 fortissimosjactabant,

376 2824 433 2878 in
475 2826 723 2897 propriis
775 2837 891 2885 tam
941 2832 1259 2891 imbecilles
1327 2856 1453 2894 esse
1518 2843 1900 2897 monstrabat.
1949 2844 2019 2897 Et

377 2929 572 2968 revera
605 2933 750 2987 quos
779 2919 939 2975 nulla
970 2938 1227 2994 unquam
1257 2928 1429 2993 acies,
1483 2928 1644 2984 nulla
1702 2930 1921 2985 inﬂexit
1952 2932 2017 2965 ⁴⁰⁶

378 3003 681 3075 asperitas,
715 3006 824 3061 hos
855 3007 1031 3080 hujus
1062 3012 1166 3066 viri
1203 3015 1384 3084 pietas
1420 3017 1680 3073 imbelles
1702 3024 1759 3073 et
1780 3020 2017 3074 timidos

378 3090 642 3147 faciebat.
695 3094 948 3151 Consilio
1000 3116 1251 3172 namque
1299 3109 1354 3158 et
1402 3106 1683 3160 bonorum
1712 3106 2015 3161 hominum

378 3180 775 3249 multitudine,
812 3202 924 3239 non
960 3188 1181 3244 sazvitia
1232 3192 1530 3249 timendus
1588 3196 1733 3263 fuit;
1766 3203 1822 3250 et
1864 3196 2016 3266 quod

2133 1971 2307 2025 quam
2343 1954 2433 2009 his
2466 1972 2591 2026 qua:
2613 1954 2920 2009 visibiliter
2942 1956 3293 2025 gerebantur
3319 1952 3777 2016 intento,divini-

2132 2048 2226 2097 tus
2258 2044 2581 2115 inspiravit,
2616 2048 2680 2097 ut
2726 2045 2972 2114 erigeret
3020 2060 3118 2097 cor
3151 2060 3325 2097 suum
3374 2042 3433 2096 in
3488 2059 3657 2113 spem
3683 2059 3777 2113 per

2133 2134 2199 2166 “3
2226 2133 2505 2204 gaudium
2536 2132 2857 2203 spirituale,
2894 2148 2963 2186 ne
3001 2133 3334 2185 tristaretur
3382 2132 3443 2185 in
3505 2148 3573 2185 eo
3608 2147 3773 2200 quem

2130 2221 2315 2277 sensit
2354 2222 2659 2275 imminere
2710 2222 2990 2275 laborem.
3050 2224 3154 2278 Cor
3206 2222 3376 2288 enim,
3432 2220 3577 2291 quod
3636 2222 3780 2273 novit

2128 2310 2555 2364 amaritudinem
2586 2312 2795 2365 animae
2818 2326 2948 2377 sucu,
2979 2312 3038 2363 in
3055 2308 3260 2379 gaudio
3291 2310 3408 2378 ejus
3436 2324 3549 2363 non
3582 2311 3770 2362 misce-

2128 2400 2275 2453 bitur
2329 2404 2620 2453 extraneas
2670 2400 2849 2468 (Prov.
2914 2414 3025 2463 xxv,
3102 2399 3211 2467 40).
3284 2396 3600 2467 Sapientia:
3660 2396 3775 2451 hac

2123 2487 2298 2541 verba
2328 2491 2484 2542 sunt.

2196 2578 2284 2631 27.
2320 2576 2567 2647 Legatus
2599 2590 2756 2645 ergo,
2789 2578 2851 2629 ut
2899 2574 3054 2645 loqui
3111 2574 3416 2646 coepimus,
3479 2574 3667 2628 Roma
3700 2590 3775 2628 re-

2127 2665 2313 2733 diens,
2342 2666 2561 2719 bonum
2594 2663 2865 2718 nuntium
2908 2662 3203 2718 Coloniam
3236 2663 3383 2717 ferre
3413 2661 3775 2727 acceleravit,

2127 2759 2366 2826 portans
2390 2768 2622 2807 sacrum
2647 2752 2911 2806 habitum
2926 2752 2998 2806 ab
3022 2750 3336 2805 universali
3355 2750 3778 2821 pontificemis-

2127 2860 2281 2911 sum,
2306 2842 2756 2913 praztendentem
2786 2842 2992 2912 jugum
3025 2840 3256 2895 Domini
3308 2856 3484 2894 suave
3542 2843 3602 2892 et
3633 2854 3776 2893 onus

2127 2933 2255 3002 ejus
2279 2931 2417 2997 leve,
2445 2936 2500 2985 et
2532 2930 2725 3001 ipsum
2752 2930 2905 3000 quod
2940 2930 3050 2984 sub
3069 2945 3135 2983 eo
3158 2928 3536 2999 dispensatur
3555 2926 3778 2982 humile

2128 3018 2702 3089 ministerium,quod
2730 3018 2899 3072 verba
2920 3016 3153 3071 Domini
3177 3019 3472 3071 testantur
3497 3014 3775 3070 dicentis:

2129 3109 2425 3178 Quimajor
2452 3116 2531 3161 est
2558 3111 2813 3171 vestrum,
2834 3108 2940 3161 erit
2980 3106 3232 3159 minister
3273 3109 3451 3159 vester
3492 3106 3688 3175 (Marc.
3722 3120 3775 3167 x,

2132 3201 2253 3264 1:3);
2282 3200 2469 3252 ferens
2491 3195 2666 3250 simul
2684 3195 2960 3267 reliquias
2982 3196 3051 3249 de
3069 3193 3299 3266 proprio
3322 3210 3563 3265 corpore
3594 3192 3775 3247 sancti

376 3284 547 3323 nemo
582 3270 832 3351 hostium
863 3277 982 3329 tam
1014 3278 1221 3333 acriter
1251 3280 1527 3351 vigilabat
1578 3285 1647 3339 ad
1681 3260 2016 3355 perniciem,
2052 3260 2093 3327 C
2135 3260 2501 3342 Pantaleonis
2534 3260 2891 3356 martyriscet
2922 3260 3289 3354 privilegi-um
3323 3260 3658 3352 apostolicae
3690 3298 3779 3335 su-

377 3372 553 3427 quam
585 3359 709 3429 ipse
731 3364 801 3416 ad
836 3365 1105 3423 salutem.
1133 3369 1307 3425 Fama
1327 3376 1518 3427 autem
1546 3379 1601 3428 et
1626 3374 2019 3430 multitudinis

367 3444 595 3514 judicio
628 3449 940 3507 minimum
975 3461 1165 3511 motus
1192 3464 1280 3512 est
1316 3477 1458 3525 ;suo
1484 3462 1595 3516 sibi
1622 3464 1846 3532 judicio
1878 3482 2018 3520 usus

378 3538 485 3603 est,
521 3541 576 3589 et
608 3537 661 3590 in
698 3556 813 3609 quo
845 3548 999 3597 recta
1031 3546 1313 3613 probavit,
1350 3566 1463 3604 non
1499 3554 1561 3603 ut
1590 3552 1723 3618 sibi,
1757 3554 1856 3607 sed
1912 3559 2019 3607 Deo

378 3621 647 3693 placeret,
701 3630 935 3697 optavit.
987 3631 1185 3704 Itaque
1230 3666 1296 3674 —
1360 3642 1423 3691 ut
1472 3640 1673 3707 paucis
1723 3642 1787 3680 ι⁰⁷
1834 3640 2021 3695 multa

378 3714 890 3783 comprehendam,
940 3719 1109 3788 plura
1152 3725 1509 3778 omittam—
1564 3726 1722 3783 intus
1773 3734 1827 3783 et
1859 3729 2019 3795 foris,

380 3799 538 3887 domi
570 3800 904 3874 militiaeque
927 3807 1251 3866 indefessus
1272 3815 1495 3869 Domini
1522 3816 2019 3887 praellator,animi

381 3886 515 3957 plus
546 3905 721 3978 quam
753 3896 1012 3965 corporis
1040 3898 1258 3955 viribus
1290 3904 1490 3958 tandiu
1523 3886 1723 3961 contra
1750 3907 2020 3978 pestilen-

383 3979 469 4031 tes
491 3981 547 4031 et
568 3977 859 4050 inquietos
883 3990 1229 4060 tantumque
1249 3990 1375 4046 vitae
1407 3994 1581 4049 etiam
1615 4012 1731 4050 suae
1755 3977 2020 4066 plerum-

382 4081 494 4156 que
523 4069 779 4139 periculo
827 4074 1155 4143 decertavit,
1204 4084 1268 4133 ut
1320 4083 1572 4137 nominis
1633 4101 1864 4156 quoque
1895 4085 2022 4154 ejus

383 4153 557 4244 fama,
609 4172 917 4231 quousque
966 4168 1247 4237 pervenit,
1310 4170 1462 4225 bella
1520 4153 1785 4239 sedaret,—
1822 4153 2020 4244 pacem

381 4242 677 4311 formaret,
700 4249 959 4305 studium
985 4252 1041 4306 in
1067 4255 1339 4311 omnibus
1372 4258 1540 4315 bonis
1572 4262 1793 4316 artibus
1823 4242 2021 4315 firma-

384 4334 488 4401 ret,
515 4338 724 4473 slanctaa
756 4338 1054 4409 religionis
1084 4348 1141 4397 et
1169 4344 1476 4401 salutiferae
1532 4348 1745 4419 quietis
1775 4348 2021 4419 gratiam

384 4436 516 4473 amn
548 4426 710 4473 taret.

382 4436 472 4473 am
483 4426 710 4489 pliaret.

452 4509 541 4563 26.
571 4512 853 4574 Quoniam
887 4517 1064 4588 igitur
1084 4518 1323 4576 humilis
1348 4524 1453 4579 iste
1484 4525 1902 4595 philochristus
1958 4528 2023 4563 ⁴⁰⁸

2130 3376 2436 3430 blimitatis
2468 3374 2807 3428 auctoritate
2824 3372 3102 3428 traditum
3126 3390 3138 3438 ;
3165 3388 3277 3441 quo
3300 3375 3357 3425 et
3378 3372 3585 3425 eodem
3609 3369 3779 3441 pallio

2132 3469 2337 3536 praeter
2369 3462 2851 3518 consuetudinem
2885 3462 3155 3516 sacerdos
3191 3460 3417 3514 Domini
3451 3460 3681 3529 quoties
3716 3462 3779 3492 ‘“

2128 3553 2298 3608 vellet
2326 3551 2490 3606 indui
2523 3552 2869 3622 permissus,
2901 3554 2966 3605 ut
2996 3548 3288 3603 concessis
3344 3548 3628 3602 omnibus
3659 3564 3777 3618 qua

2132 3643 2493 3714 petebantur,
2519 3656 2637 3711 prie
2658 3642 2727 3681 ‘15
2760 3638 3165 3710 magnitudine
3193 3636 3426 3692 virtutis
3462 3641 3523 3691 et
3552 3637 3776 3707 sapien-

2128 3732 2220 3785 tia:
2251 3730 2309 3784 in
2343 3729 2753 3801 participatum
2784 3730 2913 3797 ejus
2944 3727 3133 3797 operis
3166 3730 3223 3780 et
3254 3741 3430 3797 prope
3462 3726 3521 3779 in
3546 3741 3777 3780 conses-

2131 3837 2261 3876 sum
2282 3824 2453 3875 tantas
2475 3818 2777 3889 dignitatis
2801 3816 3097 3871 admissus
3117 3820 3226 3870 est.
3253 3814 3593 3884 Properavit
3610 3814 3670 3867 in
3689 3830 3779 3867 oc-

2130 3925 2369 3965 cursum
2393 3902 3777 3978 ejuslietacivitasmndiquejubilansmultitudo

2132 3998 2382 4053 accurrit
2409 4015 2420 4062 ;
2457 3999 2851 4051 convenerunt
2882 3994 2939 4047 in
2964 3993 3244 4048 suburbio
3268 4008 3449 4063 prope
3470 3992 3775 4062 antiquum

2133 4087 2347 4153 locum,
2382 4085 2479 4139 ubi
2507 4083 2748 4139 ecclesia
2772 4083 3031 4153 ejusdem
3067 4079 3304 4153 pretiosi
3337 4079 3617 4150 martyris
3640 4084 3775 4143 erat,

2132 4174 2355 4229 inculta
2385 4173 2573 4227 adhuc
2602 4178 2659 4226 et
2690 4172 2871 4227 ruinas
2912 4171 3196 4243 proxima.
3232 4168 3315 4222 lbi
3349 4169 3618 4239 deposita
3650 4172 3780 4223 sunt

2133 4268 2301 4336 grata
2330 4279 2525 4327 onera,
2560 4262 2767 4315 deinde
2796 4277 2900 4315 suo
2932 4274 3175 4330 quaeque
3204 4257 3329 4313 loco
3359 4258 3637 4329 reposita.

2201 4354 2272 4405 28
2314 4353 2401 4405 διδ.
2421 4351 2614 4405 Monet
2628 4365 2719 4403 me
2735 4349 2827 4403 hic
2841 4346 3275 4419 aliquantulum
3291 4346 3597 4401 immorari
3624 4345 3779 4401 festi-

2131 4457 2239 4495 vus
2263 4439 2376 4508 ille,
2401 4443 2456 4493 et
2477 4438 2574 4508 qui
2600 4442 2800 4507 postea
2822 4438 2879 4490 in
2901 4437 2969 4471 ’δι”
3003 4436 3183 4501 brevi,
3208 4434 3352 4505 proh
3378 4434 3547 4489 dolor
3566 4435 3579 4487 l
3598 4434 3780 4487 factus

2134 4534 2221 4583 est
2245 4530 2573 4592 funerosus,
2598 4526 2860 4594 ejusdem
2883 4524 3300 4579 locioccursus.
3327 4523 3410 4577 Ibi
3428 4522 3778 4578 venerabilis

384 4601 437 4649 et
470 4598 775 4689 meliorum
805 4606 1014 4661 ardens
1037 4611 1339 4666 aemulator
1360 4612 1803 4679 charismatum,
1828 4633 2027 4672 servus
2055 4623 2104 4689 D
2135 4617 2244 4675 iste
2267 4616 2515 4671 amictus
2540 4616 2607 4649 διδ
2640 4612 3274 4685 primo,ibipostremo,
3312 4611 3493 4667 semel
3512 4612 3665 4677 laato,
3694 4626 3777 4665 se-

385 4687 611 4775 Domini
646 4690 859 4762 Bruno,
911 4700 1229 4753 secundum
1284 4702 1629 4773 dignitatem
1690 4706 1845 4759 sedis
1887 4723 2025 4775 suae,

383 4771 655 4871 Romanas
686 4795 916 4871 quoque
946 4786 1101 4840 sedis
1130 4792 1186 4841 et
1241 4771 1568 4859 apostolicae
1610 4771 2030 4848 benedictionis

382 4863 681 4937 privilegio
729 4868 930 4926 debuit
961 4872 1251 4947 insigniri,
1284 4882 1340 4933 et
1367 4895 1499 4934 cum
1530 4880 1613 4937 eis
1662 4884 1897 4954 pariter,
1930 4886 2030 4954 qui

2139 4706 2253 4762 mel
2288 4704 2521 4775 lugubri
2544 4703 2799 4757 carmine
2820 4706 3127 4773 susceptus
3147 4706 3255 4756 est.
3279 4702 3503 4771 Corpus
3526 4700 3683 4754 enim
3702 4713 3781 4752 re-

2138 4794 2329 4866 ligiosi
2361 4798 2418 4848 et
2453 4798 2562 4848 Deo
2594 4792 2752 4862 digni
2787 4791 3102 4845 sacerdotis
3128 4790 3344 4844 ibidem
3377 4789 3775 4859 sepeliendum

2141 4883 2315 4938 ofﬁcii
2347 4882 2438 4937 sui
2470 4880 2723 4953 insignia
2754 4896 2869 4936 non
2900 4877 3116 4944 amisit,
3140 4893 3264 4949 quae
3285 4880 3487 4932 tamen
3512 4876 3780 4948 spiritua-

1727 5076 1988 5131 VARLE
2018 5076 2432 5133 LECTIONES.

452 5195 519 5235 ι⁰⁴
551 5194 913 5254 aliauantum
945 5200 997 5251 2.
1030 5199 1082 5252 3.
1160 5200 1225 5240 ⁴ο⁶
1252 5198 1405 5253 seuit
1434 5200 1485 5253 4.
1563 5200 1629 5235 ⁴⁰⁶
1660 5198 1909 5254 insnexit
1934 5205 1987 5254 2.
2017 5200 2215 5252 infelix
2246 5203 2296 5252 3.
2378 5201 2443 5235 ‘07
2468 5198 2626 5252 nacis
2655 5198 2707 5252 4.

2785 5199 2851 5237 ιοθ
2874 5195 3304 5252 nhvlochristus
3326 5193 3378 5247 4.
3458 5192 3531 5228 ⁴⁰⁹
3551 5197 3778 5250 fortasse
