4008 5388
220 380 337 452 965

1820 391 2023 451 VlTA.

3505 404 3624 462 966

218 524 507 593 homines,
550 528 606 580 et
654 525 793 597 quia
840 525 1166 581 obedientia
1215 525 1329 581 Deo
1351 527 1417 560 ⁴³⁸
1448 525 1638 596 placet
1695 541 1870 595 super
1898 526 1953 591 Α
1984 524 2231 581 firmata.
2258 528 2323 581 Et
2346 543 2537 585 revera
2562 530 2835 586 tribubus
2866 536 2920 587 et
2950 530 3167 603 linguis
3197 532 3629 607 innotuit,quia

221 615 595 681 sacrificium,
632 616 847 669 scirent
895 616 1157 679 fortasse,
1192 633 1324 670 oves
1372 631 1567 669 vocem
1618 614 1867 685 pastoris

223 704 426 759 audire
456 704 685 772 debere,
719 708 775 759 et
806 704 992 776 magis
1025 705 1080 758 id
1113 705 1181 738 ‘39
1210 709 1401 758 ratum
1448 708 1867 773 acceptumque

226 794 337 848 Deo
388 794 527 861 fore,
580 794 733 859 quod
764 795 832 827 “0
879 810 981 863 per
1027 793 1439 858 obedientiam,
1486 808 1662 862 quam
1713 792 1865 861 quod

219 898 323 953 per
385 882 677 953 propriam
728 881 1084 937 voluntatem
1144 887 1491 952 sequuntur.
1542 883 1639 936 Ubi
1687 890 1871 934 autem

220 969 370 1022 zelus
419 973 471 1023 et
518 971 807 1033 contentio,
859 971 939 1023 ait
985 970 1239 1023 Jacobus
1282 968 1603 1039 apostolus,
1660 970 1739 1023 ibi
1782 970 1868 1021 in-

219 1062 529 1113 constantia
572 1064 623 1113 et
661 1076 816 1113 omne
844 1075 975 1129 ομιιδ
1006 1075 1237 1129 pravum
1254 1060 1319 1092 “¹
1356 1060 1489 1127 (Jac.
1528 1075 1606 1126 iii,
1643 1059 1749 1124 16).
1784 1057 1870 1111 Si-

221 1146 441 1201 militer
490 1148 545 1201 in
598 1164 684 1211 eo,
719 1149 869 1218 quod
923 1148 1174 1203 nefarios
1227 1150 1512 1218 quosdam
1564 1146 1763 1217 patriae
1794 1145 1871 1198 ci-

218 1236 499 1307 viumque
532 1238 831 1307 prredones
871 1239 941 1291 de
983 1254 1179 1307 regno,
1214 1237 1311 1291 ubi
1347 1237 1524 1307 quieti
1559 1242 1613 1289 et
1644 1232 1871 1306 pacifici

217 1342 350 1380 esse
382 1325 715 1391 noluerunt,
751 1327 917 1397 quasi
967 1331 1193 1397 pestem
1228 1327 1513 1380 bonorum
1572 1325 1792 1395 expulit
1821 1330 1878 1378 et

216 1414 470 1469 exsulari
503 1416 710 1485 coegit,
766 1415 928 1485 ipsis.
982 1415 1115 1469 licet
1163 1415 1583 1479 nescientibus,
1630 1414 1877 1484 profecto

215 1503 540 1558 consuluit.
575 1504 696 1568 Quo
751 1504 905 1557 enim
957 1504 1290 1559 diuturnior
1340 1521 1616 1573 nequam,
1652 1520 1717 1558 eo
1750 1520 1876 1574 gra-

214 1593 436 1647 viorem
486 1598 541 1647 et
595 1592 961 1663 prolixiorem
1018 1594 1127 1647 sibi
1188 1594 1568 1665 comparabat
1622 1608 1877 1663 pmnam.

223 1681 469 1745 Quando
501 1685 693 1735 autem
728 1680 861 1735 boni
896 1681 1283 1751 quiescerent,
1307 1682 1354 1735 si
1380 1681 1665 1735 malorum
1702 1679 1882 1734 furori

226 1785 401 1823 nemo
436 1769 769 1824 resisteret?
802 1770 1089 1823 Nimirum
1124 1770 1380 1841 pepercit
1412 1770 1528 1823 illis
1560 1770 1731 1832 Deus,
1764 1768 1886 1840 qui-

1980 618 2127 668 Deus
2152 616 2536 673 dissensionis
2561 637 2672 673 non
2704 626 2811 685 est,
2836 622 2936 675 sed
2972 623 3129 691 pacis
3155 624 3207 691 (Ι
3226 622 3344 677 Cor.
3370 641 3485 690 xw,
3510 625 3623 693 33);

1978 707 2201 758 tantam
2229 706 2296 739 “0
2328 705 2504 775 hujus
2538 708 2701 763 initio
2725 715 2998 781 operatus
3018 716 3106 765 est
3132 710 3381 765 salutem
3416 713 3627 783 populo

1978 809 2105 846 suo.
2135 794 2501 863 Imperatoris
2523 798 2756 867 quidem
2782 798 3023 867 spiritus
3046 800 3376 869 agitabatur
3394 801 3451 855 in
3476 801 3627 873 ipso,

1979 882 2115 951 quia
2148 900 2261 935 non
2311 890 2434 938 erat
2464 884 2510 936 ei
2558 892 2788 957 tempus
2834 888 3149 941 exercitum
3198 894 3627 961 rongregandi;

1980 970 2081 1023 sed
2118 970 2389 1024 fiduciam
2442 973 2645 1026 habuit
2693 991 2793 1043 per
2822 976 3117 1030 Christum
3168 978 3239 1031 ad
3288 978 3491 1047 Deum,
3526 982 3625 1051 qui

1985 1063 2187 1128 potens
2220 1064 2309 1112 est
2340 1059 2561 1114 salvare
2593 1062 2649 1115 in
2687 1064 2887 1133 paucis
2922 1065 3071 1118 sicut
3099 1066 3154 1118 in
3190 1066 3391 1121 multis
3423 1071 3466 1137 (ι
3498 1071 3627 1138 Reg.

1983 1163 2097 1213 xw,
2122 1149 2197 1217 6),
2233 1149 2449 1201 Aderat
2490 1149 2565 1202 ibi
2607 1151 2823 1221 Cuono,
2860 1169 2972 1205 non
2997 1154 3120 1221 jam
3154 1155 3271 1208 dux
3305 1158 3403 1210 sed
3441 1158 3631 1223 miles,

1986 1240 2126 1301 toto,
2166 1242 2225 1289 ut
2276 1240 2609 1306 putabatur,
2660 1242 2855 1293 animo
2904 1257 3220 1296 conversus
3280 1245 3348 1298 ad
3407 1262 3631 1317 pacem,

1988 1339 2164 1393 quam
2228 1325 2397 1394 paulo
2455 1332 2585 1379 ante
2644 1328 2913 1382 atrociter
2972 1330 3383 1400 impugnabat;
3451 1335 3636 1389 cilicio

1991 1413 2256 1467 membra
2286 1414 2552 1481 domans,
2593 1417 2765 1469 Deum
2810 1418 3146 1487 gemitibus,
3178 1424 3243 1473 ut
3273 1420 3472 1487 fertur,
3507 1440 3638 1479 exo-

1990 1516 2149 1565 rans,
2186 1508 2248 1555 ut
2279 1503 2325 1556 si
2360 1503 2442 1557 sic
2486 1504 2610 1572 ejus
2650 1509 2853 1559 sancta
2884 1504 3152 1559 voluntas
3186 1509 3474 1574 existeret,
3511 1529 3636 1582 per-

1994 1591 2177 1645 missa
2210 1592 2325 1662 regi
2362 1597 2560 1645 nostro
2610 1598 2665 1647 et
2712 1594 2985 1647 exercitui
3036 1596 3163 1664 ejus
3209 1598 3469 1666 victoria,
3505 1618 3637 1656 cum

1996 1679 2065 1732 ab
2100 1679 2316 1750 impiis,
2351 1681 2566 1750 quibus
2598 1699 2659 1735 se
2690 1682 2852 1753 prius
2899 1683 3047 1737 male
3078 1687 3476 1757 conjunxerat,
3512 1707 3638 1760 per-

1995 1768 2250 1822 mitteret
2282 1770 2582 1833 trucidari,
2626 1776 2689 1824 ut
2738 1772 2919 1839 possit
2947 1771 3003 1825 in
3037 1780 3383 1843 perpetuum
3435 1778 3505 1832 ab
3542 1795 3642 1833 eo-

227 1857 342 1912 bus
377 1858 483 1913 lioc
518 1874 732 1929 magna
763 1876 871 1912 sua
903 1858 1182 1929 patientia
1213 1863 1269 1913 et
1301 1858 1558 1913 bonitate
1594 1857 1879 1928 permisit,
1912 1888 1959 1952 B
1996 1873 2124 1910 rum
2159 1858 2449 1911 consortio
2490 1858 2742 1913 liberari.
2778 1859 3099 1930 Imperator
3130 1862 3306 1916 indici
3340 1866 3644 1937 sanxith-

226 1952 294 2002 ut
325 1948 394 2001 de
425 1964 563 2018 pace
595 1952 650 2001 et
680 1952 835 2002 statu
869 1947 1065 2018 patria:
1118 1965 1234 2001 suae
1285 1950 1556 2002 absentes
1586 1948 1873 2009 audirent,

227 2037 386 2106 quod
429 2042 741 2107 praesentes
792 2053 1097 2106 nunquam
1149 2038 1341 2091 videre
1388 2036 1623 2103 vellent;
1658 2036 1877 2104 felices,

229 2125 280 2180 si
313 2126 465 2179 bona
497 2142 603 2179 sua
630 2124 837 2180 saltem
878 2125 938 2179 in
980 2126 1455 2197 peregninatione
1486 2124 1875 2197 cognoverint,

230 2218 288 2270 et
336 2214 581 2284 patriam
632 2214 917 2286 cupierint
940 2216 1007 2248 “2
1040 2215 1108 2269 de
1159 2232 1275 2285 qua
1325 2215 1528 2285 eXpelli
1580 2232 1692 2269 non
1746 2231 1877 2286 pos-

232 2307 382 2373 sent,
415 2303 514 2357 ubi
555 2303 709 2357 beati
760 2320 963 2358 omnes
1014 2304 1259 2375 pacifici,
1294 2305 1566 2373 quoniam
1617 2303 1719 2357 filii
1779 2304 1877 2357 Dei

234 2398 373 2448 sunt
400 2393 607 2447 vocati.
633 2392 789 2447 Talis
815 2393 1012 2464 itaque
1045 2410 1145 2464 per
1168 2394 1267 2447 Dei
1300 2394 1719 2465 omnipotentis
1749 2410 1878 2464 gra-

234 2481 377 2536 tiam
410 2480 496 2535 vir
527 2481 635 2534 iste
666 2481 793 2547 fuit,
829 2488 892 2536 ut
941 2498 1044 2536 nec
1076 2482 1206 2536 odio
1240 2500 1341 2537 nec
1374 2482 1589 2536 invidia
1637 2482 1707 2535 ad
1756 2498 1881 2551 per—

237 2570 604 2641 sequendum
638 2586 736 2624 eos
785 2571 885 2640 qui
919 2569 1065 2625 tales
1096 2577 1260 2625 erant
1307 2570 1422 2625 ullo
1470 2571 1641 2625 modo
1671 2572 1880 2625 excita-

238 2665 419 2727 retur,
454 2676 557 2713 nec
590 2676 623 2713 a
655 2659 983 2714 miserendo
1034 2666 1135 2713 aut
1183 2662 1468 2731 parcendo
1500 2659 1730 2714 miseris
1780 2660 1884 2713 du-

242 2748 377 2803 ritia
410 2753 512 2801 aut
558 2747 898 2801 crudelitate
948 2747 1144 2817 aliqua
1196 2748 1660 2818 restringeretur,
1694 2749 1791 2801 sed
1827 2757 1889 2801 ut

244 2842 445 2908 pastor
492 2834 777 2889 sollicitus
809 2840 864 2889 et
894 2852 1021 2889 vere
1076 2836 1189 2889 dux
1241 2836 1440 2907 populi
1492 2836 1591 2890 Dei
1641 2836 1888 2890 salutem

245 2924 510 2979 omnium
543 2928 596 2977 et
629 2922 939 2977 utilitatem
970 2924 1027 2976 in
1061 2924 1217 2978 omni
1251 2924 1515 2994 quaesivit
1546 2926 1803 2993 negotio;
1838 2927 1895 2977 et

245 3029 390 3083 quos
423 3012 547 3082 ipse
577 3011 634 3065 in
667 3011 758 3067 via
788 3013 881 3065 Dei
917 3013 1081 3067 duxit
1112 3017 1167 3066 et
1197 3012 1410 3079 docuit,
1441 3030 1510 3067 ne
1543 3030 1574 3067 a
1608 3012 1895 3085 perversis

246 3101 663 3155 seducerentur
704 3106 758 3155 et
808 3102 866 3155 in
916 3118 1168 3156 errorem
1224 3102 1610 3168 mitterentur,
1662 3108 1896 3155 strenue

248 3189 580 3243 decertavit.
619 3188 872 3243 Tantum
905 3194 1101 3243 autem
1135 3190 1334 3244 aberat
1364 3208 1395 3243 a
1428 3190 1663 3255 saevitia,
1698 3195 1761 3244 ut
1795 3207 1896 3261 pro

1985 1946 2222 2014 junium
2258 1946 2403 2017 ipsa,
2439 1964 2564 2017 qum
2599 1953 2735 2001 tunc
2780 1954 2923 2013 erat,
2958 1950 3014 2002 in
3048 1949 3247 2021 vigilia
3278 1955 3460 2007 sancti
3498 1956 3644 2010 Lau-

1988 2036 2157 2088 rentii
2193 2036 2485 2106 martyris,
2520 2052 2620 2106 per
2661 2037 2831 2105 cujus
2882 2038 3271 2093 interventum
3308 2043 3415 2095 sibi
3452 2061 3637 2115 popu-

1988 2122 2162 2194 loque
2206 2141 2311 2178 suo
2372 2126 2564 2195 ipsum
2599 2125 2779 2179 Deum
2817 2126 3077 2196 p0poscit
3133 2145 3260 2183 esse
3319 2132 3639 2203 refugium.

1991 2212 2355 2282 Propositum
2388 2215 2639 2283 suscepti
2666 2215 2855 2283 operis
2879 2220 3071 2286 negat,
3097 2218 3363 2288 expedire
3396 2220 3634 2292 bellum,

1991 2300 2177 2371 primo
2211 2307 2423 2355 sanctae
2458 2302 2786 2357 festivitatis
2830 2304 3087 2359 diluculo
3133 2314 3491 2378 susceptum,
3523 2312 3643 2365 vix-

1991 2389 2129 2442 dum
2162 2390 2491 2460 vespertino
2524 2390 2886 2462 crepusculo,
2925 2397 3034 2446 Deo
3075 2395 3530 2453 misericorditer
3559 2400 3651 2456 di.

1991 2483 2307 2548 spensante
2337 2483 2392 2532 et
2424 2496 2525 2548 pro
2559 2478 2681 2533 suis
2731 2485 3045 2549 pugnante,
3080 2481 3222 2536 satis
3274 2483 3518 2539 feliciter
3550 2501 3650 2556 pe-

1997 2570 2244 2631 ractum,
2298 2568 2783 2621 miserandum“?1
2832 2572 2962 2638 post
3009 2568 3309 2624 victoriam
3359 2574 3651 2629 Cuononis

2000 2655 2329 2720 interitum,
2349 2656 2841 2724 gloriosissimum
2869 2656 3235 2726 imperatoris
3263 2660 3652 2733 triumphum,

2000 2759 2192 2813 regem
2217 2744 2407 2812 ipsum
2437 2744 2840 2805 barbarorum,
2865 2744 3044 2797 duces
3062 2750 3119 2798 et
3149 2748 3442 2818 principes
3471 2753 3653 2821 capti-

1998 2851 2121 2898 vos,
2164 2839 2376 2903 tropaea
2429 2848 2529 2902 per
2578 2836 2755 2885 totam
2818 2832 2979 2902 regni
3042 2833 3228 2904 ipsius
3282 2834 3653 2895 latitudinem

2004 2940 2189 2994 usque
2221 2923 2290 2976 ad
2315 2922 2575 2990 ejusdem
2598 2920 2789 2990 gentis
2813 2922 2958 2975 fines
2989 2921 3492 2993 frequentissima:
3521 2944 3651 2998 qua:

2006 3012 2203 3068 omnia
2251 3010 2466 3081 pr0prii
2528 3008 2878 3063 industriam
2940 3012 3131 3081 operis
3188 3013 3258 3067 ad
3317 3014 3561 3085 gloriam
3594 3020 3651 3071 et

2004 3102 2238 3156 laudem
2273 3099 2371 3153 Dei
2402 3098 2823 3167 omnipotentis
2854 3104 3190 3169 exspectant
3210 3103 3295 3156 ⁸⁵³.

2078 3191 2165 3243 36.
2201 3189 2315 3242 Nos
2347 3192 2428 3248 ut.
2464 3205 2497 3241 a
2527 3204 2641 3257 quo
2682 3186 2985 3258 paululum
3018 3188 3379 3258 deﬂeximus,
3413 3196 3485 3249 ad
3520 3212 3654 3266 pro-

249 3276 343 3331 bis
384 3277 583 3343 etiam,
616 3278 829 3348 quibus
878 3294 1142 3332 amarum
1192 3278 1409 3350 aliquid
1462 3296 1563 3349 pro
1618 3249 1897 3349 qualitate
1929 3249 1971 3314 C
2012 3279 2265 3350 positum
2286 3249 2765 3347 redeamusquid
2792 3277 3014 3332 interea
3035 3278 3165 3349 pius
3184 3249 3656 3356 archiepiscopus

249 3365 536 3420 factorum
558 3366 884 3421 necessario
909 3366 1341 3437 inferebat,ipse
1362 3368 1689 3438 frequenter
1705 3384 1899 3422 amare

249 3455 444 3521 ﬁeret;
478 3454 559 3509 ita
590 3456 844 3526 gaudere
874 3471 1004 3509 cum
1031 3456 1443 3526 gaudentibus,
1470 3473 1601 3510 cum
1626 3456 1900 3513 ﬂentibus

251 3544 389 3598 flere
414 3544 732 3598 consuevit.
767 3543 913 3597 Nam
966 3548 1023 3598 et
1070 3545 1170 3614 qui
1222 3544 1330 3599 hoc
1380 3546 1540 3611 dixit,
1588 3546 1899 3616 quemdam

250 3633 477 3688 Satanae
518 3632 575 3685 in
626 3632 929 3687 interitum
970 3632 1161 3687 carnis
1194 3635 1416 3689 tradere
1458 3634 1656 3703 jussit,
1688 3638 1751 3688 ut
1780 3634 1901 3704 spis

260 3721 410 3775 ritus
442 3722 499 3773 in
535 3720 625 3774 die
658 3720 881 3775 Domini
918 3720 1108 3775 salvus
1139 3737 1267 3775 esse
1298 3722 1483 3793 possit
1505 3723 1591 3777 “3.

330 3811 419 3864 35.
446 3808 591 3880 (955)
625 3809 808 3881 Igitur
867 3826 999 3863 cum
1052 3811 1175 3879 jam
1237 3827 1412 3880 prope
1468 3816 1619 3865 esset
1676 3828 1909 3866 summa

254 3898 379 3953 dies
410 3902 465 3952 et
492 3896 856 3951 inelectabile
904 3902 1156 3967 tempus,
1180 3914 1293 3968 quo
1325 3898 1479 3952 Deus
1514 3900 1905 3970 omnipotens,

254 3986 544 4058 propitius
588 3989 773 4047 terrm,
811 3984 1008 4055 populi
1043 3985 1133 4039 sui
1176 3985 1336 4041 ultus
1385 3987 1751 4058 sanguinein,
1787 4004 1908 4042 ser-

249 4091 455 4130 vorum
488 4090 729 4129 suorum
760 4074 1077 4128 vindictam
1113 4074 1459 4130 retribueret
1491 4076 1547 4129 in
1580 4076 1780 4132 hostes
1814 4096 1907 4135 eo-

252 4180 407 4229 rum,
459 4167 775 4235 aggravata
803 4162 875 4196 ‘t‘
905 4168 995 4217 est
1043 4162 1198 4217 ultra
1258 4164 1495 4219 modum
1555 4170 1611 4220 et
1670 4168 1910 4224 omnino

253 4251 697 4310 intolerabiliter
736 4251 1012 4322 superbia
1045 4252 1416 4307 ferocissimzr
1466 4255 1657 4325 gentis
1689 4255 1911 4328 Ungro-

254 4357 412 4406 rum,
442 4340 698 4409 seducta,
735 4340 927 4407 credo,
964 4341 1282 4411 superioris
1334 4342 1471 4396 onni
1522 4360 1801 4399 successu
1822 4346 1909 4400 “5.

254 4428 575 4500 Siquidem,
604 4433 665 4483 ut
696 4428 1067 4483 veracissime
1108 4430 1329 4483 dictum
1371 4434 1495 4485 est:
1526 4432 1661 4487 Ante
1689 4437 1913 4489 ruinam

258 4518 537 4573 exallatur
583 4533 678 4574 cor
707 4517 1027 4588 (Prov.xv1,
1055 4518 1163 4587 18),
1202 4518 1281 4572 ibi
1332 4519 1665 4574 ceciderunt
1711 4539 1913 4578 omnes

2008 3370 2222 3434 Bruno,
2256 3366 2436 3421 totius
2482 3382 2713 3436 semper
2745 3381 2988 3436 perosus
3038 3367 3269 3423 malitiae
3300 3376 3355 3425 et
3386 3372 3653 3427 indefati-

2010 3461 2181 3528 gatus
2205 3454 2445 3524 justitiae
2490 3458 2813 3517 exsecutor,
2850 3455 3062 3522 fecerit,
3096 3456 3477 3515 disseramus.
3512 3466 3655 3518 Cum

2008 3545 2229 3600 videret
2252 3560 2312 3597 se
2336 3544 2402 3596 ad
2442 3543 2829 3612 praestitutum
2862 3543 3015 3598 diem
3048 3546 3259 3600 seniori
3284 3552 3340 3601 et
3368 3550 3529 3604 fratri
3552 3568 3659 3607 suo

2013 3651 2225 3706 magno
2246 3631 2578 3703 imperatori
2597 3648 2729 3685 cum
2750 3631 3127 3688 auxiliaribus
3146 3636 3328 3706 copiis
3351 3654 3464 3693 non
3490 3655 3662 3711 posse

2014 3738 2335 3786 occurrere,
2398 3720 2692 3791 simulque
2750 3725 2903 3775 esset
2926 3722 2992 3755 ‘53
3040 3723 3344 3795 sollicitus,
3386 3743 3457 3782 ne
3516 3729 3663 3785 forte

2017 3811 2245 3867 barbari
2279 3809 2495 3864 bellum
2527 3810 2777 3865 vitantes
2819 3810 2875 3863 in
2907 3810 3151 3866 Galliam
3198 3830 3304 3869 suo
3345 3815 3464 3885 juri
3500 3832 3666 3873 com-

2018 3901 2261 3956 missam
2314 3898 2669 3969 provinciam
2721 3898 3533 3968 declinarent,—arbitratus
3582 3907 3667 3961 sic

2020 4006 2080 4045 se
2113 4004 2289 4059 regno
2336 3986 2639 4040 consulere
2682 3986 2944 4057 votisque
2993 3988 3365 4058 imperatoris
3410 3993 3495 4047 sic
3544 4011 3674 4050 am-

2020 4078 2175 4151 plius
2225 4074 2511 4130 deservire
2544 4106 2609 4112 —
2642 4074 2972 4129 Liudolfum
3023 4078 3241 4146 prolem
3294 4082 3535 4151 regiam,
3569 4100 3669 4138 ne-

2021 4172 2213 4239 potem
2244 4180 2441 4227 suum,
2464 4164 2750 4231 convenit,
2782 4180 3002 4233 agrum
3047 4166 3173 4235 ejus
3206 4168 3467 4224 animum
3502 4171 3667 4227 blan-

2022 4255 2179 4310 ditiis
2203 4255 2271 4289 ‘5‘
2304 4252 2471 4307 melle
2504 4252 2865 4307 dulcioribus
2903 4253 3182 4313 delinivit.
3215 4260 3431 4312 statum
3467 4260 3666 4330 pristi-

2024 4362 2186 4410 num,
2221 4344 2266 4398 si
2301 4358 2431 4414 quae
2460 4357 2567 4395 sua
2614 4344 2778 4395 erant
2826 4342 3155 4398 accuratius
3185 4344 3357 4400 vellet
3403 4348 3668 4403 atiende-

2023 4452 2103 4502 re,
2137 4430 2488 4504 repromisit.
2522 4434 2566 4483 A
2609 4446 2723 4501 quo
2774 4435 3078 4502 postquam
3130 4434 3498 4490 medicinalis
3548 4452 3669 4492 ser-

2024 4538 2264 4577 monum
2296 4525 2351 4574 et
2380 4520 2848 4574 exhortationum
2893 4537 3131 4575 suarum
3168 4523 3428 4579 antidota
3458 4541 3573 4579 non
3603 4530 3669 4580 ut

259 4607 359 4678 qui
402 4606 793 4677 operabantur
815 4607 880 4640 “‘
911 4606 1284 4677 iniquitatem
1310 4608 1397 4660 “7.
1432 4607 1711 4664 Prmvenit
1760 4610 1909 4666 hanc
1941 4606 1988 4669 D
2019 4611 2183 4683 prius
2212 4608 2465 4679 obliquis
2495 4609 2844 4679 ambagibus
2878 4608 3189 4674 declinari,
3215 4612 3317 4666 sed
3350 4613 3521 4667 solito
3554 4615 3670 4668 avi-

260 4712 598 4767 pressuram
638 4695 1041 4750 imminentem
1080 4695 1345 4750 Ecclesiae
1379 4713 1489 4766 pax
1520 4696 1577 4751 in
1614 4698 1820 4769 placito
1843 4700 1911 4735 “3

262 4784 465 4856 regali,
488 4785 641 4855 quod
673 4784 730 4838 in
763 4785 1036 4839 Arnestat
1058 4785 1241 4855 (1941)
1274 4784 1539 4839 habitum
1574 4787 1699 4854 fuit,
1734 4804 1801 4842 ex
1830 4788 1913 4843 in-

260 4877 421 4945 tegro
472 4874 704 4929 condita
724 4874 812 4943 “9,
845 4878 899 4928 et
930 4890 996 4928 ex
1047 4890 1260 4945 magna
1287 4875 1405 4942 jam
1442 4880 1602 4945 parte
1653 4894 1754 4948 per
1801 4878 1912 4931 im-

266 4963 549 5033 peratoris
582 4963 765 5018 nostri
816 4964 1176 5032 fratrumque
1221 4966 1349 5034 ejus
1378 4964 1728 5035 sapientiam
1777 4984 1912 5023 con-

2023 4700 2155 4755 dius
2201 4697 2543 4770 praegustari
2570 4697 2637 4730 ‘55
2664 4702 2721 4751 et
2751 4699 2821 4752 ad
2871 4698 3149 4753 interiora
3198 4701 3450 4771 pectoris
3497 4700 3674 4774 recipi

2024 4789 2228 4856 sensit,
2264 4803 2396 4841 eum
2434 4802 2567 4840 mox
2598 4784 2878 4860 episcopii
2909 4786 3002 4839 sui
3036 4786 3229 4842 locum
3263 4788 3674 4858 venerabilem,

2025 4879 2285 4933 Bonnam
2330 4872 2617 4937 videlicet,
2643 4874 2915 4941 jucunde
2966 4875 3108 4929 satis
3158 4876 3437 4941 invitavit,
3466 4877 3680 4943 jucun-

2025 4966 2158 5021 dius
2199 4962 2479 5033 suscepit,
2513 4961 2670 5017 omni
2724 4966 3029 5035 voluptate
3076 4964 3381 5035 utriusque
3426 4963 3603 5033 digna
3633 4965 3694 5016 et

1632 5111 1861 5168 VARle
1914 5110 2320 5166 LECTIONES.

267 5230 505 5320 mmdo
557 5233 604 5286 1.
683 5230 758 5320 ‘3:
779 5232 1038 5320 aducorr.
1090 5230 1146 5285 id
1198 5235 1250 5289 2.
1312 5234 1398 5320 “"0
1426 5249 1610 5320 quam
1645 5244 1692 5297 1,
1772 5239 1835 5272 ⁸⁸1
1870 5240 1961 5292 est
2008 5237 2145 5291 add.
2198 5239 2249 5291 3.
2329 5233 2398 5266 “’
2428 5238 2762 5318 cupeper'it.

2863 5235 2931 5274 ιω
2966 5230 3152 5318 pqsset
3188 5230 3244 5282 3.
3314 5227 3379 5261 διδ
3407 5222 3613 5316 etenim
3637 5219 3720 5316 3.
