4008 5388
417 299 535 359 967

1385 293 1451 354 S.
1501 291 1901 355 BRUNONIS
1950 288 2459 349 COLONIENSIS
2503 289 2862 350 ARCHIEP.

3714 288 3828 350 968

417 429 723 485 commoda
754 427 1097 498 cunctisque
1128 426 1223 497 qui
1265 426 1508 480 aderant
1555 424 1916 497 gratissima,
1949 438 2063 476 non
2094 424 2147 488 Α
2180 422 2353 487 tione,
2388 422 2628 478 consilio
2667 427 2724 478 et
2772 420 3187 494 disputatione,
3220 420 3320 475 sed
3372 418 3550 475 etiam
3604 419 3666 473 in
3720 420 3832 474 acie

414 519 726 573 immemor
754 518 922 588 regis:
954 516 1277 587 dignitatis,
1311 516 1521 570 affecit.
1555 515 1662 577 Qui
1706 516 1846 568 dum
1879 512 2069 566 adhuc

415 607 592 663 simul
623 611 838 674 essent,
872 607 942 660 de
989 605 1080 659 his
1130 621 1257 675 quae
1312 604 1371 657 in
1421 602 1788 674 expeditione
1837 599 2066 666 bellica,

412 698 531 751 imo
561 695 774 759 divina,
803 696 1013 749 virtute
1047 695 1197 749 facta
1227 699 1387 758 sunt,
1421 693 1661 747 nuntios
1694 692 2065 761 acceperunt.

414 785 631 841 Institit
651 789 919 855 nepotem
943 788 1186 854 patruus
1208 781 1464 853 amplius
1488 780 1798 835 consolari.
1827 780 2067 833 Factum

411 880 499 930 est
528 876 587 929 in
618 873 775 929 brevi
800 873 1081 928 instinctu
1115 872 1291 941 hujus
1318 869 1668 931 consiliarii,
1694 872 1757 922 ut
1789 865 1904 921 ﬁlio
1938 882 2064 948 suo,

411 964 511 1035 qui
546 963 797 1034 perierat
823 965 880 1016 et
919 962 1192 1016 inventus
1222 965 1329 1026 est,
1364 959 1684 1029 imperator
1728 960 1910 1011 totam
1964 955 2069 1010 lta-

407 1052 546 1108 liam
576 1051 885 1122 delegaret,
920 1055 976 1105 et
1004 1050 1159 1121 quod
1212 1048 1403 1117 majus
1472 1047 1602 1112 fuit,
1634 1050 1936 1117 paternam
1969 1043 2066 1096 ﬁr-

408 1142 674 1196 missime
718 1141 991 1210 pietatem
1042 1138 1427 1207 impenderet.
1472 1135 1577 1190 Ubi
1628 1136 1766 1189 dum
1817 1131 2066 1187 maxime

405 1231 623 1303 placuit
652 1228 886 1300 populo,
915 1227 1185 1298 viamque
1216 1225 1506 1280 affectavit
1535 1224 1802 1295 Olympo,
1834 1223 2066 1292 repente

403 1320 511 1374 ﬂos
540 1318 634 1372 ille
660 1315 1072 1387 integerrimus
1103 1320 1160 1369 et
1208 1316 1386 1369 robur
1424 1313 1587 1385 regni
1634 1311 2003 1366 tutissimum
2036 1325 2066 1362 e

405 1406 597 1461 medio
637 1403 883 1460 excessit
914 1402 1277 1474 (957).Pater
1323 1407 1517 1457 autem
1568 1402 1696 1471 ejus
1747 1400 2063 1470 imperator

405 1512 471 1550 ac
520 1509 750 1564 semper
799 1490 1148 1563 magniﬁcus
1200 1491 1619 1561 triumphator,
1669 1494 1797 1559 post
1838 1488 2063 1542 luctum

403 1583 797 1640 consolatione
842 1585 1094 1652 recepta,
1122 1596 1257 1634 cum
1294 1580 1471 1634 fratre
1521 1595 1629 1634 suo
1680 1583 1931 1631 veterem
1964 1592 2061 1631 ne-

402 1671 820 1728 cessitudinem
854 1686 1000 1724 nova
1045 1668 1472 1723 consuetudine
1494 1666 1725 1737 junxit;
1761 1664 2059 1720 Coloniam

2180 512 2430 566 vidimus
2461 513 2825 583 providentes
2859 512 3010 566 bona
3052 527 3165 565 non
3198 513 3424 564 tantum
3459 525 3664 564 coram
3700 508 3826 579 Deo,

2180 610 2277 663 sed
2311 609 2488 664 etiam
2520 626 2715 664 coram
2749 608 3109 664 hominibus.
3145 612 3277 661 Erat
3307 622 3566 677 namque
3598 607 3659 660 in
3694 607 3830 661 oeci-

2178 696 2510 752 dentalibus
2553 697 2844 753 Lotharici
2877 698 3035 769 regni
3089 697 3304 751 ﬁnibus
3334 695 3492 751 velut
3540 696 3830 750 indomita

2178 786 2496 852 barbaries,
2530 804 2596 841 ea
2646 804 2773 858 qua
2806 787 3110 841 videbatur
3139 785 3405 841 Ecclesiae
3455 783 3677 855 proles,
3713 784 3828 839 feli-

2178 873 2337 929 citati
2372 874 2633 929 invidens
2664 875 2881 942 alienae,
2917 892 3020 931 nec
3040 876 3238 929 minus
3260 874 3431 929 saluti
3468 891 3612 943 suae,
3636 874 3827 944 despi-

2177 963 2334 1018 ciens
2364 969 2617 1034 paternae
2650 964 3050 1019 blandimenta
3079 963 3520 1027 exhortationis,
3544 967 3824 1017 terrorem

2174 1052 2269 1105 vix
2297 1054 2555 1107 sentiens
2588 1053 2911 1123 potestatis.
2947 1052 3053 1117 Qui
3102 1053 3151 1106 si
3191 1052 3313 1122 juri
3365 1068 3472 1106 suo
3524 1051 3823 1122 permitte-

2177 1145 2378 1195 rentur
2400 1142 2487 1205 “0,
2522 1143 2645 1197 suis
2696 1141 2968 1212 perversi,
3001 1141 3237 1197 sibimet
3266 1141 3408 1211 ipsis
3462 1140 3706 1211 pessimi
3738 1140 3818 1193 vi-

2176 1230 2467 1285 derentur.
2492 1229 2592 1285 Ille
2614 1247 2744 1285 vero
2776 1234 2908 1285 ante
2927 1229 3122 1284 omnia
3152 1229 3387 1299 provido
3411 1246 3559 1283 usus
3592 1234 3681 1283 est
3712 1246 3822 1283 mo-

2174 1319 2473 1374 deramine
2504 1318 2889 1389 discretionis,
2925 1323 2987 1372 ut
3030 1335 3132 1389 pro
3165 1316 3441 1388 qualitate
3474 1316 3741 1372 locorum
3771 1324 3821 1371 et

2174 1412 2504 1479 temporum
2535 1407 2592 1461 in
2628 1406 2957 1479 praelatione
2989 1412 3289 1477 pastorum
3314 1408 3376 1440 ⁴⁶¹
3411 1407 3485 1460 ad
3519 1405 3825 1477 sapientis-

2174 1497 2309 1552 simi
2343 1497 2711 1568 imperatoris
2756 1496 2939 1551 nostri
2975 1496 3283 1567 imperium
3316 1494 3607 1550 Dominici
3638 1495 3823 1565 gregis

2172 1586 2301 1657 paci
2331 1592 2388 1641 et
2418 1585 2827 1657 tranquillitati
2858 1584 3204 1652 consuleret,
3234 1583 3362 1639 illos
3398 1583 3690 1638 nimirum
3721 1600 3822 1638 ce-

2172 1676 2309 1730 teris
2342 1676 2673 1746 praeferens,
2700 1674 2912 1745 quibus
2960 1690 3329 1745 nequaquam
3361 1678 3516 1728 esset
3560 1672 3823 1743 incogni-

397 1762 586 1827 Venit;
620 1761 699 1813 ibi
732 1776 793 1814 se
826 1776 941 1814 ῐιοῐι
974 1764 1093 1813 ἴδω
1139 1757 1414 1813 fraternis
1446 1756 1691 1821 deliCiiS,
1720 1771 1896 1827 quam
1930 1754 2137 1857 mli-’B
2172 1768 2318 1833 tum,
2344 1764 2481 1835 quid
2517 1765 2765 1835 pastoris
2808 1767 2963 1819 esset
3004 1763 3282 1829 ofﬁcium,
3306 1762 3443 1832 quid
3478 1762 3821 1816 mercenarii

400 1851 520 1906 tuis
547 1866 679 1905 cum
720 1848 820 1902 illo
862 1848 1222 1919 aspectibus,
1258 1846 1561 1915 aﬁ‘atibus,
1590 1850 1646 1901 et
1676 1845 1904 1899 cunctis
1935 1860 2057 1897 om-

398 1939 535 1994 nino
583 1936 1037 2009 jucundissimis
1087 1936 1297 1991 usibus
1329 1934 1656 1990 oblectavit.
1708 1934 1823 1988 Nec
1875 1931 2059 1989 defuit

394 2028 613 2082 ibidem
655 2042 853 2081 severa
903 2024 961 2078 in
1012 2024 1311 2095 improbos
1361 2029 1418 2078 et
1476 2024 1844 2094 importunos
1904 2021 2057 2075 cives

393 2116 555 2187 regni
604 2131 852 2169 censura
902 2113 1135 2183 judicii,
1172 2112 1391 2167 blanda
1446 2111 1584 2165 item
1644 2111 1702 2164 in
1767 2111 1949 2165 bonos
2000 2125 2058 2179 et

392 2204 565 2260 mites
602 2205 705 2275 pia:
738 2202 1159 2259 dominationis
1209 2200 1553 2256 liberalitas.
1590 2201 1668 2254 De
1703 2204 1857 2254 statu
1890 2211 2052 2269 regni

364 2296 680 2365 ,rebusque
738 2294 864 2362 ejus
923 2290 1185 2346 tutandis
1247 2295 1302 2345 et
1360 2289 1678 2344 dilatandis
1735 2287 1939 2342 scdulo
1998 2291 2053 2340 et

390 2388 627 2439 strenue
658 2383 715 2436 in
751 2397 1061 2451 commune
1102 2378 1438 2433 consultum
1474 2379 1561 2446 ωδ,
1598 2383 1663 2431 ut
1689 2378 1760 2431 de
1787 2376 2051 2431 sancien-

388 2472 478 2527 dis
507 2470 889 2542 quibuslibet,
922 2469 1054 2522 aliis
1096 2467 1450 2534 resecandis,
1483 2466 1822 2521 cautissime
1856 2480 2048 2536 agere-

384 2565 502 2625 tur,
532 2575 767 2615 summo
795 2557 1040 2613 consilio
1074 2556 1369 2627 provisum
1404 2560 1511 2611 est.

453 2650 543 2704 37.
578 2648 850 2712 Quaesivit
876 2647 1098 2701 interea
1140 2663 1374 2700 summa
1404 2644 1712 2710 diligentia
1743 2643 1875 2715 pius
1908 2659 2035 2715 pas-

382 2743 475 2793 tor
521 2737 734 2805 Bruno,
785 2735 1046 2791 veritatis
1095 2739 1370 2803 assertor,
1404 2733 1699 2805 Evangelii
1756 2748 2040 2804 propaga-

381 2832 491 2893 tor,
527 2843 706 2880 navos
749 2830 806 2879 et
850 2823 1174 2879 industrios
1206 2824 1383 2889 viros,
1418 2822 1518 2893 qui
1569 2839 1690 2876 rem
1744 2820 2039 2891 publicam

384 2932 491 2970 suo
522 2915 769 2986 quisque
797 2913 923 2967 loco
975 2913 1086 2967 ﬁde
1119 2917 1175 2966 et
1206 2911 1430 2966 viribus
1484 2914 1810 2965 tuerentur.
1844 2910 1942 2964 His
1974 2912 2038 2962 ut

385 3021 572 3075 neque
628 3002 938 3058 consilium
999 3017 1186 3072 neque
1244 3001 1420 3072 copiae
1480 3001 1770 3065 deessent,
1832 2997 2035 3053 sedulo

384 3094 624 3148 curavit.
658 3093 949 3162 Quotquot
997 3091 1169 3145 etiam
1217 3090 1285 3144 de
1335 3089 1697 3160 principibus
1744 3094 1801 3143 et
1848 3087 2030 3158 regio-

2167 1862 2396 1931 vitium,
2422 1862 2561 1933 quid
2592 1861 2650 1916 in
2680 1862 3004 1916 ministerio
3033 1861 3326 1933 susceptio
3346 1862 3435 1927 ‘6’,
3459 1860 3605 1931 quid
3643 1863 3703 1913 in
3734 1877 3825 1914 an-

2167 1953 2330 2023 garia
2361 1957 2461 2007 aut
2491 1952 2779 2023 agendum
2813 1954 2968 2006 esset
3006 1955 3107 2006 aut
3136 1950 3526 2021 sperandum;
3564 1948 3736 2011 alios,
3762 1954 3817 2003 ut

2167 2041 2334 2111 quasi
2384 2041 2616 2095 cortinae
2665 2040 3087 2111 hyacincthinre
3119 2039 3395 2095 interiora
3445 2040 3663 2093 domus
3713 2043 3814 2092 Do-

2167 2130 2309 2183 mini
2341 2134 2642 2197 ornarent;
2676 2129 2843 2196 alios,
2876 2134 2940 2184 ut
2969 2128 3137 2200 quasi
3167 2145 3307 2200 saga
3338 2128 3573 2183 cilicina
3604 2128 3813 2183 deforis

2164 2219 2495 2274 violentiam
2532 2223 2949 2289 tempestatum
2980 2223 3257 2273 arcerent.

2230 2362 2318 2415 38.
2356 2362 2519 2416 Libet
2549 2360 2888 2415 meminisse
2935 2360 3229 2430 quoddam
3264 2359 3444 2429 hujus
3499 2358 3580 2430 pii
3632 2358 3814 2414 Patris

2160 2450 2319 2521 pium
2354 2456 2410 2505 et
2439 2450 2731 2504 laudabile
2763 2450 3001 2520 factum,
3028 2450 3177 2521 quod
3224 2448 3281 2502 in
3324 2448 3470 2519 ipsis
3502 2450 3809 2504 sacerdotii

2157 2540 2245 2595 sui
2280 2538 2636 2611 primordiis,
2675 2544 2735 2593 ut
2766 2556 2866 2609 pro
2898 2538 3056 2592 luctu
3094 2536 3420 2609 spirituque
3452 2539 3724 2593 maeroris
3756 2539 3805 2593 in

2155 2645 2502 2699 oppressoru
2515 2644 2569 2682 m
2588 2628 2863 2682 cordibus
2880 2626 3154 2682 excitaret
3170 2642 3331 2698 spem
3353 2624 3807 2696 salutis,eﬁ’ecis-

2153 2734 2215 2772 se
2238 2715 2907 2789 cognoscitur,quamvis
2925 2716 3033 2770 hoc
3065 2714 3280 2785 ipsum,
3306 2716 3377 2769 ob
3406 2715 3669 2786 inopiam
3697 2733 3803 2771 rec-

2151 2811 2204 2860 te
2237 2806 2641 2871 dividentium,
2669 2805 2880 2875 linguze
2913 2803 3292 2859 calumnianti
3326 2804 3437 2857 fuit
3460 2804 3798 2860 obnoxium.

2148 2903 2291 2965 Quid
2324 2903 2477 2957 enim
2502 2920 2614 2957 non
2644 2902 2918 2973 pervertit
2940 2902 3403 2971 invidentia,qua
3429 2900 3595 2955 nulla
3617 2904 3802 2972 major

2147 3008 2274 3046 esse
2305 2993 2534 3046 videtur
2572 2990 2864 3046 amentia?
2887 2990 3187 3061 Siquidem
3221 2989 3532 3056 Ratherus,
3562 2990 3797 3046 Veronae

2145 3112 2212 3119 —-
2235 3098 2359 3151 quae
2406 3080 2609 3135 civitas
2640 3086 2728 3134 est
2761 3079 2934 3133 Italiae
2958 3111 3021 3119 —
3055 3079 3362 3133 ordinatus
3393 3080 3633 3149 praesul,
3668 3096 3794 3135 cum

382 3182 562 3237 nar-iis
611 3180 931 3253 prioribus,
994 3180 1331 3249 ceterisque
1400 3196 1647 3248 quorum
1720 3157 2022 3247 dispositio
2057 3157 2098 3222 C
2139 3170 2477 3239 exquadam
2501 3169 2607 3223 levi
2633 3168 3056 3239 suspicione,ut
3075 3173 3303 3222 mosest
3322 3167 3513 3238 gentis
3539 3168 3794 3237 illius,ab

381 3270 542 3343 regni
576 3271 873 3337 intererat,
906 3267 1309 3323 saluberrimis
1359 3268 1483 3321 suis
1533 3266 2032 3320 admonitionibus

382 3361 450 3414 ad
485 3358 817 3414 communis
869 3358 1154 3412 bonorum
1206 3356 1470 3411 omnium
1524 3355 1794 3410 utilitatis
1846 3356 2033 3408 fcedus

379 3449 491 3503 ﬁde
538 3449 711 3520 plena
766 3451 1203 3511 consenserant,
1236 3446 1343 3500 hos
1394 3446 1516 3517 ipse
1567 3446 1718 3498 inter
1767 3460 2033 3498 summos

377 3541 433 3591 et
484 3535 798 3590 familiares
847 3535 1117 3604 habebat,
1170 3535 1388 3588 eisdem
1443 3534 1877 3603 imperatorem,
1910 3548 2033 3602 ger-

375 3642 619 3681 manum
680 3641 876 3687 suum,
927 3623 1190 3693 apprime
1248 3621 1718 3685 conciliabatm;
1777 3636 2029 3690 pensans

374 3730 489 3768 non
537 3717 755 3766 temere
786 3728 819 3764 a
849 3711 1104 3780 quodam
1158 3710 1419 3780 sapiente
1468 3709 1686 3763 dictum
1723 3725 1787 3761 :«
1825 3710 2027 3779 Bonus,

368 3800 467 3854 ubi
510 3801 779 3869 negligas,
824 3800 1062 3867 segnior,
1114 3808 1176 3853 at
1205 3798 1272 3832 ‘53
1315 3798 1496 3852 malus
1549 3798 1607 3866 ﬁt
1655 3798 2021 3867 improbior.»

370 3888 884 3960 Archiepiscopum
918 3887 1180 3943 Treveris
1225 3887 1565 3955 Henricum,
1600 3886 1799 3957 magni
1834 3886 2024 3941 meriti

370 3981 427 4033 et
459 3994 703 4033 summa
746 3976 1052 4048 probitatis
1096 3977 1308 4043 virum,
1344 3976 1443 4046 qui
1495 3975 1772 4029 Rutberto
1798 3974 1865 4008 “9
1897 3992 2025 4029 ma-

368 4066 581 4138 gniﬁco
616 4065 849 4137 praesuli
874 4066 1121 4121 Colonia:
1154 4066 1211 4119 in
1239 4064 1400 4135 gravi
1433 4064 1783 4135 pestilentia,
1809 4080 1941 4117 cum
1969 4068 2025 4119 et

368 4156 685 4227 imperator
714 4156 928 4209 ibidem
964 4158 1136 4219 esset,
1162 4155 1439 4208 defuncto
1464 4152 1769 4219 successit,
1792 4151 2025 4207 Wilhel-

367 4261 529 4300 mum
577 4242 1119 4314 quoque,praecluis
1167 4246 1223 4296 et
1269 4241 1618 4313 gratissima:
1673 4239 2020 4295 excellentia

366 4332 905 4398 archimandritam,
934 4336 1203 4403 nepotem
1236 4347 1435 4397 suum,
1461 4328 1761 4384 Fritherici
1791 4333 2021 4401 Mogon-

363 4421 510 4477 tiani
542 4421 825 4476 antistitis
875 4436 1296 4487 successorem,
1332 4419 1536 4473 ambos
1585 4417 1873 4489 egregios,
1895 4436 2018 4474 am-

2144 3258 2361 3312 honore
2386 3257 2707 3329 proprizr‘63
2730 3258 2885 3311 sedis
2917 3262 3071 3312 esset
3099 3255 3397 3326 expulsus,
3426 3256 3795 3311 Leodicensis

2142 3349 2208 3381 “5‘
2221 3348 2506 3402 cathedrae
2521 3347 2987 3417 vacanti,magna
3004 3347 3130 3416 ejus
3151 3346 3245 3399 ind
3258 3345 3690 3410 ustria,secund
3703 3363 3793 3400 um

2143 3440 2362 3491 statuta
2410 3454 2722 3502 canonum,
2766 3436 3164 3489 incardinatus
3204 3439 3312 3488 est.
3348 3434 3510 3496 Quod
3555 3434 3793 3506 quidem

2143 3531 2373 3596 propter
2404 3525 2796 3579 abundantem
2843 3523 3166 3578 doctrinam
3192 3523 3258 3558 ‘55
3289 3527 3345 3577 et
3391 3522 3790 3593 eloquentiam

2140 3614 2457 3684 copiosam,
2475 3630 2591 3683 qua
2613 3613 2762 3666 inter
2784 3612 3250 3683 sapientissimos
3274 3613 3478 3666 ﬂorere
3495 3612 3660 3667 visus
3684 3618 3789 3683 est,

2139 3727 2252 3765 non
2281 3710 2468 3765 eidem
2500 3709 2689 3765 solum
2723 3709 2989 3764 Ecclesiae
3012 3708 3104 3763 cui
3135 3708 3384 3780 praefuit,
3409 3709 3511 3763 sed
3546 3714 3603 3763 et
3635 3709 3789 3764 mul-

2136 3799 2211 3854 tis
2241 3798 2372 3854 aliis
2405 3799 2861 3869 circumquaque
2898 3797 3061 3853 valde
3101 3798 3425 3868 proﬁcuum
3460 3798 3583 3853 fore
3616 3802 3785 3869 puta-

2135 3893 2261 3943 tum
2294 3893 2399 3943 est.
2425 3886 2610 3943 Simul
2634 3887 2772 3958 quia
2802 3886 2860 3940 in
2894 3886 3009 3942 illis
3043 3886 3306 3957 partibus
3354 3902 3458 3956 per
3505 3886 3701 3942 zelum
3732 3892 3785 3942 et

2135 3976 2757 4040 contentionem,unds
2788 3975 2909 4031 ﬁeri
2932 3975 3079 4030 solet
3106 3974 3503 4030 inconstantia
3526 3982 3585 4031 et
3616 3992 3783 4031 omne

2136 4082 2282 4136 opus
2304 4066 2829 4136 praevum,quidam
2852 4064 3025 4119 etiam
3051 4065 3379 4119 sacerdotes
3403 4064 3657 4133 Domini,
3678 4065 3789 4137 ple-

2133 4170 2404 4224 rumque,
2438 4156 2588 4224 quod
2634 4154 2789 4208 dictu
2838 4154 3001 4209 nefas
3040 4157 3399 4222 est,terrenze
3444 4152 3582 4224 plus
3625 4155 3785 4225 justo

2133 4243 2335 4298 conﬁsi
2389 4242 2681 4313 potentiae,
2716 4242 2997 4314 populum
3029 4242 3367 4313 imperitum
3422 4242 3784 4299 scandaliza-

2130 4332 2308 4386 bant:
2344 4348 2492 4402 saepe
2522 4331 2713 4386 dictus
2746 4346 3013 4403 smpeque
3045 4331 3329 4386 dicendus
3360 4332 3618 4386 domnus
3652 4332 3786 4386 Bru-

2132 4436 2225 4487 no,
2255 4420 2345 4474 cui
2371 4421 2496 4490 jam
2527 4420 2704 4474 totius
2737 4420 2899 4492 regni
2930 4420 3307 4492 dispensandi
3339 4436 3479 4475 cura
3510 4420 3784 4475 immine-

363 4512 469 4567 bos
498 4511 557 4565 in
592 4509 817 4564 Domini
850 4508 975 4580 lege
1008 4509 1255 4580 perfecte
1304 4508 1644 4573 instructos,
1679 4506 2015 4579 imperatori
2046 4525 2094 4590 D
2130 4509 2245 4571 bat,
2282 4514 2445 4563 ratus
2477 4508 2533 4562 id
2581 4510 2734 4579 quod
2767 4525 2970 4564 verum
3024 4509 3153 4576 fuit,
3186 4509 3343 4563 hunc
3389 4509 3647 4579 ejectum
3676 4526 3779 4563 an—

364 4599 611 4654 alterum
641 4597 1162 4669 consanguinitate,
1188 4596 1433 4653 alterum
1461 4596 1768 4667 probitate,
1794 4600 2013 4651 utrum-

363 4704 476 4760 que
534 4687 929 4743 familiaritate
987 4686 1539 4756 conjunctissimos,
1597 4685 1722 4756 ipse
1780 4700 2010 4756 quoque

362 4777 655 4848 imprimis
704 4793 938 4832 summa
975 4775 1344 4831 veneratione
1393 4774 1635 4829 colebat.
1672 4774 1787 4828 Hos
1834 4774 2012 4845 igitur

362 4866 509 4920 tales
540 4870 660 4920 tam
684 4864 964 4935 illustres,
986 4868 1105 4919 tam
1129 4869 1282 4918 certe
1305 4862 1596 4934 sapientes
1620 4866 1678 4917 et
1707 4861 2010 4919 religiosos

361 4958 417 5008 et
447 4955 505 5007 in
539 4955 812 5009 omnibus
844 4954 1011 5008 bonis
1044 4954 1269 5007 artibus
1299 4954 1555 5007 eruditos
1586 4952 1737 5005 viros
1772 4952 1841 5005 ad
1876 4968 2008 5006 con-

360 5041 581 5109 silium,
616 5058 686 5095 ne
733 5042 880 5097 forte
931 5042 1053 5112 ipse
1106 5058 1207 5112 per
1250 5057 1330 5107 se,
1367 5046 1429 5095 ut
1479 5044 1618 5093 sunt
1666 5040 1943 5104 humana,
1977 5057 2009 5093 a

360 5130 597 5184 tramite
655 5130 915 5185 veritatis
974 5130 1203 5201 uspiam
1264 5129 1631 5192 exorbitaret,
1678 5127 2011 5197 frequenter

361 5217 658 5285 adhibuit;
714 5220 817 5273 hos
866 5235 998 5273 cum
1029 5218 1156 5289 ipso
1189 5217 1365 5273 simul
1398 5234 1511 5272 non
1547 5218 1736 5272 solum
1786 5216 1846 5269 in
1895 5214 2011 5270 lec—

2126 4597 2295 4652 tehac
2329 4600 2386 4652 et
2414 4596 2740 4667 neglectum
2799 4597 2908 4653 hoc
2967 4601 3122 4653 tanto
3178 4597 3461 4653 beneﬁcio
3513 4599 3586 4653 ad
3637 4597 3775 4652 illud

2121 4686 2255 4741 ﬁdei
2286 4690 2342 4741 et
2371 4686 2631 4753 veritatis
2664 4687 2850 4741 fmdus
2890 4686 3123 4753 adduci,
3155 4689 3219 4740 ut
3250 4703 3282 4740 a
3314 4685 3548 4741 nemine
3581 4688 3775 4757 posset

2121 4775 2342 4845 seduci,
2403 4774 2485 4829 ita
2538 4775 2773 4830 demum
2832 4792 2896 4831 os
2951 4775 3315 4847 loquentium
3373 4775 3613 4829 inimica
3673 4776 3774 4828 ob-

2121 4868 2345 4919 struere
2378 4880 2547 4935 posse
2591 4864 2857 4929 credidit,
2891 4864 2939 4918 si
2972 4863 3134 4919 nulla
3163 4864 3387 4919 occasio
3420 4864 3682 4919 scandali
3708 4863 3771 4897 ³⁵⁸

2120 4959 2319 5023 posset
2375 4952 2429 5005 in
2491 4970 2689 5007 eorum
2750 4953 3019 5024 episcopo
3073 4954 3332 5024 reperiri.
3378 4953 3487 5007 Sed
3551 4954 3621 5007 ad
3680 4952 3769 5007 sui

2121 5041 2435 5112 perniciem
2484 5058 2618 5112 pars
2666 5041 2903 5097 sinistra
2949 5042 3276 5112 praevaluit;
3330 5041 3615 5112 quidquid
3668 5057 3765 5112 pro

2121 5129 2307 5184 salute
2363 5146 2564 5184 eorum
2625 5134 2854 5201 gestum
2913 5135 3031 5199 est,
3092 5131 3198 5186 hoc
3256 5130 3362 5185 sibi
3424 5129 3761 5200 pestiferum

2119 5215 2506 5273 aestimabant.
2555 5218 2701 5283 Quid
2752 5218 2978 5274 multa?
3030 5221 3293 5274 Erratum
3344 5222 3451 5287 est,
3500 5218 3760 5273 saevitum

1699 5340 1938 5388 VARI/FZ
1979 5338 2384 5388 LECTIONRQ.
