4008 5388
194 356 308 413 973

1793 345 2002 403 VlTA.

3480 353 3596 409 974

188 484 464 553 oriﬁcium
493 484 673 538 laudis
718 484 1097 552 honoriﬁcabit
1152 498 1259 545 me,
1316 490 1367 536 ει
1426 482 1545 534 illic
1602 481 1706 531 iter
1734 493 1838 547 quo
1869 478 1920 543 Α
1950 493 2081 529 cum
2117 482 2380 546 nepotem
2416 496 2588 532 suum
2618 496 2628 531 :
2676 481 2920 540 Domine,
2967 479 3176 550 inquit,
3211 496 3305 534 cra
3332 486 3349 533 !
3379 484 3433 535 et
3466 497 3598 535 mox

190 572 463 628 ostendam
492 573 586 627 illi
632 573 889 628 Salutem
946 589 1129 627 meum
1168 572 1367 641 (l’sat,
1399 587 1545 634 xmx,
1578 568 1688 637 23).
1724 566 1838 620 Hoc

193 661 476 726 Salutare,
500 661 556 715 id
589 667 696 729 est,
731 661 1043 717 Dominum
1065 664 1289 725 Jesum,
1324 677 1418 712 ore
1452 658 1748 723 conﬁteor,
1783 659 1841 709 et

190 749 362 805 corde
390 752 584 816 credo,
640 752 794 822 quod
855 751 1005 805 Deus
1056 748 1221 803 illum
1272 746 1577 803 suscitavit
1621 761 1654 797 a
1685 760 1837 798 mor-

186 838 305 894 tuis
336 839 423 895 m.
458 839 561 894 Hic
592 856 795 895 omnes
825 840 1135 894 thesauros
1173 836 1468 907 sapientia:
1498 840 1555 889 et
1584 832 1837 889 scientiae

186 928 564 983 absconditos
595 944 869 999 agnosco.
898 930 1057 981 nunc
1090 926 1399 981 Dominum
1432 924 1635 979 Jesum
1668 939 1837 977 nemo

181 1021 375 1088 potest
405 1017 734 1083 dicere,nisi
769 1018 824 1071 in
858 1016 1079 1087 Spiritu
1112 1021 1314 1070 sancto
1345 1033 1357 1083 ;
1389 1018 1521 1067 ante
1552 1012 1716 1066 illum
1750 1016 1840 1066 est

181 1122 355 1165 omne
378 1105 735 1160 desiderium
787 1122 1007 1171 meum,
1066 1109 1121 1158 et
1170 1104 1424 1175 gemitus
1471 1119 1637 1156 meus
1668 1102 1741 1156 ab
1773 1117 1837 1155 eo

184 1210 302 1247 non
333 1199 421 1248 est
451 1193 851 1249 absconditus.
890 1192 1031 1262 Dixi,
1062 1192 1380 1247 confitebor
1402 1190 1712 1244 adversum
1746 1204 1839 1241 me

182 1282 509 1352 injustitias
544 1299 703 1337 meas
728 1281 1154 1352 Domino,quod
1185 1286 1274 1335 est
1295 1279 1620 1335 secundum
1652 1294 1839 1349 genus

184 1372 572 1427 confessionis
594 1370 969 1426 lamentabile
1002 1371 1057 1424 in
1090 1369 1363 1441 peccatis.
1393 1368 1651 1423 Tertium
1683 1366 1836 1437 quod

183 1460 560 1515 commendat
618 1460 823 1515 beatus
878 1458 1130 1514 Jacobus
1203 1456 1539 1529 apostolus:
1603 1456 1838 1524 Conﬁte-

178 1550 347 1613 mim‘,
381 1548 655 1619 inquiens
702 1549 1033 1602 alterutrum
1086 1556 1306 1615 peccata
1364 1551 1567 1611 vestra,
1602 1554 1653 1599 et
1684 1549 1839 1599 orate

171 1654 278 1707 pro
310 1638 563 1706 invicem,
596 1645 655 1691 ut
710 1636 1016 1691 Salvemini
1071 1638 1204 1706 (Jac.
1254 1652 1307 1702 ν,
1366 1636 1474 1702 16),
1508 1634 1615 1689 hoc
1649 1632 1839 1689 vobis-

172 1742 315 1781 cum
345 1725 568 1780 domini
601 1730 657 1780 et
686 1725 895 1779 fratres
945 1726 1079 1793 mei,
1135 1741 1303 1794 agere
1351 1722 1499 1789 volo,
1533 1722 1641 1777 hoc
1673 1721 1839 1776 anxie

175 1831 400 1885 quaero.
450 1814 630 1885 Spero
681 1818 898 1879 autem,
952 1815 1106 1885 quod
1159 1813 1504 1867 advocatum
1552 1810 1838 1866 habemus

178 1904 343 1974 apud
376 1902 605 1957 Patrem
633 1902 836 1957 Jesum
896 1903 1194 1957 Christum
1235 1904 1468 1973 justum
1518 1905 1575 1954 et
1601 1900 1721 1969 ipse
1754 1903 1842 1953 est

184 1990 525 2063 propitiatio
558 2008 659 2062 pro
684 1993 934 2062 peccatis
957 1991 1192 2046 nostris.
1226 2013 1253 2038 »
1286 1990 1501 2044 Deinde
1530 1994 1843 2060 postquam

186 2079 283 2135 his
313 2097 376 2135 se
405 2097 599 2134 coram
626 2080 867 2134 Domino
891 2084 1079 2134 totum
1104 2078 1591 2149 effudit,corporis
1622 2080 1678 2131 et
1708 2093 1842 2129 san-

194 2167 393 2240 guinis
424 2168 712 2223 Dominici
746 2173 1200 2239 sacramentum,
1230 2166 1467 2222 virtutis
1489 2166 1555 2200 ⁴⁹⁰
1578 2165 1843 2235 ejusdem

193 2256 549 2311 sacramenti
583 2274 695 2312 non
728 2256 1271 2328 inscius,expetivit.
1293 2256 1455 2321 Quod
1474 2272 1607 2309 cum
1641 2255 1847 2309 fuisset

191 2345 460 2416 allatum,
494 2346 578 2400 vir
607 2346 703 2401 ille
736 2346 984 2415 Domini,
1018 2346 1158 2418 quid
1198 2345 1393 2400 animo
1424 2344 1692 2413 senserit,
1725 2348 1845 2397 toto

190 2436 257 2469 ‘9‘
294 2451 531 2506 corpore
564 2440 891 2506 prostratus
922 2436 1195 2490 ostendit.
1219 2434 1488 2488 Reiectus
1520 2437 1714 2487 autem
1739 2432 1846 2486 hac

189 2522 351 2578 vitali
382 2524 680 2593 alimonia,
716 2542 817 2596 spe
861 2524 1105 2579 validior
1134 2522 1343 2578 lectulo
1396 2523 1703 2577 restitutus
1735 2526 1841 2587 est,

192 2612 318 2667 dies
372 2618 681 2684 postquam
762 2630 875 2667 non
936 2615 1132 2667 minus
1205 2629 1382 2682 quam
1459 2612 1719 2683 quinque
1787 2610 1844 2662 in

192 2702 397 2756 eodem
429 2703 687 2773 corporis
737 2702 1015 2773 languore
1063 2708 1120 2756 et
1168 2700 1412 2772 spiritus
1464 2701 1684 2755 fervore
1717 2715 1843 2769 per-

196 2789 435 2844 mansit.

269 2879 356 2932 45.
392 2877 645 2932 Solemni
678 2894 807 2932 vero
840 2877 934 2932 die
959 2878 1257 2931 beatorum
1283 2880 1603 2946 martyrum
1636 2875 1845 2929 Gereo-

197 2968 292 3022 nis
314 2973 369 3021 et
390 2968 682 3021 sociorum
704 2966 972 3036 ejusjam
998 2971 1267 3037 vergente
1300 2965 1389 3033 ‘99,
1418 2965 1610 3020 subito
1632 2963 1846 3018 mentis

196 3072 441 3110 excessu
484 3060 704 3125 raptus,
758 3056 1072 3126 episcopis,
1120 3055 1388 3119 ducibus,
1423 3054 1756 3121 comitibus,
1790 3056 1847 3107 et

196 3144 428 3198 cunctis
459 3145 557 3215 qui
588 3144 849 3207 aderant,
873 3145 1093 3198 luctum
1149 3144 1325 3197 movit
1358 3144 1673 3215 ingentem.
1710 3142 1847 3214 quia

1954 572 2102 617 Inter
2162 566 2476 635 psallentes
2536 568 2780 623 Domino
2835 573 2891 623 et
2941 572 3172 623 orantes
3233 568 3598 639 nimiumque

1951 654 2154 708 flentes
2185 656 2457 726 spiritum
2482 656 2725 711 exalavit
2746 658 2831 712 ‘95.
2867 657 3027 719 Quod
3050 657 3109 711 in
3136 657 3232 712 illo
3265 673 3379 713 non
3411 659 3600 730 potuit

1949 742 2117 805 mori,
2170 742 2463 798 redditum
2511 750 2598 799 est
2650 745 3184 818 Creatori;corpus
3242 751 3437 801 autem
3469 748 3598 817 ejus

1948 831 2234 893 exanime,
2267 833 2420 887 sicut
2450 834 2573 905 ipse
2621 835 2782 890 vivus
2833 841 3201 907 praeceperat,
3248 836 3449 891 eodem
3482 836 3595 903 die,

1949 920 2005 974 id
2039 926 2129 974 est
2159 938 2191 974 v
2221 920 2358 976 ldus
2390 921 2676 988 Octobris,
2708 924 2983 980 indefessi
3014 926 3141 995 ejus
3172 925 3418 981 comites
3448 925 3598 982 leva-

1948 1013 2072 1063 tum
2106 1009 2165 1063 in
2200 1012 2405 1065 feretro
2458 1012 2895 1075 transferentes.
2928 1018 3130 1069 octava
3174 1015 3242 1051 ⁴⁰⁶
3272 1018 3473 1086 postea
3502 1015 3597 1070 die

1948 1099 2017 1153 ad
2044 1104 2352 1170 angustam
2379 1101 2535 1155 sedis
2558 1100 2746 1171 ipsius
2764 1102 3128 1174 metropolim
3148 1102 3442 1159 Coloniam
3467 1120 3595 1177 per-

1946 1193 2246 1242 venerunt.
2282 1188 2541 1251 Quorum
2588 1190 2779 1245 adhuc
2811 1190 3077 1245 nonnulli
3117 1193 3501 1265 jurejurando
3541 1196 3598 1248 et

1950 1277 2163 1330 mirum
2198 1278 2255 1331 in
2291 1279 2530 1333 modum
2579 1279 2926 1334 afﬁrmando
2976 1283 3284 1347 testantur,
3333 1281 3391 1337 in
3423 1282 3597 1355 longe

1949 1364 2046 1420 illo
2079 1366 2285 1421 itinere
2317 1366 2540 1422 nullam
2582 1384 2729 1439 pene
2777 1367 3188 1425 lassitudinem
3244 1376 3344 1425 aut
3381 1370 3599 1427 laboris

1949 1453 2276 1510 molestiam
2292 1472 2354 1511 se
2370 1456 2478 1511 sub
2495 1461 2655 1511 tanto
2670 1473 2841 1512 onere
2865 1456 3194 1529 pertulisse.
3221 1458 3381 1515 Unde
3402 1465 3599 1515 autem

1948 1544 2129 1609 ibant,
2166 1561 2517 1616 quocunque
2549 1546 2731 1614 ibant,
2779 1562 3162 1617 quascunque
3195 1552 3251 1602 et
3279 1548 3343 1587 ‘97
3375 1552 3598 1620 gentes,

1948 1650 2328 1705 quascunque
2361 1640 2543 1688 terras
2594 1635 2972 1706 attingerent,
3023 1652 3227 1691 omnes
3258 1636 3604 1692 mirabiliter

1948 1722 2147 1793 hujus,
2179 1727 2243 1776 ut
2271 1738 2472 1777 eorum
2506 1723 2697 1779 verbis
2733 1729 2882 1789 utar,
2925 1723 3083 1795 digni
3113 1724 3227 1780 Deo
3255 1725 3360 1780 viri
3397 1725 3601 1781 merita

1950 1812 2007 1864 in
2067 1812 2512 1883 rempublicam,
2575 1813 2631 1866 in
2691 1812 3124 1883 imperatorem,
3176 1814 3234 1867 in
3296 1829 3478 1885 reges,
3541 1814 3600 1869 in

1956 1900 2334 1971 principes,in
2367 1917 2600 1955 omnem
2635 1901 3178 1973 pepulum,eximia,
3204 1919 3319 1974 qua
3350 1903 3601 1974 quisque

1955 1988 2228 2043 facultate
2260 1993 2506 2059 poterat,
2538 1990 2923 2045 azstimabant.

2026 2079 2113 2132 46.
2148 2078 2280 2133 Jam
2312 2094 2441 2132 vero
2478 2095 2607 2132 eum
2661 2079 2949 2147 ejusmodi
2995 2080 3280 2151 exsequias
3306 2079 3603 2135 Coloniam

1956 2168 2352 2235 adventarent,
2402 2172 2457 2221 et
2502 2167 2611 2221 hoc
2673 2184 2773 2238 per
2829 2184 3060 2223 omnem
3121 2168 3282 2240 regni
3314 2168 3603 2225 Lotharici

1958 2255 2236 2327 populum
2264 2257 2419 2311 fama
2433 2256 2608 2310 nimis
2633 2256 3312 2329 odiosadispergeret,ita
3331 2258 3604 2314 dissoluti

1956 2350 2095 2399 sunt
2122 2361 2345 2407 omnes,
2380 2345 2698 2415 praesertim
2748 2345 3130 2401 sanctissimae
3175 2347 3332 2403 sedis
3361 2346 3519 2402 illius
3550 2351 3607 2401 et

1959 2432 2220 2489 Ecclesiae
2253 2433 2499 2505 alumni,
2533 2434 2699 2502 quasi
2742 2434 3036 2490 discessus
3091 2435 3235 2490 tanti
3270 2435 3521 2508 pastoris
3552 2440 3609 2490 et

1956 2524 2150 2578 obitus
2166 2522 2431 2592 ejusdem
2447 2527 2600 2577 esset
2620 2523 2885 2578 Ecclesia:
2909 2522 3259 2579 funus.Nam
3282 2525 3606 2580 secundum

1957 2612 2408 2684 amplitudinem
2432 2611 2641 2683 prioris
2658 2611 3071 2668 consolationis
3095 2618 3234 2668 tunc
3257 2612 3500 2668 invaluit
3520 2614 3608 2669 vis

1956 2707 2011 2757 et
2043 2700 2384 2772 magnitudo
2416 2698 2653 2753 doloris.
2676 2699 3112 2773 Flebantigitur
3138 2702 3204 2737 “3
3235 2719 3460 2770 omnes,
3488 2701 3606 2775 ple-

1957 2790 2121 2861 rique
2154 2789 2336 2843 donec
2389 2788 2819 2842 exsiccarentur
2880 2788 2934 2841 in
2980 2789 3063 2843 eis
3120 2787 3409 2861 lacrymte.
3438 2788 3608 2845 Multi

1955 2876 2272 2950 congelatis
2297 2876 2577 2931 membris
2603 2877 2855 2941 attoniti,
2879 2877 2936 2931 in
2961 2882 3123 2932 tanta
3143 2878 3409 2933 orbitatis
3430 2879 3610 2951 hujus

1960 2966 2194 3021 miseria
2225 2966 2573 3038 semetipsos
2596 2967 2661 3000 ‘99
2692 2965 2876 3021 vivere
2921 2967 3086 3021 obliti
3119 2973 3273 3023 sunt.
3307 2970 3452 3023 Ante
3482 2986 3607 3023 om-

1959 3073 2061 3110 nes
2089 3055 2247 3108 luctu
2280 3071 2342 3109 se
2372 3053 2784 3125 lacrymisque,
2810 3055 2998 3127 magis
3023 3061 3216 3111 autem
3244 3056 3474 3112 interno
3507 3059 3609 3112 do-

1960 3144 2081 3199 lore
2112 3144 2303 3198 cordis
2360 3143 2569 3209 all‘ecit,
2621 3144 2719 3214 qui
2780 3144 2935 3199 hunc
2985 3148 3207 3215 patrem
3267 3144 3463 3216 patriai
3498 3162 3611 3217 pra

196 3232 645 3289 dissolutionem
668 3233 1023 3305 optatissimi
1047 3214 1539 3304 corporisinstare
1563 3234 1846 3305 putabant
1881 3214 1921 3278 (ἶ
1961 3233 2184 3289 caeteris
2215 3231 2452 3297 amavit,
2487 3230 2845 3297 Folcmarus,
2881 3214 3283 3289 memorabilis
3308 3214 3612 3305 probitatis

196 3327 567 3393 prensantem.
602 3321 721 3390 Ille,
748 3327 811 3376 ut
834 3322 1077 3387 solebat,
1102 3321 1406 3392 paululum
1440 3321 1847 3376 convalescens

194 3411 522 3467 tumultum
543 3429 719 3467 manu
739 3411 1179 3479 sedabat,ﬂetus
1202 3417 1259 3465 et
1277 3411 1504 3483 rugitus
1527 3410 1846 3465 astantium

195 3501 530 3573 mitigabat,
557 3502 809 3572 majores
830 3501 1015 3556 ethoc
1036 3501 1102 3535 ‘93
1123 3500 1299 3555 ali'atu
1326 3502 1530 3555 ultimo
1554 3500 1847 3571 digniores

197 3608 270 3645 ex
301 3590 539 3645 nomine
568 3591 844 3645 vocabat:
889 3612 913 3641 α
944 3588 1152 3655 Nolite,
1188 3612 1216 3638 ››
1255 3589 1547 3659 inquiens,
1586 3612 1613 3637 α
1650 3587 1843 3653 nolite,

198 3681 428 3747 fratres,
463 3679 572 3734 hac
605 3697 732 3734 mea
763 3684 916 3734 sorte
946 3679 1190 3733 tristari.
1237 3679 1451 3732 Divinze
1482 3677 1845 3732 animadver-

198 3768 385 3825 sionis
409 3768 634 3840 judicio
678 3769 902 3822 cunctis
936 3767 1282 3823 mortalibus
1313 3767 1589 3838 imposita
1620 3770 1707 3821 est
1737 3766 1849 3820 ista

199 3858 495 3925 conditio;
530 3874 645 3913 non
674 3856 807 3911 licet
856 3855 1027 3921 nolle,
1061 3856 1216 3927 quod
1249 3854 1630 3925 Omnipotens
1661 3854 1850 3908 sanxit

197 3946 555 4003 inevitabile.
591 3945 884 4001 Tristibus
914 3945 1043 3999 istis
1066 3945 1123 3998 in
1157 3944 1312 3999 brevi
1344 3943 1475 3997 laeta
1503 3942 1848 4008 succedunt,

199 4036 347 4093 Illuc
372 4052 486 4090 non
511 4033 1065 4105 assumptavita,sed
1090 4032 1385 4087 mutatain
1415 4030 1848 4102 melius,pergo,

200 4127 305 4181 ubi
336 4128 490 4181 viros
522 4125 692 4195 longe
744 4124 940 4196 plures
971 4127 1028 4177 et
1072 4122 1366 4188 clariores,
1411 4138 1588 4191 quam
1623 4121 1713 4174 hic
1746 4137 1850 4174 un-

200 4234 382 4287 quam
411 4214 675 4281 viderim,
700 4214 812 4267 cito
834 4212 1058 4268 videbo.
1094 4236 1113 4260 ι
1142 4212 1254 4266 Nec
1288 4212 1455 4282 plura
1477 4211 1566 4265 his
1599 4210 1850 4277 locutus,

201 4304 417 4360 lectulo
433 4304 585 4359 fessa
598 4320 729 4357 mox
749 4302 1010 4356 membra
1024 4302 1599 4372 repesuit.Consuetu
1612 4316 1665 4353 m
1681 4298 1853 4370 paulo

202 4396 356 4465 post,
378 4391 505 4446 luce
526 4390 718 4445 adhuc
735 4390 981 4459 integra,
999 4387 1339 4458 vespertinae
1359 4385 1549 4441 laudis
1573 4386 1853 4454 officium,

202 4487 374 4536 nocte
396 4481 523 4551 jam
558 4478 845 4551 profunda
871 4475 1315 4546 complctorium
1339 4476 1463 4546 ipse
1495 4491 1627 4529 cum
1662 4474 1857 4528 fratri-

1959 3328 2015 3378 et
2046 3321 2344 3376 industriae
2375 3321 2656 3375 diaconus
2701 3336 2767 3374 ac
2801 3321 3056 3391 prudens
3098 3320 3403 3394 fidelisque
3432 3322 3611 3395 hujus

1960 3415 2172 3465 sanctae
2208 3408 2469 3464 Ecclesiae
2502 3414 2706 3481 protus
2754 3414 2812 3463 et
2865 3408 3191 3477 ieenomus,
3225 3427 3340 3482 quo
3374 3412 3610 3469 nomine

1958 3517 2092 3555 eum
2125 3502 2249 3571 ipse
2281 3505 2461 3571 pater,
2492 3503 2556 3553 ut
2604 3503 2744 3570 puta
2773 3498 3057 3554 vicarium
3112 3517 3286 3556 suum
3317 3504 3374 3557 et
3403 3501 3513 3557 sibi
3548 3501 3607 3557 in

1958 3590 2115 3643 omni
2135 3588 2365 3660 negotio
2386 3587 3250 3658 conjunctissimurn,honorare
3271 3590 3604 3660 consuevitj;

1957 3680 2014 3732 in
2045 3695 2158 3749 quo
2191 3678 2311 3733 solo
2341 3682 2480 3731 tunc
2511 3677 2775 3731 omnium
2807 3677 3202 3733 desolatorum
3230 3679 3297 3721 50°
3327 3695 3427 3734 ora
3452 3679 3604 3735 oculi

1957 3773 2013 3821 et
2041 3767 2219 3821 animi
2250 3767 2652 3834 versabantur,
2670 3782 2916 3837 quorum
2939 3774 3093 3821 certe
3114 3768 3379 3823 omnium
3400 3767 3603 3825 volun-

1957 3861 2073 3910 tate
2104 3860 2276 3926 atque
2298 3854 2721 3925 desideriojam
2744 3854 2983 3920 electus,
3010 3855 3145 3911 licet
3171 3858 3429 3912 nondum
3453 3858 3608 3914 desi-

1958 3948 2191 4015 gnatus,
2218 3943 2401 3997 fuerat
2424 3942 2807 4013 praesulJiuic
2835 3944 2967 4014 pius
2998 3949 3159 4015 pater
3179 3946 3427 4015 absenti,
3453 3948 3608 4017 quod

1958 4048 2091 4087 eum
2126 4036 2342 4095 nosset,
2378 4047 2444 4083 ex
2489 4030 2725 4084 nomine
2783 4047 2874 4085 res
2907 4047 3045 4086 suas
3093 4049 3296 4088 omnes
3326 4035 3524 4106 egenis
3556 4039 3613 4091 et

1960 4119 2234 4174 Ecclesiis
2257 4118 2534 4189 episcopii
2559 4119 2650 4172 sui
2677 4118 3418 4191 distribuendas,prtescius
3441 4125 3609 4180 credo

1962 4209 2170 4263 futurae
2205 4207 2614 4277 successionis,
2648 4224 2881 4263 summo
2912 4208 3108 4263 studio
3139 4209 3448 4281 delegavit.

2036 4298 2123 4351 47.
2173 4298 2273 4352 Est
2306 4312 2481 4368 prope
2514 4313 2713 4351 muros
2744 4296 2995 4353 civitatis
3018 4297 3281 4364 ecclesia,
3317 4303 3615 4355 structura

1965 4387 2203 4458 quidem
2237 4392 2293 4440 et
2323 4402 2493 4455 opere
2528 4384 2897 4451 humilis,sed
2932 4387 3328 4457 apostolorum
3359 4389 3615 4454 nomine,

1967 4477 2025 4529 in
2060 4491 2311 4547 quorum
2342 4472 2711 4528 veneratione
2762 4480 3099 4530 consecrata
3141 4476 3495 4548 perhibetur,
3530 4478 3617 4532 in-

207 4574 319 4626 bus
349 4569 817 4633 consummavit;
851 4565 1096 4621 Domino
1119 4565 1233 4619 Deo
1266 4581 1371 4619 suo
1404 4569 1860 4634 sanctorumque
1892 4576 1936 4640 [)
1968 4564 2153 4635 signis
2178 4580 2191 4629 ;
2216 4562 2274 4617 in
2296 4562 2705 4633 eadepositum
2730 4563 2982 4634 pastoris
3004 4564 3095 4619 sui
3120 4582 3332 4638 corpus
3356 4566 3620 4622 exanime

205 4660 335 4729 ejus
359 4659 629 4730 precibus
651 4674 777 4713 sese
801 4655 969 4727 quasi
994 4672 1126 4709 mox
1149 4654 1368 4709 iturum
1397 4652 1679 4708 attentius
1702 4668 1859 4706 com-

207 4749 544 4814 mendavit;
578 4748 687 4801 iter
719 4762 893 4801 suum
918 4760 1129 4816 magno
1160 4742 1258 4797 illo
1290 4742 1517 4806 viatico,
1552 4745 1750 4796 sancto
1778 4740 1859 4796 vi-

207 4838 419 4893 delicet
440 4842 496 4891 et
518 4836 686 4891 unico
714 4833 1132 4905 redemptionis
1155 4837 1363 4886 nostra;
1388 4831 1647 4903 pignore,
1676 4829 1861 4884 muni-

206 4928 331 4994 vit;
369 4924 671 4996 episcopos
702 4923 1081 4994 seipsumque
1110 4926 1166 4974 et
1197 4937 1293 4974 eos
1324 4920 1421 4989 qui
1457 4924 1667 4989 praesto
1699 4922 1864 4973 erant

210 5011 615 5068 benedictione
638 5009 1022 5081 consignavit.
1048 5008 1507 5062 Itatremendam
1533 5006 1864 5062 dissolutio-

209 5101 302 5156 nis
331 5118 449 5155 suae
471 5100 673 5155 horam
699 5099 891 5154 animo
910 5101 1133 5153 intento
1154 5098 1223 5151 ad
1250 5098 1536 5153 Creatoris
1560 5099 1649 5153 sui
1676 5099 1862 5169 impe-

900 5189 938 5200 τ’.

1972 4650 2279 4707 sacerdotii
2312 4650 2582 4704 velabant
2603 4651 2667 4685 5°!
2698 4651 3030 4723 insignibus
3057 4669 3069 4717 ;
3103 4669 3218 4723 quo
3254 4654 3475 4724 paucis,
3510 4652 3622 4707 nisi

1969 4739 2260 4811 episcOpis
2278 4738 2693 4808 etquibusdam
2712 4739 2952 4793 secundi
2966 4738 3186 4794 ordinis
3201 4740 3625 4812 sacerdotibus,

1971 4829 2207 4901 patebat
2221 4844 2510 4883 accessus.
2532 4828 2665 4881 Inde
2689 4844 2821 4882 mox
2842 4826 3152 4895 elevatum,
3168 4827 3426 4885 cleruset
3444 4845 3626 4900 popu-

1975 4917 2063 4972 lus
2086 4921 2325 4972 cantum
2350 4914 2761 4988 planctumque
2794 4914 3139 4987 permistum
3174 4918 3629 4990 ingeminantes,

1974 5008 2033 5061 in
2056 5005 2364 5061 ecclesiam
2388 5004 2715 5059 beatissimi
2742 5004 2891 5060 Petri
2912 5006 3307 5075 apostolorum
3330 5005 3635 5077 principis,

1979 5095 2077 5151 ubi
2110 5094 2277 5149 sedes
2314 5100 2436 5152 erat
2454 5094 2820 5159 venerabilis,
2845 5091 3449 5153 detulerunt.Noctem
3471 5092 3634 5149 illam

2048 5183 2059 5200 I
2103 5183 2114 5200 l
2237 5183 2245 5191 '
2408 5183 2417 5194 '
2530 5180 2553 5199 .3
2600 5180 2678 5200 3I"
2777 5190 2785 5200 ι
2929 5180 3124 5200 ΙᾉΑΑΑιο
3219 5186 3228 5195 ι
3372 5179 3627 5200 ιικκοιικιν
