4008 5388
223 352 336 415 977

1645 352 1830 415 VITA
1875 352 2218 415 ALTERA.

3515 333 3635 394 978

218 484 389 541 dente
418 482 695 551 ecclesia,
718 482 885 540 beato
919 483 1193 557 Gregorio
1225 502 1437 558 magno
1471 484 1731 559 martyri,
1766 485 1868 557 qui
1898 489 1952 554 Α
1982 503 2121 542 vasa
2150 486 2286 551 duo,
2320 482 2670 541 candelabra
2722 480 2858 547 duo,
2892 474 3068 551 pallia
3096 472 3231 543 duo,
3264 465 3633 559 cortina,‘ta-

215 590 415 630 recens
447 573 739 629 adductus
769 574 1117 641 est,ﬁat,ubi
1154 576 1621 630 sacratissimum
1656 592 1870 645 corpus

216 665 343 733 ejus
367 662 889 718 recondatur.Huic
912 663 1214 718 fundando
1238 669 1471 718 centum
1496 664 1657 719 libra
1680 663 1872 735 legen-

215 756 331 807 tur.
367 753 600 823 Cuppas
632 769 840 807 aureas
890 752 1171 807 fratribus
1222 753 1437 809 nostris
1487 754 1556 808 ad
1599 758 1870 808 sanctum

216 844 477 907 Petrum,
540 840 723 896 libras
755 841 985 912 viginti,
1034 844 1339 907 cortinam,
1389 842 1673 898 mensalia
1730 844 1867 910 duo,

217 930 544 984 scamnalia
574 932 838 985 totidem.
872 931 954 984 Ad
980 931 1166 985 sancti
1192 931 1471 985 Gereonis
1503 932 1682 985 altare
1712 931 1869 985 urcei

216 1018 441 1089 magni,
476 1018 654 1089 pallia
688 1020 824 1085 duo,
856 1023 1049 1090 tapete
1071 1037 1138 1073 ex
1172 1021 1497 1090 majoribus
1532 1038 1544 1088 ;
1592 1021 1868 1074 fratribus

215 1124 391 1162 naves
414 1112 471 1162 et
503 1107 663 1161 libra
686 1108 1285 1177 duodecim,mensale
1306 1114 1363 1163 et
1384 1108 1706 1164 scamnalia
1729 1109 1864 1164 duo.

209 1196 299 1250 Ad
329 1196 514 1251 altare
548 1197 733 1251 sancti
763 1197 1013 1251 Severini
1048 1199 1583 1253 consummandum
1614 1204 1870 1269 quatuor

208 1284 372 1339 libra
406 1286 537 1341 auri
566 1304 579 1352 ;
614 1286 897 1339 fratribus
919 1286 1077 1340 libra
1110 1292 1406 1345 octo.vasa
1440 1288 1863 1354 duo,mensale,

206 1374 536 1429 scamnalia
567 1375 919 1429 duo.Sancto
950 1376 1265 1431 Cuniberto
1298 1378 1535 1432 scutula
1567 1378 1865 1433 dua.San-

206 1462 319 1517 ctis
350 1463 419 1499 ⁵³³
451 1462 710 1518 Ewaldis
760 1464 992 1518 duobus
1025 1464 1203 1534 pallia
1232 1466 1382 1531 tria;
1418 1466 1696 1521 fratribus
1731 1483 1868 1521 vasa

206 1551 348 1617 duo,
383 1551 547 1605 libra
581 1556 731 1617 octo,
765 1552 1048 1615 mensale,
1108 1554 1427 1609 scamnalia
1484 1557 1619 1619 duo,
1673 1559 1867 1625 tapete

205 1658 418 1696 unum.
445 1642 659 1697 Sancto
682 1642 925 1697 Andreae
946 1642 1104 1698 libra
1126 1643 1571 1717 triginta,pallia
1593 1648 1862 1715 quatuor,

203 1730 456 1785 totidem
488 1746 648 1797 vasa,
684 1729 1033 1785 candelabra
1064 1732 1178 1787 duo
1204 1750 1216 1799 ;
1250 1733 1529 1789 fratribus
1551 1733 1711 1788 libra
1742 1749 1861 1789 sex.

204 1818 385 1874 Beato
408 1819 576 1875 Eliﬁo
608 1818 852 1891 martyri
875 1824 1074 1875 sancto
1108 1821 1357 1877 Martino
1380 1823 1699 1878 confessori
1725 1839 1859 1877 con-

205 1909 436 1964 feratur
457 1908 860 1974 tantumdem;
883 1909 1165 1979 pradium
1190 1916 1466 1981 praeterea
1488 1911 1736 1983 Solagon
1761 1928 1861 1982 per

205 1996 534 2068 precariam
567 2000 776 2050 nostra
808 1996 1071 2051 Ecclesia
1104 1998 1484 2069 acquisitum.
1526 2001 1612 2054 Ad
1645 2006 1859 2055 sancta

206 2084 407 2139 Maria
442 2084 627 2139 altare
657 2099 795 2137 vasa
827 2084 941 2139 duo
983 2101 1049 2139 ex
1081 2086 1450 2154 melioribus;
1486 2088 1860 2143 monasteriio

208 2178 266 2228 et
290 2173 551 2228 claustro
582 2172 932 2243 perﬁciendo
963 2174 1124 2229 libra
1155 2177 1859 2241 centum,cortina,scam-

204 2262 370 2317 nalia
404 2263 540 2331 duo,
567 2276 791 2331 mappa
822 2260 1174 2317 totidem.Ad
1197 2264 1375 2319 altare
1398 2270 1609 2321 sancta
1642 2266 1859 2321 Cecilia

201 2351 333 2405 auri
368 2351 531 2405 libra
565 2355 703 2413 tres,
737 2350 979 2419 cortina,
1006 2353 1355 2409 candelabra
1384 2355 1519 2420 duo,
1555 2372 1692 2410 vasa
1720 2357 1857 2420 duo,

198 2444 398 2511 tapete
421 2439 957 2509 unum,scamnalia
978 2441 1092 2496 duo
1122 2460 1134 2508 ;
1169 2444 1227 2496 in
1253 2446 1717 2500 consummando
1743 2462 1859 2501 mo-

197 2530 466 2585 nasterio
499 2528 659 2582 libra
692 2528 1144 2599 quinquaginta.
1180 2531 1431 2603 Collegio
1466 2532 1622 2587 illius
1654 2551 1857 2590 mona-

196 2619 367 2674 sterii
400 2617 561 2673 libra
592 2617 817 2686 decem,
850 2618 1132 2675 mensale.
1166 2622 1251 2675 Ad
1295 2622 1537 2678 Sanctae
1587 2623 1857 2695 Virgines

1982 582 2112 647 pete
2144 577 2209 611 ⁵³0
2242 593 2447 643 unum,
2484 570 2807 630 scamnalia
2835 570 2971 624 duo.
3012 562 3243 621 Sanctis
3274 555 3630 616 monialibus

1980 667 2047 699 δδί
2082 665 2242 720 libra
2274 667 2493 733 decem,
2528 660 2807 718 mensale.
2835 657 3019 714 Altari
3050 655 3387 710 sanctorum
3417 650 3631 718 marty-

1982 771 2135 821 rum,
2169 754 2319 809 Casii
2370 759 2427 808 et
2476 749 2773 814 Florentii,
2817 746 2945 804 auri
2992 744 3151 800 libra
3200 741 3337 801 duo.
3384 735 3629 792 baccina

1981 860 2106 913 qua
2139 859 2315 913 penes
2367 858 2472 897 nos
2515 845 2675 905 sunt,
2708 853 2908 909 cuppa
2939 835 3090 903 dua,
3126 829 3302 904 pallia
3330 826 3573 883 totidem
3608 842 3622 893 ;

1981 932 2260 988 fratribus
2292 932 2450 986 libra
2513 931 2731 984 decem.
2792 928 3005 981 Sancto
3034 920 3249 975 Victori
3296 922 3354 973 et
3384 913 3628 985 collegio

1978 1022 2347 1087 tantundem,
2381 1018 2736 1087 monasterio
2794 1021 2851 1071 et
2880 1013 3139 1071 claustro
3172 1006 3408 1065 Sosacio
3440 1005 3623 1076 (1955)

1979 1111 2277 1165 fundando
2308 1110 2469 1165 libra
2492 1112 2727 1163 centum
2752 1124 2764 1175 ;
2794 1102 2962 1159 altari
2994 1117 3094 1156 sex
3122 1093 3470 1168 vasa,pallia
3489 1091 3627 1147 toti-

1978 1201 2132 1270 dem,
2166 1205 2355 1271 tapete
2404 1215 2589 1254 unum
2637 1212 2707 1251 ex
2759 1192 3101 1264 majoribus,
3134 1183 3457 1243 scamnalia
3486 1182 3627 1271 duo,

1977 1306 2159 1360 cappa
2182 1270 2243 1343 et
2270 1288 2471 1343 casula
2503 1303 2571 1342 ex
2604 1279 3137 1354 nosteis,pradium
3164 1281 3442 1347 praterea
3472 1270 3626 1360 quod

1974 1358 2206 1433 Wbdilo
2228 1380 2299 1433 de
2324 1376 2584 1449 precario
2607 1376 2674 1409 ⁵³³
2694 1378 2892 1429 nostro
2915 1364 3250 1434 dedit,illud
3273 1361 3447 1441 etiam
3470 1358 3623 1449 quod

1976 1467 2228 1522 domnus
2254 1448 2400 1538 popo
2425 1462 2901 1521 Richildinchuso
2925 1457 3110 1529 (4956)
3133 1457 3189 1509 et
3216 1449 3415 1506 Arvite
3440 1448 3625 1519 (4957)

1974 1555 2141 1611 nobis
2173 1556 2316 1611 satis
2348 1554 2569 1610 naviter
2599 1548 2902 1622 acquisivii
2927 1546 3010 1600 ⁸³³.

1976 1646 2053 1699 Fu
2067 1644 2221 1699 ndite
2252 1644 2427 1699 corda
2456 1656 2675 1714 preces,
2709 1639 3065 1710 lacrymosas
3096 1629 3309 1687 mittite
3336 1642 3545 1693 voces;

2045 1735 2187 1789 Ecce
2220 1738 2383 1805 pater
2411 1730 2609 1803 patria
2641 1728 2910 1785 conditus
2939 1724 2998 1779 in
3030 1721 3214 1788 silice,

1976 1824 2153 1896 Regia
2183 1822 2509 1894 progenies,
2541 1825 2726 1875 terras
2757 1813 3137 1871 memoranda
3162 1827 3285 1883 per,
3316 1823 3543 1877 omnes,

2042 1913 2234 1967 Bruno
2265 1911 2563 1983 paciﬁcus,
2595 1908 2684 1963 vir
2714 1907 2902 1963 bonus
2934 1908 3109 1974 atque
3140 1899 3293 1973 pius.

1968 2001 2190 2057 Archos
2221 2002 2465 2056 antistes
2495 1998 2587 2054 cui
2618 1998 2754 2052 data
2782 1995 2849 2030 ⁵³⁸
2872 1992 3112 2050 Colonia
3142 1989 3330 2055 sedes,

2038 2092 2215 2147 Visus
2245 2094 2369 2146 erat
2398 2089 2624 2145 cunctis
2655 2086 2871 2141 charus
2899 2082 3117 2153 ubique
3147 2078 3337 2135 bonis.

1969 2179 2224 2235 Offendit
2254 2180 2523 2235 tenebras
2555 2177 2655 2231 lux
2679 2172 3047 2230 vivacissima
3072 2174 3253 2225 tetras
3278 2186 3291 2234 ;

2040 2270 2239 2323 Invida
2268 2268 2469 2339 lingua
2498 2270 2672 2330 tacet,
2694 2264 2827 2319 laus
2860 2261 3031 2316 modo
3059 2274 3195 2314 vera
3226 2256 3435 2329 placet.

1968 2359 2092 2413 Non
2128 2358 2240 2412 fuit
2267 2358 2363 2412 hic
2391 2357 2648 2412 mundus
2679 2359 2799 2408 tam
2832 2368 2962 2407 raro
2990 2363 3232 2404 munere
3260 2346 3475 2418 dignus

2040 2448 2262 2518 Raptus
2293 2446 2365 2501 ab
2396 2445 2504 2500 hoc
2535 2459 2716 2508 naevo,
2740 2443 2869 2513 jam
2903 2438 3116 2494 fruitur
3146 2434 3414 2493 Domino.

1970 2539 2107 2593 [dus
2139 2535 2405 2591 Octobris
2436 2534 2642 2605 quinto
2675 2528 2884 2603 prasul
2914 2526 3243 2583 duodennis
3272 2524 3339 2558 ⁵³⁸

2036 2625 2181 2679 Vita
2215 2624 2526 2689 concessit,
2561 2637 2696 2694 spes
2721 2634 2917 2676 comes
2947 2616 3104 2673 alma
3132 2613 3245 2670 fuit
3272 2613 3362 2667 ⁵³⁸.

1579 2746 1817 2802 VARUE
1850 2749 2259 2805 LECTIONES.

274 2842 350 2875 ⁵²⁹
382 2845 568 2914 sancti
604 2846 655 2899 4.
733 2846 800 2879 53°
830 2846 1091 2914 tapetum
1123 2844 1183 2914 2.Δ
1224 2850 1275 2896 et
1308 2844 1476 2911 infra.
1554 2844 1617 2877 ⁵³¹
1654 2845 2005 2901 sanctimon.
2082 2848 2134 2900 3.
2168 2847 2238 2881 ⁵³²

2272 2843 2686 2917 ρτθοαῐίολλρ
2722 2839 3040 2917 precatu}.
3117 2836 3185 2872 ⁸³³
3214 2833 3451 2917 explicit
3495 2832 3618 2917 vita

198 2912 411 2987 domui
448 2916 737 2970 Brunonis
768 2904 1189 2987 archiepiscopi
1222 2915 1274 2967 3.
1297 2904 1646 2987 epitaphium
1678 2916 1847 2971 deest.
1926 2919 1996 2951 ⁵³⁵
2028 2918 2184 2972 clara
2213 2904 2350 2971 2.'3.
2429 2917 2495 2950 ⁵³⁸
2515 2904 3143 2987 Ιιὶελῖἶᾳάάὶιεβιδυρρ
3175 2904 3328 2987 pius.
3352 2904 3522 2987 Quod.
3546 2905 3618 2987 de

197 2983 413 3063 casula
445 2988 771 3063 mandastis
798 2978 999 3063 domui
1052 2978 1527 3063 Brunonis,_eam
1561 2987 1742 3063 fuisse
1774 3005 1889 3043 non
1921 2988 2223 3053 dubitetis,
2257 3004 2433 3063 quam
2467 2978 2651 3063 nostri
2684 2984 2906 3063 priores
2936 2978 3311 3063 Engilbertus
3341 2978 3617 3063 e‘t‘cateri

194 3054 399 3125 ipsius
431 3059 667 3132 nomine
692 3058 751 3113 in
787 3058 1041 3114 maxima
1065 3047 1412 3124 habuerant,
1446 3059 1836 3127 veneratione,
1866 3076 2050 3132 eaque
2081 3047 2315 3132 semper
2334 3058 2427 3115 usi
2458 3062 2596 3114 sunt
2615 3047 2901 3113 in-obitus
2931 3047 3115 3123 (obitu
3147 3050 3289 3120 cod.)
3309 3047 3616 3120 sellempni

190 3130 785 3187 commemoratione.

1804 3228 2035 3286 ΝΟΤίΕ.

286 3320 467 3394 4965)
496 3325 671 3380 Soest.

284 3392 459 3466 4956)
494 3395 1023 3469 Recklinghausen.

2039 3328 2221 3399 (1977)
2254 3327 2515 3384 Erwitte.

190 3526 3613 3555 MM

1044 3692 1333 3786 VITA
1410 3692 2049 3789 BRUNONIS
2125 3694 2622 3789 ALTERA
2652 3696 2769 3785 ⁵³⁷.

264 3976 323 4031 4.
360 3974 605 4030 Henrico
632 3975 817 4045 (1958)
862 3975 1051 4047 primo
1081 3980 1138 4031 et
1168 3974 1434 4045 piissimo
1464 3990 1597 4047 rege
1624 3976 1694 4029 de
1726 3992 1850 4031 mc-
1881 3977 1923 4043 C
1962 3993 2065 4049 per
2093 3977 2218 4033 dies
2248 3977 2562 4049 cogebatur
2611 3975 2970 4031 calamitosis
3006 3972 3375 4047 patrocinari,
3407 3988 3619 4028 consu-

189 4068 297 4122 dio
334 4063 612 4135 iacto,qui
638 4081 739 4135 pro
768 4065 858 4119 sui
882 4063 1225 4119 inineﬁ‘abili
1248 4063 1560 4119 clementia
1581 4065 1854 4136 prudenti

189 4171 318 4226 que
351 4154 433 4209 rei
470 4153 717 4224 publica
778 4154 1285 4209 administratione
1338 4156 1497 4209 omni
1530 4156 1749 4209 mundo
1780 4157 1857 4209 fa-

187 4260 432 4309 mosus,
464 4247 520 4298 et
550 4248 717 4313 pater
749 4244 948 4315 patriae
1000 4243 1193 4298 dictus
1236 4242 1513 4313 est,ﬁlius
1561 4246 1689 4315 ejus
1721 4245 1855 4300 Otto

186 4333 433 4405 primus
454 4332 651 4387 divina
671 4331 1124 4404 dispositionein
1143 4332 1331 4387 locum
1354 4333 1854 4404 patrisfavorabili

184 4421 386 4477 totius
418 4421 590 4475 curia
622 4421 1044 4477 acclamatione
1075 4422 1551 4493 exoptatissimus
1581 4423 1646 4457 ⁵³⁸
1678 4423 1856 4494 impe-

187 4514 367 4565 rator
396 4510 697 4565 successit.
725 4513 1043 4579 Postquam
1076 4514 1270 4565 autem
1302 4515 1675 4566 consecratus
1701 4516 1858 4566 esset

187 4601 257 4655 in
295 4614 516 4669 regem,
542 4599 798 4671 prafecit
830 4600 1064 4654 fratrem
1091 4615 1266 4654 suum
1299 4598 1611 4654 Henricum
1645 4600 1854 4655 ducem

192 4704 386 4759 super
417 4688 879 4758 Bajowariorum
910 4692 1164 4759 gentem.
1197 4688 1442 4743 Sanctus
1474 4705 1605 4743 vero
1638 4688 1850 4753 Bruno,

194 4781 379 4832 aetate
404 4776 819 4843 minimus,sed
842 4776 1147 4831 honestate
1163 4792 1393 4831 morum
1413 4776 1568 4831 haud
1591 4776 1853 4847 inﬁmus,

195 4866 403 4921 adhuc
435 4867 685 4938 degebat
713 4866 822 4920 sub
852 4881 1101 4920 censura
1131 4864 1406 4920 litteralis
1438 4865 1776 4937 disciplima,
1800 4873 1857 4923 et

195 4955 342 5010 lata
373 4954 569 5011 indole
613 4956 683 5010 de
712 4954 805 5009 die
856 4955 914 5009 in
946 4953 1101 5007 diem
1133 4953 1470 5024 proﬁciebat
1530 4955 1587 5009 in
1637 4956 1852 5011 Christi

196 5043 505 5100 servitute.
549 5044 694 5098 Cum
734 5047 928 5099 autem
964 5042 1304 5114 profecisset
1338 5048 1507 5099 atate
1538 5048 1595 5099 et
1625 5046 1852 5117 sapien-

764 5147 894 5162 Λιτννι
1079 5146 1181 5164 πηι-

229 5133 283 5160 ἶη
344 5149 438 5160 ..Α-ο
472 5131 733 5162 Αι-Ιδην-ινῖι
764 5147 894 5162 num
933 5131 1042 5164 αξιπῖ
1079 5146 1181 5164 non
1231 5148 1484 5166 nmnnnm
1521 5133 1815 5168 θηηιαηηῖιη

1965 4065 2084 4121 lere
2114 4066 2543 4137 afﬁictis,opem
2576 4064 2725 4120 ferre
2755 4063 3149 4129 miseris.Qua
3180 4060 3380 4118 omnia
3408 4061 3491 4117 sic
3522 4061 3619 4116 ad-

1965 4155 2433 4214 ministrabat.ut
2462 4154 2751 4227 refugium
2785 4154 2973 4207 factus
3002 4149 3199 4224 egenis
3232 4150 3507 4205 omnibus
3527 4151 3613 4204 vi-

1964 4243 2616 4299 deretur.Nihilominus
2639 4243 2710 4298 ab
2732 4241 3009 4297 omnibus
3028 4238 3325 4296 calumnia
3348 4237 3611 4310 qualibet

1964 4333 2258 4406 oppressis
2290 4334 2399 4389 hoc
2435 4333 2648 4389 asilum
2680 4330 2920 4387 unicum
2954 4328 3278 4402 petebatur.
3298 4325 3610 4398 Exemplar

1964 4423 2045 4477 ibi
2077 4423 2394 4493 sapientia,
2429 4422 2662 4494 pietatis
2709 4425 2766 4477 et
2789 4418 3030 4492 iustitia
3089 4433 3269 4490 supra
3298 4415 3608 4473 hominum

1966 4511 2311 4566 memoriam
2343 4511 2659 4567 eminebat.

2033 4601 2085 4653 2.
2120 4604 2239 4655 Hoc
2269 4604 2531 4671 tempore
2561 4599 2884 4654 Wicfridus
2918 4596 3126 4669 agebat
3153 4595 3415 4667 regimen
3447 4592 3611 4649 Colo-

1964 4687 2186 4743 niensis
2215 4688 2503 4756 Ecclesia,
2539 4686 2847 4742 Richarius
2886 4702 3018 4741 vero
3052 4682 3386 4740 Leodicensi
3418 4680 3615 4754 prasi-

1964 4778 2136 4833 debat
2157 4778 2473 4845 cathedra;
2504 4792 2755 4848 quorum
2787 4774 3067 4831 canonica
3085 4777 3143 4828 et
3162 4770 3456 4845 spirituali
3480 4786 3615 4841 pro-

1964 4866 2184 4922 visione
2216 4872 2407 4922 status
2447 4868 2661 4922 sancta
2694 4865 2941 4921 ﬂorebat
2966 4861 3257 4918 Ecclesia.
3288 4862 3368 4917 Ea
3394 4864 3627 4927 tempea

1964 4960 2115 5011 state
2146 4957 2264 5012 dux
2293 4960 2438 5023 erat,
2490 4956 2696 5011 Kuono
2730 4953 2991 5016 nomine,
3021 4950 3115 5006 cui
3164 4952 3237 5008 ob
3266 4947 3628 5007 soliditatem

1964 5044 2180 5116 sapius
2208 5051 2454 5120 experta
2477 5041 2616 5099 ﬁdei
2639 5047 2821 5117 atque
2838 5038 3332 5109 multiplicitatem
3348 5033 3516 5109 iugis
3535 5031 3636 5120 Pb‘

1964 5132 2149 5170 conuii
2187 5118 2340 5170 ἶλαῖρνι
2376 5150 2469 5170 nov
2493 5134 2630 5170 an
2653 5130 3029 5170 dalnnnvnrnt
3056 5127 3413 5170 nrnvinninm
3451 5118 3636 5170 totius
