4008 5388
362 222 477 283 9⁵79

1347 224 1412 282 8.
1458 219 1861 282 BRUNONIS
1907 217 2418 279 COLONIENSIS
2463 218 2827 279 ARCHIEP.

3660 213 3777 274 980

436 357 490 411 3.
522 355 684 411 Tunc
715 353 897 425 (4959)
930 353 1221 410 Vicfridus
1253 359 1471 410 sancta
1508 352 1868 409 Coloniensis
1899 352 2007 405 Ec-
2038 353 2091 416 Α
2121 349 2475 416 tis,electum
2510 370 2543 406 a
2574 352 2688 407 Deo
2711 357 2766 406 et
2794 350 3131 407 hominibus
3159 350 3351 405 virum
3375 365 3557 421 super
3576 349 3777 404 cathe-

369 445 554 501 clesiae
588 446 773 517 digna:
803 444 1095 499 memoriae
1127 443 1523 516 archiprzesul,
1566 443 1666 497 diu
1700 441 2012 496 admodum

368 534 701 598 imbecillis,
734 532 900 605 regiae
947 536 1137 588 tamen
1196 533 1491 603 majestati
1546 538 1601 587 et
1643 532 1842 604 patriae
1872 530 2014 585 satis

372 624 549 693 fidus,
579 623 749 678 fessis
775 622 1009 677 tandem
1030 621 1249 677 relictis
1272 627 1437 677 terres
1471 622 1717 676 artubus
1746 618 2017 691 supernis

373 712 680 785 spiritibus
694 712 947 768 sociatus
961 710 1244 767 est.Plebs
1259 717 1451 767 autem
1470 711 1747 766 destituta
1764 712 2014 781 pastore,

372 803 433 858 in
466 802 594 873 ipsa
625 800 962 857 confusione
994 801 1075 855 nil
1124 818 1358 872 anceps,
1408 800 1491 855 nil
1534 799 1758 853 varium
1793 799 2018 864 molita,

376 892 614 947 unicum
649 892 816 945 unice
846 893 1109 961 optatum
1142 891 1199 943 in
1222 890 1434 944 domno
1470 890 1756 953 Brunone,
1792 887 2017 960 magni-

378 982 485 1036 ﬁco
543 979 662 1034 viro
719 985 775 1035 et
806 978 1241 1051 probatissimo,
1304 978 1413 1032 sibi
1474 976 1690 1048 delegit
1721 976 2020 1041 solatium,

376 1074 578 1125 secuta
629 1074 968 1141 magnatum
1032 1073 1086 1122 et
1116 1067 1295 1123 totius
1326 1067 1463 1122 cleri
1497 1066 1828 1122 consilium.
1891 1067 2020 1120 Mox

378 1157 761 1231 dispositione
808 1156 1004 1211 divina
1059 1156 1118 1210 in
1152 1156 1259 1211 hoc
1291 1156 1381 1210 sui
1417 1156 1799 1211 intentionem
1832 1155 2021 1209 clerus

379 1254 436 1305 et
465 1247 717 1320 populus
750 1246 1070 1309 ﬁrmavere,
1102 1251 1168 1300 ut
1197 1247 1449 1301 domnus
1482 1246 1674 1300 Bruno
1708 1246 1857 1316 regis
1890 1262 2016 1317 ger-

383 1353 592 1393 manus
609 1336 978 1391 ordinaretur
991 1337 1073 1389 eis
1088 1336 1483 1407 episcopus,in
1507 1335 1751 1390 diversis
1774 1334 2024 1407 negotiis

383 1426 600 1498 experti
620 1426 746 1496 ejus
763 1424 1137 1479 inﬂexibilem
1158 1441 1285 1479 esse
1303 1424 1689 1479 constantiam
1706 1426 1773 1479 ad
1791 1441 2023 1479 omnem

386 1514 713 1586 aequitatem
741 1514 1123 1584 etjustitiam.
1150 1514 1283 1568 Erat
1300 1514 1455 1568 enim
1478 1515 1565 1567 vir
1588 1514 2024 1585 magnaminus,

385 1604 695 1675 prudentia
717 1608 773 1658 et
795 1601 1034 1658 consilio
1058 1602 2023 1675 prmstantissimus,pietate,mise~

2123 440 2289 494 dram
2323 440 2713 510 pontiﬁcalem
2742 442 2943 496 sedere
2966 440 3262 505 fecerunt;
3296 444 3353 495 et
3378 439 3623 495 laudem
3664 438 3776 493 Deo

2124 528 2302 583 simul
2361 529 2637 597 universi,
2672 529 2924 584 clamare
2974 546 3090 600 quo
3123 529 3372 601 quisque
3404 532 3660 599 poterat,
3723 527 3779 582 in

2125 617 2359 690 organis
2393 617 2777 674 nihilominus
2808 623 2864 673 et
2896 616 3179 690 cymbalis
3208 622 3263 673 et
3304 632 3663 688 quocunque
3694 617 3779 671 si-

2126 723 2239 779 gno
2272 706 2480 762 laetitias
2512 713 2957 779 personuerunt.

2197 834 2250 887 5.
2270 833 2419 904 (953)
2454 838 2708 889 Ascenso
2740 838 2938 889 autem
2971 836 3130 888 tanto
3159 831 3415 887 culmine
3447 832 3779 903 potestatis,

2129 939 2499 995 nequaquam
2562 921 2672 977 sibi
2732 922 2867 977 inde
2908 922 3199 977 crescebat
3228 928 3427 976 tumor
3457 919 3729 976 elationis
3766 947 3780 986 ς

2131 1013 2230 1066 sed
2255 1016 2457 1066 sancta
2484 1028 2651 1066 mens
2677 1011 2931 1084 episc0pi
2953 1029 3018 1066 ac
3041 1012 3233 1083 potius
3258 1010 3565 1065 inelinavit
3584 1010 3782 1064 humi-

2130 1098 2300 1169 litati,
2333 1099 2477 1155 illud
2510 1101 2568 1155 in
2602 1101 2885 1156 memoria
2914 1102 3253 1168 recondens,
3286 1100 3445 1171 quod
3482 1100 3784 1171 Scriptura

2132 1191 2407 1244 admonet
2438 1190 2637 1245 dicens
2672 1209 2683 1245 :
2720 1192 2932 1258 Quanto
2962 1207 3195 1258 magnus
3225 1206 3298 1260 es,
3348 1189 3596 1243 humilia
3628 1196 3677 1243 te
3723 1190 3781 1243 in

2133 1279 2384 1333 omnibus
2415 1280 2599 1350 (Ecch'.
2635 1296 2719 1346 ιιι,
2752 1280 2864 1350 20).
2896 1279 3141 1351 Pervigil
3171 1279 3281 1333 fuit
3310 1278 3625 1350 sapientia,
3662 1278 3781 1348 pla-

2133 1367 2337 1422 cabilis
2364 1367 2600 1422 lenitate
2632 1368 2832 1422 nimia.
2860 1367 3159 1439 Serpentis
3184 1367 3468 1423 astutiam
3501 1383 3637 1421 cnm
3660 1368 3781 1437 lege

2135 1456 2466 1521 custodivit,
2498 1463 2554 1511 et
2576 1457 2855 1512 columbae
2883 1456 3168 1529 simplicis
3195 1455 3461 1511 animum
3493 1472 3611 1511 non
3646 1456 3781 1509 ami-

2135 1546 2229 1601 sit.
2255 1546 2497 1617 Gregem
2530 1546 2642 1600 sibi
2672 1546 3057 1602 commissum
3111 1544 3333 1616 dilexit,
3367 1550 3426 1601 et
3456 1561 3563 1617 per
3610 1544 3784 1598 bacn-

2135 1634 2259 1689 lum
2278 1634 2595 1706 disciplina;
2611 1635 2826 1690 multos
2838 1635 2910 1689 ab
2929 1650 3120 1690 errore
3132 1634 3667 1706 eripuit,quosdam
3683 1634 3788 1689 col-

387 1692 638 1797 n‘cord‘a
666 1695 721 1746 et
742 1691 1031 1797 ,‘fham‘ate
1083 1692 1364 1797 p‘mﬂfms’
1391 1692 1711 1793 concof'dm
1756 1697 1815 1797 ﬁt
1868 1708 2026 1797 pa?”
2062 1721 2108 1784 B
2144 1723 2465 1779 lationibus
2487 1724 2735 1778 assidue:
2757 1724 3173 1797 disputationis
3193 1724 3265 1778 ad
3284 1722 3527 1779 meliora
3544 1724 3787 1792 ducens,

387 1781 686 1848 alumnus,
740 1780 823 1835 ita
882 1785 968 1848 ut,
1027 1779 1252 1851 vulgari
1311 1781 1681 1853 cognomine,
1740 1782 2029 1837 diceretur

386 1871 579 1927 Bruno
610 1870 909 1941 paciﬁcus.
936 1869 1434 1925 Concordantibus
1458 1874 1651 1927 autem
1673 1871 2030 1941 omnibus,et

383 1959 532 2015 votis
561 1959 824 2031 ipsorum
860 1959 953 2015 Dei
986 1960 1350 2031 providentia
1381 1961 2031 2032 concurrentibus,post

385 2050 692 2120 exsequias
736 2048 1053 2104 honoriﬁce
1085 2048 1423 2115 celebratas,
1458 2054 1523 2104 ut
1573 2054 1694 2104 tam
1727 2050 2029 2105 venerabi-

384 2138 499 2195 lem
523 2138 883 2194 Coloniensis
907 2137 1061 2193 sedis
1085 2138 1277 2193 decuit
1298 2138 1644 2205 antistitem,
1674 2138 2032 2193 unanimiter

383 2227 551 2283 electi
582 2232 719 2283 sunt
745 2244 777 2282 a
803 2230 1007 2282 senatu
1040 2226 1411 2282 sanctissimo
1444 2234 1654 2299 quater
1683 2226 1901 2282 summi
1925 2227 2029 2281 viri

383 2320 440 2372 et
469 2318 674 2372 eodem
730 2333 973 2371 numero
1033 2316 1185 2382 laici,
1246 2333 1449 2371 omnes
1504 2316 1766 2387 apprime
1797 2317 2030 2383 eruditi,

388 2406 488 2476 qui
522 2406 718 2460 omnia
748 2405 869 2459 haec
895 2404 1215 2475 perferrent
1245 2405 1317 2458 ad
1350 2404 1717 2477 palatium,et
1746 2406 2032 2476 patefacta

388 2498 521 2565 post
549 2493 815 2548 deﬂetam
841 2491 1276 2547 destitutionem
1302 2491 1601 2548 electionis
1624 2493 2026 2561 unanimitate,

389 2587 773 2636 memoratum
808 2580 1084 2635 desolatis
1136 2580 1468 2652 ﬂagitarent
1526 2580 1824 2637 solatium.
1881 2584 2028 2646 Quid

387 2670 614 2726 multa?
643 2669 1027 2741 Complacuit,
1087 2674 1201 2725 Deo
1231 2669 1470 2741 gratias,
1503 2671 1888 2742 imperatoriae
1921 2689 2029 2726 au-

386 2759 663 2829 ctoritati,
694 2760 777 2813 sic
811 2764 867 2813 et
895 2759 1142 2830 tempori
1193 2764 1248 2813 et
1276 2758 1402 2815 loco
1434 2760 1759 2825 consulere,
1793 2765 1857 2815 ut
1888 2761 2028 2830 peti-

382 2853 511 2903 tum
542 2853 706 2904 tanta
733 2848 1061 2903 constantia
1079 2848 1437 2903 visitatorem
1464 2848 1804 2904 festinanter
1833 2850 1902 2903 ad
1936 2851 2029 2905 de-

385 2937 573 2993 stituti
606 2938 799 3009 gregis
860 2936 1184 2991 custodiam
1219 2936 1489 2992 milteret.
1550 2939 1761 2993 Missus
1792 2939 2027 2993 tandem

380 3045 411 3082 e
441 3027 651 3082 castris
680 3026 893 3081 terreni
926 3026 1155 3097 imperii
1190 3026 1249 3080 in
1289 3025 1541 3082 cmlestis
1570 3028 1723 3099 regis
1752 3028 2026 3082 taberna-

2140 1813 2426 1884 quosdam
2444 1813 2680 1885 placidae
2702 1812 3035 1869 maturitate
3057 1813 3332 1869 doctrinm
3350 1813 3645 1868 desiderio
3663 1830 3791 1867 san-

2139 1906 2240 1956 ctas
2263 1902 2716 1958 conversationis
2743 1902 3083 1974 implens.In
3102 1917 3370 1959 sermone
3392 1902 3586 1957 fuerat
3607 1901 3781 1969 mitis,

2140 1990 2198 2045 in
2230 1991 2493 2046 doctrina
2546 1990 2807 2061 humilis,
2844 1991 3132 2048 malorum
3192 1992 3513 2047 acerrimus
3562 1991 3785 2046 destru-

2141 2084 2263 2135 ctor
2293 2084 2350 2135 et
2379 2080 2636 2135 veritatis
2658 2080 2963 2136 studiosus
2988 2080 3603 2150 assertor,bumilibus
3627 2080 3785 2135 blan-

2142 2170 2271 2239 dus,
2308 2168 2575 2240 superbis
2608 2186 2865 2224 severus.
2893 2170 3185 2233 Quosdam
3215 2169 3369 2224 infra
3399 2174 3569 2241 septa
3599 2169 3790 2240 gregis

2142 2258 2490 2330 suscipiens,
2552 2275 2621 2313 ex
2676 2258 2832 2331 lupis
2862 2276 2997 2314 oves
3028 2260 3195 2324 fecit;
3231 2257 3375 2313 alios
3434 2262 3601 2313 extra
3630 2262 3790 2326 septa

2144 2349 2504 2416 enutrivit,et
2535 2349 2819 2420 quidquid
2846 2349 2990 2404 alios
3012 2348 3363 2421 docuit,ipse
3391 2348 3657 2420 primum
3687 2346 3791 2400 im-

2141 2437 2332 2509 plevit.

2208 2554 2262 2607 6.
2300 2553 2473 2608 Erant
2525 2553 2680 2607 enim
2736 2553 2834 2609 illo
2868 2570 2982 2609 uno
3016 2553 3250 2608 homine
3292 2569 3383 2608 res
3415 2551 3587 2607 valde
3617 2552 3782 2606 dissi-

2142 2643 2331 2707 miles,
2366 2642 2648 2698 natalium
2676 2642 2972 2710 nobilitas,
2998 2643 3287 2698 honorum
3320 2642 3787 2712 dignitas,scien-

2140 2732 2252 2797 tiae,
2285 2749 2410 2803 quae
2441 2732 2645 2787 inﬂare
2677 2732 2842 2801 solet,
2868 2737 3032 2787 tanta
3052 2731 3385 2787 sublimitas
3419 2735 3486 2786 ut
3515 2730 3667 2785 nihil
3699 2748 3786 2785 su-

2140 2838 2264 2892 pra,
2296 2821 2477 2878 animi
2506 2838 2635 2876 vero
2667 2826 2724 2876 et
2752 2820 2990 2877 habitus
3020 2820 3640 2876 humilitas.Henricus
3673 2818 3785 2890 pri-

2139 2926 2292 2980 mus,
2326 2914 2489 2980 pater
2512 2910 2683 2965 istius
2714 2909 3072 2965 sanctissimi
3099 2908 3229 2975 viri,
3261 2910 3662 2964 Romanorum
3696 2924 3787 2963 rex

2139 3004 2194 3053 et
2222 3015 2452 3070 semqer
2484 3002 3051 3071 Augustus,strenue
3080 2998 3425 3071 gubernavit
3447 2996 3785 3069 imperium.

382 3115 657 3172 culacum
673 3087 1079 3187 spiritualibus
1095 3114 1373 3186 nequitiis
1386 3087 2030 3187 pugnatuvrusintravit,
2064 3090 2106 3156 α
2145 3087 2656 3187 ᾘῨδίβξυθωιωίξλδ
2683 3089 2811 3187 (ἦλθε
2832 3087 3629 3187 0“°,Prim‘%9’ﬁ‘at°’i??i“5
3656 3103 3787 3141 “‘1'

383 3208 538 3258 artes
570 3219 770 3258 secum
802 3202 1361 3273 exercitationesque
1379 3202 1684 3272 virtutum,
1706 3218 1868 3257 arma
1898 3204 2031 3259 ﬁdei

384 3310 499 3364 praa
532 3308 594 3347 se
626 3292 836 3346 ferens.
889 3293 947 3345 In
983 3290 1080 3346 illo
1113 3308 1247 3345 mox
1286 3292 1413 3345 novi
1448 3292 1573 3359 ejus
1606 3292 1848 3347 comites
1877 3291 2029 3347 vide-

388 3385 521 3436 rant
542 3385 597 3436 et
618 3381 773 3451 quod
798 3380 1134 3435 hlandiebat
1151 3385 1205 3435 et
1231 3381 1383 3452 quod
1417 3381 1690 3436 terrebat.
1725 3380 2030 3435 Aﬁ‘abilem

388 3486 643 3540 namque
673 3485 735 3524 se
764 3467 931 3523 valde
953 3474 1010 3523 et
1040 3469 1238 3523 mitem
1267 3470 1597 3540 prmbuit,et
1628 3486 1760 3524 cum
1792 3472 1920 3539 ejus
1952 3470 2009 3523 in

385 3558 673 3614 dustriam
704 3556 761 3611 in
792 3557 1033 3628 agendis
1087 3557 1230 3613 nihil
1280 3558 1576 3629 eﬂugeret,
1616 3558 1917 3629 requisivit
1946 3563 2031 3612 ta-

387 3664 521 3701 men
535 3646 922 3715 undecunque
936 3645 1243 3701 sollicitius
1256 3646 1391 3715 quid
1415 3647 1703 3718 agendum
1724 3647 1834 3702 sibi
1857 3652 2029 3717 esset,

387 3734 601 3806 quibus
651 3734 1175 3789 consuetudinibus
1232 3734 1399 3789 inniti
1459 3736 1776 3791 debuisset.
1811 3736 1943 3791 Erat
1981 3732 2028 3792 ei

384 3823 658 3879 comitate
687 3824 919 3876 condita
949 3824 1325 3893 gravitas,ita
1354 3826 1663 3879 contluenti
1699 3825 1880 3879 turbae
1913 3842 2032 3881 mo-

385 3913 584 3967 dicum
612 3911 813 3967 hilaris
845 3916 901 3966 et
958 3929 1060 3982 per
1091 3913 1287 3968 omnia
1321 3913 1607 3968 mirabilis
1666 3915 1733 3949 ³³9
1788 3930 2031 3985 appare-

388 4002 506 4056 bat.

458 4090 511 4143 4.
540 4089 793 4145 Veutum
815 4093 903 4146 est
932 4091 1003 4144 ad
1030 4090 1491 4146 sacratissimam
1525 4092 1745 4158 sedem,
1780 4092 1915 4146 huic
1938 4092 2030 4161 pio

386 4179 668 4251 provisori
728 4180 799 4235 ab
854 4180 1254 4251 omnipotente
1311 4181 1552 4235 Domino
1611 4186 1743 4236 ante
1769 4186 2032 4251 tempora

388 4272 796 4339 praeparatam,
829 4269 889 4323 in
920 4268 1046 4340 ipso
1076 4274 1337 4340 tempore
1367 4274 1795 4339 praesentatam.
1824 4271 2030 4325 Factus

388 4360 477 4411 est
532 4373 852 4411 concursus
910 4358 1113 4426 ingens
1164 4356 1381 4428 populi,
1438 4357 1671 4413 inﬁnita
1722 4358 2028 4429 trepidatio

2143 3175 2219 3230 cti
2247 3175 2377 3242 viri,
2410 3180 2674 3247 potenter
2702 3177 3027 3248 imperavit.
3052 3177 3189 3232 Post
3221 3192 3396 3247 quem
3426 3174 3560 3231 Otto
3587 3191 3789 3231 secun-

2143 3265 2274 3330 dus,
2325 3266 2380 3319 et
2409 3267 2539 3319 Otto
2600 3265 2829 3331 tertius,
2886 3271 2946 3321 et
2977 3264 3278 3331 Henricus,
3310 3268 3555 3336 nepotes
3589 3280 3789 3319 eorum

2143 3360 2551 3409 successerunt
2582 3370 2770 3425 usque
2800 3354 2858 3409 in
2890 3354 3237 3410 hodiernum
3270 3354 3425 3409 diem
3457 3354 3667 3424 (4960).
3700 3355 3793 3407 At-

2142 3448 2406 3499 tavorum
2439 3443 2563 3512 ejus
2584 3443 2759 3498 attavi
2792 3459 2977 3514 usque
2997 3444 3067 3498 ad
3099 3442 3405 3498 hominum
3439 3442 3787 3498 memoriam

2142 3546 2345 3587 omnes
2375 3530 2955 3603 nobilissimi,nullus
2984 3532 3043 3587 in
3073 3548 3275 3587 eorum
3307 3532 3490 3602 stirpe
3528 3531 3785 3603 ignotus,

2142 3618 2337 3675 nullus
2368 3620 2616 3691 degener
2642 3619 2809 3675 facile
2840 3620 3144 3692 reperitur.
3176 3621 3281 3675 Hic
3309 3624 3506 3675 tamen
3560 3636 3785 3687 omnes,

2142 3708 2301 3763 salva
2322 3712 2718 3779 Augustorum
2743 3712 2799 3763 et
2821 3724 3021 3779 regum
3042 3708 3400 3776 excellentia,
3434 3724 3669 3779 genere,
3696 3726 3789 3763 no-

2141 3797 2367 3851 bilitate
2397 3800 2452 3851 et
2476 3813 2703 3875 morum
2736 3796 3037 3853 honestate
3066 3796 3447 3867 praecellebat.
3475 3798 3615 3852 Erat
3635 3798 3786 3853 enim

2141 3889 2366 3940 statura
2398 3884 2863 3956 procerus,vultu
2894 3886 3164 3954 decorus,
3194 3890 3431 3957 aspectu
3466 3885 3788 3959 pulcherri-

2142 3989 2294 4041 mus,
2330 3973 2446 4028 lata
2477 3976 2683 4039 fronte,
2717 3973 2833 4029 alto
2856 3974 3210 4046 supercilio;
3252 3974 3404 4029 oculi
3426 3976 3558 4045 ejus
3592 3976 3786 4045 magni

2140 4067 2196 4117 et
2217 4061 2357 4117 clari
2381 4062 2549 4133 quasi
2568 4062 2962 4118 carbunculus
2986 4082 3003 4132 :,
3032 4062 3161 4118 visu
3186 4064 3786 4133 mutuendus,barba-

2142 4150 2489 4219 rubicunda,
2522 4151 2675 4207 circa
2704 4152 2981 4208 humeros
3020 4156 3077 4207 et
3104 4160 3308 4223 pectus
3337 4152 3499 4225 large
3538 4152 3788 4224 disposi-

2140 4245 2253 4295 tus.

2208 4361 2261 4412 7.
2322 4358 2579 4427 Adeptus
2621 4358 2812 4424 itaque
2876 4355 2975 4411 Dei
3024 4356 3388 4412 ordinatione
3446 4354 3668 4413 summi
3700 4374 3788 4413 sa-

386 4445 587 4516 vulgi;
625 4446 785 4501 novis
816 4446 1045 4517 gaudiis
1103 4446 1414 4501 exsultavit
1471 4448 1689 4501 civitas.
1731 4447 1931 4503 Clerus
1969 4465 2035 4502 ex
2068 4453 2113 4515 D
2145 4449 2381 4504 cerdotii
2413 4447 2682 4516 gradum,
2716 4446 2905 4517 magis
2948 4446 3131 4500 amari
3190 4463 3368 4516 quam
3399 4446 3597 4502 timeri
3657 4447 3786 4502 aﬂ'e-

390 4535 763 4590 monasteriis
818 4535 1104 4601 convenit,
1166 4537 1681 4591 sanctimonalium
1714 4536 2035 4591 multitudo

388 4625 701 4693 concurrit,
734 4625 990 4680 conditio
1038 4625 1308 4696 quaelibet
1339 4630 1395 4680 et
1424 4643 1597 4680 sexus
1628 4632 1872 4696 uterque
1905 4625 2035 4696 plus

385 4710 558 4767 solito
589 4712 659 4767 ad
695 4714 909 4784 gaudia
940 4719 1354 4769 convenerunt.
1391 4714 1655 4785 Episcopi
1691 4720 1910 4780 autem,
1936 4714 2034 4784 qui

387 4800 724 4872 frequentes
755 4803 1014 4870 aderant,
1076 4807 1134 4857 et
1168 4805 1345 4873 hujus
1377 4804 1562 4857 sancti
1604 4802 1741 4858 cleri
1773 4808 2032 4869 senatus,

392 4890 851 4947 acelamantibus
881 4892 1105 4947 cunctis
1134 4890 1194 4945 in
1225 4908 1360 4948 voce
1382 4889 1785 4947 exsultationis
1808 4897 1864 4948 et
1885 4890 2035 4947 salu-

2148 4538 2365 4592 ctabat.
2430 4533 2834 4589 Ecclesiastica
2876 4535 3014 4604 jura
3083 4536 3364 4590 canonica
3446 4537 3788 4590 auctoritate

2147 4625 2550 4681 conﬁrmabat.
2594 4624 2810 4677 Exinde
2872 4623 3065 4679 omnis
3122 4625 3252 4694 ejus
3298 4624 3568 4689 intentio,
3622 4641 3788 4679 omne

2148 4715 2434 4781 studium,
2489 4717 2701 4766 sancte
2761 4712 2937 4766 matri
2993 4712 3259 4768 Ecclesia
3291 4718 3393 4767 aut
3421 4714 3787 4768 munimento

2148 4804 2261 4857 fuit
2318 4808 2419 4857 aut
2466 4806 2827 4856 ornamento.
2864 4801 3181 4857 Munienda
3210 4801 3434 4857 scilicet
3490 4806 3617 4857 erat
3648 4806 3785 4857 exte—

2148 4892 2292 4955 rius,
2346 4890 2608 4946 ornanda
2649 4888 2941 4958 interius;
3005 4890 3323 4946 munienda
3378 4890 3438 4944 in
3498 4890 3787 4947 saeculari-

1760 5112 1994 5169 VARI/E
2023 5111 2439 5172 LECTIONES.

461 5211 528 5245 ‘3’
558 5208 812 5265 mirabili
835 5226 883 5265 c.

1979 5333 2208 5388 NOTIE.
