4008 5388
249 379 369 442 985

1677 374 1859 435 VlTA
1905 372 2214 433 ALTERA
2232 418 2245 432 .

3545 370 3664 435 986

251 512 647 570 ecclesiastica
669 512 808 583 jura
840 510 1111 583 legitimae
1143 506 1528 567 districtionis
1558 506 1905 579 disponebat
1932 505 1987 573 Α
2017 525 2150 566 nem
2182 508 2419 576 directa,
2452 509 2595 565 satis
2639 506 2972 566 luculentur
3001 506 3227 581 digesta
3258 506 3572 579 (1970-71);
3605 506 3664 562 in

255 619 523 668 censura,
560 602 914 674 posthabitis
962 600 1195 656 illorum
1227 599 1511 665 consiliis,
1536 598 1635 670 qui
1670 603 1911 653 eatenus

254 692 316 747 in
348 692 568 746 talibus
598 690 846 763 negotiis
878 707 993 745 non
1016 706 1082 745 ea
1113 706 1237 762 qua:
1261 694 1400 744 sunt
1421 688 1657 753 Christi,
1677 688 1777 742 sed
1807 702 1913 741 sua

255 781 596 852 quaerebant
618 780 945 835 commoda.
971 784 1102 834 Erat
1124 780 1279 834 enim
1302 777 1588 846 viridem,
1613 776 1747 831 licet
1768 775 1911 830 alias

249 870 570 925 admodum
632 869 870 940 probus,
908 873 971 922 ut
1002 885 1063 923 se
1094 868 1268 923 habet
1298 884 1529 922 morum
1580 864 1908 930 diversitas,

250 959 494 1030 spiritus
526 958 1003 1026 vehementioris,
1030 957 1202 1028 paulo
1236 957 1487 1012 severior
1508 958 1564 1010 in
1594 954 1909 1026 responsis,

249 1046 372 1103 zelo
396 1047 643 1117 justitiaa
675 1051 732 1101 et
761 1046 1072 1117 aequitatis.
1101 1046 1210 1101 Sed
1245 1047 1405 1116 quia,
1436 1050 1501 1099 ut
1533 1046 1772 1115 quidam
1807 1043 1908 1113 ait,

246 1138 449 1192 veritas
469 1136 655 1191 odium
670 1137 844 1206 parit,
861 1135 1200 1205 hujusmodi
1220 1135 1432 1189 studiis
1451 1151 1563 1189 non
1584 1133 1772 1189 solum
1802 1131 1911 1187 cle'

242 1225 520 1291 ricorum,
543 1225 643 1280 sed
670 1224 845 1279 etiam
870 1224 1084 1279 civium
1110 1224 1169 1279 in
1192 1241 1255 1279 se
1273 1225 1407 1279 odia
1424 1222 1751 1278 concitavit.
1768 1221 1911 1287 Quo'

242 1330 378 1368 rum
412 1313 678 1385 quidam,
713 1312 1005 1383 episcopis
1039 1314 1295 1369 Ruberto
1325 1313 1609 1368 Treviren
1644 1310 1909 1379 si,etBal-

244 1402 440 1457 derico
474 1401 813 1457 Leodicensi
857 1402 1367 1474 consanguinitate
1400 1401 1668 1473 proximi,
1694 1402 1910 1474 damna

242 1495 506 1562 quaestus
548 1489 639 1544 sui
679 1495 1126 1562 conquerentes,
1152 1508 1251 1563 per
1281 1472 1616 1548 violentiam
1650 1472 1906 1561 episcopi

240 1580 684 1634 concitaverunt
713 1595 810 1633 eos
835 1578 894 1633 in
918 1579 1051 1635 odia
1081 1585 1137 1634 et
1166 1579 1510 1636 inimicitias
1539 1579 1760 1635 domini
1794 1577 1906 1632 sui’

238 1667 409 1723 illum
433 1671 818 1738 protestantes
841 1667 1250 1739 phreneticum
1275 1674 1329 1724 et
1356 1668 1661 1737 indignum
1691 1668 1907 1723 honore

239 1764 300 1812 et
324 1756 558 1812 nomine
577 1757 857 1828 episcopi.
874 1757 975 1813 His
999 1758 1266 1813 convitiis
1291 1757 1501 1830 praesul
1526 1757 1679 1813 idem
1701 1756 1905 1811 Rathe~

2020 616 2137 669 qua
2166 616 2300 653 eum
2350 604 2661 670 patronum
2695 616 2870 654 suum
2914 598 3246 664 nominans,
3276 613 3409 652 cum
3452 596 3667 652 intesti-

2023 688 2221 743 mabili
2253 688 2575 759 gratiarum
2600 688 2821 743 actione
2849 691 3220 759 protestetur,
3245 702 3306 741 se
3336 686 3536 741 divina
3564 685 3674 740 cle-

2022 778 2241 833 mentia
2290 784 2584 848 praeeunte
2614 782 2670 833 et
2700 778 3093 848 subsequente
3122 780 3179 831 et
3205 776 3332 847 ejus
3380 775 3673 846 spirituali

2021 868 2330 937 prudentia
2361 866 2654 922 mediante
2686 868 2743 921 in
2790 866 2979 920 virum
3012 865 3260 920 alterum
3294 864 3673 919 transforma-

2020 962 2168 1021 tum,
2203 961 2259 1011 et
2286 956 2656 1012 renovatione
2686 956 2901 1011 mentis
2945 960 3001 1010 et
3047 954 3287 1024 spiritus
3316 953 3376 1007 in
3409 951 3669 1008 melioris

2021 1051 2209 1101 status
2267 1045 2585 1099 efficaciam
2636 1049 3081 1113 commutatum,
3134 1057 3495 1114 suorumque
3542 1059 3667 1096 om-

2020 1136 2186 1190 nium
2247 1152 2443 1189 amore
2464 1136 2527 1167 5‘7
2564 1134 2619 1188 in
2664 1133 2983 1204 profectum
3030 1138 3088 1188 et
3133 1136 3517 1204 augmentum
3576 1131 3669 1187 sui

2021 1225 2257 1280 honoris
2289 1224 2757 1295 conglutinatum
2780 1223 2865 1277 ⁵⁸⁸.

2354 1369 2451 1421 Hic
2481 1366 2727 1436 quasdam
2756 1364 3024 1419 excidisse
3056 1363 3326 1418 videntur.

2096 1495 2234 1549 Visio
2264 1494 2484 1549 abbatis
2522 1491 2879 1547 Wolberonz's.
2911 1489 3056 1544 Nam
3098 1505 3221 1555 cur,
3256 1503 3452 1559 quare,
3489 1504 3665 1558 quam

2018 1583 2089 1637 ob
2121 1598 2263 1647 rem,
2288 1582 2431 1637 tanti
2456 1581 2561 1635 viri
2585 1579 2947 1653 gratulemur
2976 1576 3315 1650 patrocinio,
3340 1576 3457 1630 hmo
3489 1592 3669 1631 causa

2016 1674 2123 1726 est.
2159 1673 2445 1741 Tempora
2488 1670 2699 1742 prioris
2744 1667 3050 1733 Frederici,
3083 1664 3443 1721 Coloniensis
3475 1664 3665 1720 archi-

2015 1760 2271 1833 episcopi
2301 1760 2505 1831 (1972),
2537 1758 2706 1814 nobis
2737 1758 2924 1813 invisa
2945 1762 3001 1812 et
3031 1756 3241 1811 infesta
3271 1756 3535 1821 fuerunt;
3562 1753 3662 1825 qui

243 1862 346 1901 rus
375 1845 600 1900 modice
622 1851 969 1912 motus,non
996 1848 1066 1901 ad
1089 1847 1373 1902 exteriora
1396 1846 1658 1919 confugit
1680 1847 1902 1917 adjuto-
1930 1884 1977 1948 B
2014 1852 2275 1921 ejusdem
2326 1867 2501 1905 sacrae
2562 1845 3027 1920 congregationis
3073 1844 3358 1900 violentus
3408 1844 3660 1911 invasor,

242 1936 349 2002 ria,
381 1936 483 1990 sed
515 1934 587 1989 ad
628 1934 911 1990 librorum
960 1953 1275 1992 conversus
1309 1937 1586 2003 armaria,
1621 1937 1898 1992 adversus

240 2023 576 2078 Baldricum
598 2028 654 2078 et
676 2025 999 2080 Rubertum
1023 2027 1328 2098 episcopos
1362 2043 1602 2081 exorsus
1634 2032 1723 2081 est
1754 2028 1896 2082 scri-

242 2112 457 2185 ptitare
491 2114 760 2185 quaedam
792 2114 1099 2170 invectiva.
1126 2116 1290 2170 Unde
1337 2115 1599 2188 contigit,
1625 2123 1688 2170 ut
1716 2134 1899 2171 aemu-

242 2201 436 2257 lorum
460 2218 703 2257 suorum
738 2204 1145 2259 exardescente
1180 2205 1419 2270 invidia,
1445 2206 1514 2260 de
1545 2206 1680 2260 sede
1709 2205 1899 2276 ponti-

244 2289 399 2345 ficali
431 2290 813 2362 expelleretur
845 2308 958 2347 non
1004 2293 1226 2363 absque
1258 2293 1625 2350 contumelia.
1661 2295 1769 2359 Qui
1801 2312 1901 2349 ex-

246 2380 454 2450 pulsus
476 2380 549 2433 ad
571 2379 807 2451 gloriosi
830 2380 984 2453 regis
1006 2381 1232 2437 Ottonis
1255 2383 1530 2455 suffragia
1553 2400 1616 2438 se
1635 2384 1897 2439 contulit.

249 2468 385 2540 Ipso
417 2484 549 2539 rege
580 2469 813 2540 pietatis
856 2469 1070 2524 intuitu
1112 2476 1358 2527 conante
1397 2471 1680 2538 auxiliari,
1702 2490 1903 2528 verum

255 2556 603 2611 adversariis
636 2557 860 2612 fortiter
902 2558 1344 2629 obsistentibus,
1377 2577 1511 2616 cum
1546 2561 1706 2616 nulla
1735 2563 1902 2618 resti-

252 2645 498 2700 tutionis
529 2647 656 2716 ejus
687 2646 852 2711 copia
880 2648 1282 2718 processisset,
1312 2649 1452 2704 utile
1482 2651 1673 2705 visum
1706 2655 1817 2717 est,
1844 2656 1906 2706 ut

251 2734 323 2790 ad
359 2734 775 2802 benignitatem
800 2735 1050 2804 piissimi
1074 2738 1377 2807 sanctique
1402 2739 1689 2794 Brunonis
1710 2740 1904 2794 archi-

256 2822 513 2894 episcopi
546 2822 898 2878 ordinatoris
924 2823 1014 2878 sui
1047 2826 1385 2896 confugium
1420 2827 1651 2883 faceret.
1678 2829 1783 2891 Qui
1814 2845 1905 2884 ve-

254 2910 703 2983 niens,benigne
722 2918 1030 2983 susceptus
1047 2918 1104 2968 et
1117 2916 1627 2972 consuetudinario
1644 2917 1907 2989 benigni-

259 3000 396 3053 tatis
426 3000 554 3070 ejus
586 3016 744 3055 more
776 3001 1093 3057 honorifice
1123 3003 1380 3072 habitus,
1409 3022 1523 3060 non
1558 3005 1743 3062 multo
1776 3013 1908 3078 post

258 3087 546 3142 cathedrae
571 3105 687 3143 suae
709 3090 979 3145 decenter
997 3097 1088 3147 est
1122 3093 1451 3149 restitutus.
1479 3095 1541 3149 In
1572 3096 1715 3150 tanti
1748 3097 1905 3152 enim

254 3175 359 3230 viri
385 3176 610 3247 judicio
642 3179 873 3234 evanuit
893 3180 1158 3236 omnium
1192 3182 1562 3239 inimicorum
1587 3186 1712 3251 ejus
1734 3186 1909 3241 obsti‘

253 3268 391 3319 nata
422 3266 768 3336 conjuratio,
791 3272 846 3322 et
875 3268 933 3323 in
965 3269 1093 3339 eius
1125 3271 1481 3328 defensionis
1503 3275 1790 3330 constanti
1822 3279 1903 3330 te-
1935 3251 1977 3317 Ο

250 3354 528 3410 stimonio
552 3356 849 3411 obmutuit
870 3374 1018 3413 onus
1036 3360 1497 3417 adversariorum
1524 3364 1906 3435 praescriptio-

250 3459 413 3497 num.
441 3443 849 3516 Proponebant
869 3446 1024 3500 enim
1047 3447 1136 3501 vir
1160 3448 1338 3505 totius
1364 3450 1734 3521 providentiae
1758 3454 1905 3508 ordi-

251 3548 383 3586 nem
416 3531 575 3587 illius
608 3534 896 3588 canonicis
929 3534 1228 3592 electionis
1259 3542 1314 3593 et
1342 3538 1747 3597 ecclesiasticas
1775 3559 1906 3597 con-

249 3618 614 3687 secrationis,
658 3636 763 3675 nec
810 3622 1018 3676 debere
1065 3627 1287 3679 tantam
1330 3626 1627 3693 justitiam
1677 3629 1902 3686 irritam

250 3708 375 3763 ﬁeri
418 3707 813 3779 qualicunque
863 3713 1231 3767 accusatione
1288 3713 1605 3771 testimonii
1658 3716 1901 3788 laicalis,

248 3797 366 3852 imo
397 3812 601 3851 omnes
656 3797 922 3853 factionis
953 3798 1129 3870 hujus
1162 3801 1461 3857 ministros
1510 3806 1759 3875 graviter
1789 3809 1904 3863 for-

248 3885 471 3940 midare
513 3901 686 3956 posse
733 3886 1015 3941 offensam
1065 3888 1393 3960 apostolicae
1443 3893 1903 3950 animadversio-

248 3974 360 4029 nis.
416 3973 602 4045 Igitur
650 3973 942 4029 dulcitluae
992 3976 1273 4033 facundiae
1323 3996 1443 4034 suae
1492 3983 1752 4038 antidoto
1803 3985 1902 4039 ad-

245 4062 637 4118 versariorum
694 4063 908 4118 animis
968 4065 1271 4138 mitigatis,
1322 4069 1405 4123 sic
1463 4071 1767 4127 ordinante
1816 4074 1903 4127 di-

247 4151 385 4207 vina
411 4150 722 4207 clementia
752 4153 1063 4223 disposuit,
1096 4160 1160 4210 ut
1191 4157 1465 4215 omnibus
1511 4160 1905 4217 indissolubili

247 4240 559 4295 concordia
607 4241 947 4312 pacificatis,
984 4245 1054 4298 ab
1086 4245 1306 4301 eisdem
1349 4264 1482 4303 cum
1530 4252 1688 4304 omni
1721 4251 1902 4307 hono-

249 4328 532 4385 riﬁcentia
578 4329 639 4384 in
691 4331 888 4387 sedem
941 4349 1110 4387 suam
1160 4336 1532 4393 reduceretur
1570 4339 1901 4412 episcopus,

250 4436 283 4474 a
312 4417 527 4489 quibus
573 4423 746 4475 antea
792 4420 980 4475 fuerat
1029 4438 1161 4476 cum
1212 4423 1499 4480 indecenti
1551 4428 1905 4485 contumelia

249 4506 588 4579 propulsus,
624 4512 681 4563 et
720 4509 1081 4565 emendatior
1129 4512 1292 4568 ﬁeret
1341 4514 1615 4571 omnibus
1661 4518 1761 4572 aevi
1810 4520 1901 4573 sui

249 4596 478 4651 diebus.

322 4686 408 4739 15.
442 4686 694 4755 Ερίεεοια
723 4690 961 4759 episcopi
988 4690 1215 4745 Ratheri
1251 4691 1321 4746 ad
1350 4694 1679 4750 Brunonam.
1704 4696 1905 4752 Exstat

247 4774 422 4830 etiam
453 4773 702 4846 epistola
748 4776 935 4848 ipsius
967 4778 1221 4851 episcopi
1256 4780 1325 4835 ad
1358 4786 1629 4838 sanctum
1679 4785 1904 4841 Bruno-

2012 1940 2215 1995 multis
2258 1940 2433 1995 etiam
2483 1939 2741 2010 gravavit
2788 1936 3065 1992 adversis.
3099 1935 3457 2005 Quandoque
3505 1932 3662 1988 enim

2010 2034 2240 2085 mortuo
2272 2029 2535 2099 ejusdem
2575 2026 2686 2083 loci
2736 2026 2965 2092 abbate,
2998 2024 3243 2079 liberam
3293 2022 3376 2078 eis
3423 2021 3658 2078 electio-

2011 2136 2144 2174 nem
2171 2119 2516 2187 infringens,
2550 2133 2667 2187 qua
2696 2133 2763 2171 ex
2808 2114 3103 2169 Benedicti
3133 2111 3436 2185 apostolici
3466 2110 3661 2166 indul-

2010 2208 2207 2280 gentia
2232 2206 2375 2262 illud
2399 2208 2664 2277 adusque
2687 2210 2921 2276 tempus
2943 2202 3365 2275 gloriabantur,
3390 2200 3661 2256 abbatem

2010 2298 2094 2352 eis
2126 2295 2363 2351 intrusit
2392 2297 2678 2368 ignotum,
2704 2294 2796 2349 cui
2847 2293 2919 2347 ad
2972 2291 3363 2346 obediendum
3408 2288 3659 2360 jurisju-

2012 2385 2176 2440 randi
2209 2388 2573 2440 sacramento
2605 2380 2906 2453 compulit,
2935 2381 3250 2436 renitentes
3281 2378 3663 2435 inclementer

2014 2474 2219 2531 afﬂixit
2239 2478 2295 2529 et
2325 2472 2631 2537 exsiliavit,
2651 2471 2758 2526 etsi
2787 2488 2898 2525 non
2929 2470 3074 2542 ipse,
3098 2473 3294 2523 tamen
3320 2484 3420 2540 per
3451 2484 3663 2523 manus

2014 2564 2387 2619 dominorum
2413 2560 2759 2617 crudelium.
2783 2559 2929 2614 Nam
2953 2558 3217 2612 intrusus
3240 2556 3422 2612 abbas
3450 2556 3665 2628 pleros-

2013 2668 2127 2724 que
2158 2669 2275 2707 suzs
2299 2649 2767 2722 congregationis
2793 2650 2998 2703 fratres
3020 2663 3219 2702 secum
3243 2646 3525 2700 adductos
3547 2644 3667 2698 sin-

2014 2741 2167 2813 gulis
2202 2738 2549 2794 obedientiis
2573 2737 2843 2808 praefecit,
2869 2738 3189 2789 claustrum
3216 2735 3301 2789 eis
3332 2750 3502 2789 omne
3534 2733 3668 2787 sub-

2007 2828 2167 2899 jecit.
2188 2832 2434 2899 Eratque
2458 2842 2691 2881 necesse
2717 2825 2826 2881 sub
2852 2824 2959 2879 hac
2988 2822 3334 2879 dissidentia
3347 2821 3665 2877 Ecclesiam

2015 2916 2349 2990 periclitari.
2365 2916 2583 2970 Videns
2604 2930 2740 2986 ergo
2762 2914 3046 2969 Dominus
3070 2911 3266 2984 populi
3289 2910 3381 2965 sui
3402 2911 3665 2965 afﬂictio-

2015 3023 2172 3077 nem,
2202 3006 2492 3061 mediante
2524 3004 2813 3059 Brunonis
2845 3002 3074 3070 merito,
3106 3000 3316 3056 erroris
3348 2999 3527 3071 hujus
3558 3016 3660 3055 au-

2016 3102 2233 3152 ctorem
2256 3096 2592 3166 episcopum
2631 3092 2997 3148 Fredericum
3028 3091 3146 3171 vita
3178 3088 3425 3145 absolvit
3456 3088 3663 3159 (1973),

2018 3191 2082 3241 ut
2112 3201 2172 3241 se
2196 3203 2311 3240 non
2345 3186 2547 3239 deesse
2569 3182 2693 3238 suis
2716 3184 3089 3247 monstraret,
3110 3183 3167 3234 et
3194 3179 3461 3233 intrusus
3482 3178 3664 3233 abbas

2014 3275 2340 3331 intenderet
2369 3288 2620 3343 cumque
2643 3271 2767 3327 suis
2788 3269 3069 3341 subjectis
3098 3267 3301 3323 mitius
3334 3270 3545 3337 ageret.
3573 3267 3665 3320 ln-

2014 3369 2171 3419 terea
2202 3368 2544 3419 revocantur
2573 3360 2826 3425 exsules,
2858 3358 3172 3429 ejiciuntur
3201 3361 3259 3412 et
3288 3356 3668 3411 remittuntur

2014 3451 2325 3509 adulterini
2356 3451 2656 3506 ofﬁciales.
2680 3448 2814 3505 Solo
2837 3447 3031 3503 abbati
3056 3461 3290 3501 manere
3310 3444 3666 3515 conceditur,

2014 3542 2334 3598 reverentia
2364 3540 2415 3595 ei
2439 3541 2615 3613 digna
2636 3539 2968 3604 exhibetur;
2998 3535 3158 3591 nullo
3187 3532 3523 3607 gravamine
3549 3531 3668 3588 vel-

2013 3631 2222 3687 licatur
2242 3630 2337 3698 “9;
2364 3629 2461 3684 Dei
2494 3645 2672 3701 super
2696 3627 2804 3683 hoc
2827 3630 3153 3682 metuentes
3176 3623 3466 3695 judicium
3490 3639 3671 3678 saecu-

2013 3720 2173 3792 lique
2206 3719 2530 3774 infamiam.
2554 3718 2685 3773 Jam
2714 3719 2909 3789 optato
2939 3731 3116 3770 cursu
3141 3712 3415 3783 jubilaaus
3445 3712 3668 3781 aderat,

2015 3826 2218 3864 serena
2250 3825 2311 3862 se
2340 3813 2604 3879 tempora
2625 3805 3044 3870 secundabant,
3070 3804 3209 3857 dum
3233 3805 3289 3857 et
3310 3800 3553 3872 captivis
3585 3800 3668 3853 in-

2015 3897 2178 3951 dulta
2210 3896 2468 3961 libertas,
2493 3900 2549 3950 et
2572 3894 2925 3964 jamdudum
2950 3890 3207 3947 defuncti
3240 3889 3508 3962 praesulis
3533 3890 3665 3945 Fre-

2014 3984 2193 4040 derici
2223 3984 2424 4038 datum
2457 3986 2543 4037 est
2591 3980 2894 4036 innotesci.
2920 3980 3065 4034 Nam
3115 3978 3378 4048 ejusdem
3410 3976 3664 4032 ecclesiae

2014 4078 2211 4129 custos
2242 4076 2409 4127 nocte
2443 4071 2694 4142 quadam
2729 4074 2860 4141 post
2892 4067 3232 4135 matutinos,
3262 4065 3541 4121 fratribus
3572 4083 3667 4120 cu-

2012 4164 2201 4219 bitum
2236 4159 2535 4233 regressis,
2560 4163 2623 4214 ut
2652 4158 2937 4213 familiare
2956 4162 3045 4213 est
3066 4155 3432 4224 custodibus,
3456 4153 3665 4210 altaria

2011 4252 2320 4317 lustrabat,
2356 4250 2670 4304 luminaria
2708 4248 3034 4320 reparabat,
3068 4249 3361 4317 postremo
3392 4244 3659 4298 tumbam

2013 4342 2202 4398 sancti
2236 4338 2526 4395 Brunonis
2556 4338 2802 4393 visitans
2844 4339 3073 4392 oratum
3106 4351 3167 4389 se
3197 4332 3495 4406 deposuit;
3528 4348 3663 4387 cum

2013 4434 2243 4501 repente
2277 4428 2551 4500 collapsis
2573 4426 2757 4482 oculis
2779 4426 2899 4481 haec
2928 4424 2983 4478 in
3007 4424 3215 4497 spiritu
3236 4421 3400 4479 vidit.
3423 4420 3583 4476 Vidit
3607 4425 3665 4477 et

2012 4535 2141 4574 ecce
2163 4519 2511 4591 sapedictus
2536 4516 2845 4588 episcopus
2867 4512 3206 4570 Fredericus
3238 4511 3471 4583 lugubri
3494 4514 3663 4583 gestu

1937 4621 1982 4684 D
2014 4614 2141 4664 erat
2171 4608 2448 4663 incedens
2495 4614 2551 4661 et
2600 4606 2819 4661 crebris
2869 4602 3227 4675 singultibus
3275 4615 3472 4655 secum
3522 4598 3667 4653 dure

2015 4698 2108 4770 agi
2128 4698 2457 4753 insinuans.
2483 4698 2664 4761 Quem
2686 4694 2841 4751 idem
2868 4697 3086 4758 custos,
3113 4695 3177 4745 ut
3197 4693 3339 4755 erat,
3364 4689 3421 4742 in
3451 4687 3661 4757 spiritu

2015 4786 2326 4855 allocutus,
2359 4800 2598 4841 causam
2640 4784 2908 4841 maeroris
2935 4780 3205 4852 inquirit,
3236 4779 3377 4834 dum
3409 4791 3511 4847 pro
3539 4775 3666 4847 ipso

1592 4913 1834 4967 VARIZE
1880 4913 2185 4970 LECTION
2197 4917 2297 4971 ES.

318 5018 384 5052 "‘7
417 5036 613 5076 amore
642 5021 756 5076 cod.

835 5022 901 5098 ω
934 5022 1187 5098 Posthac
1216 5041 1554 5098 quamquam
1600 5030 1657 5083 in
1709 5030 1889 5087 codice
1913 5032 2134 5086 nullum
2165 5034 2377 5088 lacunae
2406 5031 2706 5098 uestigium
2759 5031 2965 5094 exstat,
3011 5028 3144 5082 satis
3199 5033 3379 5083 tamen
3425 5028 3678 5098 apparet.

242 5091 616 5182 ﬁflfftlflujus
664 5096 1019 5182 ηανῖαιίοτξίε
1064 5091 1426 5182 intercidisse-ﬂ,
1457 5104 1845 5182 sequentian
1889 5104 1990 5182 nil.
2022 5119 2135 5158 esse
2188 5107 2301 5161 nisi
2341 5091 2645 5159 sermosiem
2712 5091 2990 5178 quendam
3020 5099 3086 5152 de
3117 5098 3171 5153 S.
3206 5091 3690 5182 Brunon'e','initio
