4008 5388
376 345 497 407 987

1338 357 1400 419 S.
1447 360 1843 423 BRUNONIS
1889 360 2403 423 COLONIENSIS
2451 362 2823 423 DIPLOMA.

3682 353 3804 416 988

377 479 724 537 universalis
748 483 1011 541 Ecclesiae
1033 487 1218 544 multa
1248 507 1485 561 precum
1513 494 1778 561 redditio,
1809 494 2021 549 elemo-
2054 499 2107 565 Α
2207 494 2280 548 De
2310 495 2584 550 miiaculo
2614 495 2753 566 quod
2797 497 2855 550 in
2885 509 3038 550 coma
3078 492 3305 548 Domini
3349 489 3586 559 contigit
3616 490 3691 541 ad
3720 502 3801 541 se.

379 584 657 640 synarum
679 571 1395 643 distributio,omnimoda
1415 583 1739 638 salubrium
1761 588 2024 638 votorum
2130 584 2387 655 pulcrum
2444 585 2578 656 ejus.
2621 585 2702 639 Ne
2749 600 2848 639 vos
2906 583 3082 638 lateat
3139 578 3706 648 miraculum,quod
3746 577 3799 630 in

379 658 616 729 oblatio,
656 666 832 718 Deum
880 666 1277 724 indesinenter
1325 672 1737 728 sollicitaverit.
1772 675 1839 729 Et
1880 672 1976 726 ille
2011 696 2024 733 :

374 768 402 795 ‹‹
438 749 607 813 Vera,
640 749 851 822 inquit,
874 770 1028 825 vera,
1062 757 1259 828 frater,
1284 776 1729 828 commemoras,
1760 762 2027 833 sciasque

372 833 556 889 Deum
590 838 857 895 delectari
890 842 947 897 in
996 847 1263 915 precibus
1295 850 1555 905 fidelium
1590 869 1691 922 pro
1725 868 1815 907 me
1858 852 2023 906 fusis.

370 924 451 978 Ex
482 928 697 995 quibus
720 930 857 984 dum
892 935 1141 1001 gratiam
1169 940 1447 1010 consequi
1481 941 1820 1006 debueram,
1845 958 1876 995 a
1898 958 2029 995 san-

370 1018 459 1067 cto
494 1013 763 1073 Brunone
796 1022 1045 1091 graviter
1078 1025 1381 1096 impedior.
1431 1028 1807 1084 Obstatenim
1844 1030 2029 1083 multa

366 1103 685 1173 quaeritans
717 1109 978 1175 adversa,
1003 1112 1226 1182 quibus
1252 1116 1429 1170 miser
1448 1133 1551 1187 ego
1585 1117 1732 1172 hanc
1764 1125 2026 1172 sanctam

366 1193 535 1246 nocui
571 1200 1115 1269 congregationem;
1150 1220 1243 1257 sec
1267 1205 1377 1260 sibi
1408 1207 1773 1261 satisfactum
1800 1226 1902 1278 pro
1935 1208 2024 1271 iis,

373 1296 479 1335 nec
503 1282 680 1355 digna
703 1302 806 1356 pro
828 1289 1051 1345 meritis
1078 1308 1167 1346 me
1192 1294 1479 1367 recepisse
1510 1298 1769 1367 opponit.
1797 1302 1904 1351 Pro
1935 1314 2025 1351 so-

371 1367 443 1423 lis
475 1386 612 1442 ergo
644 1374 807 1429 vobis
852 1376 1133 1435 hactenus
1167 1382 1308 1436 mihi
1342 1389 1549 1454 negata
1578 1390 1665 1439 est
1694 1386 1928 1441 venia.»
1962 1380 2030 1440 Et

375 1463 576 1515 custos
603 1478 647 1515 τι
679 1462 753 1517 Μὶ
786 1465 1041 1536 domine,
1067 1469 1167 1535 ait,
1192 1469 1238 1525 si
1263 1472 1540 1527 omnibus
1562 1473 1653 1538 iis,
1682 1490 1807 1544 quae
1838 1491 2029 1545 prose-

374 1551 548 1603 cutus
580 1565 663 1613 es,
688 1552 833 1607 ﬁdes
866 1555 1197 1613 adhibenda
1234 1564 1341 1627 est,
1366 1561 1534 1616 nobis
1566 1562 1705 1633 quid
1728 1564 1795 1597 ⁵⁸0
1826 1564 1895 1618 de
1927 1563 2025 1618 tali

367 1641 855 1707 prtesumendum
890 1649 978 1699 est
1015 1648 1346 1717 patrono?»
1371 1650 1439 1705 Et
1474 1650 1570 1705 ille
1604 1668 1653 1705 ;‹‹
1682 1652 1896 1723 Magni,
1924 1654 2024 1719 ait,

369 1724 562 1779 meriti
597 1726 755 1784 hunc
787 1733 944 1803 apud
986 1734 1352 1792 Altissimum
1395 1739 1567 1809 scias,
1592 1744 1649 1794 et
1680 1756 1809 1795 vere
1840 1740 2030 1811 provi-

366 1828 559 1869 sorem
587 1822 646 1871 et
667 1818 1079 1889 dispositorem
1100 1826 1362 1881 omnium
1383 1844 1508 1899 qua:
1524 1829 1827 1884 vobiscum
1850 1846 2029 1902 agun-

366 1905 483 1957 tur.
510 1904 658 1960 Nam
708 1906 902 1964 locum
952 1910 1133 1968 istum
1168 1920 1223 1969 et
1253 1916 1461 1972 fratres
1494 1918 1661 1989 quasi
1693 1936 1726 1973 a
1755 1918 1869 1973 Deo
1915 1915 2026 1974 sibi

376 1992 659 2049 creditam
688 1999 949 2068 possidet
971 2002 1274 2072 tamiliam,
1300 2010 1479 2077 utque
1501 2008 1817 2063 advocatus
1840 2015 2029 2063 vester

368 2080 522 2137 inter
570 2101 670 2140 vos
724 2086 1062 2160 frequenter
1106 2098 1393 2162 versatur,
1436 2100 1645 2151 cuncta
1694 2096 1925 2152 ordinat
1978 2102 2033 2152 et

377 2170 661 2242 disponit.
698 2178 763 2231 Et
795 2179 1071 2248 quoniam
1105 2180 1217 2253 ipsi
1249 2182 1320 2237 de
1350 2184 1513 2239 vobis
1546 2200 1686 2240 cura
1713 2190 1822 2250 est,
1854 2185 2029 2240 mise—

371 2258 683 2319 ricordiam
712 2266 939 2339 ﬂagito;
970 2271 1173 2326 vestris
1197 2289 1372 2344 super
1395 2289 1485 2327 me
1508 2274 1776 2345 precibus
1803 2290 2032 2329 movea-

372 2350 555 2405 tur!»
590 2353 705 2410 Nec
746 2356 917 2426 plura
964 2358 1037 2413 iis
1088 2358 1339 2427 locutus,
1381 2362 1772 2430 subtrahitur;
1834 2366 2030 2417 custos

370 2439 547 2494 etiam
582 2442 691 2496 sibi
725 2445 1006 2501 redditur.

440 2530 572 2583 Item
600 2531 665 2585 de
689 2534 885 2589 eodem
912 2538 1171 2592 Brunone
1199 2539 1629 2611 archiepiscopo.
1657 2540 1850 2613 Magni
1873 2540 2028 2595 enim

373 2618 567 2672 meriti
600 2622 753 2690 apud
790 2627 973 2678 Deum
1017 2626 1221 2681 beatus
1266 2627 1458 2682 Bruno
1489 2645 1616 2683 esse
1647 2629 2028 2701 dignoscitur-

368 2705 515 2762 Nam
549 2708 891 2781 quicunque
922 2712 981 2767 in
1014 2721 1302 2784 quartana
1324 2716 1410 2771 vel
1431 2717 1680 2773 tertiana
1711 2717 1954 2787 laborat,
1979 2718 2027 2773 si

373 2796 441 2849 ad
478 2797 812 2868 sepulcrum
860 2802 989 2872 ejus
1039 2804 1242 2859 devoto
1293 2807 1465 2861 corde
1514 2808 1843 2873 accesserit,
1876 2812 1931 2861 et
1960 2808 2029 2861 de

373 2884 553 2941 calice
603 2887 704 2959 qui
757 2891 886 2959 ejus
944 2893 1160 2962 pectori
1221 2895 1627 2966 superpositus
1671 2895 1729 2949 in
1762 2894 2027 2967 sepulcro

372 2973 505 3044 fuit,
536 2992 640 3047 per
668 2983 786 3032 tres
817 2980 1123 3037 continuos
1153 2982 1277 3037 dies
1318 2983 1549 3049 biberit,
1584 2986 1713 3055 ejus
1741 2984 1965 3041 meritis
1997 2999 2028 3038 a

372 3062 489 3119 Deo
522 3066 893 3123 sanctitatem
924 3086 989 3125 se
1016 3071 1343 3143 percepisse
1372 3074 1667 3145 gaudebit.

2135 688 2299 727 omna
2342 673 2571 728 Domini
2630 673 2892 745 contigit,
2929 672 3132 727 vesirae
3191 668 3457 724 charitati
3518 666 3801 721 intimare

2135 761 2574 832 disposui.Cum
2602 778 2771 817 mane
2801 762 3276 817 convenissemus
3293 762 3523 813 oratum
3552 755 3797 827 pariter,

2134 848 2381 920 ingessit
2410 868 2470 905 se
2505 851 2625 923 pari
2668 850 2970 906 devotione
3014 850 3301 921 quaedam,
3328 851 3394 901 ut
3422 852 3642 900 oraret.
3671 844 3800 897 Haec

2136 939 2539 1009 quinquennio
2573 957 2784 995 manus
2832 939 3173 993 infirmitate
3222 937 3608 1001 laboraverat,
3645 938 3709 985 ut
3740 932 3797 985 in

2136 1026 2329 1097 palme
2362 1028 2551 1083 medio
2582 1028 2965 1099 inﬁgerentur
3007 1027 3115 1082 sibi
3166 1026 3486 1097 digitorum
3545 1021 3798 1076 summi-

2136 1120 2303 1171 tates.
2340 1118 2468 1171 Mox
2491 1122 2552 1172 ut
2574 1117 2886 1189 prostravit
2910 1133 2968 1171 se
2992 1115 3257 1188 sepulcro
3280 1113 3467 1168 sancti
3501 1111 3795 1166 Brunonis

2137 1205 2583 1277 archiepiscopi,
2607 1212 2842 1262 extensa
2868 1222 3045 1260 manu
3073 1204 3387 1260 sanitatem
3422 1200 3704 1255 obtinuit.
3728 1199 3797 1252 Et

2138 1310 2210 1348 ne
2241 1295 2504 1351 videatur
2552 1296 2745 1361 inane,
2778 1296 3073 1349 cicatrices
3122 1293 3439 1365 iacentium
3474 1289 3794 1360 digitorum

2135 1385 2385 1453 probant
2414 1386 2739 1440 manifeste.

2209 1474 2401 1528 Bruno
2434 1474 2730 1545 pacificus,
2764 1473 2960 1529 aeterni
3001 1472 3156 1544 regis
3187 1469 3432 1535 amicus,

2208 1564 2288 1618 Te
2308 1564 2375 1599 ⁸⁸¹
2413 1564 2578 1631 duce,
2605 1568 2837 1635 pastore
2867 1567 2923 1618 et
2954 1567 3174 1617 rectore
3204 1558 3441 1615 Colonia
3468 1556 3707 1629 gaudet.

2208 1654 2350 1705 Cum
2382 1652 2529 1706 duce
2552 1652 2925 1721 majestas,et
2944 1666 3074 1705 cum
3099 1649 3244 1703 duce
3265 1648 3470 1717 regnat
3490 1643 3793 1710 honestas,

2209 1740 2327 1794 Sub
2360 1739 2506 1794 duce
2536 1756 2647 1811 pax
2677 1743 2843 1811 grata
2873 1737 3074 1793 multis
3104 1741 3163 1791 et
3191 1735 3355 1790 curia
3384 1733 3523 1800 lata,

2214 1828 2275 1883 In
2308 1829 2451 1883 duce
2484 1828 2573 1884 lex
2603 1828 2761 1883 culta
2786 1827 2940 1899 viget
2969 1830 3025 1882 et
3056 1823 3341 1896 sapientia
3371 1820 3578 1876 multa.

2209 1916 2355 1972 Cum
2386 1918 2532 1973 duce
2564 1918 2817 1988 majores
2849 1920 2984 1971 sunt
3013 1919 3070 1971 et
3097 1912 3359 1986 plerique
3390 1910 3678 1974 minores,

2208 2005 2327 2061 Sub
2360 2007 2508 2061 duce
2539 2008 2855 2078 prudentes
2885 2009 3194 2061 versantur
3214 2007 3270 2058 et
3302 1998 3676 2071 insipientes,

2212 2096 2281 2150 Et
2311 2096 2518 2151 merito
2548 2112 2679 2151 vero
2712 2096 2822 2150 scit
2859 2109 3154 2166 quemque
3183 2092 3455 2146 decenter
3482 2087 3727 2141 habere.

2212 2184 2447 2239 Tractat
2477 2184 2793 2239 clementer
2819 2182 3095 2248 humiles,
3118 2180 3471 2248 timidosque
3507 2180 3793 2247 potenter.

2211 2272 2409 2327 Clerus
2444 2273 2771 2328 honoratur
2799 2273 2869 2327 ab
2900 2288 2992 2337 eo,
3021 2269 3391 2342 populusque
3413 2269 3691 2335 juvatur;

2209 2361 2435 2417 Attollit
2466 2362 2665 2433 plenos
2696 2362 2927 2433 Opibus,
2963 2360 3187 2415 solatur
3216 2372 3459 2428 egenos;

2210 2450 2299 2505 Nil
2332 2450 2556 2521 patitur
2586 2466 2861 2521 nequam,
2886 2450 2986 2504 sed
3020 2450 3205 2520 legem
3231 2444 3476 2500 discutit
3506 2457 3757 2512 aequam.

2211 2538 2453 2594 Delicias
2486 2539 2688 2609 nescit,
2712 2538 2812 2608 qui
2846 2555 2961 2592 non
2992 2538 3103 2593 sub
3135 2552 3200 2591 eo
3233 2532 3564 2605 requiescit.

2209 2628 2354 2683 Cum
2385 2628 2531 2682 duce
2558 2626 2876 2681 multarum
2910 2630 3049 2680 sunt
3079 2623 3293 2697 gaudia
3324 2620 3687 2675 divitiarum.

2212 2717 2330 2772 Hoc
2363 2716 2653 2787 siquidem
2677 2718 2859 2786 juste,
2893 2714 3032 2787 quia
3057 2711 3452 2784 dispensanda
3484 2714 3728 2764 venuste

2209 2806 2334 2861 Non
2369 2804 2501 2860 illas
2533 2804 2703 2871 celat,
2736 2804 2836 2859 sed
2869 2804 2927 2858 in
2959 2803 3051 2873 iis,
3085 2807 3146 2856 ut
3177 2800 3381 2872 prosit,
3416 2797 3673 2853 anhelat.

2213 2894 2313 2949 Isti
2343 2899 2484 2949 sunt
2514 2909 2729 2960 mores,
2752 2893 2969 2964 quibus
3000 2889 3311 2962 acquisivit
3340 2888 3615 2951 honores,

2211 2988 2321 3039 Per
2352 3000 2498 3054 quos
2528 2988 2583 3037 et
2613 2987 2807 3054 captat
2838 2982 2948 3038 sibi
2976 2980 3173 3053 plures
3204 2983 3380 3050 atque
3408 2978 3665 3047 coaptat.

2210 3072 2425 3140 Laetus,
2461 3088 2576 3126 non
2606 3070 2814 3139 tristis,
2839 3085 3071 3141 semper
3098 3067 3375 3141 perduret
3402 3064 3463 3120 in
3496 3063 3630 3119 istis
3648 3063 3739 3116 ⁸⁵³.

1723 3171 1970 3227 VARIIE.
2009 3169 2423 3227 LECTIONES.

442 3252 510 3287 "0
540 3253 827 3333 nobisque
856 3272 900 3312 ο.
931 3331 936 3333 Α
978 3258 1044 3333 {5*
1080 3258 1169 3313 Me
1198 3260 1311 3315 cod.
1390 3261 1458 3295 ⁸⁸³
1489 3263 1577 3317 hic
1603 3269 1906 3333 sequuntur
1953 3262 2009 3316 in
2063 3259 2243 3333 codice
2272 3259 2385 3314 duo
2412 3274 2601 3314 versus
2632 3256 2914 3333 :Arborei
2946 3256 3117 3333 tiores
3147 3253 3467 3333 designant
3490 3250 3654 3333 orbis
3688 3248 3785 3303 ho-

372 3338 565 3403 nores:
599 3324 672 3403 U_t
700 3324 946 3403 pereunt
974 3329 1165 3403 ﬂores,
1200 3337 1445 3403 pereunt
1490 3334 1571 3389 sic
1600 3324 1757 3388 orbis
1806 3334 2077 3389 honores.
2108 3332 2211 3387 Sed
2238 3340 2489 3403 apparet,
2526 3332 2587 3385 in
2615 3330 2817 3403 codice,
2838 3328 2993 3403 unde
3021 3333 3210 3403 noster
3236 3324 3540 3403 descriptus
3570 3331 3674 3403 est,
3704 3335 3782 3375 eos

372 3395 441 3449 ab
470 3394 595 3477 alio
625 3399 685 3452 in
700 3394 830 3455 'loco
858 3417 1030 3477 vacuo
1060 3394 1269 3477 additos
1295 3407 1490 3475 fuisse,
1520 3418 1580 3460 ut
1607 3422 1744 3477 saepe
1772 3406 1833 3475 ﬁt
1865 3408 1927 3459 in
1956 3403 2227 3460 codicibus
2242 3394 2755 3474 ."rio:tri':criptor,
2785 3394 3209 3472 diligentissime
3235 3394 3425 3454 omnia
3453 3396 3781 3456 mribem,

372 3482 546 3537 neque
570 3468 664 3525 hos
692 3485 876 3527 versu:
904 3474 1219 3530 omittendos
1250 3468 1484 3546 putavit.
1514 3468 1891 3532 BETH'MA'NN.

1469 3690 1977 3778 DIPLOMA

2071 3688 2686 3777 BRUNONIS.

641 3810 974 3890 Conﬁrmat
1001 3816 1501 3876 commutationem
1531 3814 1757 3895 factam
1799 3817 1952 3875 inter
2000 3812 2435 3893 Werin/ridum
2468 3812 2738 3875 abbatem
2770 3821 2826 3873 et
2863 3810 3211 3873 Warnerum
3242 3808 3529 3869 comitem.

455 3936 642 3990 Bruno
672 3941 885 3991 sanctis
909 3936 1267 3993 Coloniensis
1291 3938 1552 3995 Ecclesia:
1586 3939 1744 3995 ﬁlius
1766 3939 1865 3994 Dei
1898 3955 2027 4011 gra-
2060 3941 2103 4009 C
2143 3942 2355 3993 nostras
2375 3954 2445 3993 ne
2468 3938 2522 3993 id
2549 3938 2711 3993 fieret
2731 3937 2945 4008 saepius
2967 3949 3357 3991 commonere.
3374 3933 3579 4003 Itaque
3601 3944 3792 3985 conve-

382 4023 465 4079 tia
495 4023 971 4097 archiepiscopus
1012 4043 1310 4082 servorum
1346 4028 1463 4096 Dei,
1487 4034 1688 4084 notum
1718 4044 1845 4084 esse
1874 4028 2035 4083 volu-

383 4129 519 4168 mus
549 4119 669 4168 tam
706 4116 1096 4185 praesentibus
1118 4134 1293 4189 quam
1318 4122 1373 4172 et
1396 4118 1778 4189 futuris,quia
1797 4117 2035 4188 quidam

384 4202 693 4274 religiosus
717 4204 868 4259 abba
888 4221 956 4259 ex
979 4206 1332 4262 monasterio
1347 4207 1660 4262 Stabulaus
1682 4212 1737 4261 et
1754 4205 2038 4261 Malmun-

382 4290 545 4345 daria
560 4292 866 4348 Werint‘rid
878 4311 945 4348 us
961 4294 1196 4350 nomine
1211 4294 1354 4350 adiit
1368 4294 1738 4351 clementiam
1753 4301 2037 4358 nostram,

387 4395 489 4451 pro
520 4381 773 4452 quadam
807 4384 1286 4451 commutatione,
1319 4401 1497 4456 quam
1530 4385 1742 4439 fecerat
1774 4400 1907 4439 cum
1938 4399 2038 4438 co-

385 4468 526 4524 mite
557 4473 836 4525 Warnero
869 4471 1023 4527 fideli
1076 4478 1299 4539 nostro,
1325 4477 1381 4527 et
1410 4473 1549 4544 quia
1579 4474 1779 4528 eadem
1829 4490 2037 4529 mona-

386 4558 565 4613 steria
595 4559 707 4613 sub
752 4565 960 4615 nostra:
1000 4561 1268 4617 tuitionis
1300 4562 1635 4617 defensione
1666 4562 1851 4629 erant,
1874 4561 2040 4633 petiit

385 4648 654 4703 eamdem
686 4650 1207 4706 commutationem
1265 4657 1462 4707 nostra
1501 4652 1841 4707 auctoritate
1871 4652 2037 4706 robo-

384 4737 524 4790 rari.
554 4737 734 4808 Cujus
775 4740 1063 4810 petitioni,
1087 4742 1223 4811 quia
1245 4742 1410 4811 justa
1438 4747 1581 4807 erat,
1615 4741 1954 4807 annuimus,
1986 4745 2043 4795 et

386 4826 623 4881 utilitati
642 4827 905 4883 Ecclesia:
925 4828 1620 4885 consuluimus.Habebat
1637 4846 1889 4900 namque
1906 4846 2043 4900 pras-

384 4915 577 4971 dictus
604 4932 797 4971 comes
831 4923 1027 4972 noster
1057 4917 1243 4973 fidelis
1268 4918 1440 4988 juxta
1472 4920 1893 4973 monasterium
1921 4918 2044 4972 Sta‘

385 5002 597 5060 bulaus
628 5005 943 5076 quamdam
990 5005 1183 5060 villam
1233 5006 1323 5061 sui
1361 5006 1513 5075 juris
1544 5006 1780 5061 nomine
1813 5004 2043 5072 Baldau,

2147 4028 2373 4083 nientes
2406 4028 2462 4081 in
2497 4044 2680 4081 unum
2704 4028 2855 4083 abba
2877 4025 3153 4097 praefatus
3173 4029 3229 4078 et
3247 4037 3442 4078 comes
3463 4020 3632 4075 dedit
3652 4019 3791 4074 idem

2148 4116 2541 4172 Werinfridus
2600 4116 2751 4171 abba
2792 4116 3078 4171 Warnero
3133 4111 3334 4168 comiti
3392 4108 3554 4165 ﬁdeli
3607 4111 3791 4163 nostro

2147 4204 2434 4278 quidquid
2472 4204 2684 4259 habere
2715 4204 3021 4259 videbatur
3065 4203 3122 4256 in
3161 4200 3300 4256 villa
3328 4198 3509 4255 Noha:
3538 4197 3712 4259 dicta,
3740 4195 3792 4248 in

2146 4311 2295 4367 pago
2326 4292 2626 4360 Heitlensi,
2660 4292 2717 4347 in
2744 4292 3023 4348 comitatu
3047 4290 3346 4361 Tulpiaco,
3368 4286 3427 4342 id
3459 4290 3550 4342 est
3573 4289 3790 4340 curtem

2145 4384 2361 4439 bonam
2381 4400 2513 4438 cum
2535 4380 2812 4449 casticiis,
2828 4376 3377 4449 molendinis,aquis
3392 4387 3790 4447 aquarumque

2149 4471 2516 4538 decursibus,
2536 4470 2798 4541 quaesitis
2837 4474 2893 4524 et
2933 4466 3319 4539 inquirendis,
3358 4463 3647 4521 silvarum
3680 4477 3789 4517 ma-

2148 4577 2325 4634 gnam
2357 4560 2606 4632 capiam,
2636 4557 2918 4614 familiam
2951 4556 3250 4628 utriusqae
3284 4569 3481 4619 sexus,
3506 4557 3566 4607 et
3592 4555 3788 4606 cetera

2150 4651 2222 4705 ad
2272 4650 2543 4705 eumdem
2594 4647 2787 4703 locum
2821 4646 3189 4719 pertinentia.
3212 4645 3281 4699 Et
3328 4643 3469 4714 quia
3527 4637 3788 4697 monachi

2149 4738 2390 4795 alterius
2421 4736 2778 4802 monasterii,
2800 4736 2857 4790 id
2889 4740 2979 4790 est
3008 4729 3786 4802 Malmundariaa,quamdam

2152 4834 2375 4901 partem
2406 4826 2466 4881 in
2496 4827 2698 4881 eadem
2728 4824 2864 4880 villa
2906 4823 3220 4892 habebant,
3253 4820 3508 4876 reddidit
3537 4818 3690 4874 abba
3714 4816 3785 4871 ei-

2152 4919 2286 4974 dem
2317 4916 2572 4974 ecclesiae
2602 4917 2661 4971 in
2692 4932 2841 4989 pago
2863 4912 3211 4971 Condustrio
3246 4910 3439 4967 locum
3464 4909 3567 4982 qui
3589 4908 3791 4964 dicitur

2152 5006 2327 5072 Villa,
2347 5008 2404 5061 in
2427 5004 2705 5062 comitatu
2724 5006 2866 5062 Hoio
2884 5022 2941 5061 γι
2958 5018 3195 5059 mansos
3215 5002 3400 5057 bonos
3421 5014 3559 5054 cum
3582 4995 3791 5052 familia
