4008 5388
224 411 343 471 989

909 409 1297 470 PRIVILEG.
1345 409 1444 469 E'l‘
1489 407 1954 470 CONSTITUT.
2001 407 2281 468 LEONIS
2328 404 2463 467 VIII
2508 401 2951 464 ANTIPAPE.

3515 397 3634 458 990

224 540 1392 609 bonas,Cambam,molendinum,silvam
1418 541 1866 614 magnam.Nam
1899 555 1955 621 Α
1986 539 2249 611 legaliter
2278 538 2430 594 fecit.
2464 538 2535 593 Et
2564 541 2627 593 ut
2656 536 2780 592 haec
2822 532 3205 590 commutatio
3232 531 3449 621 futuris
3483 534 3632 621 tem-

227 630 473 687 ecclesia
501 632 764 702 ejusdem
795 631 942 686 villa:
973 648 1105 686 cum
1139 631 1289 685 bono
1321 630 1609 695 dotalicio,
1643 630 1870 701 privile-

231 720 380 793 legia
408 724 464 775 et
492 720 797 789 coustitut,
830 721 1053 776 scilicet
1082 726 1237 775 terra
1266 723 1323 774 et
1352 718 1499 774 silva
1529 719 1716 774 eidem
1750 736 1872 774 mo-

1982 629 2222 702 poribus
2254 626 2473 681 ﬁrmior
2488 626 2792 695 habeatur,
2813 623 3091 696 petitione
3121 622 3383 693 eiusdem
3403 619 3631 675 abbatis

1986 735 2198 773 manus
2229 722 2438 771 nostra:
2469 718 2657 771 tractu
2704 714 3090 785 signavimus.
3124 712 3366 783 Signum
3398 708 3628 765 Werin-

232 809 484 865 nasterio
516 809 841 881 antiquitus
859 810 1045 864 fuerat
1066 811 1202 864 data
1227 827 1239 875 ;
1261 808 1381 863 hzec
1404 808 1604 864 omnia
1628 808 1875 863 invicem
1986 807 2163 862 frindi
2200 805 2449 860 abbatis.
2483 804 2643 877 Sign.
2676 801 3112 868 Werinmundi,
3133 798 3634 873 Titgeri,Norber-

232 898 344 954 sibi
373 898 743 953 tradiderunt
774 899 925 953 abba
968 914 1102 953 cum
1136 913 1424 951 consensu
1458 896 1877 952 monachorum

233 992 619 1059 utrorumque
635 987 1320 1056 coenobiorum,etcomes
1334 1002 1465 1040 cum
1484 1002 1771 1041 consensu
1786 1002 1879 1041 ux-

233 1076 351 1132 oris
365 1077 686 1132 etfiliorum
702 1080 757 1131 et
770 1076 1091 1131 amicorum
1110 1079 1434 1143 suorum,et
1447 1092 1640 1129 coram
1655 1074 1886 1130 celsitu-

1990 896 2055 963 ti,
2090 894 2396 967 Reginardi
2431 898 2488 948 et
2518 898 2879 949 caeterorum.
2906 892 2972 946 Et
3002 891 3244 947 alterius
3275 887 3637 944 monasterii.

1993 986 2239 1057 Signum
2273 983 2484 1051 Odulﬂ,
2514 982 2788 1048 Wisirici,
2813 980 3097 1045 Heilfridi,
3122 977 3449 1051 Rogibaldi.
3475 977 3636 1049 Sign.

1997 1073 2262 1128 Warneri
2312 1071 2563 1137 comitis,
2596 1070 2928 1143 Reginardi,
2963 1070 3227 1135 Gevardi,
3262 1072 3318 1123 et
3366 1065 3642 1135 Ricbarii,

231 1167 366 1221 dine
381 1171 583 1221 nostra
600 1166 866 1221 eamdem
881 1165 1400 1220 commutationem
1420 1165 1887 1232 ﬁrmaverunt,et
1998 1168 2055 1219 et
2089 1164 2431 1217 multorum.
2464 1162 2603 1215 Acta
2637 1164 2775 1215 sunt
2806 1159 2926 1213 haec
2956 1157 3186 1229 publice
3216 1156 3399 1229 Aquis
3430 1154 3643 1226 palatio

230 1254 389 1310 idem
412 1271 607 1311 comes
629 1272 730 1325 per
749 1259 928 1310 testes
944 1254 1181 1309 idoneos
1207 1270 1433 1307 ramum
1462 1269 1595 1308 cum
1618 1253 1802 1324 cepite
1817 1252 1887 1307 ad

2000 1252 2094 1307 die
2144 1269 2180 1306 ιι
2231 1250 2473 1305 Kalend.
2524 1246 2884 1314 Novembris,
2926 1252 3203 1318 regnante
3250 1259 3384 1316 rege
3437 1242 3645 1299 Ottone

234 1343 419 1400 altare
434 1344 748 1400 Stabulaus
771 1342 953 1414 misit,
969 1348 1027 1398 et
1051 1342 1424 1398 traditionem
1449 1359 1581 1397 cum
1609 1342 1893 1397 vestitura
2002 1341 2178 1396 fratre
2209 1344 2427 1405 nostro,
2461 1355 2610 1393 anno
2640 1354 2798 1402 xvm,
2833 1334 3141 1391 Godefrido
3171 1334 3336 1388 duce.

242 1455 3645 1507 ω

1572 1600 1723 1638 ANNO
1764 1599 1968 1638 DOMINI
2008 1598 2307 1637 DCCCCLXV.

974 1694 1359 1859 LEO
1454 1728 1804 1857 VIII
1902 1729 2904 1855 AN'I‘IPAPA

1443 2036 1840 2110 NOTITIA
1891 2036 2426 2110 HISTORICA.

972 2188 1400 2261 (Gocquelines,
1435 2188 1670 2256 bullar.,
1704 2187 1967 2261 privileg.
2002 2204 2218 2245 summ.
2252 2192 2413 2259 pont.
2448 2186 2627 2259 amp].
2661 2184 2918 2255 Collect.)

321 2396 383 2450 In
418 2395 683 2467 Romana
710 2394 938 2467 Synodo
966 2393 1227 2467 deposito
1258 2398 1482 2449 Joanne
1512 2394 1607 2450 XII
1636 2399 1849 2449 sanctae
1890 2394 2159 2449 Romana
2192 2392 2457 2448 Ecclesiae
2491 2393 2583 2467 die
2613 2409 2665 2447 vx
2716 2390 3052 2467 Decembris
3082 2388 3215 2445 anni
3240 2388 3373 2467 963,
3407 2388 3520 2443 Leo
3548 2402 3650 2467 VIII

247 2461 768 2539 protoscriniarius
790 2466 853 2539 in
880 2467 1007 2537 ejus
1036 2461 1231 2521 locum
1262 2467 1564 2539 ordinatus
1594 2470 1700 2539 est,
1735 2482 1907 2536 quem
1941 2469 2134 2520 tamen
2167 2469 2408 2539 Romam
2452 2465 2700 2539 rediens,
2730 2462 3010 2539 sequenti,
3028 2478 3201 2527 anno,
3232 2461 3490 2539 Joannes
3521 2461 3653 2539 post

247 2530 492 2592 Othonis
524 2530 1217 2608 imperatorisvrecessum
1263 2538 1463 2608 fugere
1494 2530 1703 2609 coegit,
1738 2530 2204 2609 usurpatamque
2254 2537 2546 2609 dimittere
2587 2530 2951 2607 dig—nitatem.
2988 2534 3054 2588 At
3086 2549 3218 2609 cum
3267 2532 3522 2609 Joannes
3552 2530 3646 2584 die

243 2626 338 2663 xxv
369 2608 507 2664 Maii
538 2603 800 2673 obiisset,
832 2608 1075 2664 Romani
1110 2603 1505 2675 Benedictum,
1538 2603 1628 2663 de“
1652 2603 1767 2679 quo
1800 2603 1933 2663 mox
1962 2603 2245 2671 dicemus,
2278 2608 2403 2663 sine
2447 2603 2693 2679 Othonis
2723 2621 3011 2662 consensu
3044 2603 3444 2679 e_t_volu_ntate,
3478 2618 3647 2679 apos-

246 2672 1043 2754 tolicqsediimposuerunt.
1076 2681 1262 2754 Quare
1294 2672 1989 2754 i_mperat_or_cum_Leone
2019 2679 2588 2754 Romam_perrexit_,
2621 2678 2888 2748 factoque
2913 2674 3338 2754 conciliabulo,
3372 2674 3483 2754 L_eo
3513 2672 3641 2754 pal-

242 2751 390 2806 lium
424 2745 728 2806 Benedicto
762 2751 1025 2821 abstplit,
1060 2756 1117 2805 et
1146 2750 1320 2805 simul
1354 2745 1740 2821 pontificalem
1773 2750 2038 2820 ferulam,
2072 2766 2250 2821 quam
2275 2745 2446 2821 fregit
2474 2754 2530 2803 et
2558 2750 2769 2803 iterum
2791 2745 3149 2821 pontiﬁciam
3184 2747 3381 2801 sedem
3412 2745 3644 2811 invasit,

247 2838 424 2894 quam
458 2838 642 2877 unum
675 2810 1115 2877 annum’tenuit
1143 2810 1375 2892 tresque
1408 2838 1659 2876 menses.

1363 3068 2093 3202 LEONIS
2180 3073 2541 3197 VIII

1770 3271 2126 3327 ANTIPAPE

872 3397 1599 3492 PRIVILEGIA
1678 3397 1835 3489 ET
1921 3394 3024 3491 CONSTITUTIONES.

1041 3682 1083 3737 Ι.

242 3782 438 3823 ιεοκιε
491 3783 593 3822 VIII
649 3784 917 3823 EPIS’I‘OLA
953 3784 1026 3823 AD
1083 3784 1433 3825 RODOALDUM
1484 3786 1889 3827 PATRIARCHAM

840 3854 1263 3901 AOULLEIINSEM
1272 3880 1284 3893 .

880 3927 1070 3997 (Anno
1099 3926 1249 3995 963.)

772 4016 865 4071 Illi
891 4016 1129 4086 pallium
1157 4018 1353 4071 mittil.

503 4104 692 4176 [Apud
722 4102 971 4177 Ughelli,
1003 4105 1174 4161 Italia
1202 4122 1391 4173 sacra,
1423 4109 1491 4173 V,
1526 4106 1638 4176 44.]

318 4212 427 4266 [ιεο
457 4210 786 4282 episcopus,
820 4227 1021 4267 servus
1052 4228 1350 4267 servorum
1383 4212 1504 4278 Dei,
1529 4213 1889 4269 reverendis-

242 4298 392 4354 simo
422 4315 488 4353 ac
510 4298 882 4354 sanctissimo
899 4299 1175 4354 confratri
1194 4303 1393 4355 nostro
1412 4302 1734 4366 Ronoawo,
1752 4319 1888 4357 san-

242 4392 343 4443 cta:
375 4386 764 4458 Aquileiensis
794 4385 1063 4442 Ecclesiae
1094 4388 1455 4459 patriarchas.

314 4475 371 4531 Si
403 4479 667 4546 pastores
694 4474 891 4530 ovium
922 4474 1105 4530 solem
1136 4474 1387 4546 geluque
1419 4492 1521 4547 pro
1574 4477 1770 4548 gregis
1796 4478 1888 4532 sui

241 4563 507 4620 custodia
535 4564 628 4619 die
657 4579 723 4619 ac
753 4566 924 4619 nocte
950 4563 1099 4619 ferre
1145 4564 1404 4619 contenti
1436 4568 1596 4633 sunt,
1634 4569 1692 4620 et
1721 4570 1787 4621 ut
1820 4584 1890 4621 ne

242 4670 358 4726 qua
391 4669 459 4708 ex
487 4653 572 4709 eis
604 4656 706 4708 aut
741 4653 989 4708 errando
1040 4658 1256 4724 pereat,
1290 4658 1392 4708 aut
1442 4653 1641 4708 ferinis
1670 4653 1891 4711 laniata

242 4742 538 4798 morsibus
569 4741 852 4813 rapiatur,
886 4741 1068 4798 oculis
1086 4758 1319 4814 semper
1347 4741 1768 4815 vigilitantibus
1787 4745 1893 4799 cir-

244 4835 672 4903 cumspectant,
706 4835 922 4902 quanto
972 4847 1078 4885 nos
1110 4832 1323 4887 sudore
1372 4836 1712 4903 quantaque
1754 4849 1894 4888 cura

243 4920 525 4976 debemus
547 4935 675 4975 esse
695 4919 1022 4992 pervigiles,
1047 4919 1145 4989 qui
1169 4925 1431 4992 pastores
1456 4920 1787 4976 animarum
1810 4923 1894 4977 di-

244 5008 455 5064 cimur.
478 5008 883 5081 Attendamus,
900 5011 958 5064 et
974 5015 1314 5080 susceptum
1338 5008 1600 5064 ofﬁcium
1624 5010 1891 5068 exhibere

244 5111 381 5169 erga
398 5096 725 5153 custodiam
746 5096 1189 5154 Dominicarum
1210 5098 1404 5155 ovium
1424 5115 1536 5153 non
1570 5114 1889 5173 cessemus,

1921 3685 1971 3751 B
2003 3700 2181 3755 quam
2211 3683 2665 3754 prasdecessores
2694 3683 3145 3753 decessoresque
3184 3684 3317 3736 tuos
3348 3695 3488 3735 usos
3516 3693 3647 3735 esse

1999 3772 2368 3844 incognitum
2401 3788 2515 3827 non
2546 3771 2995 3841 habetis.Cujus
3023 3766 3650 3841 quoniamindumenti

2000 3860 2186 3915 honor
2235 3861 2500 3915 modesta
2547 3864 2786 3915 actuum
2834 3859 3138 3915 vivacitate
3184 3858 3507 3915 servandus
3537 3861 3647 3924 est,

1999 3949 2306 4003 hortamur
2335 3952 2400 4002 ut
2430 3954 2487 4002 et
2518 3964 2748 4001 morum
2796 3952 3031 4002 tuorum
3064 3951 3408 4002 ornamenta
3438 3962 3645 4001 conve-

2000 4037 2503 4106 niant,quatenus,
2527 4041 2760 4090 auctore
2783 4040 2916 4105 Deo,
2932 4040 3083 4090 recte
3104 4035 3434 4106 utrobique,
3456 4034 3646 4105 possis

2000 4140 2128 4180 esse
2145 4123 2520 4195 conspicuus.
2536 4124 2736 4193 Itaque
2757 4123 2873 4178 vita
2892 4128 2997 4178 tua
3018 4121 3156 4177 ﬁliis
3175 4122 3297 4178 tuis
3318 4122 3395 4178 sit
3420 4123 3641 4194 regula.

2001 4214 2062 4267 In
2093 4213 2242 4283 ipsa,
2259 4212 2306 4267 si
2339 4228 2455 4282 qua
2476 4212 2754 4267 fortitudo
2772 4210 2887 4266 illis
2906 4211 3120 4282 injecta
3148 4215 3255 4273 est.
3279 4210 3641 4283 dirigantur;

1998 4301 2059 4357 in
2090 4317 2159 4356 ea
2193 4301 2348 4372 quod
2397 4300 2705 4355 imitentur
2754 4300 3077 4372 aspiciant;
3128 4300 3188 4355 in
3238 4300 3366 4371 ipsa
3412 4316 3645 4371 semper

1999 4390 2422 4446 considerando
2454 4389 2779 4460 proﬁciant,
2795 4393 2859 4444 ut
2887 4394 3056 4445 tuum
3074 4394 3207 4462 post
3236 4394 3415 4445 Deum
3447 4390 3641 4445 videa-

2000 4484 2098 4534 tur
2127 4494 2255 4534 esse
2294 4479 2440 4533 bene
2488 4479 2642 4549 quod
2674 4478 2940 4533 vixerint.
2972 4478 3081 4534 Cor
3108 4494 3245 4550 ergo
3295 4494 3483 4550 neque
3512 4495 3643 4551 pro-

2000 4584 2190 4639 spera,
2216 4584 2342 4638 quae
2365 4566 2762 4638 temporaliter
2778 4566 3182 4633 blandiuntur,
3209 4566 3509 4633 extollant,
3542 4584 3640 4622 ne-

2002 4673 2114 4727 que
2160 4657 2404 4711 adversa
2450 4655 2743 4725 dejiciant.
2794 4656 2904 4711 Sed
2936 4655 3223 4727 quidquid
3270 4655 3413 4711 illud
3447 4656 3641 4723 fuerit,

2002 4746 2213 4800 virtute
2237 4744 2529 4816 patientiae
2552 4744 2911 4799 devincatur.
2936 4743 3175 4800 Nullum
3199 4745 3352 4817 apud
3374 4749 3430 4799 te
3451 4744 3642 4800 locum

2001 4835 2154 4897 odia,
2178 4833 2407 4890 nullum
2430 4833 2590 4889 favor
2619 4833 2970 4889 indiscretus
2989 4833 3267 4890 inveniat.
3300 4833 3643 4889 Districtum

2003 4922 2142 4978 mali
2174 4927 2548 4995 cognoscant.
2575 4923 2872 4978 lnsontem
2892 4922 3045 4992 apud
3079 4927 3134 4978 te
3162 4921 3458 4996 suggestio
3489 4920 3645 4976 mala

2005 5029 2120 5068 non
2174 5013 2368 5068 faciat.
2418 5012 2733 5067 Nocentem
2765 5009 2954 5084 gratia
2982 5028 3098 5065 non
3132 5018 3400 5078 excuset;
3435 5010 3648 5064 remis-

2005 5116 2137 5155 sum
2169 5108 2224 5157 te
2242 5099 2723 5171 delinquentibus
2755 5116 2871 5155 non
2898 5100 3283 5171 ostendas,ne
3308 5098 3460 5171 quod
3492 5096 3655 5155 ultus

2006 5205 2116 5222 nnn
2144 5190 2323 5222 Pun-ia
2382 5187 2697 5222 nonnninnn;
2736 5184 3072 5222 nonmitfono
3099 5189 3173 5222 οςι
3201 5191 3257 5222 ἶν-
3291 5194 3348 5222 tn
3379 5186 3510 5222 ικηηῖ
3546 5189 3661 5222 Do-
