4008 5388
240 314 402 381 1005

239 450 430 507 sionis
451 449 600 506 facto
623 464 772 521 opus
794 445 891 515 sit,
917 450 973 503 et
998 448 1289 520 quomodo
1322 447 1476 521 regis
1498 446 1754 504 dolorem
1780 447 1890 502 mi-
1922 447 1975 513 Α

240 541 520 613 tigarent,
542 556 676 594 cum
700 555 898 593 seoum
922 542 1267 609 quaererent,
1290 538 1524 594 tandem
1549 536 1790 592 consilio
1807 538 1890 591 in-

238 636 437 699 vento,
461 636 525 683 ut
554 628 867 699 episcopus
892 627 1167 683 invitetur
1194 628 1311 699 regi
1345 632 1667 699 suggerunt
1698 644 1708 681 :
1735 627 1888 696 quod

241 719 341 775 ille
363 718 737 775 devotissime
758 716 1136 789 amplectens,
1159 734 1289 772 mox
1303 718 1427 772 sine
1447 716 1721 772 dilatione
1741 715 1892 788 lega-

242 808 323 864 tis
352 807 612 875 directis,
648 815 713 861 ut
748 808 818 863 ad
851 824 910 863 se
934 807 1243 878 episcopus
1266 806 1423 861 omni
1451 805 1791 861 festinantia
1812 805 1893 859 fa-

242 899 432 970 tigare
461 914 523 952 se
554 897 830 969 dignetur
870 897 1149 968 exposcit.

319 988 370 1041 4.
406 987 519 1041 Nec
554 1002 736 1053 mora,
770 986 1226 1056 faciuntjussa:
1278 986 1615 1056 episcopum
1649 985 1891 1049 adeunt,

242 1093 485 1133 causam
516 1076 879 1130 invitationis
912 1093 1026 1130 non
1058 1075 1184 1129 sine
1228 1074 1385 1129 luctu
1436 1078 1756 1145 exponunt.
1794 1074 1891 1129 Ille

242 1182 400 1237 vero,
434 1165 628 1220 audito
659 1182 795 1219 casu
832 1163 1025 1233 amici,
1063 1170 1221 1218 totus
1251 1164 1461 1235 spiritu
1485 1164 1887 1229 conturbatus,

244 1255 392 1311 ﬂens
424 1253 795 1324 multumque
827 1270 1089 1325 gemens,
1122 1260 1321 1307 vocato
1353 1253 1665 1321 comitatu,
1688 1253 1888 1306 statim

242 1359 551 1415 properare
584 1360 695 1397 non
728 1342 980 1397 distulit.
1032 1342 1145 1397 Nec
1196 1343 1391 1397 minus
1444 1342 1665 1396 interea
1696 1359 1791 1395 rex
1821 1342 1890 1395 ad

242 1433 559 1487 adventum
576 1431 872 1502 pontificis
888 1431 1524 1502 impatiens,egressus,
1543 1448 1737 1486 senem
1755 1430 1892 1484 emi-

242 1538 357 1577 nus
381 1519 750 1576 festinantem
787 1522 1187 1592 conspicatus,
1228 1520 1374 1575 fusis
1400 1520 1692 1592 lacrymis,
1709 1519 1893 1574 velato

245 1610 455 1681 capite,
483 1609 903 1665 comitantibus
963 1608 1166 1664 multis
1221 1612 1394 1680 atque
1438 1608 1894 1681 lacrymantibus

244 1698 502 1770 stipatus
523 1698 794 1754 occurrit.
816 1698 923 1761 Qui
941 1713 1075 1753 eum
1096 1714 1159 1754 se
1178 1696 1423 1753 invicem
1447 1697 1615 1753 solito
1639 1696 1893 1754 salutare

1480 314 1583 375 DE
1627 311 1818 375 VITA
1866 311 1931 373 S.
1979 312 2424 376 ARBOGASTI

3497 293 3657 375 1006

2077 449 2129 501 6.
2168 446 2351 519 Igitur
2372 446 2472 518 qui
2495 446 2587 502 hic
2608 446 2798 503 ofﬁcio
2821 446 3065 503 aderant
3093 442 3408 503 clamorem
3448 444 3626 521 gaudi

1999 538 2225 594 diutius
2247 537 2516 592 cohibere
2540 555 2656 593 non
2679 542 2976 609 poterant:
3002 537 3143 609 quin
3170 537 3348 594 libere
3371 542 3646 609 eruptum

2000 628 2240 697 atrium,
2270 644 2623 699 omnemque
2655 627 2849 683 aulam
2881 628 3034 700 regis
3054 628 3368 684 vociferatu
3388 628 3647 684 maximo

2000 717 2339 789 implebant.
2370 719 2492 782 Quo
2515 734 2717 773 omnes
2744 734 2777 771 a
2812 732 3018 772 somno
3049 716 3300 783 excussi,
3333 716 3445 774 huc
3477 716 3645 774 illuc-

2001 824 2111 879 que
2143 807 2570 871 discurrebant,
2603 823 2838 862 causam
2866 806 3014 861 tanti
3037 806 3266 863 sonitus
3287 807 3644 879 ignorantes.

1998 897 2233 951 Necnon
2256 896 2380 967 ipse
2398 912 2516 962 rex,
2541 896 2637 968 qui
2662 901 2801 950 tunc
2818 895 3071 965 primum
3088 913 3294 968 parum
3318 896 3509 952 somni
3526 914 3648 953 car-

2002 986 2193 1056 pebat,
2219 985 2551 1053 exterritus,
2578 1001 2713 1039 nam
2740 986 2988 1039 nimium
3016 985 3204 1041 tristis
3224 990 3346 1042 tota
3366 990 3533 1042 nocte
3550 986 3645 1057 ja-

2001 1072 2854 1143 cebatinsomnis,cubiculum,
2876 1075 3189 1130 ubitantus
3207 1076 3646 1146 fragorexortus

2001 1168 2107 1227 est,
2126 1162 2387 1235 festinus
2413 1162 2676 1217 incurrit.
2701 1163 2928 1225 Quanta
2950 1163 3150 1219 laetitia
3170 1181 3268 1219 cor
3297 1165 3423 1235 ejus
3446 1164 3647 1235 pulsa-

2000 1253 2164 1319 verit,
2191 1253 2331 1306 fusa:
2356 1269 2458 1323 pro
2481 1251 2694 1322 gaudio
2748 1250 3011 1323 lacrymze
3058 1256 3370 1323 testantur,
3396 1270 3527 1313 cum
3558 1270 3647 1308 re-

1978 1342 2280 1396 viviscere
2303 1342 2447 1396 vidit
2469 1359 2570 1412 pro
2599 1358 2734 1411 quo,
2768 1341 2817 1394 si
2852 1358 2983 1395 eum
3010 1344 3310 1412 reciperet,
3343 1342 3469 1413 ipse
3499 1341 3647 1397 mori

2002 1431 2357 1501 concupivit.
2381 1432 2592 1486 Vocata
2611 1434 2794 1485 mater
2812 1431 2881 1484 ad
2904 1431 3047 1484 tanti
3071 1430 3173 1484 viri
3194 1432 3368 1501 pedes
3390 1432 3649 1502 festinat,

2002 1520 2140 1591 quia
2170 1537 2267 1575 cor
2296 1523 2424 1591 ejus
2454 1520 2617 1575 triste
2662 1520 2819 1575 ﬁlius
2866 1520 3030 1574 vivus
3080 1519 3391 1586 mulcebat,
3424 1536 3647 1579 necnon

2003 1626 2208 1665 omnes
2226 1610 2327 1680 qui
2350 1610 2421 1664 ad
2445 1610 2622 1664 funus
2640 1610 2973 1664 deﬂendum
2999 1610 3415 1677 conﬂuxerant,
3434 1608 3647 1680 gaudio

2005 1697 2205 1769 repleti
2237 1700 2309 1754 ad
2344 1698 2791 1754 admirationem
2837 1698 3194 1769 resurgentis
3234 1698 3398 1769 pueri
3429 1698 3648 1769 quique

248 1792 541 1861 pararent,
567 1804 683 1858 prae.
702 1787 882 1843 nimio
905 1786 1103 1842 dolore
1126 1787 1318 1843 cordis
1352 1804 1460 1843 vox
1492 1788 1661 1844 haesit
1682 1788 1739 1843 in
1762 1791 1891 1859 gut-
1924 1822 1973 1888 B
2006 1804 2109 1858 pro
2140 1787 2270 1843 aliis
2301 1787 2381 1843 ire
2423 1788 2798 1843 festinabant.

254 1882 400 1933 ture.
416 1877 1115 1949 Quantumlacrymarum
1139 1893 1207 1931 ex
1227 1881 1472 1948 utraque
1495 1883 1656 1949 parte
1669 1877 1891 1945 ﬂueret,

253 1965 401 2021 nulli
434 1965 733 2037 cognitum
778 1982 909 2023 esse
950 1965 1182 2038 poterit.
1235 1967 1493 2022 Tandem
1527 1966 1689 2022 luctu
1717 1966 1893 2023 satia-

253 2056 294 2109 ti
333 2056 408 2127 (9)
466 2058 761 2111 transacto
819 2056 993 2127 longo
1053 2054 1261 2125 spatio,
1323 2056 1494 2110 tersis
1545 2055 1893 2126 luminibus,

252 2148 432 2198 ruunt
460 2144 517 2197 in
551 2144 750 2200 oscula
781 2144 986 2199 amicis
1014 2145 1432 2200 salutantibus.
1459 2146 1544 2199 Ad
1571 2145 1895 2199 orationem

249 2234 511 2306 procedit
532 2234 840 2306 episcopus
886 2251 982 2289 rex
1000 2251 1133 2289 cum
1156 2235 1280 2290 suis
1299 2234 1518 2307 alonge
1535 2238 1892 2289 estsecutus.

247 2322 361 2377 Nec
386 2324 584 2379 minus
606 2322 827 2395 regina,
850 2328 1148 2394 comperto
1173 2323 1358 2380 sancti
1393 2324 1498 2378 viri
1523 2324 1795 2389 adventu,
1832 2328 1893 2377 ut

248 2412 480 2466 Martha
499 2412 586 2466 vel
612 2412 795 2467 Maria
812 2428 915 2483 pro
941 2413 1139 2481 fratre,
1165 2414 1295 2468 fusa
1316 2413 1608 2483 lacrymis,
1631 2411 1893 2483 singultu

245 2506 450 2572 pectus
474 2500 791 2572 quatiente,
818 2502 915 2555 sed
961 2504 1286 2557 verecundo
1310 2502 1527 2573 pudore
1551 2500 1715 2556 vultu
1750 2502 1895 2555 sub-

246 2589 447 2655 misso,
473 2589 543 2645 ad
566 2589 820 2661 episcopi
845 2591 1099 2645 tlectitur
1120 2608 1328 2663 genua,
1347 2608 1448 2664 pro
1466 2590 1581 2645 filio
1601 2594 1891 2660 rogatura.

248 2680 433 2742 Quam
466 2679 563 2733 ille
595 2679 931 2733 submissus
958 2696 1137 2734 manu
1170 2680 1420 2749 erigens,
1448 2679 1589 2749 quid
1625 2678 1757 2733 velit
1780 2696 1892 2732 non

247 2771 435 2836 rogat,
468 2766 560 2837 pie
585 2767 900 2820 admodum
936 2766 1267 2837 intelligens
1290 2767 1428 2838 quid
1455 2766 1753 2837 singultus
1784 2767 1894 2821 im-

248 2854 455 2926 plorat.

320 2944 370 2995 4.
408 2941 662 3014 Denique
685 2943 927 3014 jejunus
960 2960 1091 2999 mox
1133 2944 1437 3000 ecclesiam
1479 2945 1802 3015 ingressus,
1838 2945 1892 2999 in

251 3030 509 3085 oratione
541 3032 922 3101 pernoctavit,
948 3032 1258 3087 Dominum
1285 3051 1385 3105 pro
1420 3050 1599 3105 puero
1620 3035 1891 3104 depreca-

250 3124 439 3175 turus.
473 3121 797 3186 Quomodo,
842 3126 942 3175 aut
992 3122 1208 3191 quibus
1258 3122 1447 3175 verbis
1475 3123 1744 3189 oraverit,
1780 3140 1893 3178 non

2074 1879 2128 1933 7.
2160 1878 2279 1933 Rex
2297 1893 2453 1949 ergo,
2484 1894 2555 1932 ne
2576 1893 2799 1932 moram
2833 1877 3045 1933 faceret
3088 1876 3361 1948 episcopo
3382 1877 3646 1948 domum,

2006 1967 2478 2023 nelaudaretura
2499 1967 2713 2039 populo
2735 1966 3056 2034 festinanti,
3079 1965 3394 2022 consilium
3416 1982 3550 2023 cum
3564 1982 3650 2023 re-

2004 2056 2143 2127 gina
2173 2056 2339 2111 duxit
2366 2057 2657 2128 quomodo
2682 2059 2952 2112 sanctum
2984 2060 3402 2123 remuneraret,
3435 2054 3536 2127 qui
3563 2055 3650 2113 eis

2006 2152 2170 2202 tanta
2203 2147 2484 2203 beneficia
2512 2148 2655 2203 adeo
2688 2151 3004 2219 praestaret.
3040 2148 3284 2212 Aurum,
3316 2150 3647 2219 argentum,

2006 2253 2368 2309 quaecunque
2399 2235 2877 2308 concupiscibilia
2906 2240 2962 2292 et
2978 2235 3132 2309 regis
3153 2236 3326 2292 domo
3348 2234 3653 2291 honorabi-

2005 2324 2149 2379 liora
2170 2325 2228 2379 in
2253 2326 2546 2380 thesauris
2571 2325 2829 2381 invenire
2844 2328 3129 2396 poterant,
3145 2324 3494 2396 gratissimae
3513 2340 3653 2394 prae-

2005 2414 2158 2484 cepit
2178 2414 2391 2479 offerri,
2421 2413 2722 2469 humiliter
2738 2414 3076 2485 deprecans,
3092 2417 3155 2466 ut
3176 2413 3436 2484 accipere
3447 2412 3654 2484 digna-

2006 2508 2202 2570 retur;
2240 2519 2367 2572 quae
2394 2508 2634 2557 sanctus
2682 2502 2769 2556 vir
2818 2502 3077 2573 accipere
3127 2502 3414 2567 devitans,
3446 2500 3562 2556 ait:
3594 2497 3654 2554 Si

2006 2591 2226 2660 aliquid
2250 2607 2351 2661 pro
2378 2590 2698 2661 gratiarum
2717 2591 2944 2645 actione
2960 2591 3075 2646 Deo
3093 2590 3297 2647 offerre
3316 2594 3372 2645 te
3387 2588 3654 2658 delectet,

2005 2680 2076 2734 ad
2101 2679 2433 2750 augendum
2457 2679 2557 2734 Dei
2584 2677 2843 2732 officium
2864 2677 2923 2732 in
2965 2678 3219 2734 ecclesiae
3251 2680 3429 2734 beatae
3452 2678 3653 2734 Matris

2005 2768 2243 2838 Christi,
2269 2768 2440 2837 cujus
2464 2768 2686 2822 meritis
2709 2766 2896 2821 filium
2917 2766 3112 2821 vivum
3135 2765 3424 2837 recepisti,
3446 2767 3650 2821 termi-

2006 2875 2112 2911 nos
2137 2858 2283 2927 ejus,
2309 2856 2408 2927 qui
2432 2856 2663 2928 angusti
2684 2860 2821 2911 sunt
2838 2856 2909 2910 ad
2930 2859 3160 2911 tantum
3184 2853 3485 2910 servitium
3507 2853 3649 2911 dila-

2004 2952 2131 3003 tare
2186 2946 2383 3018 aliqua
2415 2950 2576 3017 parte
2599 2946 2759 3017 regni
2789 2945 2896 3011 tui,
2927 2949 2991 2999 ut
3016 2944 3093 3001 sit
3120 2945 3180 2999 in
3213 2943 3649 3000 usufructuario

2004 3036 2081 3091 ibi
2116 3034 2503 3091 servientibus
2536 3034 2802 3105 Domino,
2831 3035 2881 3089 si
2914 3033 2995 3089 ita
3020 3033 3189 3105 regiae
3214 3033 3503 3103 majestati
3530 3031 3652 3103 pla-

2010 3131 2120 3190 cet,
2157 3124 2370 3197 poteris
2401 3141 2413 3179 :
2448 3124 2585 3195 quia
2615 3124 2841 3178 firmius
2871 3123 2980 3178 hoc
3038 3139 3103 3177 ac
3163 3121 3433 3177 stabilius
3464 3124 3552 3177 est
3581 3122 3654 3177 ad

248 3212 407 3280 patet
436 3226 449 3276 ;
475 3208 613 3279 quid
640 3215 835 3264 autem
862 3210 1278 3281 impetraverit,
1304 3228 1415 3265 non
1442 3210 1603 3265 latet.
1648 3212 1790 3266 Nam
1828 3213 1892 3265 fi-
1928 3193 1969 3258 C
2010 3193 2430 3269 beati-tudinem
2462 3193 2646 3282 tuam,
2679 3217 3035 3283 tuorumque
3084 3210 3521 3283 procedentium
3554 3226 3655 3281 pa-

249 3296 370 3351 nita
401 3298 659 3352 oratione
690 3300 803 3368 (10)
834 3298 947 3352 diei
993 3300 1359 3355 advenientis
1391 3301 1731 3371 crepusculo
1764 3318 1897 3356 cum

248 3402 422 3456 sopor
451 3385 836 3457 gravissimus
883 3388 1160 3443 mortales
1210 3387 1359 3443 solet
1407 3405 1711 3459 occupare,
1744 3392 1897 3443 lento

247 3475 389 3545 pede
414 3475 483 3529 ad
508 3492 752 3545 puerum
779 3475 1103 3547 ingressus,
1122 3477 1322 3548 Ejectis
1344 3478 1620 3533 omnibus
1643 3479 1713 3532 ad
1736 3494 1896 3533 exse-

248 3563 415 3634 quias
442 3564 843 3635 vigilantibus,
866 3564 1028 3619 ﬂexis
1050 3566 1319 3636 genibus,
1349 3566 1658 3619 committit
1678 3583 1738 3620 se
1762 3566 1895 3620 bea-

249 3656 316 3705 ιω
346 3652 534 3706 Mariae
553 3652 887 3723 patrociniis
902 3658 966 3706 ut
988 3653 1105 3720 illa,
1128 3671 1253 3725 qua:
1274 3654 1451 3708 vitam
1475 3655 1695 3725 genuit,
1716 3656 1893 3709 vitam

251 3755 428 3812 puero
459 3740 801 3812 impetraret
832 3758 864 3795 a
900 3741 1039 3795 Filio
1073 3744 1182 3812 (11)
1214 3757 1227 3795 :
1282 3760 1415 3796 nam
1468 3742 1635 3797 aliter
1665 3761 1775 3797 non
1809 3748 1897 3797 est

251 3846 430 3885 ausus
457 3828 571 3884 tale
594 3828 813 3901 aliquid
855 3835 1081 3885 tentare
1105 3830 1216 3885 nisi
1240 3830 1340 3885 illa
1362 3848 1463 3901 pro
1489 3848 1549 3884 se
1580 3831 1893 3885 Dominum

250 3917 590 3989 dignaretur
612 3917 897 3973 invocare.
922 3918 1069 3984 Quid
1096 3918 1250 3972 enim
1277 3919 1518 3989 ageret?
1548 3920 1701 3972 Inter
1730 3934 1892 3989 spem

252 4012 598 4078 metumque
627 4007 911 4079 trepidus,
945 4012 1208 4080 optatum
1246 4008 1493 4062 instanti
1523 4006 1892 4062 orationcex-

249 4101 473 4168 spectat
504 4096 808 4152 auxilium.
857 4099 971 4152 Nec
1019 4096 1327 4169 suspendit
1372 4096 1594 4151 diutius
1628 4095 1759 4167 pius
1791 4105 1892 4150 Ar-

251 4185 472 4240 chiater
494 4185 780 4241 famulum
806 4204 980 4241 suum
1006 4186 1105 4258 qui
1130 4186 1211 4240 ita
1242 4187 1613 4258 sperantibus
1637 4186 1692 4240 in
1720 4203 1781 4241 se
1802 4204 1891 4241 so-

246 4273 417 4329 litum
441 4274 664 4331 confert
686 4276 1031 4330 remedium.
1058 4276 1214 4331 Inter
1234 4277 1520 4330 orandum
1539 4275 1693 4330 enim
1729 4293 1891 4347 puer,

246 4363 417 4437 quasi
468 4363 536 4418 de
588 4364 747 4435 gravi
799 4381 1004 4419 somno
1064 4363 1372 4429 excitatus,
1431 4370 1604 4435 caput
1654 4365 1890 4431 extulit;

246 4453 516 4519 somniet,
552 4470 623 4507 an
657 4453 873 4526 vigilet,
907 4455 1289 4524 stupefactus.
1325 4453 1579 4507 Sanctus
1601 4470 1735 4523 ergo
1760 4471 1891 4507 cum

2010 3307 2188 3370 trum,
2219 3307 2275 3356 et
2332 3301 2705 3373 sequentium
2766 3304 3132 3372 posterorum
3183 3299 3657 3371 promerendam,

2009 3408 2186 3463 quam
2222 3408 2453 3459 aurum,
2488 3390 2636 3460 quod
2673 3388 2893 3455 oculos,
2946 3405 3078 3444 cum
3108 3389 3358 3455 videtur,
3389 3387 3660 3456 delectat,

2012 3487 2066 3535 et
2098 3496 2213 3547 cor,
2248 3496 2377 3533 cum
2415 3478 2706 3549 perditum
2742 3478 2934 3544 fuerit,
2977 3477 3302 3534 contristat.

2079 3570 2133 3621 8.
2164 3569 2345 3631 Quam
2370 3567 2829 3639 propositionem
2854 3565 3147 3638 pontificis
3174 3582 3271 3621 rex
3293 3564 3657 3639 gratulanter

2007 3657 2363 3727 amplectens
2395 3681 2407 3722 ;
2441 3657 2563 3719 ubi,
2596 3655 2806 3727 inquit,
2837 3656 3096 3710 invenire
3119 3657 3440 3726 poterimus
3462 3654 3654 3710 locum

2006 3744 2204 3813 talem,
2223 3744 2321 3815 qui
2338 3749 2620 3815 congruat
2633 3746 2701 3799 ad
2721 3745 3092 3799 serviendum
3107 3744 3275 3800 Matri
3290 3743 3539 3799 caelestis
3553 3742 3658 3797 Re-

2006 3833 2116 3903 gis,
2152 3835 2321 3902 cujus
2353 3839 2492 3885 sunt
2524 3833 2795 3887 universa
2817 3833 2876 3887 in
2900 3832 3061 3887 omlis
3082 3837 3138 3887 et
3159 3833 3216 3886 in
3240 3830 3653 3887 terris?Cum-

2008 3936 2120 3990 que
2151 3920 2271 3974 haec
2302 3936 2501 3974 secum
2552 3919 2828 3989 volveret,
2876 3924 3249 3989 mentemque
3288 3935 3390 3990 per
3416 3933 3649 3974 omnem

2005 4008 2294 4063 Alsaciam
2329 4012 2648 4079 spargeret,
2677 4007 2862 4062 sicubi
2896 4006 3029 4061 talis
3062 4008 3207 4062 forte
3237 4006 3401 4061 locns
3432 4006 3651 4061 inveni-

2006 4101 2184 4164 retur,
2201 4096 2298 4167 qui
2316 4100 2486 4150 tantae
2502 4095 2832 4151 donationis
2850 4100 3023 4166 aptus
3036 4094 3649 4161 haberetur;occurrit-

2005 4186 2197 4241 animo
2232 4186 2591 4241 Rubiacham
2650 4186 2761 4255 (1'2)
2820 4184 3099 4255 oppidum
3161 4184 3386 4239 cunctis
3416 4183 3644 4249 usibus,

2006 4277 2059 4330 id
2086 4280 2195 4341 est,
2214 4279 2373 4347 agrts
2397 4274 2667 4341 amoenis,
2688 4272 2934 4345 campis,
2954 4271 3136 4341 silvis,
3152 4272 3343 4343 aquis,
3363 4271 3646 4343 adificiis,

2004 4365 2236 4437 p0pu1is
2268 4363 2805 4436 opulentissimum,
2839 4378 3085 4417 summa:
3117 4362 3327 4433 reginae
3363 4362 3421 4415 in
3454 4362 3649 4416 dotem

2004 4454 2332 4509 convenire.
2366 4453 2479 4507 Nec
2512 4451 2741 4506 distulit
2784 4468 2899 4519 rex,
2948 4458 3076 4506 voto
3125 4451 3361 4506 tandem
3392 4449 3649 4517 invento,

247 4542 371 4614 spei
393 4541 515 4596 fixae
536 4540 595 4595 in
626 4543 802 4596 Deum
827 4542 1093 4613 cognovit
1115 4542 1585 4610 eventum,lzetus
1606 4544 1885 4610 accessit;
1918 4556 1964 4619 D
2003 4542 2348 4597 cancellario
2380 4559 2511 4596 mox
2537 4541 2719 4597 accito
2753 4540 2864 4611 (13)
2899 4556 3093 4595 coram
3118 4539 3503 4610 optimatibus
3526 4538 3650 4595 suis

249 4647 496 4704 puerum
521 4631 714 4685 vivum
734 4630 948 4686 erexit:
976 4631 1193 4686 vocatis
1216 4630 1584 4696 ofﬁcialibus,
1608 4630 1770 4685 illum
1796 4633 1886 4686 in-

251 4718 546 4774 dumentis
568 4719 697 4774 exui
713 4719 884 4790 jubet
905 4720 1268 4789 funebribus,
1291 4725 1347 4773 et
1364 4719 1579 4790 quibus
1597 4725 1731 4774 ante
1747 4738 1889 4777 usus

250 4813 337 4862 est
366 4808 727 4863 indumentis
758 4807 921 4863 indui
971 4808 1279 4879 regalibus.

319 4934 394 5003 (9)
427 4933 590 4995 Quod
621 4934 887 5002 sequitur
944 4949 1128 5003 usque
1187 4933 1257 4987 ad
1318 4934 1609 5001 Quomodo,
1643 4938 1737 4987 aut
1766 4937 1886 5005 qui-

253 5004 343 5059 bus
382 5006 559 5077 verbis
590 5007 844 5067 oraverit,
876 5005 1245 5077 desideratur
1274 5005 1332 5058 in
1381 5005 1512 5061 Vita
1560 5006 1885 5077 impressa:

249 5076 597 5150 conveniunt
653 5079 847 5131 tamen
910 5078 1006 5132 hic
1063 5076 1216 5130 inter
1281 5093 1342 5131 se
1400 5078 1737 5150 apograpba
1791 5095 1889 5132 no-

250 5149 425 5292 ῗῐῗῗὸ)
460 5218 542 5271 Ita
572 5226 891 5292 consonant
925 5233 1075 5273 mss.
1108 5219 1210 5272 sed
1249 5218 1327 5292 in
1388 5219 1694 5292 impressis
1724 5220 1888 5275 Actis

247 5286 415 5388 deest
437 5286 587 5358 quod
629 5289 896 5357 sequitur
959 5303 1149 5358 usque
1195 5290 1287 5344 ad.
1334 5333 1345 5345 .
1391 5332 1403 5344 .
1449 5286 1675 5363 [ejectis
1703 5294 1890 5347 omni-

2001 4649 2308 4687 assensum
2334 4637 2451 4686 tam
2479 4632 2627 4685 bono
2668 4628 3307 4701 consilioprmbentibus
3330 4632 3645 4684 testamen-

1998 4726 2060 4776 tu
2072 4739 2124 4775 m
2151 4722 2305 4791 facit,
2324 4726 2387 4775 ut
2399 4721 2482 4774 Ru
2494 4718 2698 4774 biacba
2710 4735 2843 4773 cum
2859 4717 3132 4773 omnibus
3146 4715 3507 4790 appendiciis
3522 4716 3648 4772 suis

2000 4811 2445 4881 conﬁnibusque
2468 4810 2539 4863 ad
2564 4825 2625 4863 se
2647 4806 3092 4878 pertinentibus,
3116 4805 3291 4861 etiam
3314 4820 3448 4861 cum
3468 4802 3643 4871 villis,

2000 4935 2262 5005 goberto,
2295 4950 2421 5004 cap.
2454 4936 2543 5001 21,
2572 4932 2671 5005 ubi
2705 4936 2763 4987 et
2792 4932 2862 4988 de
2882 4931 3099 4999 templo
3122 4926 3445 5003 parochiali
3466 4927 3525 4982 S.
3549 4929 3649 4983 Ar-

2000 5004 2753 5079 bogastitituloinsignito.
2891 5074 2899 5079 _
3297 5075 3305 5079 _
3383 5068 3472 5079 ,,.,
3542 5068 3551 5077 .

2075 5070 2187 5147 (13)
2222 5070 2736 5147 Cancellario'mom
2785 5074 2971 5143 accito,
3023 5090 3141 5128 non
3176 5080 3266 5131 est
3295 5075 3355 5129 in
3383 5070 3649 5147 Vitaim-

2004 5142 2243 5220 pressa;
2277 5153 2365 5203 est
2393 5154 2590 5203 tamen
2623 5146 2679 5198 in
2742 5150 2989 5221 utroque
3020 5146 3381 5221 apographo
3414 5142 3651 5221 nostro;

2005 5217 2272 5289 quamvis
2318 5226 2507 5274 autem
2566 5234 2673 5271 vox
2728 5217 3097 5289 caneellarz'us
3154 5217 3425 5275 vix'tunc
3455 5217 3513 5289 in
3545 5225 3657 5264 usu

2007 5287 2201 5388 fuerit,
2226 5291 2553 5388 commqnis
2578 5288 2768 5343 evenit
2788 5288 3020 5388 quand‘o
3044 5290 3361 5362 scripsisse
3384 5287 3660 5388 putaimus

2008 5378 2111 5388 ...ενι
2146 5378 2298 5388 ﬂ--.“
2337 5379 2439 5388 ..ιυ-
2474 5376 2597 5388 ...ηηη
2663 5361 2755 5388 nn:
2822 5361 2968 5388 ..αξιοι
3007 5376 3032 5388 .-
3091 5378 3156 5388 .υ-
3195 5370 3321 5388 ..-ιη
3360 5371 3484 5388 ηιΙὶΩ
3541 5368 3660 5388 om-

2008 5366 2298 5388 n-‘n‘n—Am
2337 5366 2597 5388 -ΑΑι--ικι
2663 5361 2755 5388 neu:
2822 5361 3032 5388 uun:‘n}n\
3091 5361 3321 5388 nni..-L.a
3360 5361 3484 5388 ηιΙῖΩ
3515 5361 3661 5388 iam-
