4008 5388
230 409 385 477 1009

1544 405 1803 473 LUDUS
1847 403 2326 469 CLERICALIS.

3477 376 3633 467 1010

232 548 369 604 ﬁdis
397 550 454 604 et
475 562 578 620 spe
602 544 739 605 boni
761 544 1093 607 carentibus
1114 549 1240 608 alea
1261 553 1486 623 reperta
1507 554 1681 621 atque
1706 566 1875 621 prave
1906 543 1961 609 Α
1991 540 2168 608 rium,
2196 540 2311 594 nisi
2335 538 2817 609 sanctiﬁcatricis,
2842 544 2898 596 et
2928 538 2988 596 in
3018 538 3301 613 ejusdem,
3330 537 3631 596 redeuntis

238 636 452 694 usitata
472 640 581 706 est)
608 642 673 693 ut
694 638 1067 711 discordiam,
1094 642 1349 713 perjuria
1373 646 1692 712 caeteraque
1716 640 1879 705 vitia,

235 735 475 792 clericos
497 736 790 792 interdicit
814 737 1096 795 aleatores
1120 741 1256 809 fore,
1283 740 1494 812 oppido
1522 741 1797 794 condecet
1817 741 1882 792 ut

238 823 456 880 relictis
475 824 629 879 vitiis
642 828 1001 882 examussim
1021 828 1131 882 sibi
1151 828 1365 900 quique
1383 829 1624 883 virtutes
1643 828 1884 883 sortian-

236 918 353 969 tur.
405 913 568 969 Libet
620 915 816 987 itaque
868 932 934 971 ex
986 918 1187 972 eadem
1238 934 1353 989 qua
1401 917 1621 989 praefati
1676 933 1882 971 sumus

240 1004 384 1070 alea,
410 1004 725 1074 quemdam
760 1003 1105 1073 clericalem,
1140 1011 1196 1061 et
1226 1010 1291 1060 ut
1320 1007 1399 1061 ita
1429 1006 1767 1071 dixerimus,
1798 1022 1881 1059 re-

238 1091 524 1164 gularem,
550 1109 664 1147 non
697 1092 1006 1149 cavillandi
1038 1094 1290 1165 aliquem
1323 1112 1520 1159 causa,
1545 1095 1644 1149 sed
1676 1092 1885 1149 exerci-

238 1180 401 1237 tandi
454 1182 661 1253 gratia,
695 1198 921 1237 comere
971 1183 1199 1237 ludum.
1233 1184 1585 1238 Charitatem
1619 1182 1885 1237 omnium

241 1268 636 1341 principatum
689 1271 950 1326 obtinere
996 1272 1302 1341 virtutum,
1344 1289 1516 1327 nemo
1564 1272 1665 1343 qui
1712 1271 1886 1325 verbo

245 1357 536 1429 Evangelii
563 1358 810 1414 dicentis
841 1378 854 1417 :
882 1362 941 1415 In
964 1360 1051 1416 his
1078 1361 1286 1418 duobus
1313 1365 1567 1417 universa
1588 1363 1676 1416 lex
1695 1360 1889 1431 pendet

240 1450 292 1503 et
330 1447 613 1519 prophetae
660 1448 867 1520 (Matth.
901 1467 1037 1518 XXII,
1071 1452 1181 1521 40),
1216 1451 1505 1522 intelligit,
1541 1450 1744 1505 nescit.
1781 1448 1887 1503 Ubi

241 1553 378 1605 ergo
406 1540 570 1591 tanta
598 1538 966 1609 profunditas
998 1544 1214 1603 manet,
1248 1544 1470 1595 vastam
1503 1538 1887 1594 uberrimam-

246 1642 361 1697 que
390 1626 670 1682 virtutum
704 1620 1082 1699 propaginem
1107 1630 1177 1683 de
1209 1646 1269 1684 se
1292 1630 1527 1700 profert.
1554 1633 1753 1699 Itaque
1786 1643 1885 1698 po-

249 1731 459 1771 namus
478 1715 820 1772 charitalem
843 1733 974 1771 cum
992 1734 1100 1773 sua
1114 1716 1465 1773 multimoda
1484 1716 1680 1772 sobole
1696 1714 1888 1770 nomi-

248 1808 469 1874 natam,
503 1809 559 1860 et
602 1804 921 1878 singularis
961 1807 1293 1878 quibusque
1324 1822 1599 1861 numeros
1630 1804 1889 1860 sortibus

244 1892 345 1949 tali
364 1893 761 1950 moderamine
775 1911 1063 1967 congruos
1077 1900 1439 1968 aptemus,ut
1454 1895 1566 1951 isto
1580 1893 1885 1961 contineri,
1920 1919 1966 1984 Β

246 1991 403 2063 quod
434 1990 535 2046 illa
563 1992 916 2059 examinare,
949 2010 1137 2064 neque
1167 1993 1275 2048 hac
1306 1993 1555 2061 ostendi,
1590 1992 1743 2064 quod
1790 1990 1886 2045 hic

247 2079 335 2135 fas
356 2079 451 2147 sit,
476 2084 724 2152 nequeat
749 2080 1012 2137 invenire
1032 2080 1172 2154 (sic).
1196 2083 1236 2137 A
1268 2081 1574 2154 principali
1596 2080 1888 2152 siquidem

248 2168 591 2241 principalis
641 2169 994 2241 principium
1046 2171 1288 2227 initians
1337 2187 1554 2242 perque
1593 2169 1891 2224 binarium

251 2273 318 2313 ac
348 2261 584 2314 caeteros
614 2274 802 2330 usque
829 2260 899 2314 ad
932 2259 1232 2316 senarium
1264 2275 1525 2328 currens,
1549 2258 1766 2315 suimet
1798 2274 1891 2313 eo-

249 2363 502 2419 rumque
523 2346 880 2404 revolutione
900 2348 1213 2422 tripartite,
1232 2349 1437 2421 viginti
1459 2353 1671 2404 sancta:
1691 2348 1896 2404 matris

253 2436 549 2493 contineat
598 2436 771 2508 ﬁlios,
826 2442 882 2493 et
928 2438 987 2493 in
1037 2439 1324 2511 sapientia
1369 2439 1601 2494 limitet.
1642 2443 1897 2509 Postque

254 2525 521 2582 binarius
553 2526 999 2598 compunctione
1040 2526 1347 2594 inchoans,
1379 2527 1711 2598 quindecim
1744 2528 1896 2595 ejus-

254 2614 388 2670 dem
416 2614 768 2679 reverentiaa,
792 2614 929 2670 hinc
958 2615 1251 2671 ternarius
1282 2632 1314 2669 a
1346 2616 1632 2687 principio
1662 2614 1897 2687 pietatis

251 2704 451 2760 decem
478 2704 977 2776 exomologeseos;
1004 2705 1204 2775 sicque
1226 2703 1634 2775 quaternarius
1660 2721 1693 2758 a
1715 2708 1900 2758 matu-

251 2792 425 2847 ritate
447 2809 504 2846 v1
536 2793 706 2847 ﬂetus
732 2808 744 2844 :
782 2793 853 2846 ab
884 2792 1177 2847 hilaritate
1202 2810 1433 2864 quoque
1453 2792 1758 2863 quinarius
1780 2797 1899 2848 tres

252 2880 664 2953 complectens,
700 2880 1071 2935 continentiae
1121 2882 1234 2937 ﬁne
1266 2880 1587 2937 claudetur.
1622 2882 1898 2937 Senarius

249 2986 384 3025 vero
407 2968 654 3024 ultimus
678 2987 690 3024 :
727 2972 793 3024 ut
814 2968 1063 3040 primus,
1087 2970 1459 3043 simplicitate
1484 2971 1769 3043 gaudens,
1794 2987 1900 3025 cu-

252 3059 479 3114 stodem
500 3057 785 3113 virtutum
810 3058 1109 3131 possideat
1132 3059 1547 3130 humilitatem,
1573 3077 1698 3130 quae
1723 3059 1900 3115 simul

244 3148 469 3217 juncta:
520 3146 949 3218 quinquaginta
996 3164 1095 3203 sex
1142 3148 1310 3203 ﬁunt.
1344 3149 1413 3203 Et
1460 3149 1509 3203 si
1564 3148 1901 3220 diligentius

254 3234 656 3306 respiciamus,
681 3235 1069 3303 intuebimur,
1095 3237 1249 3306 quod
1281 3237 1401 3291 haec
1422 3238 1752 3309 progressio
1786 3255 1898 3291 nu-

256 3340 574 3391 merorum,
594 3341 628 3378 a
652 3323 905 3379 ternario
927 3324 1301 3380 ocdenarium
1326 3326 1634 3395 scandens,
1654 3325 1897 3396 singulae

253 3411 366 3470 sibi
383 3413 945 3479 virtutum,virtutes
965 3412 1342 3485 1egat.Prima
1358 3414 1897 3485 quidem,secunda,

254 3499 463 3557 ultima
492 3507 549 3557 et
580 3500 908 3572 penultima
929 3499 1213 3572 singulas.
1237 3501 1427 3557 Tertia
1448 3506 1507 3557 et
1536 3507 1671 3557 ante
1696 3502 1900 3574 penul-

251 3590 416 3659 tima,
434 3591 641 3646 trinas.
657 3591 911 3662 Quaeque
927 3590 1084 3646 intra
1104 3590 1232 3661 ipsa
1248 3594 1387 3646 sunt
1404 3590 1677 3646 similiter
1694 3608 1727 3646 a
1748 3593 1901 3663 prin-

248 3679 397 3750 cipio
450 3682 508 3734 et
557 3679 672 3734 ﬁne
716 3693 905 3749 usque
953 3678 1026 3733 ad
1079 3682 1330 3750 quatuor
1360 3680 1701 3751 mediasque
1730 3697 1900 3736 senas

242 3769 462 3839 juncta:
497 3771 716 3834 ternas,
752 3770 1088 3837 quaternas,
1110 3767 1201 3821 vel
1233 3767 1443 3837 quinas
1476 3768 1767 3839 recipiunt
1794 3770 1903 3824 vir-

248 3860 426 3927 tutes,
449 3859 506 3912 et
526 3854 870 3910 vicesimum
896 3853 1176 3924 primum,
1201 3855 1259 3908 in
1286 3870 1414 3909 sese
1439 3873 1451 3909 :
1482 3855 1728 3909 invicem
1753 3872 1901 3910 sem-

251 3963 355 4018 per
382 3945 719 4018 exprimunt
749 3958 1083 3998 numerum.
1120 3943 1268 3998 Sunt
1297 3943 1478 4015 igitur
1505 3960 1590 4007 ιιι,
1627 3948 1897 4014 quatuor,

253 4036 453 4092 decem
472 4051 573 4101 vn,
589 4037 646 4088 et
667 4033 866 4087 decem
892 4034 947 4085 et
970 4034 1120 4097 octo,
1138 4030 1237 4101 qui
1259 4028 1525 4102 singulas
1548 4032 1899 4086 metiuntur:

250 4123 609 4181 Charitatem
630 4120 920 4187 videlicet,
943 4118 1139 4188 ﬁdem,
1166 4117 1606 4185 continentiam,
1630 4123 1687 4173 et
1707 4118 1900 4173 humi-

250 4213 495 4281 litatem,
520 4210 784 4283 quinque
808 4214 865 4265 et
883 4226 977 4265 xv1
1004 4209 1104 4281 qui
1126 4208 1330 4264 binas:
1355 4225 1518 4279 spem
1542 4212 1595 4263 et
1619 4207 1903 4263 fortitudi-

252 4318 410 4369 nem,
443 4301 646 4356 ﬁetum
679 4304 735 4355 et
765 4298 1231 4369 compassionem
1258 4316 1273 4366 ;
1306 4315 1360 4353 v1
1411 4303 1467 4353 et
1506 4315 1580 4351 xv
1608 4316 1621 4365 ;
1654 4301 1851 4352 ternas
1887 4314 1899 4352 :

243 4390 569 4464 justitiam,
620 4405 849 4461 pacem,
893 4392 950 4442 et
997 4388 1503 4458 compunctionem
1534 4408 1547 4457 ;
1581 4385 1903 4442 confessio-

252 4496 409 4549 nem,
452 4477 909 4550 suspirationem
960 4481 1019 4531 et
1068 4475 1469 4530 hilaritatem:
1521 4492 1595 4530 v11
1649 4479 1705 4529 et
1758 4491 1900 4530 x1111.

251 4581 623 4644 Quaternas:
680 4572 1081 4642 Prudentiam,
1124 4572 1475 4639 castitatem,
1525 4573 1794 4627 timorem
1850 4567 1906 4625 et

1989 630 2257 701 principii
2282 631 2589 700 unitatem,
2614 631 2960 687 vocabulum
2984 630 3349 702 signabimus
3371 628 3627 686 Trinita-

1990 721 2065 775 tis
2088 722 2115 774 ‘?
2162 721 2307 785 Quid
2361 725 2554 775 autem
2608 738 2708 792 per
2750 720 3188 791 quaternarium
3224 720 3339 775 nisi
3372 725 3631 792 quatuor

1992 810 2478 881 evangelistarum
2500 811 2788 865 tubas?Hi
2807 809 2979 865 simul
2999 808 3190 864 collati
3210 809 3370 865 illam
3391 807 3635 864 sanctis-

1993 900 2205 955 simam
2256 899 2486 969 plenam
2535 899 2703 953 donis
2754 899 3195 968 charismatum,
3231 899 3631 970 septiformem

1994 988 2266 1060 gratiam,
2282 989 2683 1042 demonstrant
2705 1005 2716 1041 ε
2736 988 3111 1059 Septenarius
3130 1004 3262 1042 vero
3284 988 3374 1042 bis
3397 988 3633 1053 ductus,

1995 1090 2052 1141 et
2075 1090 2378 1157 assumpto
2396 1087 2648 1140 ternario
2666 1102 2801 1151 xvu,
2817 1088 3304 1158 quaternarioque
3320 1104 3476 1141 xvm.
3492 1088 3637 1142 Ecce

1996 1173 2247 1246 qualiter
2271 1192 2332 1229 111
2363 1179 2419 1229 et
2448 1191 2569 1245 Vili,
2599 1180 2773 1246 atque
2801 1194 2860 1229 111
2892 1176 2950 1229 in
2976 1192 3102 1231 sese
3129 1178 3391 1231 redeunt.
3416 1181 3636 1231 Possu-

1997 1280 2129 1318 mus
2161 1264 2334 1318 etiam
2368 1265 2587 1331 decem,
2620 1263 2886 1335 Decalogi
2926 1266 3288 1327 mandatum,
3322 1266 3478 1335 quod
3526 1265 3636 1320 sub

1998 1354 2122 1423 lege
2153 1354 2471 1424 quondam,
2506 1358 2561 1407 et
2592 1370 2747 1408 nunc
2779 1354 2886 1408 sub
2917 1354 3104 1424 gratia
3136 1358 3427 1425 operatur,
3451 1358 3507 1408 et
3534 1370 3637 1407 v111

1997 1447 2279 1507 octavam,
2297 1460 2423 1513 qua:
2446 1443 2691 1498 necdum
2712 1442 2922 1513 agitur,
2939 1447 3163 1496 (etatem
3183 1442 3640 1497 asscribere.Sed

1997 1531 2117 1585 haec
2150 1531 2262 1586 tria
2292 1532 2463 1586 modo
2488 1531 2741 1602 amplius
2764 1533 2956 1585 decuit
2985 1547 3462 1586 commemorare.
3493 1532 3639 1603 Ergo

2000 1620 2329 1692 clangorem
2362 1621 2545 1675 sancti
2568 1620 2863 1691 Evangelii
2886 1620 3186 1686 tubarum,
3214 1621 3313 1691 qui
3346 1636 3483 1675 aure
3504 1637 3634 1675 cor-

1999 1710 2087 1764 dis
2121 1716 2385 1765 sanctam
2416 1709 2757 1765 Trinitatem
2788 1710 2995 1764 intimo
3036 1725 3231 1764 amore
3262 1708 3474 1781 diligit,
3507 1725 3639 1779 gra-

1999 1798 2195 1869 tiaque
2223 1798 2547 1870 septiformi
2572 1800 2858 1853 ﬁnetenus
2888 1798 3037 1853 tueri
3068 1798 3247 1869 cupit,
3271 1797 3637 1866 charitatem,

1997 1886 2055 1941 in
2079 1904 2195 1958 qua
2216 1887 2484 1943 universa
2506 1886 2597 1942 lex
2616 1887 2912 1959 impletur,
2937 1886 3111 1941 ﬁdem
3134 1885 3259 1941 sine
3281 1902 3397 1957 qua
3416 1885 3645 1956 impos-

1999 1976 2167 2031 sibile
2206 1980 2296 2031 est
2344 1976 2571 2048 placere
2601 1977 2738 2042 Deo,
2770 1975 3206 2040 continentiam,
3240 1979 3303 2030 ut
3351 1975 3642 2031 abstineat

1998 2082 2060 2121 se
2091 2083 2125 2121 a
2152 2065 2331 2136 vitiis,
2366 2082 2480 2137 quo
2509 2066 2755 2121 virtutes
2784 2064 3079 2120 continere
3106 2064 3317 2133 valeat,
3340 2063 3639 2120 humilita-

2002 2160 2139 2225 tem,
2164 2172 2282 2225 qua
2302 2154 2427 2210 sine
2453 2154 2554 2226 qui
2578 2154 2821 2209 virtutes
2843 2157 3177 2226 congregat,
3201 2154 3371 2223 quasi
3394 2154 3451 2208 in
3473 2158 3641 2210 vento

2002 2244 2298 2316 pulverem
2322 2243 2759 2315 portat,habere
2783 2247 3035 2315 queret:
3057 2242 3259 2299 habita
3279 2242 3644 2313 charitative,

2004 2334 2271 2403 ﬁdeliter,
2294 2333 2679 2398 continenter,
2704 2337 2879 2403 atque
2907 2332 3209 2387 humiliter
3232 2348 3493 2388 exercere
3523 2335 3641 2389 sat-

2004 2429 2159 2496 agat,
2194 2428 2256 2477 ut
2288 2423 2357 2477 ad
2390 2438 2590 2477 eorum
2622 2422 2925 2476 cumulum
2958 2422 3257 2493 pervenire
3287 2426 3481 2493 queat.
3510 2421 3646 2489 Qui-

2008 2513 2170 2568 nario
2202 2527 2466 2575 numero,
2500 2510 2758 2582 quinque
2789 2527 2997 2566 sensus
3036 2511 3390 2583 conjungere
3438 2527 3646 2582 possu-

2007 2618 2163 2666 mus,
2178 2600 2277 2670 qui
2300 2600 2492 2654 ﬂuiter
2512 2600 2818 2665 ductus,et
2839 2597 3062 2653 unitate
3083 2603 3321 2669 sumpta
3338 2600 3399 2654 in
3421 2602 3651 2655 sextum

2009 2689 2301 2745 decimum
2321 2687 2529 2758 surgit.
2548 2687 2607 2741 Si
2627 2688 2782 2741 enim
2804 2687 2911 2741 hos
2930 2688 3189 2757 quinque
3201 2704 3305 2758 per
3325 2688 3649 2759 physicam,

2008 2779 2279 2849 logicam,
2323 2780 2379 2831 et
2423 2775 2673 2831 ethicam
2724 2773 3103 2846 castigamus,
3136 2780 3199 2829 ut
3247 2776 3318 2829 ad
3367 2776 3650 2832 unitatem

2010 2866 2332 2932 charitatis,
2367 2882 2489 2935 quas
2536 2864 2690 2919 Deus
2739 2868 2846 2928 est,
2889 2878 3119 2934 semper
3167 2864 3512 2932 redeamus;
3545 2864 3653 2922 has

2013 2956 2267 3027 profecto
2290 2954 2554 3017 virtutes,
2580 2970 2706 3024 qua
2739 2953 2795 3006 in
2827 2952 3056 3007 duobus
3079 2952 3339 3007 numeris
3362 2951 3652 3025 insignitae

2010 3054 2301 3117 videntur,
2326 3050 2686 3121 naturaliter,
2702 3049 3062 3105 rationaliter
3081 3048 3496 3121 moraliterque
3518 3066 3650 3122 pos-

2012 3142 2353 3197 sidebimus.
2388 3140 2684 3209 Senarius,
2717 3140 2886 3209 cujus
2920 3142 3082 3194 sexta
3110 3155 3266 3209 pars,
3302 3158 3336 3206 ι,
3378 3143 3435 3194 et
3482 3139 3655 3195 tertia

2012 3231 2319 3295 medietas,
2346 3248 2428 3300 111,
2453 3229 2590 3301 quia
2611 3229 2899 3300 perfectus
2920 3232 3007 3283 est
3028 3243 3331 3297 numerus,
3355 3228 3478 3282 suis
3506 3228 3654 3284 bene

2014 3325 2292 3376 constans
2348 3318 2634 3390 partibus,
2690 3315 2965 3388 perfectio
3015 3316 3206 3387 operis
3257 3316 3308 3371 ei
3363 3316 3653 3387 deputarii

2011 3414 2221 3482 potest.
2247 3408 2348 3463 His
2370 3408 2550 3478 igitur
2574 3405 2682 3461 sibi
2710 3404 3019 3477 replicatis,
3044 3403 3298 3460 ternario
3329 3405 3549 3472 addito,
3582 3423 3654 3461 xv

2012 3499 2170 3553 facit.
2207 3498 2400 3551 Simus
2431 3512 2566 3567 ergo
2600 3494 2837 3565 perfecti
2869 3492 3140 3564 operibus
3171 3493 3338 3547 bona:
3384 3492 3651 3561 actionis,

2010 3592 2067 3643 et
2092 3588 2351 3642 nitamur
2372 3584 2760 3640 conscendere
2780 3601 2851 3638 xv
2876 3581 3314 3654 Psalmographi
3335 3583 3573 3653 gradus,
3590 3591 3656 3637 ut

2012 3681 2271 3733 sanctam
2305 3674 2648 3729 Trinitatem
2687 3673 2747 3727 in
2780 3671 2916 3727 Sion
2949 3687 3181 3726 cernere
3213 3686 3563 3738 mereamur,
3597 3674 3656 3726 et

2012 3765 2220 3821 horum
2251 3762 2453 3835 procul
2486 3762 2661 3817 dubio
2686 3776 3066 3816 numerorum
3088 3763 3349 3830 expertes
3370 3758 3653 3814 virtutum

2012 3872 2125 3908 non
2150 3854 2391 3906 erimus.
2414 3852 2593 3906 Adest
2613 3850 2822 3905 iterum
2844 3867 2920 3903 v11
2942 3847 3128 3920 gratia
3153 3846 3442 3919 spirituali
3474 3848 3656 3903 refer-

2010 3946 2126 4006 tus,
2159 3957 2256 3994 x1v
2286 3940 2634 4009 depromens
2664 3954 2767 4007 per
2796 3935 3111 3990 binarium.
3143 3936 3425 3990 Eumdem
3457 3934 3655 4006 itaque

2013 4045 2317 4102 precemur
2339 4026 2644 4099 Spiritum,
2670 4030 2735 4079 ut
2762 4042 2865 4096 per
2885 4023 3201 4095 practicam
3233 4024 3301 4078 ad
3334 4022 3653 4078 theoricam

2009 4120 2187 4173 vitam
2215 4118 2513 4188 pervenire
2543 4113 2845 4185 largiatur,
2870 4117 3159 4184 quatenus
3186 4111 3499 4167 virtutibus
3526 4114 3655 4183 ejus

2013 4214 2220 4270 ascisci
2244 4228 2595 4267 mereamur.
2625 4210 2730 4265 Sed
2756 4210 2896 4279 quia
2917 4226 3095 4279 supra
3116 4207 3425 4263 retulimus
3450 4226 3463 4275 ;
3498 4211 3654 4263 octa—

2011 4320 2144 4358 vam
2164 4305 2392 4357 aetatem
2414 4302 2483 4355 de
2502 4317 2617 4371 qua
2634 4297 2841 4353 titulus
2862 4296 3071 4368 psalmi
3091 4313 3145 4351 ιν
3162 4296 3355 4366 inquit
3374 4314 3387 4352 :
3409 4298 3470 4351 In
3489 4298 3655 4366 ﬁnem

2012 4409 2111 4465 pro
2152 4400 2358 4458 octava,
2393 4388 2689 4445 octonario
2739 4402 2910 4458 posse
2955 4384 3224 4451 conferri,
3258 4384 3409 4440 sicut
3454 4386 3655 4441 decem

2018 4480 2263 4535 inferius
2295 4479 2491 4534 adfore
2522 4476 2811 4531 indicatur
2840 4492 2853 4529 :
2887 4474 3022 4528 huic
3054 4473 3256 4544 utique
3285 4473 3335 4529 si
3365 4473 3659 4529 addantur

2012 4588 2066 4641 ν,
2117 4586 2238 4634 x111,
2291 4566 2680 4638 explicabunt.
2715 4565 2863 4619 Bene
2907 4562 3087 4617 etiam
3137 4562 3398 4633 quinque
3447 4576 3657 4617 sensus

255 4665 538 4739 gaudium
567 4680 579 4718 :
614 4662 1022 4733 reverentiam,
1046 4662 1475 4728 contritionem,
1496 4660 1906 4727 constantiam,
1938 4655 1985 4719 D
2018 4662 2228 4714 octavas
2256 4655 2382 4710 vitae
2412 4658 2843 4726 supponuntur,
2868 4651 3007 4721 quia
3026 4667 3143 4706 non
3169 4650 3360 4706 solum
3384 4648 3658 4739 hac,nisi

257 4759 315 4812 et
335 4753 719 4811 intellectum.
742 4770 845 4807 VIII
870 4758 926 4807 et
944 4768 1066 4807 χιιι.
1089 4769 1144 4807 v.
1161 4750 1654 4823 Temperantiam,
1678 4748 1904 4805 miseri-

266 4844 549 4912 cordiam,
582 4840 1026 4913 providentiam,
1062 4840 1433 4896 sobrietatem
1483 4843 1539 4893 et
1588 4838 1903 4906 astutiam;

253 4937 1613 5014 sapientiam,virginitatem,mortiﬁcationem,
1638 4937 1908 4992 innocen-

264 5030 409 5086 tiam
465 5032 522 5084 et
576 5026 1054 5084 sollicitudinem.
1108 5044 1165 5081 ιχ
1211 5030 1268 5080 et
1314 5044 1368 5096 χ,
1402 5043 1458 5080 x1
1507 5029 1562 5079 et
1606 5044 1682 5081 xu
1735 5043 1908 5082 senas

261 5120 640 5177 discernunt:
667 5116 1081 5181 obedientiam,
1106 5116 1537 5181 discretionem,
1562 5114 1906 5183 bonitatem,

265 5206 704 5234 -ΙΑΙΑι-ικιεληηνη
759 5203 1197 5234 μεωκιῖηἶιηιηννι
1248 5209 1301 5234 ῆι
1327 5204 1593 5234 ηἶηιηιῆννι
1644 5220 1878 5234 “Anna-vn

2016 4744 2401 4816 voluptuosus
2423 4758 2623 4798 eorum
2649 4740 2965 4813 appetitus,
2989 4739 3196 4794 chamo
3220 4742 3276 4793 et
3301 4738 3460 4793 freno
3484 4736 3657 4809 spiri-

2018 4832 2193 4889 tualis
2227 4832 2398 4887 modo
2420 4830 2742 4902 disciplinae
2767 4832 3136 4886 coerceatur:
3170 4828 3271 4883 sed
3299 4842 3403 4881 nec
3433 4841 3499 4879 ea
3530 4840 3659 4895 qum

2017 4924 2088 4978 ab
2104 4922 2244 4977 Abel
2272 4920 2637 4993 singularum
2662 4921 2899 4977 datione
2921 4915 3409 4982 stolarum,donec
3428 4911 3661 4982 justitia

2017 5015 2385 5066 convertatur
2408 5011 2465 5064 in
2484 5008 2812 5079 judicium,
2835 5004 3139 5072 sanctique
3158 5003 3220 5057 in
3240 4998 3666 5081 terra’duplicia

2018 5110 2377 5182 possideant,
2411 5109 2631 5180 agitur,
2671 5110 2962 5169 meretur.
2991 5099 3155 5153 Nunc
3184 5102 3376 5153 autem
3418 5111 3495 5161 ιιι,
3523 5110 3582 5157 x,
3610 5110 3670 5147 x1

2253 5198 2508 5234 summm;
2557 5197 2907 5234 mm..-.~mt.
2943 5187 3193 5234 Quorum
3226 5185 3442 5234 primus
3471 5195 3675 5233 novem

2018 5204 2071 5234 of
2124 5217 2199 5234 v1!
