4008 5388
442 304 593 370 1011

1453 306 1797 369 WIBOLDI
1841 305 2440 393 CAMERACENSJS
2485 304 2837 367 EPISCOPI

3674 306 3795 369 1012

441 440 631 512 diens,
655 438 715 497 in
737 457 791 498 ιι
817 439 1078 511 oll'endit,
1103 438 1412 512 splendore
1430 458 1511 496 xu
1534 457 1901 513 gemmarum
1918 440 2087 511 juba-
2116 442 2171 507 Α
2202 456 2375 495 senas
2428 439 2602 495 facies
2648 439 2902 495 habeant
2939 437 3115 494 variis
3146 442 3376 494 notatas
3404 438 3679 495 numeris.
3708 441 3794 504 Quo

443 530 524 587 ris
556 529 882 597 redimitus,
917 534 981 585 ut
1012 530 1081 584 ad
1116 530 1443 602 reparanda
1492 547 1548 585 Ix
1599 530 1845 601 pristina
1874 531 2089 585 damna

443 626 838 685 succrescant,
865 636 966 691 per
988 619 1209 674 denarii
1234 620 1511 673 mandata
1533 619 1886 690 regrediens,
1914 619 2091 673 unde-

446 708 539 764 nis
553 707 818 765 Ecclesia
840 707 1088 763 cilicinis
1108 708 1406 780 operiatur
1426 708 1603 779 sagis,
1622 714 1683 761 ut
1705 707 1889 779 possit
1911 724 2089 777 quan-

446 796 638 868 doque
668 797 857 852 dicere
890 814 1021 851 cum
1056 796 1369 853 Psalmista
1404 813 1415 850 :
1453 796 1781 851 Convertz‘sti
1803 797 2089 867 planctum

443 902 629 941 meum
658 887 721 941 in
748 885 1014 955 gaudium
1040 887 1201 955 mihi,
1236 893 1292 942 et
1330 884 1555 956 reliqua
1585 885 1757 955 (Psal.
1791 902 1943 951 xx1x,
1977 886 2085 956 l2).

442 973 631 1047 Igitur
651 974 787 1044 quia
806 975 1070 1042 virtutes,
1086 991 1478 1045 numerosque
1496 973 1889 1046 qualicunque
1916 974 2086 1030 modo

442 1063 864 1128 ordinavimus,
887 1064 1134 1135 qualiter
1164 1080 1317 1119 nunc
1348 1063 1540 1119 sortiri
1565 1064 1817 1119 debeant
1848 1081 2088 1120 censea-

444 1167 598 1210 mus.
631 1153 774 1211 Tres
803 1153 1001 1225 itaque
1032 1169 1338 1209 sumamus
1370 1156 1641 1220 tesseras,
1675 1171 1801 1226 qua
1847 1152 2088 1225 singula

2200 530 2386 601 major
2410 528 2701 597 senarius,
2726 528 2825 583 alii
2858 530 2915 583 in
2948 529 3170 584 cateris
3196 546 3307 583 uno
3332 546 3561 600 semper
3586 530 3795 587 minores

2200 636 2386 689 usque
2409 619 2479 673 ad
2503 634 2717 687 assem,
2743 619 2841 689 qui
2866 617 3041 672 simul
3074 618 3221 672 fiunt
3248 636 3339 672 xxr
3362 623 3415 672 et
3444 618 3653 672 nostris
3672 636 3797 675 voca-

2198 707 2353 762 libus
2381 725 2452 775 v;
2486 706 2749 762 videlicet
2777 709 2842 771 A,
2874 708 2935 773 E,
2974 707 3016 771 Ι,
3049 707 3113 776 Ο,
3152 707 3191 761 U
3226 706 3487 778 singulas
3512 708 3696 762 eodem
3726 726 3793 763 or-

2200 798 2332 851 dine
2350 798 2831 868 depingamus,ut
2849 800 3055 867 quater
3072 795 3359 868 replicata
3379 796 3643 850 eumdem
3663 799 3795 868 aqui-

2198 890 2399 957 parent
2428 903 2439 953 ;
2475 902 2540 940 eo
2563 890 2758 939 tamen
2782 890 3001 951 tenore,
3027 890 3089 939 ut
3109 884 3167 940 in
3194 885 3385 957 prima
3410 882 3480 955 Α,
3507 885 3563 939 in
3588 889 3793 942 secunda

2200 976 2260 1040 E,
2292 974 2351 1028 in
2372 974 2544 1029 tertia
2566 974 2607 1041 Ι,
2631 974 2700 1029 ab
2730 990 2859 1029 asse
2884 973 3429 1045 inoipiens,directo
3456 991 3676 1045 semper
3693 974 3793 1030 scri-

2197 1063 2372 1119 batur
2399 1062 2671 1131 tramine,
2702 1066 2757 1119 et
2788 1064 2990 1119 eodem
3021 1063 3182 1134 apice
3216 1063 3503 1119 liniantur
3534 1063 3626 1119 ita.

1512 1404 1541 1439 ο
1643 1406 1668 1441 a
1742 1408 1771 1441 e
2130 1406 2160 1442 u
2258 1392 2372 1441 e'i
2728 1406 2754 1437 υ
2859 1371 2995 1438 iJl

1399 1472 1427 1507 a
1546 1474 1575 1509 u
1696 1458 1708 1507 i
2017 1472 2045 1509 e
2165 1474 2193 1510 a
2310 1472 2342 1509 0
2620 1456 2633 1505 i
2762 1470 2791 1506 e
2909 1470 2939 1505 υ

1581 1538 1767 1577 aou
2200 1541 2372 1579 eua
2810 1524 2974 1574 iae

1351 1628 1379 1669 e
1510 1622 1770 1673 ciae
1964 1619 1981 1677 ἱ
2133 1616 2373 1671 ioei
2562 1633 2594 1669 υ
2731 1618 2985 1676 ο,υἰο’

1644 1689 1773 1741 io
2255 1699 2375 1736 ou
2861 1698 2986 1735 ua

1471 1754 1771 1807 iouua
2066 1766 2377 1805 ouaae
2666 1752 2975 1804 uaeei

526 1980 625 2037 His
646 1981 844 2055 itaque
866 1982 1471 2055 dispositis,volumus
1495 1987 1561 2038 ut
1581 1999 1682 2055 per
1701 1983 1808 2038 has
1828 1982 2093 2049 tres,sic-
2125 1985 2174 2052 B
2208 1985 2529 2037 revertatur
2578 1983 2650 2037 ad
2699 1982 3015 2038 Dominum
3073 1982 3173 2056 qui
3224 1981 3383 2038 dedit
3445 1981 3609 2036 illum
3655 1983 3795 2053 (Eccti.

452 2074 520 2127 ut
548 2074 606 2127 et
634 2071 695 2127 in
727 2072 964 2143 prafato
996 2071 1142 2128 solet
1169 2072 1331 2141 ludo,
1356 2072 1584 2129 numeri
1606 2073 1707 2143 qui
1738 2073 2096 2145 supputandi

453 2162 801 2234 sunt,prout
820 2178 947 2217 sors
970 2162 1289 2229 dictaverit,
1306 2179 1411 2217 suo
1438 2178 1669 2234 semper
1687 2162 1889 2217 ordine
1911 2161 2098 2233 requi-

452 2252 679 2305 rantur.
727 2251 775 2305 Y
822 2267 956 2306 vero
990 2256 1213 2306 sextam
1245 2250 1641 2323 Achivamque
1669 2252 1927 2307 vocalem
1960 2252 2096 2322 (non

456 2337 647 2395 solum
671 2341 827 2411 quod
851 2341 1024 2396 modo
1045 2341 1247 2396 eadem
1270 2340 1515 2396 minime
1536 2340 1869 2412 indigemus
1899 2340 2100 2410 lingua

458 2431 516 2481 et
546 2431 873 2483 nostratum
906 2428 1140 2500 regulas
1170 2428 1698 2501 orthograpborum
1738 2430 1809 2484 ad
1859 2430 2097 2501 plenum

460 2530 577 2570 non
608 2516 1114 2587 observamus,sed
1147 2517 1285 2588 quia
1314 2518 1722 2589 compendiose
1752 2519 1944 2590 operis
1975 2523 2099 2574 stu-

459 2602 689 2670 demus,
732 2604 1167 2678 vulgariterque
1214 2607 1397 2662 nostri
1449 2606 1762 2663 ridiculum
1816 2610 2098 2681 exercere)

456 2693 956 2765 pratermisimus.
1018 2697 1302 2753 Caterum
1362 2702 1767 2765 consonantes,
1819 2700 2095 2770 quoniam

461 2782 749 2838 sexdecim
792 2784 849 2838 in
899 2783 1209 2856 alphabeto
1243 2791 1541 2842 remanent
1570 2792 1808 2858 excepta
1836 2805 1886 2859 q,
1920 2804 2098 2858 quam

459 2870 825 2940 grammatici
849 2889 1272 2945 supervacuam
1297 2874 1622 2941 nominant,
1645 2892 1943 2947 quamque
1970 2875 2099 2931 ideo

460 2975 575 3014 non
608 2962 1145 3029 annumeravimus,
1179 2962 1316 3034 quia
1345 2980 1413 3019 ex
1442 2969 1709 3019 currente
1755 2964 1867 3019 sibi
1920 2964 2097 3031 socia,

457 3047 728 3104 videlicet
774 3066 832 3119 u,
879 3049 1003 3107 sine
1036 3068 1152 3123 qua
1180 3054 1296 3107 vim
1330 3052 1533 3108 littera
1563 3054 1799 3117 amittit,
1832 3054 2102 3125 perfacile

458 3136 552 3192 hic
582 3138 994 3209 comprehendi
1027 3145 1236 3212 potest,
1268 3145 1327 3197 et
1376 3147 1655 3213 septenus
1697 3142 1959 3198 decimus
1992 3160 2100 3198 nu-

458 3241 660 3281 merus
688 3227 760 3281 ad
794 3230 1188 3301 peragendum
1213 3232 1370 3302 quod
1392 3230 1752 3301 volebamus,
1778 3231 1945 3303 quasi
1979 3248 2099 3287 em-

457 3313 747 3371 bolismus
767 3315 1089 3373 videbatur.
1114 3318 1296 3391 Igitur
1326 3319 1479 3375 sicut
1506 3319 1731 3375 vocales
1756 3322 2095 3393 tetragonis,

457 3401 540 3458 ita
559 3410 948 3462 consonantes
969 3406 1071 3461 uni
1092 3408 1503 3463 tantummodo
1528 3408 1765 3480 trigona
1789 3410 2096 3483 pyramidi,

458 3506 585 3562 qua
617 3498 870 3565 quatuor
897 3496 1235 3567 superficies
1271 3497 1531 3563 haberet,
1563 3497 1817 3554 inserere
1850 3503 2097 3571 oportet,

458 3579 542 3635 ita
574 3597 587 3636 :

900 3912 932 3963 b
1077 3928 1103 3965 c
1264 3932 1310 3967 in
1442 3937 1472 3970 η

960 4002 991 4051 d
1151 4030 1179 4081 Β
1332 4031 1366 4079 Ρ
1553 4045 1570 4086 ι

959 4090 984 4144 ί
1148 4114 1178 4165 b
1334 4116 1357 4151 ε-
1543 4136 1572 4175 Χ

1056 4201 1088 4250 δέ
1104 4203 1255 4284 ...χι
1676 4174 1704 4272 i

529 4544 663 4609 Qua
693 4546 889 4599 tamen
910 4542 1013 4600 tali
1037 4543 1160 4616 lege
1184 4545 1499 4615 tenebitur,
1526 4552 1593 4603 ut
1622 4548 1670 4603 si
1701 4548 1789 4604 vel
1822 4567 1937 4606 una
1958 4550 2097 4607 infe-

457 4631 677 4687 riorum
704 4634 832 4703 ejus
858 4634 1305 4689 consonantium
1337 4635 1396 4690 in
1431 4637 1667 4693 nomine
1691 4638 1942 4709 virtutis,
1966 4656 2095 4711 qua

2206 2088 2309 2141 xu,
2329 2074 2408 2141 7).
2436 2071 2530 2126 Sic
2555 2071 2829 2143 projectis
2856 2072 3032 2127 simul
3063 2089 3093 2127 e
3120 2089 3295 2127 manu
3322 2071 3494 2127 cubis
3517 2088 3643 2126 cum
3670 2072 3779 2125 trian

2208 2160 2369 2232 gulo,
2392 2176 2713 2232 eorumque
2741 2161 3082 2233 singillatim
3114 2161 3324 2217 litteris
3357 2161 3688 2234 perspectis,
3708 2178 3802 2215 mox

2210 2250 2628 2305 recurrendum
2651 2250 2758 2305 erit
2781 2252 2851 2305 ad
2877 2252 3199 2323 marginem
3224 2267 3505 2305 numeros
3530 2266 3654 2305 cum
3674 2250 3801 2304 virtu-

2207 2339 2365 2393 tibus
2387 2339 2807 2395 continentem.
2830 2341 3186 2412 Eodemque,
3211 2345 3276 2394 ut
3305 2340 3613 2411 praefatum
3634 2345 3726 2404 est,
3742 2340 3801 2392 di-

2210 2428 2559 2483 scretionem
2590 2427 2775 2483 vocali
2807 2428 2909 2483 uni
2940 2428 3209 2484 similiter
3250 2429 3561 2500 tripertita
3608 2433 3800 2500 reperto,

2208 2517 2480 2572 virtutem
2505 2534 2631 2587 qua
2660 2516 2833 2572 latere
2854 2516 3114 2584 habebit,
3133 2522 3333 2573 notare
3355 2519 3636 2573 debemus
3656 2535 3669 2585 ;
3687 2528 3800 2571 Voca-

2210 2603 2413 2675 lesque
2443 2605 2601 2660 illius
2632 2605 3071 2677 apparentibus,
3103 2605 3152 2659 si
3192 2604 3482 2675 valemus,
3514 2620 3801 2675 componere

2210 2694 2529 2761 vocalibus,
2564 2699 2619 2749 et
2671 2694 2751 2748 ita
2791 2694 3083 2766 privatim,
3116 2700 3413 2765 compotes
3455 2696 3580 2765 ejus
3608 2710 3736 2756 esse,
3762 2696 3802 2745 ut

2211 2800 2381 2854 pares
2406 2783 2713 2839 nobiscum
2737 2784 3003 2839 ludentes
3027 2800 3397 2855 nequaquam
3421 2784 3677 2839 eamdem
3702 2781 3805 2837 ulte-

2209 2872 2332 2927 rius
2360 2871 2418 2926 in
2445 2874 2645 2928 eodem
2679 2873 2816 2927 ludo
2850 2872 2957 2928 sibi
2992 2873 3220 2928 valeant
3240 2872 3558 2928 vindicare.
3582 2872 3691 2927 Tali
3719 2872 3803 2925 uti-

2210 2978 2321 3033 que
2352 2962 2771 3033 disceptatione
2803 2962 3065 3017 vicissim
3096 2961 3437 3018 alternando
3483 2962 3801 3034 gyrandoque

2202 3052 2490 3120 jocantes,
2524 3050 2769 3105 virtutes
2802 3068 3004 3106 omnes
3037 3050 3293 3107 sortibus
3324 3051 3663 3122 partiantur.
3691 3050 3746 3104 Et
3768 3048 3801 3101 si

2209 3155 2326 3193 non
2360 3155 2527 3209 aqua
2556 3137 2723 3193 lance
2752 3145 2957 3194 mutuo
2988 3140 3347 3205 dividuntur,
3382 3139 3443 3194 hi
3479 3140 3575 3211 qui
3602 3138 3678 3194 vel
3716 3154 3800 3191 una

2211 3226 2431 3282 cateris
2488 3226 2742 3299 amplius
2794 3227 3309 3299 superabundavit,
3362 3227 3713 3299 pralaturam
3758 3241 3796 3278 in

2210 3316 2432 3370 cateris
2455 3315 2566 3369 sibi
2597 3316 2843 3372 cessisse
2866 3317 3177 3389 gaudeant.
3204 3318 3288 3371 Ita
3318 3317 3600 3372 duntaxat
3627 3321 3680 3370 ut
3698 3314 3795 3367 cha-

2210 3404 2373 3471 ritas,
2404 3421 2530 3475 qua
2563 3404 2798 3476 gemina
2839 3409 2946 3471 est,
2990 3404 3039 3459 si
3090 3405 3435 3476 oportuerit,
3472 3422 3572 3477 pro
3619 3404 3791 3458 duabus

2209 3496 2581 3563 computetur
2601 3492 2934 3561 virtutibus,
2962 3509 3089 3564 qua
3112 3493 3283 3547 etiam
3308 3493 3379 3548 ob
3403 3494 3582 3549 unius
3600 3496 3793 3547 tantum-

2210 3582 2381 3636 modo
2400 3578 2607 3635 littera
2626 3580 2866 3652 eclysin,
2883 3581 3047 3647 IetA,
3063 3582 3201 3635 bina
3218 3586 3349 3653 post
3369 3583 3618 3653 primam
3634 3577 3794 3635 exemi.

2207 3672 2380 3723 netur
2401 3668 2778 3739 proiectione,
2802 3670 2957 3740 quod
2990 3670 3061 3725 de
3090 3669 3312 3724 caeteris
3344 3669 3681 3725 omnimodis
3704 3664 3792 3720 ﬁeri

2206 3756 2562 3812 inhibemus.
2598 3757 2669 3812 Et
2701 3774 2889 3828 usque
2920 3758 2990 3813 ad
3021 3757 3227 3813 horam
3258 3756 3417 3814 illius
3450 3758 3562 3813 diei
3601 3761 3790 3819 sextam,

2206 3844 2642 3911 eminentiores,
2684 3845 2988 3900 inferiores
3042 3846 3133 3901 sui
3188 3845 3511 3918 discipulos
3554 3846 3790 3908 vocantes,

2206 3934 2453 3990 suadere
2476 3934 2792 4001 debebunt,
2821 3938 2886 3988 ut
2914 3934 3159 3990 virtutes
3181 3951 3307 4006 qua
3334 3935 3420 3990 eis
3439 3940 3586 3991 sorte
3608 3933 3788 3994 desunt,

2204 4023 2373 4078 bonis
2392 4022 2655 4078 moribus
2674 4026 2944 4095 satagant
2959 4022 3600 4095 impetrare.lnferiores
3612 4032 3789 4094 quoque

2205 4112 2349 4167 niati
2379 4112 2504 4183 (sic)
2532 4116 2765 4167 tessera
2795 4117 3233 4184 cognoscentes,
3256 4130 3321 4169 ac
3352 4113 3529 4169 veluti
3559 4112 3656 4168 sibi
3682 4123 3786 4180 pra-

2205 4200 2359 4256 latis.
2404 4241 2417 4254 .
2467 4242 2481 4255 .
2528 4244 2540 4256 .
2588 4240 2599 4253 .
2647 4244 2660 4257 .
2710 4244 2721 4255 .
2763 4201 3097 4274 padagogis
3127 4218 3243 4257 non
3275 4201 3440 4258 aliter
3480 4218 3573 4259 eos
3614 4211 3788 4254 nuncu-

2204 4305 2341 4361 pare
2371 4290 2646 4357 audeant,
2683 4307 2861 4361 quam
2894 4291 3233 4363 magistros.
3254 4295 3328 4348 At
3356 4293 3405 4349 si
3438 4287 3725 4362 contigerit,
3743 4287 3788 4337 ut

2205 4382 2410 4433 neuter
2439 4382 2716 4434 neutrum
2748 4396 3027 4450 superare
3060 4385 3256 4451 queat,
3282 4398 3481 4437 omnes
3505 4371 3784 4450 aequanimi-

2204 4468 2291 4521 ter
2320 4466 2555 4538 utrique
2586 4467 2647 4521 in
2679 4465 3030 4524 alterutrum
3061 4470 3425 4541 possidentes
3446 4460 3681 4533 virtutes,
3700 4476 3785 4516 una

2205 4570 2436 4625 semper
2466 4556 2583 4610 sint
2616 4555 2899 4611 charitate
2925 4559 3259 4623 concordes,
3282 4564 3338 4614 et
3366 4560 3602 4614 fraterno
3628 4554 3779 4626 gratu-

2204 4642 2396 4697 lentur
2427 4643 2681 4699 nomine.
2715 4648 2908 4700 Potest
2938 4645 3090 4701 idem
3127 4652 3183 4700 et
3214 4647 3325 4702 alio
3360 4647 3525 4702 modo
3552 4636 3781 4701 efﬁcacior

453 4720 683 4777 vocales
705 4722 967 4787 secrevit,
991 4726 1216 4793 reperta
1238 4724 1431 4790 fuerit,
1455 4743 1558 4797 pro
1582 4726 1800 4783 cateris
1824 4729 2097 4784 omnibus
2129 4723 2174 4788 D
2206 4729 2611 4802 lubentiorque
2642 4733 2887 4788 fortasse
2918 4732 3215 4804 aliquibus
3261 4735 3404 4805 ﬁeri,
3435 4750 3543 4805 quo
3584 4728 3777 4801 quisque

453 4814 845 4882 computetur,
868 4814 924 4866 et
954 4812 1106 4882 quod
1139 4814 1425 4885 tetragoni
1457 4815 1549 4869 sui
1583 4816 1889 4886 superficie
1922 4834 2091 4889 supe-

452 4897 613 4963 riori,
646 4898 755 4955 hoc
810 4899 923 4955 ista
968 4899 1248 4968 inferiori,
1280 4902 1337 4956 id
1386 4907 1475 4957 est
1517 4903 1641 4959 basi
1689 4921 1817 4977 sua,
1850 4905 2092 4961 demon-

453 4988 684 5043 strabit.
1180 4986 1185 4995 ’
2067 5004 2074 5009 ·

523 5078 638 5131 Nec
656 5074 969 5141 immerito,
984 5076 1198 5148 quippe
1216 5093 1348 5132 cum
1368 5093 1600 5149 corpus,
1619 5079 1789 5151 cujus
1806 5080 1949 5147 ista,
1968 5098 2094 5153 qua

455 5162 902 5218 similitudinem
950 5163 1067 5219 illis
1115 5165 1322 5219 anima
1366 5167 1758 5237 figurantibus
1789 5169 2092 5239 retineant,

455 5251 572 5305 sive
604 5251 853 5307 naturali
886 5252 1309 5322 compositione
1355 5254 1447 5307 sui
1495 5255 1765 5311 decenter
1801 5263 2091 5323 ornatum,

458 5353 556 5388 seu
587 5340 783 5388 aliuua
804 5338 1066 5388 nnrtione
1088 5338 1442 5388 diminutum
1490 5344 1577 5388 ριιὶ
1611 5349 1974 5388 mnnnirnnnn
2003 5363 2095 5388 ςιιι-

2207 4820 2479 4890 projectis
2508 4821 2695 4876 tribus
2731 4823 3138 4877 tantummodo
3168 4824 3426 4889 tesseris,
3458 4839 3563 4876 non
3593 4818 3653 4873 ad
3690 4812 3777 4866 vim

2205 4907 2646 4979 elementorum,
2663 4910 2761 4964 sed
2783 4911 2852 4964 ad
2875 4927 3168 4966 summam
3187 4911 3365 4966 simul
3382 4910 3627 4966 collatam
3644 4898 3778 4971 respi'

2203 4995 2381 5064 ciens,
2415 5000 2700 5069 quotquot
2747 4998 2847 5053 tali
2901 5000 3198 5069 repererit,
3233 5005 3295 5053 ut
3337 4998 3667 5070 pralibatum
3694 4993 3774 5051 est.

2204 5102 2445 5141 numero
2470 5086 2793 5153 redimitas,
2811 5087 3157 5157 gloriabitur
3180 5104 3239 5142 se
3261 5088 3545 5159 possidere
3564 5084 3777 5138 virtuteS-

2274 5174 2402 5229 Hac
2432 5174 2627 5229 taliter
2657 5175 2787 5241 tibi,
2820 5174 3021 5243 lector,
3056 5175 3453 5247 proponimus,
3486 5179 3545 5229 ut
3588 5171 3629 5227 si
3671 5162 3779 5236 quid

2203 5261 2386 5332 stylus
2415 5262 2608 5332 exigit,
2647 5262 2868 5317 utiliter
2901 5270 3197 5325 annectas.
3232 5268 3331 5319 aut
3371 5260 3679 5334 corrigendo
3706 5254 3781 5307 de-

2202 5350 2398 5388 irnhnc
2426 5374 2436 5385 .
2472 5350 2615 5388 nihil
2642 5356 2831 5388 famnn
2866 5351 3239 5388 hlnanhnmim
3262 5353 3469 5388 ἷηίότισιο
3496 5370 3505 5381 -
3539 5354 3585 5388 nf
3614 5349 3653 5388 qi
3682 5342 3781 5388 lau-
