2004 3157
107 170 1711 205 w

393 277 766 344 ΙΩΑΝΝΟΥ
811 275 985 343 ΤΟΥ
1023 274 1433 341 ΑΣΚΗΤΟΥ

247 407 639 527 ΤΟΥ
760 403 1577 524 ΖΩΝΑΡΑ

170 571 371 598 ΓΕΓΟΝΟΤΟΣ
401 571 469 598 ΤΟΥ
498 571 661 598 ΜΕΓΑΛΟΥ
693 570 930 597 ΔΡΟΥΙΤΛΡΙΟΥ
968 571 1034 596 ΤΗΣ
1070 569 1205 602 ΒΙΓΛΑΣ,
1239 569 1299 596 ΚΛΙ
1335 566 1649 596 ΠΡΩΤΟΑΣΙΙΚΡΗΤΙΣ

543 655 1284 759 ΧΡΟΝΙΚΟΝ.

295 903 358 1006 J
367 899 729 1004 OANN
743 899 871 1004 IS
937 899 1522 1006 ZONAR/E

349 1177 477 1207 MAGNI
500 1177 632 1207 ΛΝΤΕᾹ
657 1175 822 1206 \‘lGlLUM
847 1174 1045 1204 l’ii/EFECTI
1070 1175 1121 1204 ΕΤ

727 1175 822 1205 ILUM
847 1174 1045 1204 l’ii/EFECTI
1070 1175 1121 1204 ΕΤ
1143 1174 1302 1212 ΡΒΙΜΙΑ
1326 1173 1511 1205 SECRETIS

367 1233 383 1245 “
649 1274 1180 1362 ANNALES.

506 1424 693 1456 CAROLUS
712 1424 772 1454 DU
787 1423 968 1459 FRESNE,
990 1423 1087 1454 DUM.
1108 1423 1165 1454 DU
1186 1423 1341 1460 CANGE,

381 1486 467 1515 REGI
482 1487 503 1514 A
519 1486 703 1520 CONSILIIS,
726 1486 773 1514 ET
792 1485 959 1513 FRANCI/E
991 1486 1088 1514 APUD
1107 1486 1288 1515 AMBIANOS
1307 1486 1490 1521 QUESTOR,

109 1559 316 1585 WOLFIANAH
325 1558 517 1583 EDITIONBM
531 1556 957 1582 CUMSCRIPTISCODIUIBUS
965 1556 1151 1586 CONTULIT,
1162 1555 1287 1581 LATINA
1295 1557 1316 1580 ιι
1329 1556 1524 1581 VERSIONEJI
1533 1557 1735 1588 RECENSUH'.

646 1610 798 1635 ANNALES
817 1609 924 1635 NOTIS
944 1609 1184 1634 ILLUSTIIAVIT.

643 1749 892 1790 DUCANGll
932 1750 1208 1789 PRJEFATIO.

147 1841 234 1868 Nemo
250 1844 293 1868 est
311 1844 371 1868 tum
388 1848 422 1868 ex
438 1840 539 1868 nostris
556 1844 612 1867 tum
640 1840 722 1868 etiam
752 1842 855 1869 exteris
879 1840 927 1875 (l),
942 1840 987 1875 qui
1016 1840 1128 1875 Regiam
1157 1840 1323 1875 scriptorum
1350 1839 1561 1875 Byzantinoer
1585 1842 1735 1870 editionem

103 1888 187 1914 velut
211 1887 342 1914 eximium
358 1886 469 1914 Gallica:
486 1886 697 1921 magniﬁcentia:
711 1891 920 1913 monumentum
939 1893 992 1912 non
1010 1885 1150 1919 suspiciat.
1166 1885 1198 1910 Et
1212 1885 1310 1912 merito
1320 1891 1385 1911 sane
1401 1893 1433 1912 ac
1447 1885 1509 1920 jure
1522 1886 1636 1921 optimo,
1658 1894 1733 1919 cum,

114 1935 306 1964 praeterquam
319 1931 391 1965 quod
409 1931 551 1957 historiam
573 1930 664 1956 minus
678 1930 811 1957 hactenus
823 1935 915 1956 notam
931 1934 959 1955 (ι
979 1936 1040 1962 qua:
1056 1933 1095 1954 tot
1114 1936 1206 1954 rerum
1219 1927 1327 1954 eventis
1345 1928 1477 1961 varietur,
1496 1929 1666 1965 Romanique
1682 1931 1735 1958 im-

106 1971 181 2008 perii
201 1974 330 2000 universo
356 1980 425 2007 pene
441 1973 500 1999 orbi
521 1972 587 1999 olim
612 1973 780 1999 dominantis
802 1980 902 1998 causas
922 1971 1112 1998 inclinationis
1125 1975 1208 2004 atque
1230 1972 1318 1998 ruina:
1330 1972 1369 1998 ob
1387 1973 1484 1999 oculos
1499 1979 1644 2008 proponat,
1666 1976 1736 2009 typis

103 2016 160 2043 illa
175 2021 232 2042 tam
249 2016 424 2051 elegantibus
441 2016 656 2050 cliartarumque
681 2015 870 2050 magnitudine
885 2014 1018 2041 adornata
1040 2014 1096 2040 exit
1121 2013 1147 2040 in
1166 2014 1317 2047 publicum.
1334 2020 1363 2040 ut
1381 2016 1527 2049 quamdam
1543 2024 1599 2050 [rm
1621 2025 1650 2043 se
1668 2019 1736 2045 ferat

102 2060 297 2094 majestatem,
313 2064 341 2086 et
359 2064 495 2094 quotquot
507 2060 617 2087 litteras
632 2064 726 2086 amant
749 2059 782 2086 ad
803 2059 847 2086 sui
865 2058 1011 2086 lectionem
1027 2056 1229 2091 quodammodo
1248 2056 1379 2083 sollicitet
1393 2062 1420 2084 et
1442 2058 1555 2085 alliciat.
1571 2060 1605 2086 At
1619 2067 1680 2086 cum
1697 2065 1737 2086 tot

102 2105 186 2131 inter
204 2104 287 2138 Regio
304 2104 356 2130 isto
372 2108 504 2138 apparatu
529 2103 660 2138 insignes,
670 2103 788 2130 Joannis
807 2103 920 2129 Zonarae
935 2101 1055 2128 Annales
1069 2099 1164 2127 Grzece
1181 2101 1264 2127 semel
1281 2100 1427 2135 minusque
1440 2100 1527 2129 nitide
1541 2102 1689 2137 impressas
1704 2112 1736 2132 ac

102 2147 140 2175 in
158 2155 279 2181 prtesens
294 2147 415 2174 rariores
434 2146 558 2181 plerique
573 2154 606 2173 cx
623 2146 740 2173 eruditis
754 2145 904 2174 desiderari
926 2145 1109 2177 monuissent,
1129 2145 1170 2171 vir
1191 2144 1396 2172 illustrissimus
1412 2145 1535 2173 mal-chio
1556 2147 1590 2174 de
1607 2147 1735 2179 Lourois.

103 2191 170 2225 regi
189 2191 223 2217 ab
245 2190 350 2217 intimis
373 2190 495 2217 consiliis
508 2194 535 2216 et
558 2189 780 2226 secretistcujus
793 2196 867 2216 curze
882 2188 998 2216 aedilicia
1015 2189 1110 2224 Regia,
1133 2194 1217 2221 artes,
1237 2189 1350 2223 ipsaque
1374 2190 1553 2224 typograpbia
1572 2191 1655 2226 Regia
1673 2199 1735 2226 pcr-

101 2235 197 2262 missa
209 2239 287 2267 sunt1
305 2234 332 2260 in
350 2234 420 2261 idem
437 2233 520 2260 etiam
536 2233 685 2260 consilium
701 2233 877 2268 conspirante
897 2232 1083 2259 illustrissimo
1101 2232 1184 2259 ira-tre
1196 2232 1415 2267 archiepiscopo
1427 2233 1575 2261 Rheniensi
1595 2243 1626 2262 ac
1646 2235 1735 2270 primo

100 2278 235 2305 Francia:
247 2278 318 2312 pari,
335 2285 384 2311 pro
400 2277 494 2304 innato
510 2284 564 2303 non
583 2276 688 2311 vulgari
703 2283 766 2311 erga
782 2276 888 2303 litteras
903 2276 1002 2303 allectu
1018 2280 1047 2302 ut
1060 2280 1156 2303 auctor
1169 2276 1253 2310 Regia
1268 2275 1390 2303 editione
1413 2277 1591 2312 dignissimus
1607 2279 1737 2306 ederetur

102 2322 250 2357 optimum
265 2322 365 2348 factum
382 2321 471 2348 videri
494 2321 548 2348 sibi
571 2321 745 2355 signiﬁcavit.
767 2320 855 2348 Haece
876 2319 946 2347 mihi
962 2319 1064 2346 deinde
1083 2319 1248 2346 demandata
1271 2319 1426 2354 provincia,
1447 2327 1500 2355 qua
1517 2322 1655 2349 doctiores
1666 2323 1735 2349 alios

99 2367 195 2400 longe
210 2365 308 2393 melius
323 2365 504 2393 defuncturos
523 2365 587 2392 licet
604 2365 717 2392 minime
737 2364 871 2396 dubitem,
883 2372 997 2391 manum
1019 2365 1111 2392 statim
1133 2365 1254 2395 admovi.
1286 2364 1397 2392 codices
1411 2370 1519 2393 veteres
1534 2372 1668 2401 quantum
1687 2376 1735 2401 per

104 2415 226 2441 tempus
240 2410 320 2436 licuit
336 2410 433 2444 collegi
451 2413 478 2436 et
497 2408 613 2441 contuli,
630 2413 765 2443 notasque
782 2409 869 2444 adjeci
887 2417 893 2435 :
910 2409 983 2444 quod
999 2409 1189 2443 qualecunque
1202 2414 1254 2440 est,
1268 2408 1339 2442 aequi
1355 2408 1475 2444 bonique
1498 2411 1674 2438 consulturos
1687 2411 1736 2438 bc-

103 2452 216 2486 nignos
231 2451 348 2479 lectores
360 2453 480 2480 conﬁdo.

146 2497 301 2525 Enimvero
318 2503 347 2525 ιιι
360 2499 394 2526 de
408 2500 483 2528 hisce
502 2500 548 2535 qui
565 2508 641 2528 nunc
657 2500 794 2535 prodeunt
808 2500 961 2528 Annalibus
981 2508 1012 2527 ac
1032 2500 1066 2527 de
1082 2509 1178 2528 eorum
1195 2506 1307 2529 auctore
1317 2502 1424 2530 Zonara
1438 2503 1564 2538 quaedam
1584 2502 1735 2537 praemium

100 2550 190 2574 mus,
207 2542 258 2568 hos
277 2544 428 2576 praesertim
450 2544 624 2571 commendat
639 2538 780 2579 scriptoris
795 2544 926 2577 eruditio,
943 2553 1007 2579 qua:
1023 2552 1078 2571 non
1098 2552 1132 2572 ex
1155 2545 1189 2572 iis
1203 2546 1286 2572 modo
1307 2547 1397 2581 colligi
1417 2551 1517 2581 potest.
1536 2546 1583 2573 sed
1604 2546 1686 2573 etiam
1703 2555 1735 2573 ex

98 2588 180 2617 aliis
192 2594 274 2621 quam
291 2587 419 2621 plurimis
444 2588 584 2622 operibus,
599 2596 717 2622 quorum
735 2589 851 2615 indicem
871 2589 966 2616 huicce
990 2588 1145 2615 Prmfationi
1163 2589 1340 2624 subjicimus;
1357 2590 1384 2616 in
1405 2590 1505 2624 quibus
1528 2597 1616 2624 neque
1642 2597 1733 2616 rerum

96 2630 302 2666 cognitionem
320 2638 408 2664 neque
424 2639 486 2658 acre
504 2632 545 2658 vel
563 2632 679 2659 solidum
698 2632 834 2668 judicium
852 2637 881 2659 ut
900 2640 950 2659 nec
966 2632 1093 2667 pietatem
1108 2632 1245 2666 quispiam
1261 2633 1410 2661 desideret.
1429 2634 1500 2666 Quin
1515 2634 1596 2661 etiam
1615 2633 1637 2661 si
1659 2639 1736 2661 nata-

98 2679 185 2706 lium
201 2675 333 2709 splendor
348 2675 473 2710 gestique
495 2676 522 2703 in
545 2676 740 2710 imperatorum
754 2677 863 2711 palatiis
879 2676 1054 2711 magistratus
1067 2676 1299 2704 existimationem
1315 2678 1434 2713 aliquam
1448 2677 1575 2712 scriptori
1589 2678 1735 2705 conciliare

95 2724 243 2758 possunt,
258 2718 332 2753 quod
343 2726 424 2746 nemo
440 2719 510 2747 forte
523 2720 550 2746 in
566 2720 681 2747 dubium
696 2721 877 2752 revocaverit,
888 2720 926 2747 de
947 2721 994 2748 illo
1007 2721 1144 2756 prwcipue
1160 2722 1208 2756 qui
1223 2722 1256 2749 de
1273 2723 1356 2750 rebus
1372 2723 1505 2758 politicis,
1516 2723 1542 2750 in
1561 2722 1660 2758 quibus
1675 2730 1736 2748 vcr-

140 2809 189 2844 (Ι)
207 2807 286 2834 Mart.
307 2807 428 2835 Hankius
446 2807 471 2836 it.
524 2808 606 2835 rzel'at.
624 2807 656 2835 ad
681 2807 730 2836 lih.
754 2808 790 2835 De
811 2809 900 2844 script.
915 2807 1028 2844 Byzanl.

276 2854 412 2886 ΡΑτιιοι..
430 2856 486 2886 Gtt.
504 2856 674 2887 CXXXIV.

1572 2858 1587 2887 1

913 2999 1165 3068 48656
