2004 3157
72 215 98 245 17
758 212 968 244 ΓΒΕΕΛἸῚΟ,
1638 215 1670 246 18

69 276 117 295 ram
131 274 228 303 partem
245 269 406 296 Wolfianam
425 277 440 296 a
456 276 503 301 vn,
520 268 629 296 tertiatn
648 275 715 294 vero
730 275 745 294 a
762 275 808 294 XIII
825 266 907 300 libro,
925 271 954 293 ut
970 272 1074 302 partem
1090 268 1238 295 Annalium
1252 268 1366 296 alteram
1383 270 1534 298 secundum
1549 271 1670 298 auctoris

67 318 185 347 receptam
201 313 366 340 divisionem
381 321 395 340 a
411 313 483 340 libro
501 321 518 340 ι
535 312 725 347 auspicemur.

96 357 144 383 Jam
164 364 227 383 vero
243 357 309 391 quid
335 356 463 384 Wolfium
481 356 624 391 impulerit
646 360 675 382 ut
700 355 733 382 ad
759 355 872 382 Zonaras
896 356 1015 384 Annales
1034 357 1061 384 in
1079 356 1206 384 Latinam
1234 358 1357 393 linguam
1381 359 1583 386 convertendos
1609 366 1669 385 sese

66 401 209 433 accinxerit,
226 401 353 435 pluribus
367 401 489 428 declarat
505 401 564 435 ipse
583 400 611 426 iu
631 399 807 431 Praefatione,
825 407 908 433 quain
925 405 1027 427 nostrze
1049 401 1094 428 hic
1121 401 1295 436 subiicimus,
1312 407 1395 437 atque
1412 403 1495 430 etiant
1514 403 1540 429 iu
1559 402 1610 429 alia
1635 402 1669 428 ad

64 444 191 479 Nicephori
211 444 339 479 (ἔνθεοι-πε
351 444 499 472 llistoriam
520 452 535 471 a
556 452 584 471 se
603 443 706 478 pariter
721 443 801 470 Latio
815 443 956 476 donatam,
975 452 1067 478 quam,
1088 448 1117 471 ut
1132 449 1160 471 et
1176 444 1299 476 Zonaras,
1314 445 1434 473 Antonio
1445 445 1569 480 Fuggero
1585 445 1669 471 nobili

63 488 183 515 Germano
202 488 316 516 dicavit.
333 489 363 515 ln
380 497 434 523 qua
448 493 587 523 postrema
610 489 649 515 sic
674 488 817 523 loquitur:
847 497 856 512 ι
876 487 976 514 Fateor
995 487 1124 522 equidem
1150 488 1183 515 ad
1206 488 1342 516 Zonaratn
1362 489 1580 516 eonvcrtendum
1602 497 1670 523 pra:-

64 531 142 558 miisa
159 537 182 558 te
199 533 361 566 propositis,
385 540 473 567 eoque
498 537 621 566 tempore
645 531 871 566 peropportuuis,
892 531 973 558 initio
990 532 1139 559 excitatum
1168 540 1210 559 me
1235 532 1319 560 fuisse
1336 533 1428 567 potius
1456 541 1539 567 quant
1563 537 1670 566 meapte

62 577 188 603 voluntate
212 577 364 604 accessisse
381 586 386 602 :
415 585 469 603 non
498 581 551 603 tam
577 576 701 603 laborum
718 580 746 603 et
762 575 951 603 molestiarum
969 575 1043 610 fuga,
1061 576 1164 610 quibus
1181 576 1218 603 ita
1243 581 1301 604 tum
1322 578 1433 612 quoque
1452 584 1625 604 assueveram
1642 581 1671 603 ut

62 620 145 654 ignavo
157 620 212 646 otio
230 619 298 646 nihil
322 620 390 647 mihi
412 625 485 647 esset
508 620 663 651 molestius,
687 627 770 654 quam
792 619 908 653 privatis
931 620 1001 647 meis
1019 621 1128 652 studiis,
1150 621 1172 648 si
1196 621 1262 656 quid
1288 622 1402 648 daretur
1423 621 1484 652 otii,
1508 620 1628 651 fruendi,
1643 625 1672 647 et

60 665 204 691 diuturnam
228 665 306 697 quasi
331 665 404 691 sitim
430 665 510 691 varia:
529 664 658 691 lectionis
679 663 869 698 rcstingucndi
893 664 1057 698 cupiditate.
1079 674 1088 690 ι
1116 665 1184 692 Cum
1199 672 1263 694 vero
1280 665 1315 692 de
1333 665 1522 699 Fuggerorum
1538 664 1670 692 nobilium

60 708 149 743 insigni
172 708 336 735 liberalitate
355 716 387 736 ac
407 708 597 735 munificentia
617 708 643 735 in
664 707 797 735 eruendis
819 707 853 734 ab
877 707 991 736 interitu
1008 708 1090 736 bonis
1106 708 1185 736 libris
1199 709 1271 736 idem
1288 709 1344 736 fere
1361 709 1493 744 praedicet
1507 708 1672 736 Guillelmus

59 751 192 786 Xj'lander,
208 751 383 786 przemiisque
401 752 508 780 illectos
529 752 564 779 ab
587 752 621 779 iis
645 760 702 779 suae
726 751 816 779 aetatis
837 750 912 778 viros
935 751 1061 778 eruditos
1084 755 1202 779 testetur
1217 752 1263 787 qui
1279 752 1388 780 Graecos
1403 752 1551 786 scriptores
1575 751 1670 778 Latina

57 800 113 828 toga
126 795 256 822 donarent
274 796 391 822 necdum
407 795 511 828 editos,
527 795 569 822 vel
587 795 650 822 inde
665 799 740 830 patet
755 799 873 830 quantas
890 794 989 822 debeat
1003 796 1106 830 gratias
1130 804 1174 823 res
1195 797 1329 823 litteraria
1342 797 1409 823 viris
1422 795 1603 830 principibus,
1623 795 1669 829 qui

57 839 193 873 propositis
209 839 328 866 subinde
340 839 453 866 coronis
471 839 610 874 publicam
626 839 774 866 utilitatem
790 839 843 865 sibi
858 839 1007 873 iuvandam
1029 844 1198 874 propoutmt,
1213 844 1241 866 et
1258 840 1341 867 Musis
1358 848 1412 867 non
1429 847 1538 873 semper
1557 839 1673 872 opulen-

56 884 97 912 t's,
116 882 167 909 imo
188 890 312 917 persaepe
338 883 480 918 inopibus,
507 890 619 909 manum
646 883 718 909 ultro
739 883 893 917 porrigunt.
917 882 1010 917 Neque
1035 883 1109 910 enim
1130 883 1209 911 fateri
1235 884 1398 918 dedignatur
1416 884 1532 918 ipsemet
1544 882 1671 914 Wolfius,

54 926 180 960 quidquid
198 927 334 954 hactenus
350 927 488 958 ediderat,
506 927 532 954 id
552 927 594 953 vel
615 927 724 961 publica
752 926 869 953 utilitate
896 926 938 953 vel
965 927 1138 961 temporibus
1166 927 1224 954 suis
1246 927 1395 954 adductum
1418 927 1526 959 fecisse,
1544 934 1595 953 nec
1616 931 1671 953 tam

54 969 145 996 famatn
162 974 286 1004 captasse
311 978 394 1005 quam
422 970 520 997 famem
542 971 654 998 vitasse.
679 970 732 997 Sed
748 975 775 996 et
791 969 931 1004 Xylauder
946 970 1025 1005 (25):
1049 980 1057 996 t
1076 971 1129 1002 Me,
1150 981 1159 996 ι
1179 971 1280 1006 inquit,
1310 981 1319 996 ι
1343 979 1376 998 tte
1397 971 1462 1006 quid
1487 970 1671 1001 dissimulem,

54 1018 204 1048 paupertas,
221 1018 252 1040 ut
270 1014 315 1040 ille
340 1014 388 1046 ait,
413 1014 522 1049 impulit
545 1014 634 1041 audax
653 1019 683 1041 ut
701 1014 789 1041 libros
812 1013 943 1042 faceretn.
970 1024 978 1040 )
1004 1015 1091 1048 Quem
1116 1015 1227 1049 quidem
1250 1015 1388 1042 dicentem
1413 1015 1551 1042 audivisse
1574 1011 1672 1041 scribit

53 1056 166 1083 Joannes
181 1057 365 1085 Leunclavius
380 1057 449 1093 (26),
471 1057 694 1085 lucubrationetn
715 1058 842 1084 Dioniam
862 1061 890 1084 et
913 1058 982 1085 alias
1003 1067 1058 1085 ιιυιι
1074 1067 1088 1085 a
1105 1059 1179 1086 fama
1203 1059 1250 1086 sed
1269 1059 1342 1086 fame
1359 1059 1411 1086 sibi
1428 1059 1532 1093 pariter
1549 1063 1674 1085 extortos

52 1107 81 1126 ac
99 1100 281 1134 praecipitatas
303 1100 399 1129 fuisse.
425 1101 521 1136 Neque
538 1106 695 1129 nostrorum
722 1101 884 1128 saeculorum
912 1101 1006 1129 istha-e
1029 1107 1071 1129 est
1088 1103 1222 1130 duntaxat
1236 1103 1360 1137 querela,
1382 1111 1444 1130 cum
1469 1103 1670 1138 legamus(‘27).

51 1143 170 1171 Plautum
187 1149 299 1180 propter
315 1153 432 1173 annonae
445 1145 633 1173 diflieultatem
653 1146 686 1172 ad
702 1146 788 1172 molas
803 1146 959 1172 tnanuarias
973 1147 1106 1180 pistOrcm
1126 1155 1154 1175 se
1167 1147 1282 1180 locasse,
1305 1147 1399 1182 ibique
1415 1147 1525 1182 qttoties
1539 1147 1573 1174 ab
1590 1154 1674 1181 opere

49 1194 177 1222 vacasset,
204 1190 328 1218 scribere
353 1190 460 1218 fabulas
479 1191 590 1218 solitum
616 1196 644 1218 et
665 1190 784 1218 vendere
800 1198 807 1216 :
823 1189 962 1224 quomodo
978 1191 1060 1217 etiarn
1077 1191 1227 1219 Pacuvium
1246 1191 1450 1219 Brundusinum
1471 1191 1669 1225 tragoediarum

48 1231 205 1267 scriptorem
223 1234 316 1261 Romae
330 1233 465 1268 picturam
487 1235 647 1262 exercuisse
661 1242 693 1261 ac
709 1234 818 1261 fabulas
833 1232 989 1259 vendidisse
1005 1233 1106 1260 ferunt.
1124 1235 1178 1262 Sed
1192 1239 1219 1262 et
1232 1235 1418 1265 Lactantium,
1441 1236 1533 1262 virum
1549 1235 1673 1261 omnium

48 1284 98 1304 suo
117 1281 239 1312 tempore
255 1278 489 1309 eruditissimum,
508 1278 578 1305 adeo
596 1278 624 1304 in
644 1278 696 1304 hac
718 1278 774 1304 vita
798 1284 947 1311 pauperem
971 1276 1067 1310 fuisse,
1090 1283 1119 1304 ut
1134 1279 1298 1314 plerumqtte
1315 1279 1398 1306 etiam
1419 1279 1585 1306 necessariis
1604 1278 1676 1305 iudi-

47 1321 146 1355 guerit,
164 1321 262 1349 scribit
277 1321 424 1349 Eusebius.
444 1322 566 1349 Infausta
579 1321 692 1348 omnino
705 1321 892 1347 litteratorum
915 1319 1049 1351 conditio,
1076 1322 1123 1355 qui
1141 1329 1174 1348 ne
1190 1330 1289 1356 panem
1303 1323 1490 1350 emendieent.
1509 1322 1595 1349 libros
1609 1329 1675 1349 con-

47 1365 129 1391 ficere
146 1369 295 1399 coguntur.
317 1365 456 1392 Debemus
482 1365 566 1399 igitur
591 1364 745 1391 illustribus
763 1363 907 1397 Fuggeris,
926 1363 1000 1397 quod
1023 1363 1134 1391 illorum
1158 1372 1224 1391 cura
1246 1371 1274 1392 et
1299 1365 1457 1400 sumptibus
1482 1366 1510 1392 in
1534 1365 1674 1400 publicum

45 1407 199 1441 prodierint
210 1408 325 1435 Joannis
341 1408 465 1440 Zonarae,
484 1407 594 1442 Georgii
609 1406 738 1436 Cedreni,
756 1406 858 1433 Nicetae
875 1406 1030 1447 Acomittati
1045 1412 1073 1435 et
1089 1409 1238 1444 Nicephori
1261 1409 1390 1444 Gregorze
1411 1409 1544 1440 historiae.
1560 1413 1588 1436 et
1601 1409 1675 1443 quod

45 1459 138 1478 rerum
155 1452 369 1487 Byzantinarum
382 1452 458 1479 ltisce
471 1451 645 1479 editionibus
659 1456 769 1486 gustum
791 1450 871 1484 primi
887 1450 1092 1484 quodammodo
1109 1451 1270 1487 inspirarint
1282 1452 1439 1480 litterarum
1458 1451 1603 1479 studiosis.
1621 1451 1676 1478 Sed

45 1504 98 1521 non
113 1495 204 1522 minus
221 1495 354 1522 obstricta
377 1495 431 1522 erit
456 1495 564 1522 erudita
588 1494 736 1528 posteritas
753 1501 849 1528 regum
874 1499 1032 1522 nostrorum
1049 1496 1258 1529 munificentiae,
1278 1497 1326 1531 qui
1352 1504 1408 1523 non
1433 1496 1568 1523 hactenus
1594 1495 1683 1522 modo.

44 1539 198 1573 publicatos
214 1539 414 1574 imperatorum
433 1538 644 1573 Cpolitanorum
671 1538 799 1565 historiae
822 1538 986 1572 scriptores,
1012 1539 1059 1565 sed
1074 1543 1102 1566 et
1126 1547 1213 1567 novos
1228 1546 1259 1566 ac
1276 1547 1291 1566 e
1309 1539 1509 1574 manuscriptis
1534 1536 1678 1565 codicibus

42 1591 75 1609 ex
98 1582 173 1617 regia
187 1590 219 1609 ac
231 1583 363 1617 locupleti
381 1589 496 1618 prorsus
509 1582 678 1610 bibliotheca
691 1582 873 1616 depromptos
888 1582 1034 1617 magniﬁco
1048 1582 1118 1609 adeo
1141 1588 1225 1618 atque
1247 1583 1391 1618 splendido
1404 1586 1541 1617 apparatu
1553 1581 1597 1608 edi
1610 1589 1679 1616 quo-

42 1627 109 1653 tidie
125 1627 230 1663 Volunt,
242 1626 310 1653 viris
324 1626 414 1654 doctis
427 1630 457 1652 ut
471 1626 500 1653 in
516 1626 588 1653 idem
604 1625 751 1653 consilium
765 1633 819 1653 una
835 1626 1004 1661 conspirent,
1014 1635 1119 1662 suaque
1128 1627 1272 1655 conferant
1288 1627 1390 1659 studia,
1402 1626 1488 1661 Regia
1501 1626 1686 1661 praemiorum-

41 1670 170 1698 mercede
187 1671 308 1698 invitatis
323 1679 355 1699 ac
367 1671 482 1698 illectis.

77 1715 227 1742 Enimvero
245 1719 274 1742 ut
290 1715 405 1742 Wolfius
420 1715 448 1742 in
466 1715 608 1742 vertendis
624 1715 738 1742 Zonarae
752 1715 904 1743 Annalibus
917 1719 1042 1743 versatus
1057 1715 1153 1749 fuerit,
1168 1723 1285 1750 quaeque
1299 1715 1456 1742 observarit
1478 1720 1581 1749 quotve
1602 1714 1678 1741 codi-

40 1759 123 1786 cibus
139 1759 254 1794 scriptis
268 1760 294 1786 in
313 1760 410 1787 iisdem
426 1760 542 1787 edendis
554 1767 622 1787 usus
637 1760 733 1791 fuerit,
750 1760 877 1795 pluribus
896 1761 922 1787 in
939 1760 1070 1795 praedicta
1096 1761 1129 1787 ad
1143 1760 1256 1788 eosdem
1274 1760 1394 1787 Annales
1410 1758 1574 1786 Przefatione
1592 1766 1679 1793 expo-

39 1804 101 1835 nit;
118 1810 147 1830 et
174 1809 204 1830 ut
219 1805 246 1830 in
265 1811 349 1838 opere
368 1804 464 1831 Latine
486 1803 637 1839 Graeceque
655 1804 840 1831 exscribendo
858 1805 1013 1840 adjutorem
1034 1805 1086 1832 sibi
1112 1804 1242 1832 asciverit
1263 1804 1411 1832 Jeremiam
1435 1803 1582 1834 Martium.
1611 1810 1680 1837 prte-

38 1848 123 1874 elaraa
140 1853 199 1874 tum
219 1847 320 1874 indolis
336 1848 554 1879 adolescentem,
569 1848 707 1875 medicum
726 1847 827 1874 deinde
845 1848 989 1882 physicum
1002 1847 1207 1883 Augustanum.
1223 1848 1310 1882 Quem
1326 1847 1439 1882 quidem
1456 1855 1490 1874 ea
1505 1846 1539 1873 de
1552 1854 1582 1873 re
1595 1845 1678 1872 verba

38 1891 191 1918 facientem
213 1892 435 1926 praestataudire
457 1892 483 1918 in
503 1892 669 1920 Pratfatione
690 1892 723 1919 ad
747 1891 855 1918 Nonum
879 1891 1030 1924 medicum,
1046 1900 1128 1926 quem
1148 1892 1324 1927 Argeutorati
1342 1892 1365 1918 is
1385 1891 1492 1926 primus
1506 1890 1594 1917 edidit
1607 1897 1680 1916 anno

40 1934 114 1961 1568
136 1944 144 1961 :
167 1944 176 1959 ι
195 1934 263 1961 Curti
280 1935 381 1969 itaque,
402 1945 412 1961 ι
426 1936 525 1969 inquit,
550 1945 559 1961 ε
579 1943 632 1962 non
650 1936 727 1970 parvi
752 1936 886 1962 interesse
900 1935 1026 1962 viderem
1050 1940 1079 1962 ut
1104 1936 1167 1970 quis
1189 1936 1394 1970 quamprimum
1415 1934 1529 1970 optimis
1555 1938 1687 1961 uteretur

38 1978 280 2013 pra-ceptoribus,
297 1986 348 2005 nec
368 1979 404 2006 ob
428 1979 468 2005 rei
491 1979 637 2006 familiaris
659 1980 815 2014 angustiam
832 1978 885 2004 alio
901 1977 1028 2004 conferre
1047 1985 1101 2009 me,
1118 1978 1192 2011 quod
1207 1978 1289 2005 unice
1301 1978 1442 2012 optabam,
1455 1983 1577 2011 possem,
1602 1983 1678 2002 com.

37 2022 125 2049 mode
142 2029 211 2049 sane
228 2021 330 2049 cecidit
347 2026 376 2049 ut
396 2031 430 2050 eo
453 2022 514 2057 ipso
538 2026 663 2056 tempore
683 2022 760 2056 Cpoli
780 2022 930 2056 Augustam
948 2020 1116 2047 afl‘errentttr
1137 2020 1258 2047 Annales
1273 2021 1389 2047 Joannis
1407 2020 1522 2047 Zonaras
1534 2023 1562 2045 et
1579 2017 1681 2045 Nicelae

35 2066 189 2093 Choniata!
206 2066 334 2097 historia,
361 2065 520 2099 sumptibus
548 2065 685 2099 magnifici
711 2070 740 2092 et
761 2065 888 2099 generosi
904 2065 956 2091 viri
981 2069 1009 2091 ct
1031 2064 1219 2092 studiosorum
1241 2064 1366 2092 omnium
1391 2063 1547 2091 Mmccnatis
1567 2061 1680 2088 Antonii

37 2109 175 2145 Fuggeri.
201 2109 277 2142 Quos
297 2117 359 2136 cum
384 2108 619 2144 prudentissitnus
639 2109 691 2139 vir,
706 2108 744 2135 -in
764 2107 899 2143 judicium
918 2107 1052 2134 adhibitis
1071 2107 1242 2134 doctissimis
1260 2107 1436 2139 hominibus,
1455 2105 1593 2140 praecipue
1614 2110 1681 2130 vero

35 2153 189 2180 Ludovico
201 2153 315 2185 Carino,
335 2153 380 2180 cui
394 2157 422 2179 et
441 2151 584 2179 tribuebat
602 2153 719 2178 tuttltum
736 2156 831 2186 etquo
851 2159 905 2178 uno
920 2151 1045 2178 onmium
1060 2152 1179 2178 maxime
1192 2151 1395 2183 delectabatur,
1416 2151 1516 2186 dignos
1540 2148 1682 2176 existinm—

35 2203 82 2224 ret
104 2202 137 2225 ut
156 2197 184 2224 in
200 2197 343 2232 publicum
369 2196 488 2229 exirent,
505 2201 562 2223 tum
585 2195 621 2223 ob
649 2204 741 2222 rermn
758 2204 827 2230 quas
849 2196 1004 2232 tractabant
1030 2196 1254 2231 amplitudinem,
1279 2201 1336 2223 tum
1365 2195 1400 2223 ob
1427 2194 1551 2223 historia:
1579 2193 1679 2220 seriem

34 2241 236 2277 longissimam
251 2249 266 2269 a
286 2241 402 2269 condito
417 2240 520 2268 mundo
541 2247 628 2274 usque
644 2239 762 2274 eleganti
778 2239 876 2267 ordine
891 2239 1049 2272 deductam,
1066 2239 1186 2267 sollicite
1204 2241 1247 2274 (ut
1265 2240 1317 2267 fuit
1331 2237 1514 2275 propagandae
1533 2237 1681 2272 posterita-

35 2285 76 2312 tis
98 2284 338 2319 studiosissimus)
359 2285 393 2312 de
419 2284 603 2312 conversione
629 2283 761 2318 cogitare,
778 2287 806 2309 et
825 2291 906 2317 quem
920 2284 944 2310 ei
963 2283 1071 2311 muneri
1085 2283 1227 2318 przefieere
1250 2288 1353 2319 posset,
1367 2283 1448 2311 anxie
1463 2281 1620 2309 deliberare
1635 2288 1681 2307 se-

33 2337 104 2355 cum
121 2329 223 2364 caepit,
240 2335 268 2357 et
286 2329 446 2357 tandem-de
459 2328 555 2355 multis
568 2334 654 2354 unum
672 2335 792 2361 eumque
809 2326 885 2353 omni
901 2327 1010 2354 liberali
1026 2327 1152 2354 doctrina
1171 2327 1369 2362 politissimum
1385 2327 1488 2359 virum,
1503 2330 1532 2353 et
1547 2325 1573 2352 in
1588 2325 1682 2359 lingua

35 2378 168 2407 utraque
185 2373 355 2408 singularem
380 2380 478 2408 prope,
509 2372 708 2406 Hieronymum
726 2370 867 2402 Wolfium,
887 2371 988 2399 schola:
1011 2375 1040 2399 et
1063 2371 1141 2399 urbis
1158 2378 1256 2399 vestrae
1273 2375 1479 2402 ornamentum,
1502 2377 1556 2399 non
1583 2369 1681 2401 exigua

34 2416 157 2450 prremii
182 2424 229 2451 spe
244 2417 387 2452 proposita
404 2417 498 2451 elegit.
518 2416 604 2448 Quem
621 2415 742 2441 laborem
760 2414 812 2441 hoc
829 2415 961 2443 libentius
973 2416 1105 2450 suscepit,
1123 2424 1178 2450 quo
1191 2415 1320 2448 juvanda:
1341 2414 1512 2450 posteritatis
1531 2412 1682 2440 studiosior

33 2466 66 2486 ct
87 2460 264 2495 Fuggcrauae
290 2461 400 2488 familia:
419 2461 509 2487 laudis
532 2458 716 2494 propaganda:
731 2457 838 2484 avidior
859 2458 921 2486 fuit.
940 2459 996 2486 Sed
1016 2468 1079 2487 eum
1093 2460 1129 2487 ob
1147 2459 1276 2487 afﬂictam
1302 2459 1506 2489 valetudinem,
1523 2465 1538 2484 a
1554 2464 1608 2491 qtta
1625 2455 1693 2482 t'ere-

32 2512 195 2538 nunquam
212 2505 248 2531 ob
264 2504 406 2531 assiduum
420 2505 447 2530 in
463 2503 563 2530 litteris
577 2503 712 2533 studium,
728 2506 758 2528 ut
774 2510 825 2536 ego
837 2502 949 2537 quidem
964 2504 1102 2536 existimo,
1122 2505 1192 2531 liher
1208 2509 1263 2534 est.
1280 2504 1357 2531 solus
1371 2508 1399 2530 et
1415 2501 1538 2530 versioni
1560 2506 1589 2528 et
1611 2499 1664 2526 seri
1675 2514 1681 2518 —

32 2548 135 2584 ptioni
154 2557 254 2576 vacare
269 2556 322 2575 non
339 2553 441 2582 posset,
458 2555 501 2574 me
515 2547 579 2578 sibi,
594 2547 743 2574 accedente
755 2548 921 2576 auctoritate
935 2553 963 2576 et
983 2549 1101 2577 consilio
1120 2549 1235 2576 Joannis
1256 2548 1385 2583 Baptistae
1409 2546 1565 2578 Heintzelii,
1589 2544 1641 2572 viri
1656 2548 1689 2571 eL

32 2602 143 2621 rerum
172 2594 381 2621 tractandorum
407 2601 457 2619 usu
473 2592 567 2619 eximii
584 2595 611 2618 et
631 2591 683 2618 mei
704 2590 897 2622 amantissimi,
918 2599 933 2618 a
956 2592 1036 2625 cujus
1049 2592 1246 2626 praedicatione
1270 2591 1374 2618 invitus
1397 2589 1558 2625 digredior,
1576 2587 1683 2615 socium

31 2638 182 2664 laborum
200 2637 334 2669 adiunxit,
350 2644 467 2671 meaque
480 2643 564 2671 opera
578 2635 606 2662 in
619 2634 802 2662 exscribenth
817 2633 923 2661 Zonara
940 2640 967 2662 et
990 2635 1125 2663 Choniate
1149 2635 1244 2663 Gracce
1269 2639 1297 2662 et
1320 2634 1419 2662 Latine
1448 2633 1520 2660 ultra
1544 2632 1685 2666 integrum

32 2689 154 2709 annum
177 2689 244 2709 usus
258 2686 313 2713 est,
328 2688 445 2715 eamque
459 2688 514 2707 non
531 2687 646 2714 prorsus
663 2678 842 2713 improbavit.
855 2677 906 2711 Qui
925 2679 967 2706 vel
984 2680 1019 2707 ob
1035 2680 1088 2708 hoc
1106 2680 1199 2707 minus
1218 2679 1310 2715 gravis
1326 2678 1393 2706 mihi
1413 2685 1475 2706 esse
1490 2676 1597 2707 debuit,
1609 2674 1685 2710 quod

30 2730 66 2752 el
85 2726 212 2753 triennii
236 2731 365 2760 sumptus
387 2725 525 2752 Antonius
542 2723 693 2759 Fuggerus,
714 2730 748 2750 eo
766 2727 875 2756 exacto,
893 2723 1034 2758 pollicitus
1055 2728 1109 2755 est,
1125 2728 1153 2750 et
1169 2723 1365 2750 liberalissime
1388 2722 1471 2749 etiam
1493 2719 1631 2756 prtestitit,
1655 2721 1685 2744 et

29 2777 92 2804 ego
110 2774 225 2797 tantum
240 2770 368 2798 utilitatis
390 2778 423 2797 ex
445 2770 572 2798 doctrina
595 2772 622 2796 et
643 2767 796 2796 domestica
817 2766 1018 2795 consuetudine
1033 2766 1124 2793 Wollii
1146 2765 1219 2800 cepi,
1236 2770 1266 2792 ut
1280 2765 1341 2800 ejus
1356 2764 1461 2792 laboris
1477 2769 1619 2798 nunquam
1640 2766 1684 2786 me

31 2815 192 2848 paenitere
208 2814 320 2842 debeat.
342 2824 351 2840 ι
370 2814 509 2842 Hactenus
523 2815 581 2842 ille.

72 2894 141 2929 (‘25)
163 2894 194 2920 In
211 2895 286 2929 praef.
302 2893 334 2920 ad
356 2893 438 2920 Cedr.
934 2890 989 2926 (27)
1008 2889 1108 2917 Euseb.
1125 2889 1152 2917 itt
1164 2889 1229 2916 Chr.
1249 2888 1296 2916 lib.
1309 2896 1329 2916 ι.

74 2930 142 2964 (20’)
162 2929 193 2956 Ιιι
208 2930 282 2964 praef.
297 2929 328 2956 ad
343 2929 467 2956 Dionem.
