2004 3157
139 219 177 251 25
850 220 1063 252 PRXEFATIO.
1734 223 1771 254 εδ

140 276 245 304 codicis
261 277 420 311 posterioris
435 277 550 303 Caesarei
569 277 626 304 haec
652 277 813 304 scribuntur
828 285 836 303 :
860 275 929 302 Τοῦτ

978 275 1075 302 Βιϐλίον
1089 277 1206 313 ὑπάρχει
1220 279 1328 314 Μιχαὴλ
1339 279 1387 306 τοῦ
1404 279 1506 308 Fluxa.
1527 280 1687 308 Promiscue
1702 289 1769 308 vero

141 321 224 347 basee
237 321 367 354 epistolas
384 321 435 348 sub
454 322 565 348 nomine
581 322 694 349 Zonaras
715 322 772 348 sive
793 321 884 356 Glycze
901 328 1010 354 seraper
1027 320 1122 347 laudat
1139 321 1267 353 Allatius,
1297 322 1346 349 lib.
1376 330 1393 350 ll
1421 323 1458 350 De
1480 333 1607 351 consensu
1630 325 1770 359 utriusque

144 364 277 397 Ecclesia,
296 373 355 400 cap.
375 365 417 398 18,
435 374 463 392 n.
479 366 529 399 l7;
544 365 590 392 lib.
610 373 650 396 ιιι,
664 372 724 400 cap.
740 365 783 396 15,
798 373 825 391 n.
843 364 869 395 8,
884 371 933 398 cap

977 363 1005 395 6,
1019 372 1036 390 n
1060 364 1105 396 24;
1125 372 1186 400 cap.
1203 366 1247 396 l8,
1262 374 1290 393 ιι.
1307 366 1334 397 8,
1353 371 1381 394 et
1391 373 1487 395 contra
1500 367 1681 403 Creygtonem
1702 369 1766 402 (59).

142 408 171 434 In
193 409 292 442 quibus
314 409 425 443 quidem
446 410 514 436 locis
532 409 664 445 quasdam
685 418 716 436 ex
738 409 773 435 iis
803 409 923 442 integras
939 407 1094 442 exscripsit,
1117 409 1154 435 ita
1181 413 1221 439 ut,
1241 417 1303 436 cum
1327 411 1475 442 scribebat,
1497 412 1577 446 cujus
1599 416 1693 438 essent
1713 420 1769 438 non

141 452 254 478 omnino
272 453 322 486 ipsi
343 461 393 488 pro
408 453 563 480 imlubitato
580 453 742 480 haberetur.
756 452 783 479 ΙΙ
799 452 932 479 duntaxat
947 458 1064 486 constat,
1085 454 1181 481 ltarum
1199 459 1339 482 auctorem
1354 457 1454 484 vixisse
1468 457 1520 484 sub
1541 457 1665 484 Manuele
1686 457 1769 485 Com-

141 503 222 524 neno.
241 500 297 522 tum
315 505 346 523 ex
363 497 589 532 Antapologetico
604 498 683 531 cujus
708 497 893 526 meminimus.
916 501 972 523 tum
995 505 1027 524 ex
1044 498 1110 524 viris
1127 498 1267 532 primariis
1290 499 1360 526 aulae
1374 499 1527 535 Cpolitanm
1543 501 1645 536 quibus
1665 501 1770 535 aliquot

141 539 341 570 inscribuntur,
358 545 439 575 atque
456 541 483 567 in
499 542 534 567 iis
552 540 657 568 Joanne
674 541 747 567 Duca
765 548 862 575 magno
875 541 1056 568 ltetazriarclia
1069 546 1096 568 et
1108 542 1227 572 sebasto.
1243 543 1322 578 cujus
1342 551 1398 578 pne
1423 544 1540 578 czeteris,
1558 549 1588 571 ut
1609 545 1679 571 alios
1701 552 1770 578 prte-

140 588 255 615 teream,
273 584 377 611 mentio
390 585 510 611 Occurrit
523 585 593 619 apud
612 585 735 612 Nicetam
752 585 818 619 (40),
833 588 859 611 et
877 585 1000 613 Manuele
1015 585 1158 613 Comneno
1171 587 1399 619 Sebastocratore,
1413 587 1459 622 qui
1477 596 1530 615 non
1545 588 1615 615 alius
1630 593 1673 615 est
1687 588 1721 615 ab
1736 595 1769 615 eo

141 629 219 660 cujus
236 628 340 662 pariter
355 628 480 655 meminit
494 628 644 656 Cinnamus
659 629 725 663 (41).

175 670 290 703 Quando
307 680 371 699 vero
384 672 480 706 Glycas
497 673 606 703 vixerit.
620 680 653 699 ex
670 673 744 700 illius
755 673 875 700 llistoria
894 681 948 700 non
965 679 1121 709 promptum
1140 680 1182 702 est
1196 675 1304 710 assequi
1328 685 1334 702 :
1352 676 1461 703 tametsi
1485 676 1592 704 Zonara
1627 675 1768 711 posterio—

142 721 199 740 rem
217 715 310 746 fuisse,
324 716 367 743 vel
381 721 457 743 certo
477 722 538 751 post
549 717 684 744 Zonaram
700 717 856 751 scripsisse,
866 725 900 744 ex
911 725 944 744 eo
955 718 1109 752 colligimus
1119 719 1190 753 quod
1204 719 1278 746 illius
1293 719 1413 746 Annales
1429 727 1483 746 non
1496 719 1581 746 semel
1594 719 1689 746 laudet
1700 720 1768 752 (42).

141 758 219 785 Unde
235 759 281 785 illo
294 760 381 786 multo
395 768 456 787 esse
474 761 656 795 posteriorem
671 769 724 788 non
739 761 840 788 desunt
855 762 901 796 qui
914 762 1076 795 conjiciunt.
1087 763 1181 797 Neque
1198 763 1312 797 perinde
1328 771 1360 790 cx
1387 763 1551 793 Annalibus.
1577 764 1620 790 vel
1645 771 1680 791 ex
1706 764 1770 791 aliis

141 802 275 830 hactenus
287 804 369 831 editis
384 806 527 839 operibus,
541 805 654 833 Joannis
667 806 781 833 Zonaras
790 810 897 833 aetatem
908 807 987 841 plane
1007 806 1257 841 deprehendimus,
1271 807 1322 834 nisi
1338 808 1410 841 quod
1425 812 1487 842 post
1519 807 1666 842 imperium
1687 808 1771 836 Joan.

140 847 185 874 nis
197 846 333 874 Comneni
343 849 427 876 vitam
443 849 608 883 produxisse
622 850 740 883 ipsemet
755 849 883 876 videatur
895 850 1028 880 indicare.
1043 856 1125 886 atque
1138 851 1207 878 adeo
1217 851 1318 879 vixisse
1334 851 1459 879 Manuele
1471 852 1636 886 imperante,
1659 859 1674 878 a
1699 859 1766 886 quo,

141 896 170 918 ut
184 893 292 927 opinor,
310 894 368 928 ipse
381 899 408 921 et
424 894 586 921 Theodorus
601 895 755 927 Balsamon,
772 898 828 921 tum
845 895 947 930 Magum
961 895 1092 922 Ecclesia:
1109 895 1262 930 Cpolitanze
1293 896 1477 931 nomopliylax
1499 900 1526 923 et
1557 896 1768 931 chartophylax,

141 935 242 963 deinde
255 937 446 965 Antiochenus
460 939 629 973 patriarcha,
647 943 712 966 sunt
721 939 818 966 delecti
833 943 863 965 ut
873 946 967 966 sacros
984 947 1104 967 canones
1118 940 1288 975 inspicerent
1300 945 1328 967 et
1340 948 1400 975 quae
1412 940 1440 967 in
1453 941 1485 967 iis
1498 941 1660 967 obscuriora
1671 948 1771 967 occur-

143 985 237 1006 rerent
257 980 518 1016 interpretarentur,
534 983 576 1010 vel
594 991 654 1017 qua:
668 984 844 1017 aliquatenus
865 983 973 1018 legibus
997 983 1137 1011 adversari
1165 983 1325 1010 viderentur
1354 984 1550 1016 observarent;
1576 984 1649 1018 quod
1677 984 1711 1010 de
1741 992 1770 1011 se

143 1027 259 1050 testatur
275 1024 419 1052 Balsamon
437 1026 463 1052 in
477 1026 638 1053 Praafatione
654 1026 687 1053 ad
701 1026 902 1061 expositionem
914 1027 1127 1054 Nomocanouis.
1142 1027 1221 1061 Quod
1253 1027 1366 1062 quidem
1393 1027 1426 1054 ad
1449 1027 1539 1062 ipsum
1568 1028 1701 1054 Zonaram
1728 1036 1772 1054 re~

140 1067 208 1094 ferri
225 1073 324 1102 polcSl,
339 1070 386 1103 qui
406 1078 471 1096 suos
487 1070 513 1096 in
535 1078 655 1097 canones
667 1070 888 1098 Commentarios
907 1079 961 1098 non
979 1076 1076 1106 suapte
1091 1071 1138 1098 sed
1155 1071 1270 1098 alterius
1283 1071 1360 1106 jussu
1377 1079 1406 1098 se
1431 1064 1631 1106 conscripsisse
1667 1072 1769 1106 prodit,

140 1113 180 1139 nti
196 1120 277 1147 supra
289 1113 510 1147 observavimus,
527 1115 563 1142 ita
578 1120 668 1142 tamen
683 1120 712 1142 ut
730 1115 852 1143 Zonaras
865 1125 931 1144 suos
945 1116 1069 1143 emiserit
1088 1121 1152 1143 alite
1168 1116 1371 1146 Balsamonem,
1386 1123 1400 1142 a
1415 1123 1535 1150 quonon
1548 1115 1633 1143 semel
1650 1120 1678 1142 et
1705 1123 1767 1142 cum

140 1157 231 1191 elogio
246 1157 269 1184 is
287 1157 425 1185 laudatur.
437 1159 475 1185 Ex
491 1159 595 1194 quibus
612 1160 710 1187 saltem
725 1160 790 1188 licet
799 1161 939 1196 colligere,
952 1159 1004 1187 sub
1034 1159 1158 1186 Manuele
1186 1159 1286 1186 vixisse
1309 1159 1445 1186 Zonaram
1471 1164 1554 1193 atque
1579 1159 1647 1186 adeo
1679 1159 1768 1192 ipsum

139 1200 263 1235 Glyeam,
280 1202 301 1228 si
317 1202 427 1236 quidem
441 1203 515 1229 illius
541 1203 744 1238 suntcpistolae
767 1204 801 1231 de
828 1204 930 1238 quibus
954 1204 1080 1238 agimus:
1115 1202 1187 1236 quod
1222 1207 1297 1229 certe
1320 1202 1437 1229 suadere
1468 1202 1578 1229 videtur
1611 1203 1771 1237 siriptionis

140 1252 193 1278 qua
211 1244 237 1271 in
254 1245 408 1273 Annalibus
425 1247 514 1273 utitur
528 1247 608 1278 ratio.
623 1247 669 1274 ubi
686 1256 771 1275 sacrm
786 1248 936 1282 Scriptura!
950 1247 1042 1279 potius
1055 1253 1137 1280 quam
1168 1246 1338 1273 illustrandze
1368 1245 1492 1273 historia:
1523 1251 1597 1273 totus
1620 1246 1768 1273 incumbit.

140 1287 212 1321 Quin
226 1289 308 1316 etiam
325 1290 352 1317 in
371 1291 404 1317 iis
417 1295 592 1318 astronomos
605 1290 694 1325 carpit
707 1295 734 1317 et
751 1291 812 1317 illos
828 1292 874 1325 qui
891 1296 1026 1317 astrorum
1037 1289 1231 1317 aﬂ'eetiouibus
1247 1289 1382 1324 quidquid
1402 1289 1430 1316 in
1466 1296 1539 1317 terra
1565 1291 1656 1322 agitur
1680 1291 1769 1316 ascri-

139 1332 220 1366 bunt,
237 1333 306 1360 adeo
325 1335 430 1365 ιιιτοὺς
447 1334 496 1369 μὲεὲ
510 1335 637 1369 πόρνους,
656 1335 720 1365 τοὺς
742 1334 770 1360 δὲ
789 1335 899 1369 μοιχηίις
910 1343 930 1360 κη

978 1334 1069 1364 Meo;
1090 1333 1170 1359 πάλιν
1192 1335 1290 1366 φονέας
1316 1335 1364 1360 καὶ
1391 1335 1520 1368 ἅρπαγας
1546 1334 1665 1361 eﬂiciant
1695 1334 1769 1368 (45);

140 1377 213 1411 quod
234 1383 262 1404 et
273 1378 363 1412 ipsum
383 1377 480 1405 iisdem
497 1377 584 1404 ferme
600 1377 693 1404 verbis
709 1377 828 1404 habetur
845 1378 872 1404 in
886 1377 1112 1412 Antapologetico
1128 1377 1208 1412 cujus
1224 1385 1307 1410 supra
1321 1377 1500 1404 meminimus
1520 1387 1525 1403 :
1546 1378 1611 1404 licet
1635 1378 1767 1411 fateatur,

141 1425 210 1448 utet
227 1426 324 1448 auctor
335 1421 568 1456 Antapologetiei,
584 1421 669 1448 multa
688 1429 721 1448 ex
735 1421 858 1449 siderum
874 1421 1070 1449 affectionibus
1086 1421 1209 1455 etsignis
1231 1420 1392 1448 erelestibns
1419 1420 1448 1447 id
1472 1421 1546 1456 quod
1576 1421 1700 1447 futurum
1731 1421 1768 1448 sit

139 1472 192 1492 nos
205 1473 286 1499 posse
301 1466 468 1499 conjectare.
485 1465 522 1492 Ex
533 1465 635 1500 quibus
647 1473 701 1492 non
714 1465 829 1493 omnino
843 1470 933 1493 tamen
947 1465 1094 1506 coniicitur
1109 1465 1269 1492 Michaelem
1296 1464 1406 1500 Glycam
1421 1472 1482 1492 csse
1502 1469 1643 1492 auctorem
1669 1465 1772 1500 episto-

139 1509 228 1536 larum
240 1509 274 1536 de
291 1509 392 1544 quibus
407 1510 522 1544 agimus,
537 1517 599 1536 eutn
615 1509 732 1537 trivialis
745 1513 773 1536 et
795 1509 943 1544 quibusvis
961 1510 1040 1536 obvia
1057 1509 1093 1536 sit
1104 1510 1238 1544 ejusmodi
1255 1509 1328 1536 circa
1345 1515 1485 1536 astrorum
1517 1509 1638 1536 inﬂuxus
1660 1514 1772 1536 senten-

141 1553 189 1586 tia,
205 1558 288 1587 atque
300 1553 368 1580 adeo
382 1553 468 1588 ipsius
483 1552 651 1583 sitZonaraa.
662 1554 708 1588 qui
728 1553 755 1580 in
771 1553 924 1581 Annalibus
938 1553 993 1588 (44)
1024 1553 1109 1581 Deum
1131 1558 1204 1580 astra
1219 1552 1376 1580 condidisse
1389 1553 1485 1580 scribit
1499 1557 1529 1579 ut
1542 1556 1622 1579 terrm
1648 1553 1772 1579 ambitus

139 1605 190 1632 per
203 1605 235 1625 ea
252 1597 440 1624 illustraretur
459 1602 487 1624 et
502 1605 633 1624 mensura
651 1598 785 1632 temporis
797 1606 829 1625 ex
846 1605 942 1625 eorum
958 1597 1122 1625 circuitibus
1136 1601 1288 1632 peteretur,
1302 1605 1356 1624 non
1375 1604 1441 1623 vero
1475 1601 1505 1623 ut
1527 1604 1581 1623 una
1605 1604 1668 1624 cum
1695 1601 1770 1623 motu

140 1641 281 1668 stellarum
298 1641 390 1669 omnia
405 1646 497 1668 nostra
515 1641 758 1669 circumferantur.
773 1642 832 1670 Jam
848 1650 914 1669 vero
928 1641 1081 1669 Manuelem
1106 1641 1302 1676 imperatorem
1325 1642 1503 1668 astronomia
1527 1640 1588 1676 plus
1614 1648 1697 1675 quam
1724 1647 1772 1675 par

140 1691 200 1712 erat
212 1693 323 1720 operam
339 1687 518 1720 impendisse,
531 1691 558 1713 et
572 1686 776 1721 astrologorum
795 1693 882 1721 nugas
900 1694 950 1721 pro
962 1687 1083 1714 oraculis
1097 1686 1253 1720 excepisse,
1267 1689 1384 1712 testatur
1403 1693 1457 1711 non
1475 1692 1530 1711 uno
1545 1685 1605 1712 loco
1617 1684 1727 1712 Nicctas
1742 1684 1771 1711 in

140 1730 215 1757 illius
229 1731 289 1757 Vita
306 1730 374 1765 (45),
389 1729 476 1763 Quem
491 1729 602 1764 quidem
617 1730 690 1757 haud
708 1730 808 1756 mirum
821 1731 987 1757 sententiam
1002 1737 1078 1757 suam
1092 1730 1120 1756 in
1142 1730 1258 1764 epistola
1272 1729 1305 1756 ad
1320 1729 1487 1756 monachum
1502 1728 1627 1755 ﬁrmasse
1655 1733 1697 1755 tot
1724 1736 1771 1755 sa-

140 1781 193 1801 cra:
204 1773 352 1808 Scriptum:
369 1778 397 1800 et
410 1774 522 1800 Patrum
535 1773 759 1804 auctoritatibus.
777 1781 840 1800 cum
856 1782 870 1800 ιι
885 1773 1021 1801 Cinname
1033 1774 1089 1808 (46)
1110 1773 1211 1800 divinis
1221 1772 1338 1808 perinde
1366 1781 1398 1800 ac
1422 1772 1637 1800 humanioribus
1665 1772 1770 1800 litteris

141 1818 289 1845 admodum
309 1819 470 1849 instructus,
483 1822 511 1844 ct
529 1818 602 1845 bello
616 1818 708 1845 clarus
725 1818 847 1849 habitus,
864 1818 978 1845 Martem
994 1823 1021 1845 et
1031 1817 1198 1845 Mercurium
1217 1824 1270 1844 una
1282 1822 1310 1843 et
1327 1816 1409 1859 simul
1426 1816 1547 1844 coluisse
1576 1815 1685 1844 dicatur
1700 1823 1707 1841 :
1735 1815 1773 1842 ita

143 1867 174 1889 ut
188 1862 306 1890 Manueli
321 1862 408 1897 aptari
427 1861 548 1897 potuerit
563 1862 635 1896 quod
650 1862 816 1897 Calpurnius
833 1862 888 1898 (47)
903 1863 937 1889 de
953 1862 1056 1890 Carino
1071 1863 1238 1897 imperatore
1255 1860 1361 1888 cecinit
1374 1869 1382 1888 :

575 1928 710 1963 Utcunque
725 1933 814 1956 tamen
828 1929 1009 1963 conspeximus
1026 1929 1111 1961 ipsum

574 1962 698 1997 Longius,
717 1972 758 1995 ac,
776 1965 826 1990 nisi
839 1972 879 1990 me
892 1962 992 1997 decepit
1003 1965 1080 1996 uisus.
1090 1965 1117 1991 in
1133 1972 1184 1991 uno

575 1998 609 2025 Et
623 1998 719 2025 Martis
735 1998 823 2026 vultus
838 2002 862 2024 et
874 1997 1005 2032 Apollinis
1016 2006 1071 2025 esse
1085 1999 1186 2033 putavi.

177 2086 232 2122 (39,
245 2087 276 2115 ι›.
289 2086 427 2122 541,544.
490 2121 497 2122 ί
603 2121 606 2122 γ
1023 2085 1078 2119 (ιι)
1093 2084 1159 2122 tu).
1175 2087 1196 2119 ι,
1205 2085 1275 2122 ιι.Ηέ

177 2118 232 2157 (ιο)
250 2123 278 2150 ln
287 2118 383 2149 Alexio
401 2121 475 2157 Man.
487 2121 505 2149 t'.
518 2129 546 2149 n.
564 2121 623 2149 7-9.

1019 2118 1075 2155 (45)
1093 2121 1152 2149 Lib.
1166 2118 1197 2155 n,
1214 2130 1242 2150 η.
1259 2121 1289 2155 7;
1305 2121 1354 2149 lib.
1367 2129 1395 2155 ν,
1411 2129 1441 2149 ιι.
1454 2120 1530 2154 2,8;
1545 2118 1595 2147 lib.
1611 2127 1660 2151 vn,
1691 2127 1720 2147 ιι.
1740 2121 1767 2148 7.

175 2156 232 2228 (41)
247 2158 308 2184 Lib.
323 2165 350 2189 ν,
362 2156 510 2187 ιι.14,15.

189 2192 232 2227 42)
247 2193 344 2227 Glyeas
361 2200 389 2227 p.
403 2191 465 2228 440.
482 2192 546 2226 286,
557 2191 621 2226 294,
635 2191 699 2221 297.

492 2157 510 2184 ἰ.
1018 2157 1074 2192 (46)
1088 2157 1149 2184 Lib.
1163 2166 1199 2189 v1,
1216 2166 1245 2186 ιι.
1255 2157 1283 2185 2.

492 2192 546 2226 £86,
557 2191 621 2226 294,
635 2191 699 2221 297.
1018 2193 1075 2228 (47)
1095 2193 1154 2220 Ecl.
1172 2193 1224 2221 ult.

189 2192 232 2227 ιι)
247 2193 344 2227 Glycas
361 2200 389 2227 p.
403 2191 465 2228 ito,
482 2192 546 2226 286,
557 2191 621 2226 294,
635 2191 699 2221 297.

432 2191 465 2228 ιο,
482 2192 546 2226 286,
557 2191 621 2226 294,
635 2191 699 2221 297.
1018 2193 1075 2228 (ιτ)
1095 2193 1154 2220 Ecl.
1172 2193 1223 2221 ult.

176 2226 232 2264 (45)
247 2226 345 2264 Glyeas
361 2226 388 2263 ᾗ).
403 2226 449 2256 26.

811 2418 1097 2466 LECTORI.

142 2518 261 2543 Monitum
273 2516 429 2547 subsequens
441 2515 637 2547 praemittebatur
648 2515 719 2540 Notis
730 2514 855 2540 historicis
862 2514 902 2540 Du
912 2514 996 2546 Caugii
1005 2521 1068 2546 quas
1078 2521 1108 2539 ex
1125 2513 1223 2541 calcet.
1236 2514 1259 2540 II
1269 2517 1397 2542 revocatas
1412 2516 1494 2541 textui
1509 2515 1672 2545 subiecimus.
1693 2515 1765 2542 Enrr.

178 2669 315 2704 Ejusmodi
340 2673 401 2695 sunt
420 2669 465 2699 qui
487 2669 636 2704 generalem
658 2668 805 2703 prwsertim
827 2672 946 2702 spectant
970 2669 1119 2701 historiam,
1145 2668 1367 2703 quemadmodum
1392 2671 1456 2694 sunt
1476 2667 1590 2696 Zonara:
1609 2677 1674 2703 quos
1694 2670 1774 2699 modo

141 2716 298 2746 recudimus,
313 2715 440 2747 Annales,
462 2720 490 2741 ut
505 2714 644 2749 fusior-ibus
665 2713 799 2741 illustrari
815 2714 1009 2741 commentariis
1026 2714 1133 2740 minime
1149 2712 1259 2739 debeant
1277 2720 1286 2739 :
1306 2720 1364 2738 cum
1378 2714 1423 2748 qui
1435 2714 1463 2740 id
1475 2713 1625 2748 faciendum
1645 2714 1694 2740 sibi
1709 2722 1773 2749 pro-

141 2765 259 2796 poneret,
285 2759 421 2787 inutilibus
442 2760 526 2794 politis
542 2767 573 2785 ac
591 2759 794 2793 supervacaneis
818 2758 950 2784 Lectorcm
966 2758 1092 2793 fatigaret
1114 2755 1348 2788 observationibus,
1368 2765 1448 2791 quam
1473 2757 1563 2784 labore
1578 2758 1668 2790 quovis
1682 2758 1772 2784 suble-

141 2810 222 2832 varet.
239 2804 278 2831 Ea
294 2805 388 2838 quippe
409 2808 446 2830 est
466 2803 614 2837 scriptionis
632 2802 706 2828 istius
729 2803 807 2834 ratio,
828 2807 856 2828 ut
871 2811 928 2837 qua;
948 2810 978 2829 ex
992 2801 1143 2828 auctoribus
1157 2801 1346 2834 decerpantur,
1367 2802 1535 2836 atlingantur
1561 2801 1703 2832 duntaazat,
1725 2809 1772 2828 nec

141 2848 254 2884 pleniori
271 2849 391 2875 oratione
417 2847 626 2873 conscribuntur.
653 2845 783 2873 Continuo
799 2851 932 2881 gestorum
948 2847 1037 2878 series,
1059 2850 1084 2871 et
1100 2844 1243 2871 secundant
1263 2844 1386 2871 certiores
1403 2849 1549 2879 teniporum
1565 2848 1641 2870 notas
1656 2844 1769 2879 digesta,

141 2894 166 2919 in
180 2893 232 2919 illis
248 2892 395 2918 attenditur
415 2891 590 2926 potissimum,
613 2889 678 2916 adeo
700 2894 729 2916 ut
752 2890 823 2924 ipsas
846 2891 982 2917 consulere
1006 2890 1119 2924 origines
1144 2896 1245 2915 necesse
1268 2888 1374 2919 habent,
1398 2889 1444 2923 qui
1457 2888 1614 2923 prolixiores
1630 2889 1767 2922 expetierit

141 2935 326 2967 narrationes;
347 2943 403 2962 rum
423 2942 512 2961 I'Oi'ttm
531 2934 575 2968 qui
588 2933 703 2960 condunt
715 2934 825 2961 annales
837 2935 998 2971 pra'cipuum
1013 2935 1047 2960 sit
1061 2932 1209 2967 consilium,
1231 2936 1257 2959 ut
1275 2931 1419 2959 zmiversall
1432 2933 1548 2965 quadam
1569 2939 1657 2959 rerum
1673 2933 1767 2960 coani~
