2004 3157
831 169 889 178 ..μιν
909 166 921 171 ι·

164 225 202 257 29
214 217 218 220 ’
876 226 1084 257 Puerum.
1754 223 1790 256 30

166 284 246 312 nium
266 285 459 311 historicorum
475 283 615 313 evolvere,
632 288 661 310 et
675 285 826 320 prrecipuas
838 292 882 312 res
896 294 1068 313 summorum
1083 285 1262 318 imperiorum
1280 293 1294 311 a
1307 283 1402 311 mundi
1414 282 1540 315 exordio,
1566 287 1700 318 quantum
1725 283 1788 318 qui-

167 329 233 356 dem
245 329 404 356 mortalitati
423 333 522 355 nostrze
537 335 699 355 coni-essum
717 333 769 358 est.
787 338 873 364 usque
887 331 918 357 ad
935 331 1005 357 hanc
1020 335 1139 361 aetatem,
1162 330 1289 363 ignorare
1302 329 1502 363 turpissimum.
1519 328 1586 355 Nam
1598 327 1620 355 si
1653 327 1788 355 Cicerone

168 380 285 401 auctore
301 374 372 402 inter
389 373 527 400 hominem
539 376 565 399 et
584 372 701 399 belluam
719 374 771 400 hoc
792 375 910 401 maxime
932 375 1060 406 interest,
1076 375 1149 410 quol
1165 375 1223 402 haec
1239 378 1345 400 tantum
1373 378 1507 408 quantum
1536 380 1617 399 sensu
1651 376 1790 403 movetur,

170 418 205 444 ad
218 418 244 444 id
261 419 348 444 solum
359 417 431 453 quod
449 419 525 445 adest
545 419 674 453 quodque
690 426 811 452 prmsens
829 423 871 446 est
886 427 914 446 se
926 419 1125 451 accommodat,
1141 419 1282 453 paululum
1296 418 1444 444 admodum
1469 417 1591 445 sentiens
1619 416 1790 452 pra‘tcritum

169 466 221 488 aut
236 461 367 492 futurum.
388 462 469 488 homo
485 467 576 488 autem
590 463 720 496 quoniam
744 462 859 489 rationis
889 467 931 489 est
957 463 1106 498 particeps,
1133 461 1328 496 consequentia
1351 462 1450 492 cernit,
1481 461 1615 495 principia
1637 464 1666 488 et
1695 466 1793 486 causas

170 513 265 532 rerum
279 505 363 535 videt.
380 513 530 540 earumque
546 514 707 542 progressus
724 510 752 532 et
764 507 840 540 quasi
854 507 1059 533 antec-ssiones
1078 515 1131 533 non
1151 507 1270 540 ignorat,
1287 505 1485 532 similitudines
1505 508 1658 538 comparat,
1687 507 1717 530 et
1743 511 1789 529 re-

172 549 228 576 bus
244 549 427 584 prmsentibus
443 551 565 584 adiungit
580 556 662 584 atque
679 550 800 577 adnectit
813 551 929 580 futuras.
944 551 1023 578 facile
1037 551 1122 578 totius
1139 551 1199 577 vitae
1212 558 1324 577 cursum
1341 549 1427 576 videt.
1445 549 1476 575 ad
1494 556 1610 582 eamque
1636 546 1790 582 degendam

172 598 311 627 prmparat
327 601 371 619 res
385 594 561 626 necessarias,
577 594 620 620 vix
638 593 759 621 hominis
772 595 881 621 nomine
896 595 995 629 (lignus
1010 599 1051 621 est
1066 595 1112 630 qui
1130 594 1261 622 memoria
1279 598 1305 620 et
1334 593 1498 628 cogitatione
1524 592 1594 618 ultra
1621 599 1698 618 suam
1725 595 1793 618 tnta-

175 641 231 662 Iem
247 644 299 662 non
316 637 500 670 progreditur.
518 639 555 664 Ac
570 638 739 671 prtescientia
761 646 852 664 rerum
870 638 1033 669 futurarum.
1049 640 1070 665 si
1087 647 1139 672 qua
1164 643 1216 670 est,
1243 637 1328 664 divini
1356 637 1446 671 potius
1475 643 1536 663 esse
1562 635 1683 662 numeris
1707 641 1789 669 quam

174 679 289 706 humani
307 680 408 714 ingenii
420 680 542 707 Creditur
558 689 565 707 :
581 681 631 708 etsi
651 690 704 709 non
722 682 821 708 desunt
837 682 883 716 qui
895 682 936 709 vel
955 687 1051 709 natura
1066 682 1170 708 incitati
1188 681 1228 707 vel
1244 686 1303 708 arte
1328 680 1414 714 adiuti
1427 679 1467 706 vel
1496 687 1546 706 usu
1574 686 1668 705 rerum
1698 677 1789 704 edocti

174 731 207 750 ea
225 724 376 758 praedicunt
392 732 451 758 qure
467 725 554 751 multo
571 731 630 759 post
645 726 736 752 futura
752 730 827 753 sunt.
848 726 914 758 Quae
933 726 1044 760 quidem
1060 725 1174 752 facultas
1188 731 1214 752 et
1239 725 1321 751 latius
1345 729 1450 757 pateret
1468 728 1495 749 ct
1515 723 1601 748 multo
1632 726 1704 748 es<et
1731 721 1793 748 illu-

174 768 268 798 strior,
287 775 308 794 SI
326 769 376 794 tria
394 768 451 794 hmc
468 769 494 795 in
513 777 567 795 uno
580 770 690 796 homine
703 771 935 804 coniungerentur
951 778 956 795 :
972 770 1170 803 pr:eleritarnm
1184 777 1274 795 autem
1292 769 1427 803 ignoratio
1441 768 1466 794 in
1493 767 1604 793 homine
1619 765 1723 793 litteris
1751 766 1793 791 vel

177 811 471 838 mediocriterimhnto
488 812 530 839 vix
545 813 627 839 ullam
645 813 726 840 habet
739 813 955 840 ewusationem.
973 813 1066 847 Neque
1082 815 1154 840 enim
1172 814 1198 840 iu
1218 814 1278 843 liae,
1296 819 1324 839 ut
1340 813 1366 840 iu
1383 813 1439 841 illa.
1456 812 1497 838 vel
1515 812 1548 838 de
1570 811 1607 837 rei
1633 809 1793 836 dillicullate

176 855 218 881 vel
232 855 265 881 de
277 861 380 882 natura:
395 861 495 883 nostra:
509 857 697 884 imbecillitate
711 858 788 891 queri
806 865 963 892 possumus,
979 857 1026 883 sed
1039 857 1080 884 vel
1099 857 1196 890 supina
1213 856 1379 891 negligentia
1392 855 1432 882 vel
1448 854 1594 888 occupatio
1624 861 1793 887 supervaca-

178 906 228 926 nea
244 901 285 927 vel
300 901 380 927 inane
399 901 548 935 voluptatis
564 902 685 928 studium
697 902 805 935 culpam
822 909 931 928 omnem
950 901 1079 928 sustinet.
1091 900 1158 932 Quis
1175 899 1248 925 enim
1271 899 1394 925 (ιιιιιιίιιιιι
1425 897 1582 924 mortalium
1616 897 1651 923 ita
1678 895 1796 930 negotiis

178 943 392 978 obruiturquin.
407 944 428 970 si
443 951 544 978 parcus
559 950 586 972 et
600 945 722 978 pru'iens
736 945 770 972 sit
786 945 917 979 temporis
933 944 1126 979 pretiosissimi
1141 950 1164 970 et
1177 942 1496 976 irreparaliilisthesauri
1507 941 1692 975 dispensator,
1709 945 1792 965 uuam

179 992 261 1020 atque
271 987 383 1014 alteram
397 987 492 1014 horam
513 988 627 1023 legendo
646 989 861 1023 meditatumque
877 988 980 1023 alisque
997 989 1051 1015 ullo
1067 987 1242 1014 incommodo
1254 987 1420 1013 valetudinis
1436 991 1461 1013 et
1475 994 1567 1013 rerum
1596 992 1708 1011 suarum
1733 983 1795 1010 disc

180 1032 281 1065 peudio
297 1032 421 1066 quotidie
433 1033 518 1067 possit
534 1033 713 1067 impendi-rc?
732 1033 862 1061 Videmus
873 1035 945 1059 cuitu
959 1031 1060 1067 quibus
1074 1033 1164 1066 nugis,
1181 1040 1213 1058 ne
1226 1031 1289 1065 quid
1305 1031 1393 1057 dicant
1413 1031 1533 1064 gravius,
1558 1029 1696 1063 plerisque
1724 1032 1796 1054 teut-

179 1083 231 1110 pus
248 1081 352 1110 pereat,
366 1077 438 1111 quod
456 1077 536 1110 longe
553 1079 655 1106 rectius
669 1078 759 1104 studio
777 1077 918 1112 sapientia:
931 1077 1109 1103 tribueretur.
1125 1075 1180 1102 Nec
1196 1075 1295 1110 injuria
1309 1074 1350 1101 vir
1365 1074 1543 1109 gravissimus
1572 1073 1679 1099 Seneca
1707 1071 1798 1098 excla-

179 1123 245 1148 mat.
265 1127 389 1154 magnam
404 1121 466 1147 vita:
481 1127 584 1155 partem
597 1121 665 1148 nihil
682 1122 836 1155 agentibus.
859 1122 988 1155 majorem
1005 1120 1075 1146 male
1093 1119 1247 1154 agentibus.
1262 1123 1346 1146 totam
1362 1118 1435 1145 aliud
1448 1117 1593 1152 agentibus
1608 1115 1691 1145 elabi,
1707 1121 1797 1148 eoque

179 1162 237 1190 fieri
256 1169 285 1190 u'.
301 1165 456 1191 necessaria
476 1166 634 1199 ignoremus
648 1166 776 1200 quoniam
788 1172 992 1200 supervacanea
1004 1163 1194 1190 didicerimus.
1214 1162 1425 1196 Supervacanea
1445 1169 1528 1196 porro
1544 1159 1671 1194 intelligit
1695 1159 1795 1184 immo-

178 1206 271 1233 diclim
283 1207 463 1242 voluptatum,
477 1209 600 1240 honoris.
614 1210 754 1244 potentiie.
771 1210 950 1244 pecuuia‘que
963 1207 1096 1244 studium,
1111 1208 1267 1234 necessaria
1280 1214 1344 1232 vero
1359 1205 1572 1240 pliilos0phiam,
1585 1204 1636 1230 hoc
1649 1202 1796 1230 esthuma~

179 1257 275 1276 narum
291 1251 501 1286 diiinarumque
520 1261 611 1280 rerum
628 1254 815 1287 cognitionem
833 1261 913 1287 :quze
925 1253 946 1280 si
964 1253 1011 1279 ulli
1029 1251 1185 1278 mortalium
1200 1249 1318 1285 perfecta
1335 1250 1518 1283 contingeret.
1535 1247 1607 1274 haud
1625 1246 1709 1273 dubie
1739 1253 1798 1272 om-

179 1294 256 1320 nium
268 1295 339 1321 oculi
352 1301 433 1330 atque
450 1296 533 1323 animi
551 1297 665 1323 iuilluut
679 1305 763 1324 unum
775 1302 904 1331 tauquam
922 1297 1004 1323 deum
1017 1295 1161 1329 quemdam
1179 1299 1416 1321 converterentur.
1434 1293 1512 1320 Nune
1522 1292 1585 1326 quia
1603 1299 1702 1318 nomen
1716 1291 1798 1316 inane

180 1337 257 1364 multi
268 1339 406 1372 iactitant,
422 1341 551 1374 perpauci
566 1348 631 1366 vero
645 1341 681 1366 ita
701 1345 764 1366 sunt
784 1340 881 1366 morati
894 1345 924 1366 ut
941 1344 1014 1365 recta
1028 1339 1096 1364 ratio
1112 1338 1241 1371 pmtulat,
1262 1337 1291 1363 fit
1307 1343 1337 1364 ut
1363 1345 1406 1363 res
1433 1337 1490 1370 ipsa
1521 1335 1602 1370 vulgo
1617 1343 1670 1361 non
1695 1333 1794 1360 intelli-

179 1385 305 1414 βίαι-,ει
321 1389 421 1408 nomen
434 1383 560 1409 odiosum
577 1391 652 1417 mque
668 1388 750 1417 atque
764 1383 910 1409 ridiculum
927 1382 1070 1409 habeatur.
1101 1382 1185 1416 quue
1197 1381 1270 1408 haud
1296 1382 1353 1408 scio
1380 1388 1461 1415 quant
1496 1384 1580 1406 recte.
1610 1380 1703 1413 Neque
1723 1378 1797 1404 enim

181 1423 334 1458 disciplina:
348 1430 395 1452 aut
412 1426 475 1452 vita:
491 1433 577 1460 genus
591 1426 626 1452 ob
645 1426 789 1453 hominum
801 1426 938 1453 inscitiam
955 1432 1001 1454 aut
1016 1427 1224 1462 perversitatem
1236 1426 1297 1461 jure
1314 1425 1469 1452 traducitur
1483 1433 1490 1451 :
1508 1429 1536 1451 et
1548 1423 1594 1458 qui
1618 1429 1672 1450 tam
1699 1430 1796 1450 severe

177 1466 313 1501 judicaut,
332 1475 366 1494 ne
378 1469 542 1502 semetipsos
555 1469 679 1503 quidem,
697 1470 748 1496 nisi
763 1471 863 1496 mentis
877 1478 974 1498 errore
994 1471 1162 1502 afficiantur,
1182 1469 1348 1505 probabunt.
1363 1469 1494 1496 llomines
1509 1468 1583 1495 enim
1597 1473 1661 1495 sunt
1680 1471 1710 1493 ut
1741 1474 1795 1493 cze-

181 1509 243 1541 teri,
259 1515 286 1537 et
302 1510 399 1537 iisdem
415 1512 558 1539 affectibus
569 1513 682 1539 obnoxii
700 1523 707 1539 :
721 1518 749 1540 et
762 1521 858 1548 parum
872 1514 985 1542 liberale
999 1520 1041 1542 est
1058 1522 1143 1557 υιιιψι
1158 1519 1240 1548 atque
1253 1515 1370 1540 alterum
1388 1520 1493 1541 nawum
1511 1511 1651 1546 exagitare
1669 1510 1799 1537 dissimu-

179 1553 242 1580 latis
262 1555 424 1585 virtutibus.
438 1563 555 1590 quarum
571 1557 597 1583 in
610 1557 782 1591 philosophis
802 1565 857 1584 non
882 1558 995 1585 minima
1026 1563 1068 1586 est
1095 1553 1219 1586 studium
1243 1556 1402 1592 inquirendi
1426 1555 1483 1583 veri
1515 1559 1542 1582 et
1568 1553 1797 1581 moderandarum

179 1598 373 1630 cupiditatum,
387 1605 416 1626 ut
433 1599 503 1627 intra
519 1604 622 1628 natura:
646 1601 836 1636 praeseriptum
863 1607 1054 1632 coerceantur,
1081 1601 1235 1636 eodemque
1263 1608 1313 1635 pro
1338 1607 1386 1627 sua
1424 1598 1497 1626 virili
1524 1597 1693 1633 producendi
1715 1603 1798 1631 quam

179 1642 323 1676 plurimos.
340 1643 483 1672 Postulare
500 1649 590 1672 autem
603 1650 633 1672 ut
649 1645 667 1672 ii
681 1653 741 1672 sese
757 1647 826 1672 infra
842 1654 936 1673 omnes
949 1646 1058 1673 infimos
1079 1645 1205 1672 homines
1235 1644 1374 1679 alijieiant,
1406 1647 1433 1670 et
1455 1643 1482 1669 in
1505 1641 1637 1669 extremis
1667 1640 1799 1668 sordibus

178 1685 342 1720 Cynicorum
358 1695 434 1715 more
453 1689 556 1721 vivant,
569 1689 695 1717 immanis
705 1695 747 1716 est
759 1690 875 1717 inscitia:
894 1694 975 1725 atque
987 1689 1132 1724 superbiai.
1151 1688 1204 1716 Sed
1221 1688 1254 1715 ad
1267 1688 1410 1715 historiam
1428 1687 1522 1718 redeo,
1547 1694 1608 1721 quae
1635 1693 1697 1712 cum
1721 1692 1798 1711 eras-

181 1730 238 1756 sior
251 1731 375 1765 quzedam
393 1731 565 1768 philosophia
579 1734 624 1765 sit,
640 1738 667 1760 et
682 1734 814 1768 exemplis
830 1737 920 1769 potius
933 1742 1013 1769 quam
1033 1733 1187 1761 rationibus
1200 1734 1283 1760 vitam
1301 1733 1410 1760 civilem
1439 1740 1470 1759 ae
1495 1732 1629 1766 privatam
1659 1729 1798 1759 instituat,

180 1781 234 1800 non
251 1775 366 1802 dubium
376 1780 418 1802 est
436 1777 503 1810 quin
518 1785 641 1812 magnam
660 1777 758 1804 habeat
777 1778 925 1804 utilitatem
941 1786 1003 1804 cum
1019 1786 1124 1804 summa
1139 1777 1274 1804 suavitate
1289 1777 1474 1811 coniunctam.
1486 1775 1516 1802 ιιι
1543 1782 1596 1808 qua
1615 1781 1675 1808 quae
1700 1772 1798 1806 praeei-

183 1825 236 1852 pue
253 1818 422 1847 observanda
443 1820 508 1853 sint,
520 1820 670 1855 prudenter
685 1821 778 1848 Livius
794 1821 836 1848 his
856 1821 949 1848 verbis
966 1826 1057 1848 monet
1073 1831 1079 1847 :
1098 1831 1107 1846 ‹
1123 1821 1161 1848 Ad
1179 1821 1223 1848 illa
1236 1821 1302 1848 mihi
1319 1829 1367 1855 pro
1384 1827 1413 1848 se
1427 1820 1542 1854 quisque
1555 1818 1656 1845 acriter
1673 1815 1798 1843 intendat

182 1862 315 1895 animum,
334 1872 393 1898 qua:
409 1865 474 1895 vita,
488 1866 534 1899 qui
552 1874 642 1891 mores
654 1865 766 1896 fuerint,
779 1873 828 1900 per
839 1874 908 1900 quos
926 1867 999 1893 viros
1011 1867 1167 1902 quibusque
1183 1866 1290 1893 artibus
1304 1865 1378 1892 domi
1402 1864 1561 1898 militiwque
1586 1869 1613 1889 et
1638 1865 1746 1897 partuln
1770 1866 1801 1888 et

182 1913 292 1933 auctum
307 1907 450 1941 imperium
462 1909 507 1936 sit.
527 1909 649 1936 Lubente
677 1909 775 1936 deinde
803 1910 934 1944 paulatim
959 1911 1112 1945 disciplina,
1145 1912 1219 1939 velut
1246 1911 1410 1938 dissidentes
1434 1910 1523 1945 primo
1545 1915 1636 1935 mores
1666 1910 1800 1941 sequatur

183 1950 286 1980 animo,
297 1950 396 1977 deinde
415 1956 444 1977 ut
459 1951 543 1985 magis
560 1953 700 1986 magisque
714 1953 782 1986 lapsi
794 1953 859 1984 sint,
873 1957 930 1979 tum
945 1954 984 1980 ire
1001 1955 1135 1988 coeperint
1149 1955 1316 1989 prmcipites,
1334 1954 1421 1981 donec
1438 1953 1471 1979 ad
1485 1952 1543 1979 hzee
1566 1956 1700 1985 tempora.
1736 1949 1799 1983 (ιυί-

184 1994 234 2019 bus
254 2001 303 2020 nec
319 1993 383 2020 vitia
398 1999 492 2020 nostra
510 2002 560 2021 nec
571 1995 691 2022 remeda
710 1996 763 2030 pati
779 2004 936 2030 pessumus,
954 2001 1063 2022 ventum
1080 2001 1132 2023 est.
1147 1997 1203 2023 Hoc
1218 1997 1284 2024 illud
1295 2002 1336 2024 est
1353 1997 1488 2031 praecipue
1511 1995 1539 2022 in
1570 1993 1725 2028 cognitione
1753 1999 1799 2018 re-

184 2043 244 2062 rum
264 2037 373 2064 salubre
389 2045 420 2064 ae
435 2038 608 2072 frugiferum,
620 2038 708 2064 omnis
723 2043 748 2064 te
761 2039 877 2073 exempli
891 2039 1055 2065 documenta
1074 2040 1099 2065 in
1113 2040 1212 2066 illustri
1229 2040 1315 2074 posita
1332 2040 1503 2066 monimento
1518 2037 1620 2064 intueri
1635 2045 1642 2063 :
1661 2035 1724 2062 inde
1750 2034 1799 2061 tibi

183 2085 290 2114 tumque
304 2081 341 2107 rei
360 2081 478 2115 publicre
495 2081 568 2115 quod
581 2081 688 2108 imitere
705 2081 806 2115 capias.
826 2082 889 2108 inde
903 2081 1006 2109 fredum
1026 2083 1147 2116 inceptu.
1165 2082 1267 2110 ftedum
1290 2082 1376 2113 exitu.
1410 2082 1482 2117 quod
1509 2082 1589 2108 vites.
1624 2089 1633 2104 ›
1662 2078 1801 2105 Ηιιειειὶυιι

183 2123 237 2151 iile.
258 2123 311 2150 Sed
323 2129 350 2151 et
365 2125 473 2156 Cicero,
494 2129 675 2159 praeterquam
691 2125 763 2160 quod
781 2126 819 2152 ait
837 2135 846 2150 ι
862 2126 966 2152 ueseirc
984 2127 1049 2160 quid
1063 2132 1142 2154 antea
1158 2135 1239 2162 quam
1260 2132 1341 2154 natus
1354 2127 1391 2153 sis
1403 2125 1546 2155 acciderit.
1572 2124 1598 2151 id
1625 2127 1667 2150 est
1691 2129 1801 2156 semper

182 2175 241 2193 esse
257 2175 384 2202 puerum,
398 2178 406 2193 ι
422 2168 526 2203 magnis
538 2174 619 2196 ornat
638 2169 766 2195 laudibus
778 2169 931 2202 historiam,
947 2179 1009 2197 eum
1024 2175 1121 2198 testem
1139 2176 1304 2206 temporum.
1317 2171 1406 2198 lucem
1424 2169 1558 2199 veritatis,
1588 2167 1672 2194 vitam
1696 2173 1801 2192 metuo-

183 2212 239 2243 ria},
255 2212 412 2247 magistram
430 2213 500 2245 vitm,
519 2213 641 2240 nuntiam
656 2213 800 2240 vetustatis
814 2214 1018 2248 appellat.Quze
1030 2223 1091 2242 cum
1112 2223 1178 2242 vera
1191 2223 1252 2242 esse
1268 2222 1322 2241 non
1340 2222 1436 2249 negent
1449 2213 1550 2248 (neque
1565 2212 1638 2239 enim
1665 2217 1800 2246 quorum-

182 2255 242 2282 dam
260 2256 382 2284 fabulosa
403 2262 555 2283 commenta
572 2264 628 2284 rem
642 2257 727 2291 ipsam
745 2265 923 2292 corrumpere
937 2263 1075 2292 poSsunt),
1096 2264 1198 2292 tamen,
1215 2259 1237 2286 si
1257 2258 1374 2285 maxima
1390 2266 1423 2284 ex
1438 2262 1515 2292 parte
1533 2256 1656 2283 onmium
1689 2259 1800 2281 :elatum

183 2300 307 2330 consilia,
321 2306 391 2330 aeta.
409 2308 523 2327 ewntus
537 2301 714 2333 instituemus,
732 2301 795 2335 quid
812 2307 853 2328 est
868 2302 941 2328 aliud
959 2302 1074 2330 historia
1109 2311 1191 2337 quam
1221 2304 1317 2337 ingens
1347 2301 1484 2337 quoddam
1510 2301 1620 2335 pelagus
1650 2307 1680 2326 ac
1709 2299 1802 2333 potius

183 2344 355 2378 naufragium
370 2344 526 2370 miserabile.
539 2344 665 2370 humana:
675 2345 810 2377 stultitim,
827 2345 1010 2378 improbitatis
1021 2352 1049 2373 et
1066 2347 1193 2379 miseriae,
1209 2352 1237 2374 et
1248 2346 1389 2380 speculum
1403 2346 1481 2379 longe
1496 2344 1631 2371 illustrius
1652 2342 1714 2369 vita:
1745 2342 1795 2376 pri-

183 2391 252 2414 vata»
263 2392 290 2414 et
303 2388 431 2422 politiore,
450 2395 531 2422 quam
548 2388 600 2414 ulla
620 2389 754 2415 cormedia
768 2394 814 2415 aut
834 2390 964 2423 tragmdia
974 2390 1059 2423 ?Qu:e
1073 2391 1201 2423 cogitatio
1212 2391 1238 2417 in
1251 2391 1334 2426 hujus
1348 2390 1438 2424 operis
1450 2388 1657 2416 elueuliraiioue
1669 2391 1803 2421 perpetuo

184 2431 311 2457 sensibus
321 2436 403 2465 atque
420 2432 512 2457 animo
530 2439 590 2458 meo
607 2432 748 2459 obversata
767 2438 818 2460 est.
832 2433 894 2459 Sive
910 2433 983 2460 enim
998 2442 1073 2462 sacra
1083 2436 1140 2461 sive
1155 2434 1277 2468 profana,
1300 2434 1358 2461 sive
1390 2441 1458 2460 nova
1470 2433 1528 2459 sive
1552 2437 1644 2458 vetera
1672 2437 1800 2456 oecurre-

185 2478 257 2506 renl,
275 2475 331 2501 sive
343 2475 453 2501 llebrtua
465 2474 522 2501 sive
532 2475 624 2502 Gz-zeca
638 2481 831 2508 tractarentur,
846 2477 976 2504 erambcn
990 2477 1114 2504 eamdem
1129 2478 1226 2512 repeti,
1239 2477 1405 2504 cantinclam
1418 2476 1544 2503 eamdem
1566 2474 1628 2501 cani
1653 2473 1800 2500 videbam:

184 2518 276 2544 (iutilia
290 2519 367 2553 plena
381 2524 546 2551 enatorum,
564 2521 711 2550 scelerum,
728 2521 866 2552 fraudum,
886 2522 1101 2554 mendaciorum,
1115 2522 1327 2557 pr.rstigiarum,
1361 2527 1560 2550 :erumnarnm,
1584 2517 1800 2546 dissensionum,

185 2563 314 2592 taedium.
328 2563 509 2590 cxcidiorum.
526 2565 617 2591 Utres
631 2565 688 2599 ipSa
707 2565 816 2592 abunde
831 2566 939 2598 doceat,
957 2567 1105 2593 humanum
1123 2567 1261 2601 ingenium
1290 2566 1325 2592 ab
1350 2568 1410 2600 ipso
1439 2569 1501 2591 ortu
1527 2569 1589 2589 esse
1611 2562 1800 2596 depravatum.

184 2615 274 2642 neque
288 2607 398 2634 inanem
417 2608 554 2634 exstitisse
572 2609 692 2635 divinam
710 2610 939 2641 exsecrationem,
956 2618 1018 2636 cum
1034 2611 1136 2644 ubique
1156 2610 1239 2636 sudor
1261 2610 1362 2640 vultus,
1387 2609 1490 2642 ubique
1517 2605 1613 2633 tribuli
1643 2609 1671 2631 et
1703 2603 1800 2638 spina),

186 2651 288 2685 ubique
300 2651 438 2686 serpentis
454 2651 560 2678 insidiae
574 2658 733 2686 appareant.
751 2653 817 2680 Boni
831 2658 858 2680 et
872 2653 1012 2688 simplices
1027 2654 1105 2688 pauci
1125 2658 1189 2680 sunt
1204 2661 1210 2680 :
1228 2658 1256 2680 ct
1274 2654 1295 2679 si
1311 2654 1358 2687 qui
1372 2656 1448 2682 sunt,
1462 2651 1479 2677 ii
1494 2650 1561 2677 alias
1575 2657 1624 2684 per
1639 2647 1784 2683 itnpruden

185 2695 250 2721 tiam
270 2696 297 2721 in
318 2695 424 2721 facinus
438 2700 530 2726 ruunt,
545 2696 611 2722 alias
627 2696 704 2722 malis
717 2698 849 2732 evcmplis
861 2702 1087 2732 corrumpuntur,
1116 2697 1207 2724 aliasa
1233 2698 1351 2723 maximo
1380 2694 1567 2729 improborum
1593 2697 1620 2720 et
1636 2691 1798 2719 callidorum

186 2747 302 2766 n'uuero
314 2739 519 2774 opprimuntur.
537 2739 569 2766 Et
585 2748 742 2774 quanquzun
755 2747 858 2769 natura:
875 2742 1017 2768 hominum
1034 2742 1089 2768 duo
1103 2742 1219 2775 insignia
1237 2749 1359 2772 numera,
1374 2740 1490 2767 facultas
1504 2738 1619 2766 rationis
1642 2742 1670 2763 et
1695 2736 1800 2763 oratio-

185 2784 367 2810 tusdivinitus
382 2788 447 2810 sunt
460 2790 601 2815 concessa,
617 2785 716 2818 quibus
734 2785 767 2811 ad
785 2786 1027 2820 contemplandum
1058 2791 1087 2813 et
1111 2786 1306 2813 celebrandqu
1329 2786 1410 2820 hujus
1437 2783 1624 2810 univcrsitatis
1653 2780 1800 2814 Opificem.

185 2832 211 2854 et
224 2827 256 2854 ad
270 2827 398 2854 tuendam
414 2835 445 2854 ac
460 2827 608 2862 juvandatn
625 2829 766 2856 hominum
783 2830 856 2856 inter
873 2830 947 2865 ipsos
959 2831 1184 2858 communitatem
1196 2829 1328 2856 utendum
1341 2833 1411 2858 erat,
1441 2828 1467 2854 in
1497 2827 1602 2853 nullum
1630 2828 1686 2852 fere
1715 2825 1800 2852 alium

187 2878 265 2897 usum
277 2879 291 2898 a
303 2871 441 2906 plerisque
457 2879 489 2898 ea
507 2873 630 2899 converti
647 2872 782 2905 videmus,
799 2873 851 2900 nisi
870 2874 906 2900 ad
920 2874 1076 2908 expeditius
1091 2873 1241 2900 fallendum
1256 2876 1284 2899 et
1306 2872 1475 2902 nocendum,
1503 2875 1531 2898 et
1557 2869 1716 2896 vastitatem
1745 2868 1799 2895 clli-

185 2914 321 2942 ciendam.
333 2915 431 2943 Annon
461 2916 496 2942 ita
518 2916 679 2951 plerumque
693 2916 807 2949 vivitur,
823 2923 851 2945 ut
866 2917 1097 2951 quemadmodum
1111 2917 1176 2944 fera:
1190 2917 1215 2944 in
1225 2915 1374 2944 solitudine
1389 2920 1416 2942 et
1432 2914 1519 2944 silvis.
1549 2915 1635 2942 pisces
1661 2912 1688 2938 in
1711 2911 1798 2938 tluini-
