2004 3157
145 217 183 249 25
857 218 1070 250 PR/EFATIO.
1741 223 1778 253 26

145 275 250 302 codicis
267 275 426 310 posterioris
442 274 557 301 C:cs:irei
576 275 633 302 haec
659 275 820 302 scribuntur
836 283 843 301 :
867 273 936 300 Τοῦτ

986 273 1082 300 tilium:
1096 275 1213 311 ὑπάρχει
1227 277 1335 312 Μιχαὴλ
1346 278 1394 304 τοῦ
1412 278 1513 306 Fluxa.
1534 280 1695 307 Promiscue
1709 287 1777 308 vero

147 319 230 346 basce
243 319 373 353 epistolas
391 319 442 346 sub
460 320 572 346 nomine
588 319 702 347 Zonaras
722 320 779 346 sive
800 319 891 354 Glycte
908 325 1017 352 semper
1035 319 1128 346 laudat
1146 319 1274 351 Allatitis,
1303 321 1353 348 lib.
1382 329 1400 349 ιι
1428 322 1465 349 Dc
1487 331 1614 350 consensu
1637 324 1777 358 utriusque

149 362 283 395 Ecclesitr,
302 371 361 398 cnp.
381 364 424 396 18,
442 372 469 390 n.
486 364 536 397 i7;
551 364 598 391 lib.
617 371 657 394 ιιι,
671 371 730 398 cap.
747 363 790 394 15,
804 371 832 389 n.
850 362 876 393 8,
891 369 950 396 cap.
968 362 1011 393 t6,
1026 370 1042 389 n
1067 363 1112 395 24;
1131 370 1192 398 cap.
1209 364 1254 395 18.
1269 373 1296 392 ιι.
1314 365 1341 396 8,
1360 370 1388 392 et
1398 371 1494 393 contra
1507 366 1687 402 Creygtoncm
1709 368 1774 402 (59).

148 406 176 433 ln
199 407 298 441 quibus
321 408 432 441 quidem
453 408 522 435 locis
539 407 671 443 quasdam
691 415 724 434 ex
746 407 780 434 iis
810 408 930 440 integras
945 406 1101 440 exscripsit,
1123 407 1160 434 ita
1188 411 1228 438 ut.
1247 415 1310 435 cum
1333 410 1482 441 scribebat,
1504 411 1584 445 cujus
1606 415 1700 438 essent
1720 419 1775 438 non

147 451 260 477 omnino
278 451 328 484 ipsi
350 460 399 486 pro
415 452 570 478 indubitato
586 450 790 478 haberetur.“
806 450 939 477 duntaxat
953 456 1071 484 constat,
1092 452 1187 479 harum
1205 458 1346 481 auctorem
1360 455 1461 483 vixisse
1475 456 1526 483 sub
1547 456 1672 483 Manuele
1693 456 1775 484 Com-

147 501 228 523 neno,
247 498 304 521 tum
321 504 352 522 ex
369 495 596 530 Antapnlogclico
611 496 690 529 cujus
715 495 900 525 meminimus,
923 499 979 521 tum
1001 503 1034 522 ex
1051 497 1117 522 viris
1133 497 1274 531 primariis
1297 498 1367 525 aula:
1380 498 1534 534 Cpolitanze
1550 500 1652 534 quibus
1671 500 1777 535 aliquot.

147 537 347 569 inscribuntur,
364 543 446 573 atque
463 539 490 565 in
507 540 541 565 iis
559 538 664 565 Joanne
681 538 754 565 Duca
772 546 869 573 magno
883 539 1062 566 hetmriarelia
1075 545 1103 566 et
1115 540 1234 570 scbasto.
1250 542 1329 577 cujus
1349 550 1405 577 prie
1430 544 1546 577 czetcris,
1565 548 1595 570 ut
1616 544 1685 570 alios
1708 551 1777 577 pran-

147 586 262 613 tereain,
280 583 384 609 mentio
397 583 517 609 occurrit
530 583 600 617 apud
619 583 742 610 Nicetaiu
759 583 825 617 (ΔΟ),
840 587 867 609 et
883 583 1006 611 Manuelc
1022 583 1164 612 Cnmucno
1178 585 1406 618 Sebastocratorc,
1419 587 1466 621 qui
1483 595 1536 614 non
1552 587 1622 615 alius
1637 592 1679 614 est
1693 587 1727 614 ab
1743 595 1776 614 eo

147 627 226 659 cujus
243 626 346 660 puriter
363 627 487 653 meminit
501 626 651 654 Cinnamus
665 626 732 661 (4|).

182 669 298 702 Quando
313 678 378 697 vero
391 671 487 704 Glycas
503 671 612 700 vixerit,
627 678 661 697 ex
677 671 752 697 illius
762 671 882 698 llistoria
901 679 954 698 non
971 677 1128 708 promptum
1147 679 1188 701 est
1202 674 1311 709 assequi
1335 684 1341 701 :
1359 675 1467 702 tametsi
1492 675 1598 702 Zonara
1633 675 1774 710 posterio-

149 720 206 739 rem
224 714 317 744 l'uisse,
332 715 373 741 vel
389 719 464 741 certo
484 720 544 749 post
556 714 691 742 Zonaram
707 715 863 750 seripsisse,
873 723 906 742 cx
917 723 950 742 eo
962 717 1116 750 colligimus
1125 717 1197 751 quod
1211 718 1285 745 illius
1300 718 1420 745 Annales
1435 726 1489 745 non
1502 719 1588 746 semel
1600 718 1695 745 laudet
1706 719 1773 752 (ιε).

148 756 226 783 Unde
242 757 288 784 illo
302 758 388 784 multo
402 766 463 785 esse
481 760 662 793 posteriorem
677 767 732 785 non
745 759 847 786 desunt
861 760 908 794 qui
921 760 1187 796 conjiciunl.Neqne
1204 762 1319 796 perinde
1334 770 1367 789 ex
1393 763 1558 792 Annalibus,
1584 763 1626 790 vel
1652 771 1686 790 ex
1712 763 1776 790 aliis

148 800 282 828 hactenus
294 802 376 829 editis
390 804 534 837 operibus,
548 804 661 831 Joannis
674 804 788 830 Zonaras
796 808 904 831 :etatem
915 804 993 838 plane
1014 805 1263 839 deprehendimus,
1277 805 1329 832 nisi
1344 807 1416 840 quod
1432 811 1493 841 post
1525 807 1672 841 imperium
1693 807 1776 835 Joan-

147 845 192 872 nis
205 844 339 872 Comueni
350 847 434 873 vitain
450 847 615 881 produxisse
629 848 747 881 ipsemet
762 847 889 874 videatur
901 848 1034 878 indicare.
1049 854 1132 884 atque
1143 849 1213 877 adeo
1224 850 1324 877 vixisse
1340 849 1465 878 Manuele
1478 851 1642 885 imperante,
1665 859 1679 878 ιι
1705 858 1771 885 quo.

147 894 177 917 ut
191 891 299 925 opinor,
317 892 374 925 ipse
387 897 415 919 et
430 892 593 919 Theodorus
607 893 762 925 Balsamon,
778 896 835 919 tum
851 893 954 928 Magnae
968 893 1098 921 Ecclesize
1115 894 1267 928 Cpolitanie
1299 895 1484 930 nomophylax
1505 899 1532 922 et
1563 895 1774 929 cliartopliylax,

148 934 248 962 deinde
261 935 453 963 Antioelienus
467 937 635 971 patriarcha,
653 937 825 964 suntdelecti
840 941 870 964 ut
880 944 974 964 sacros
990 945 1110 965 canones
1125 938 1294 973 inspicerent
1306 944 1334 966 et
1346 947 1406 974 quae
1419 939 1446 966 in
1459 939 1492 966 iis
1504 940 1666 966 obscuriora
1677 947 1777 966 occur-

148 983 243 1005 rerent
263 979 524 1014 interpretarentur,
539 981 582 1008 vel
601 989 661 1016 qua:
674 981 851 1015 aliquatenus
872 981 980 1016 legibus
1003 981 1143 1009 adversari
1171 982 1331 1009 viderentur
1360 982 1556 1015 observarent;
1582 983 1655 1017 quod
1683 983 1717 1009 de
1746 991 1776 1010 sc

149 1026 265 1049 testatur
282 1023 425 1050 Balsainon
443 1024 469 1050 in
483 1024 644 1051 Praefatione
661 1024 694 1051 ad
708 1024 1134 1058 expositionemNomocanonis.
1148 1026 1226 1059 Quod
1259 1026 1372 1061 quidem
1399 1026 1433 1053 ad
1455 1026 1545 1061 ipsum
1574 1026 1707 1053 Zonaraiu
1734 1035 1777 1053 rc-

146 1065 214 1092 l'crri
232 1072 330 1101 potest,
345 1068 391 1102 qui
412 1076 477 1095 suos
493 1068 519 1094 in
541 1076 662 1095 canones
674 1067 895 1096 Commentarios
914 1077 967 1096 non
985 1074 1081 1104 suapte
1097 1070 1144 1096 sed
1161 1069 1275 1096 alterius
1289 1070 1365 1105 jussu
1382 1078 1412 1097 se
1438 1063 1637 1105 conscripsisse
1673 1071 1775 1104 prodit,

147 1112 186 1138 uti
203 1119 284 1146 supra
296 1112 517 1145 observavimus,
533 1113 569 1140 ita
585 1118 676 1140 tamen
690 1117 719 1140 ut
737 1113 859 1141 Zonaras
872 1122 937 1142 suos
952 1114 1075 1141 emiserit
1095 1119 1158 1141 ante
1174 1114 1377 1145 Balsamoncm,
1392 1122 1406 1141 a
1421 1122 1475 1148 quo
1486 1122 1541 1141 non
1554 1114 1639 1141 semel
1656 1119 1684 1141 et
1711 1122 1773 1141 eum

147 1155 238 1190 elogio
252 1155 275 1182 is
293 1156 432 1183 laudatur.
444 1157 482 1183 Ex
498 1157 601 1192 quibus
619 1157 717 1184 saltem
732 1158 796 1185 licet
806 1159 946 1193 colligere,
959 1158 1011 1185 sub
1040 1157 1165 1184 Mauuele
1192 1158 1293 1184 vixiSSe
1315 1157 1452 1184 Zonarain
1476 1163 1560 1191 atque
1585 1158 1654 1184 adeo
1685 1158 1774 1191 ipsum

146 1199 269 1234 Glycam,
286 1200 308 1226 si
324 1200 434 1234 quidem
448 1201 522 1227 illius
549 1201 751 1235 snntepistolm
774 1201 807 1228 de
835 1202 936 1236 quibus
960 1202 1086 1236 agimus:
1121 1200 1194 1234 quod
1228 1206 1303 1227 certe
1326 1201 1443 1228 suadere
1473 1201 1584 1228 videtur
1616 1202 1777 1235 Sil‘ijllionis

147 1251 200 1277 qua
218 1243 244 1270 in
261 1244 414 1271 Annalibus
432 1245 521 1271 utitur
534 1245 615 1275 ratio.
631 1245 676 1272 ubi
693 1253 777 1272 sacrae
793 1246 942 1280 Scriptura:
956 1245 1048 1278 potius
1061 1252 1143 1279 quam
1174 1245 1344 1272 illustranda:
1374 1244 1497 1272 historiae
1529 1249 1603 1272 totus
1625 1245 1774 1272 incumbit.

147 1287 218 1320 Quin
233 1288 315 1315 etiam
332 1288 359 1315 in
378 1288 411 1315 iis
424 1293 598 1315 astronomos
611 1288 701 1323 carpit
713 1293 740 1315 et
758 1289 819 1316 illos
835 1289 880 1324 qui
897 1294 1032 1316 astrorum
1043 1288 1237 1316 all'ectionibus
1253 1289 1387 1324 quidquid
1408 1289 1435 1316 in
1471 1295 1545 1316 terra
1571 1290 1662 1322 agitur
1686 1289 1774 1315 ascri-

146 1331 227 1364 bunt,
244 1332 313 1359 adco
332 1336 363 1359 ut
373 1333 436 1363 τοὺς
453 1330 502 1367 μὲή
516 1332 643 1368 πόρνους,
662 1334 726 1364 τοὺς
748 1333 776 1359 δὲ
795 1333 905 1368 μοιχηίις
916 1342 937 1359 v.4

984 1333 1075 1364 ῐιλλους
1096 1333 1176 1359 πάλιν
1197 1334 1295 1366 φονέας
1322 1333 1369 1359 καὶ
1396 1334 1526 1367 ἅρπαγας
1551 1334 1670 1360 elliciant
1701 1333 1775 1367 (ιδῃ

147 1376 221 1410 quod
241 1381 268 1403 et
281 1377 370 1410 ipsum
389 1376 486 1403 iisdem
503 1376 589 1403 ferme
605 1376 699 1404 verbis
714 1377 833 1403 habetur
850 1377 877 1403 in
892 1377 1117 1412 Antapologetieo
1134 1377 1213 1412 cujus
1229 1384 1312 1410 supra
1326 1377 1505 1404 meminimus
1525 1386 1530 1403 :
1551 1377 1616 1404 licet
1640 1377 1773 1410 fateatur,

149 1425 217 1447 utet
234 1425 330 1447 auctor
342 1420 574 1455 Antapologetici,
590 1421 675 1448 multa
693 1429 727 1448 ex
741 1421 863 1448 siderum
880 1421 1075 1449 affectionibus
1091 1421 1214 1455 etsignis
1236 1420 1397 1448 cmlestibns
1424 1419 1453 1447 id
1477 1420 1550 1456 quod
1581 1420 1705 1447 futurum
1736 1420 1773 1447 sit

147 1471 199 1491 nos
212 1472 292 1498 posse
307 1465 474 1498 conjectare.
491 1464 528 1491 Ex
539 1464 641 1500 quibus
652 1472 707 1492 non
720 1465 835 1492 omnino
848 1470 938 1493 tamen
953 1465 1099 1506 conﬁcitur
1115 1465 1273 1492 Micliaeloin
1301 1464 1411 1500 Glycam
1426 1472 1486 1492 esse
1507 1469 1648 1491 auctorem
1674 1465 1777 1500 episto-

146 1508 235 1536 larum
247 1508 280 1536 de
298 1509 399 1544 quibus
413 1510 528 1544 agimus,
543 1517 605 1536 cum
621 1509 738 1537 trivialis
751 1513 779 1536 et
801 1509 949 1544 quibusvis
967 1509 1046 1536 obvia
1063 1509 1244 1544 sitcjusmodi
1261 1509 1333 1536 circa
1350 1514 1489 1536 astrorum
1522 1508 1642 1536 inﬂuxus
1665 1513 1777 1535 senten—

147 1552 196 1584 tia,
212 1557 295 1587 atque
305 1553 374 1580 adeo
388 1553 474 1588 ipsius
490 1553 658 1583 sitZonarte,
669 1554 714 1587 qui
734 1553 761 1580 in
777 1554 931 1581 Annalibus
945 1553 999 1588 (44)
1030 1553 1115 1580 Deum
1137 1558 1210 1581 astra
1225 1553 1382 1581 condidisse
1394 1552 1490 1580 scribit
1505 1557 1534 1579 ut
1547 1556 1627 1579 terra:
1653 1552 1777 1579 ambitus

146 1604 197 1632 per
210 1605 242 1624 ea
259 1597 447 1624 illustraretur
465 1602 493 1624 et
509 1605 640 1624 mensura
657 1598 792 1632 temporis
803 1606 836 1625 ex
853 1606 949 1625 eorum
965 1597 1128 1625 circuitibus
1143 1601 1294 1632 peteretur,
1308 1604 1362 1623 non
1381 1604 1447 1623 vero
1480 1601 1511 1623 ut
1533 1604 1587 1623 una
1610 1603 1673 1623 cum
1700 1600 1776 1622 motu

146 1641 287 1668 stellarum
304 1641 397 1668 omnia
411 1646 504 1668 nostra
522 1641 765 1669 circumferantur.
779 1642 838 1670 Jam
854 1650 921 1670 vero
935 1642 1087 1669 Manuelcni
1113 1642 1308 1676 imperatorem
1331 1642 1509 1668 astronomiae
1533 1640 1594 1675 plus
1620 1647 1702 1674 quam
1729 1647 1777 1674 par

147 1689 206 1712 erat
218 1693 330 1719 operam
346 1685 524 1720 impendisse,
537 1690 565 1713 et
579 1685 783 1721 astrologorum
802 1694 889 1722 nugas
906 1694 956 1721 pro
969 1687 1089 1714 oraculis
1103 1687 1259 1721 excepisse,
1273 1689 1390 1712 testatur
1409 1692 1464 1711 non
1481 1692 1536 1711 uno
1551 1685 1611 1711 loco
1622 1684 1733 1711 Nicetas
1748 1683 1777 1710 in

147 1729 222 1756 illius
236 1729 295 1756 Vita
313 1729 381 1764 (45),
397 1728 483 1762 Quem
498 1729 609 1764 quidem
624 1730 697 1756 haud
715 1730 814 1757 mirum
828 1731 993 1757 sententiam
1009 1738 1085 1757 suam
1099 1730 1126 1757 in
1148 1730 1264 1765 cpistola
1279 1729 1311 1756 ad
1326 1728 1493 1756 monachum
1508 1728 1633 1755 lirmassc
1661 1732 1702 1755 tot
1730 1735 1777 1754 sa-

147 1780 200 1800 cra:
211 1772 360 1807 Scriptura:
376 1777 404 1800 et
417 1773 529 1799 Patrum
542 1773 766 1804 auctoritatibus.
784 1781 847 1800 cum
863 1783 877 1800 a
892 1774 1027 1801 Cinnamo
1040 1774 1095 1808 (46)
1117 1773 1218 1800 divinis
1228 1772 1344 1807 perinde
1372 1780 1404 1800 ac
1428 1772 1643 1799 humanioribus
1671 1771 1776 1799 litteris

148 1817 296 1844 admodum
316 1818 477 1848 instructus,
489 1822 517 1843 et
535 1817 608 1844 bello
623 1818 714 1845 clarus
732 1818 854 1849 habitus.
872 1818 985 1845 Martem
1000 1823 1028 1845 et
1038 1817 1204 1845 Mercurium
1223 1824 1277 1844 una
1289 1821 1316 1843 et
1333 1815 1415 1858 simul
1432 1816 1553 1843 coluisse
1582 1815 1690 1843 dicatur
1706 1822 1712 1841 :
1741 1814 1779 1842 ita

149 1866 181 1888 ut
195 1861 312 1888 Manueli
327 1861 415 1896 aptari
434 1861 554 1896 potuerit
569 1861 641 1896 quod
656 1862 824 1897 Calpurnius
840 1862 895 1898 (47)
910 1863 944 1889 de
960 1862 1062 1890 Carino
1078 1863 1245 1898 imperatore
1261 1860 1368 1888 cecinit
1381 1868 1389 1887 :

581 1927 717 1962 Utcunque
731 1933 820 1955 tamen
835 1929 1015 1962 conspeximus
1033 1929 1118 1961 ipsum

580 1961 705 1996 Longius,
724 1972 765 1994 ac,
783 1965 832 1990 nisi
846 1971 886 1989 me
899 1961 999 1996 decepit
1009 1964 1087 1996 uit-us,
1097 1965 1123 1990 in
1139 1972 1191 1990 uno

581 1997 616 2024 Et
628 1996 725 2025 Martis
742 1998 830 2025 vultus
845 2002 869 2024 et
880 1996 1012 2031 Apollinis
1023 2005 1077 2024 esse
1092 1999 1193 2032 putaui.

183 2085 238 2120 (39,
252 2085 283 2113 ιδ.
296 2084 433 2118 541,544.
499 2119 502 2120 ν

499 2119 502 2120 ,
1029 2085 1085 2119 (Η)
1105 2084 1166 2112 Lib.
1182 2084 1280 2118 i,n.Ei.

184 2117 240 2155 (40)
257 2121 285 2148 In
293 2120 389 2148 Alexio
407 2120 480 2147 Man.
494 2119 512 2147 Γ.
525 2128 553 2148 n.
570 2121 630 2149 7-9.

1025 2117 1082 2155 (45)
1100 2120 1159 2148 Lib.
1172 2117 1204 2154 ti,
1221 2129 1249 2148 ιι.
1266 2119 1296 2154 7;
1311 2120 1361 2148 lib.
1373 2128 1402 2153 v,
1418 2127 1448 2148 ιι.
1461 2119 1536 2152 2,8;
1551 2117 1601 2145 lib.
1617 2125 1666 2150 VII.
1697 2126 1727 2145 ιι.
1746 2119 1771 2146 7.

194 2156 239 2190 Η)
254 2156 315 2183 Lib.
329 2164 357 2188 v,
369 2155 516 2191 n.14,15.

498 2155 516 2182 i.
1025 2157 1081 2191 (46)
1095 2156 1156 2184 Lib.
1170 2165 1206 2188 vt,
1222 2165 1252 2185 ιι.
1262 2156 1289 2184 2.

195 2191 239 2228 42)
254 2192 351 2228 Glycas
367 2199 395 2226 p.
410 2190 472 2228 μεθ,
488 2191 553 2225 286,
564 2191 628 2225 294,
642 2191 706 2220 297.

439 2190 472 2228 ιο,
488 2191 553 2225 286,
564 2191 628 2225 294,
642 2191 706 2220 297.
1025 2190 1082 2228 (ιτ)
1102 2192 1161 2220 Ecl.
1179 2192 1230 2220 ult.

194 2227 238 2262 45)
254 2226 351 2262 Glycas
367 2234 395 2261 p.
409 2226 456 2255 26.

817 2417 1104 2465 LECTORI.

148 2516 266 2542 Moultum
278 2515 435 2546 subsequens
447 2514 644 2546 pramiltebatur
655 2514 726 2540 Notis
736 2513 862 2539 historicis
869 2513 908 2539 Du
919 2513 1003 2545 Cangii
1012 2520 1075 2544 quas
1084 2520 1115 2538 ex
1132 2513 1230 2540 calcet.
1243 2513 1266 2539 ΙΙ
1275 2516 1403 2541 revocatas
1419 2515 1500 2540 textui
1515 2514 1679 2544 subjecimus.
1700 2514 1772 2541 Ειιιτ.

184 2668 320 2702 Ejusmodi
346 2672 406 2694 sunt
426 2668 471 2698 qui
493 2667 643 2702 generalem
664 2667 811 2702 prwsertim
833 2670 953 2700 spectant
977 2668 1125 2700 historiam,
1151 2667 1374 2702 quemadmodum
1399 2669 1462 2692 sunt
1483 2665 1597 2694 Zonarw
1615 2675 1680 2702 quos
1701 2668 1781 2697 modo

147 2715 303 2745 recudimus.
320 2713 446 2745 Annales,
468 2719 496 2740 ut
511 2713 651 2748 fusioribus
670 2712 805 2739 illustrari
821 2713 1016 2739 commentariis
1033 2713 1140 2739 minimc
1155 2711 1267 2738 debeant
1283 2719 1292 2737 :
1312 2719 1371 2737 cum
1385 2712 1430 2746 qui
1442 2712 1470 2738 id
1482 2711 1632 2746 faciendum
1651 2712 1700 2738 sibi
1715 2721 1780 2746 pro-

146 2763 265 2795 poneret,
291 2758 427 2785 inutilibus
448 2759 533 2793 potius
549 2766 579 2784 ac
598 2758 800 2792 supervacaneis
825 2757 957 2783 Lectorem
973 2757 1099 2791 fatigaret
1120 2754 1355 2786 observationibus,
1375 2763 1455 2790 quam
1480 2755 1570 2782 labore
1585 2756 1674 2788 quovis
1689 2756 1778 2782 suble-

146 2809 228 2830 varet.
245 2803 283 2830 En
300 2804 394 2837 quippe
414 2806 452 2828 est
472 2801 620 2836 scriptionis
638 2801 713 2827 istius
735 2802 814 2833 ratio,
834 2805 863 2827 ut
877 2810 935 2836 qua:
954 2809 985 2828 ea:
999 2800 1149 2827 auctoribus
1164 2799 1352 2833 decerpantur,
1374 2800 1542 2834 atlingantur
1568 2799 1710 2831 duntaxat,
1731 2807 1778 2826 nec

147 2847 260 2882 pleniori
277 2847 397 2874 oratione
423 2845 633 2872 conscribuntur.
659 2844 790 2872 Continua
806 2850 939 2880 gestorum
954 2846 1044 2876 series,
1067 2849 1091 2870 et
1107 2843 1249 2870 secundum
1269 2843 1393 2870 certiores
1409 2847 1556 2878 teniporum
1572 2847 1649 2869 notas
1662 2842 1776 2877 digesta,

146 2892 173 2917 in
187 2890 239 2917 illis
255 2891 401 2917 attenditur
422 2890 597 2924 potissimum,
619 2888 684 2915 adeo
707 2893 735 2915 ut
759 2889 830 2924 ipsas
853 2889 988 2916 consulere
1013 2889 1126 2923 origines
1150 2894 1252 2914 necesse
1275 2887 1381 2918 habeat,
1406 2887 1451 2921 qui
1464 2887 1622 2922 prolixiores
1637 2886 1773 2920 cxpcticrit

146 2933 332 2966 narrationes;
353 2942 409 2960 cum
429 2941 518 2960 eorum
537 2933 581 2967 qui
595 2933 710 2960 condunt
722 2933 832 2960 annales
844 2934 1004 2970 prcrcipuum
1019 2933 1053 2960 sit
1068 2931 1216 2966 consilium,
1237 2935 1264 2958 ut
1282 2930 1428 2958 universali
1439 2931 1554 2963 quadam
1576 2937 1663 2957 rerum
1680 2930 1773 2958 coqui-
