2004 3157
859 168 918 177 ..μμ
938 165 950 170 υ

200 226 236 257 29
905 225 1113 256 ΡΒίΕΙῗΑΤῙΟ.
1782 221 1818 254 30

201 283 275 311 uiutn
295 283 488 310 historicorum
504 282 644 312 evolvere.
661 287 689 309 et
704 283 854 319 prmcipuas
867 291 911 311 res
925 293 1097 312 summorum
1112 284 1290 318 imperiorum
1309 291 1323 310 a
1336 282 1431 310 mutuli
1443 281 1569 314 exordio,
1594 286 1728 316 quantum
1753 281 1816 317 qui-

202 329 263 355 tlem
274 327 433 354 mortalitati
452 332 551 354 nostrae
566 334 727 354 concessum
745 332 797 357 est.
816 336 901 363 usque
915 329 947 356 ad
964 329 1033 356 hanc
1049 334 1168 359 aetatem,
1191 329 1317 362 ignorare
1331 327 1531 362 turpissimum.
1549 327 1614 354 Nam
1627 326 1649 354 si
1682 326 1817 354 Cicerone

203 379 314 400 auctore
330 372 402 400 inter
417 372 556 399 hominem
567 375 594 398 et
612 371 730 398 belluain
747 372 800 399 hoc
820 373 938 400 maxime
960 374 1088 405 interest,
1105 373 1178 408 qttol
1193 373 1252 400 haec
1268 377 1373 399 tantum
1402 377 1535 406 quantum
1564 379 1645 398 sensu
1679 375 1818 402 movetur,

203 417 236 443 ad
248 416 273 443 itl
290 417 460 451 soltintqttod
478 417 554 444 adest
573 418 702 452 quodque
719 425 839 451 prmsens
857 421 899 444 cst
915 426 943 444 se
954 418 1154 450 accommodat,
1169 417 1311 452 paululum
1325 417 1472 443 admodum
1497 416 1620 443 sentiens
1647 415 1819 450 pra‘tcritum

203 465 250 486 aut
265 460 396 491 futurum,
417 461 498 486 homo
513 466 604 487 autem
619 462 748 495 quoniam
773 461 888 488 rationis
918 466 960 488 est
985 462 1134 496 particeps,
1161 460 1357 495 coascqucnlia
1379 461 1479 490 cernit,
1510 459 1644 494 principia
1666 463 1694 486 et
1724 465 1822 486 causas

203 511 294 530 rerum
308 504 392 533 videt.
409 512 559 538 earumque
575 512 736 541 progressus
753 509 780 531 et
793 505 869 539 quasi
882 510 961 532 antec
973 506 1088 532 uisiones
1106 513 1159 532 non
1179 505 1299 539 ignorat,
1315 503 1514 531 similitudines
1534 507 1687 537 comparat,
1716 506 1745 528 et
1772 510 1817 528 re-

204 548 256 575 bus
273 548 456 582 prmscntibus
472 549 594 583 adiungit
608 555 691 583 atque
707 549 828 576 adnectit
842 549 957 579 futuras.
973 550 1051 577 facile
1066 550 1150 577 totius
1167 550 1228 576 vitze
1241 557 1352 576 rursum
1370 548 1456 575 videt.
1474 548 1505 574 ad
1522 555 1638 581 eamque
1665 545 1818 582 degendam

205 596 340 626 prmparat
356 599 400 618 res
414 593 590 625 necessarias,
605 593 648 619 vix
667 593 787 620 hominis
800 593 909 620 nomine
925 593 1024 627 dignus
1038 598 1080 620 est
1095 594 1140 628 qui
1159 593 1289 620 memoria
1308 597 1333 618 et
1363 592 1526 626 cogitatione
1553 591 1622 617 ultra
1650 598 1726 617 suam
1754 594 1821 616 aita-

206 640 260 661 tem
275 643 329 661 non
345 635 528 670 progreditur.
547 638 584 663 Ac
598 637 767 670 praescietitia
788 645 880 663 rerum
898 637 1061 668 futurarum,
1078 639 1099 664 si
1115 645 1168 671 qua
1192 641 1245 669 cst,
1272 635 1356 663 divini
1384 635 1475 670 potius
1503 642 1565 661 esse
1591 634 1711 660 muneris
1735 640 1818 668 quam

206 677 319 705 ltumaui
336 679 436 712 ingenii
449 679 571 705 creditur
586 688 593 706 ε
609 680 660 706 etsi
679 689 733 708 non
750 681 850 707 desunt
866 681 911 715 qui
923 681 964 708 vel
983 686 1079 708 natura
1095 681 1198 707 incitati
1217 680 1257 706 vel
1272 685 1331 706 arte
1357 679 1442 712 adiuti
1455 679 1496 704 vel
1525 686 1574 704 usu
1602 684 1696 704 rerum
1726 675 1818 703 edocti

205 730 236 748 ra
254 723 405 756 prtetiicuttt
421 731 480 757 qure
496 724 582 750 multo
598 730 658 758 post
673 724 764 751 futura
780 729 855 752 sunt.
876 725 942 758 Qure
961 725 1072 758 quidem
1088 724 1202 751 facultas
1217 730 1242 751 et
1267 724 1349 749 latius
1373 728 1478 756 pateret
1497 727 1523 747 et
1543 721 1630 747 multo
1660 725 1733 746 es<et
1759 720 1822 746 illu-

205 766 297 796 Strior,
316 773 338 792 SI
355 767 405 792 tria
423 767 480 793 lucc
498 767 523 794 in
542 776 595 794 uno
609 768 718 795 homine
731 770 963 803 coniungerentur
979 777 985 794 ε
999 769 1198 802 praeteritarum
1212 776 1303 795 autem
1320 767 1455 801 ignoratio
1469 767 1495 793 in
1523 765 1632 792 homine
1648 764 1751 791 littoris
1779 765 1822 790 vel

207 809 499 837 mcdiocritcrimluito
517 811 558 837 vix
574 812 655 838 ullam
673 812 754 839 habet
767 812 982 839 cvcusationem.
1001 813 1095 847 Neque
1110 814 1182 839 enim
1200 813 1226 838 in
1246 812 1307 843 liae,
1324 817 1353 838 ttt
1368 812 1394 838 iit
1412 812 1468 840 iila.
1485 811 1526 837 vel
1544 811 1576 837 de
1599 809 1636 836 rei
1662 807 1822 835 tliﬂ'icultatc

206 853 247 879 vel
261 853 294 879 de
307 859 410 880 natura:
424 860 523 882 nostra:
538 856 724 883 imbecillitate
739 857 816 890 queri
834 864 991 890 posuimus,
1008 856 1054 883 sed
1067 856 1108 883 vel
1127 856 1224 889 supina
1242 854 1407 890 negligentia
1421 854 1460 880 vel
1478 853 1623 887 occupatio
1653 860 1822 886 supervaca-

207 904 257 924 nea
273 899 314 926 vel
329 899 408 926 inane
427 899 576 934 voluptatis
592 900 713 927 studium
725 901 833 934 culpam
851 908 959 927 omnem
979 900 1107 927 sustinet.
1119 899 1186 931 Quis
1203 898 1277 924 enim
1300 898 1422 924 omnium
1453 896 1610 923 mortalium
1645 896 1679 921 ita
1706 894 1824 929 negotiis

206 942 420 976 oln-uilurquiii,
435 943 456 968 si
471 950 572 977 parcus
587 949 614 970 et
629 944 751 977 pruzieus
764 944 798 970 sit
814 944 945 978 temporis
962 943 1154 978 pretiosissimi
1169 949 1192 969 et
1206 941 1524 976 irreparabilisthesauri
1536 940 1720 974 dispensator.
1738 945 1820 964 unam

207 991 289 1020 atque
299 986 411 1013 alteram
425 987 519 1013 horam
541 987 655 1022 legendo
674 988 889 1022 meditandoque
905 988 1009 1022 absque
1025 989 1079 1014 ullo
1095 987 1270 1014 incommodo
1282 986 1448 1012 valetudinis
1464 989 1489 1012 et
1504 993 1595 1011 rerum
1624 991 1736 1011 suarum
1762 982 1823 1009 dis-

208 1030 308 1064 pendio
325 1031 448 1066 quotidie
461 1032 546 1066 possit
561 1032 741 1066 impendere?
760 1033 890 1060 Videmus
902 1034 974 1058 enim
988 1031 1088 1066 quibus
1103 1033 1192 1064 nugis,
1209 1039 1241 1057 ne
1254 1031 1318 1064 quid
1333 1031 1422 1056 dicam
1441 1030 1562 1063 gravius.
1587 1028 1725 1063 plerisque
1753 1031 1825 1053 tem-

207 1082 259 1108 pus
276 1080 380 1109 pereat,
394 1076 466 1110 quod
483 1076 563 1108 longe
581 1078 682 1104 rectius
697 1077 787 1104 studio
805 1076 946 1111 sapictili:e
960 1076 1137 1103 tribueretur.
1153 1075 1208 1102 Nec
1224 1075 1324 1109 injuria
1338 1073 1379 1100 vir
1394 1073 1572 1108 gravissimus
1600 1071 1707 1098 Seneca
1735 1069 1826 1097 excla-

207 1123 273 1147 mat.
293 1127 417 1153 maguaui
432 1120 494 1147 vitae
508 1126 612 1154 partem
625 1121 693 1147 nihil
710 1121 865 1154 agentibus,
887 1122 1017 1154 majorem
1033 1119 1103 1146 male
1121 1119 1275 1153 agentibus.
1290 1123 1374 1145 totam
1391 1117 1464 1144 aliud
1477 1116 1622 1151 agentibus
1637 1114 1719 1144 t-lalti,
1735 1120 1825 1147 eoque

207 1162 265 1189 fieri
285 1168 314 1190 tt:
330 1164 485 1190 necessaria
504 1166 662 1199 ignoremus
675 1166 804 1199 quoniam
816 1172 1020 1200 supervacanea
1032 1163 1222 1190 didicerimus.
1242 1161 1453 1196 Supervacauea
1474 1168 1556 1195 perm
1573 1158 1700 1193 intelligit
1723 1158 1824 1183 itnnio~

206 1205 299 1232 dicunt
311 1206 491 1241 voluptatum,
506 1208 628 1239 honoris.
642 1209 782 1243 potentias.
799 1209 978 1243 pceuniJ‘que
991 1207 1124 1241 studium,
1139 1207 1295 1233 necessaria
1308 1213 1373 1232 vero
1387 1204 1600 1239 philosophiam,
1613 1203 1665 1229 hoc
1678 1201 1824 1228 csthums‘

208 1256 303 1275 narum
320 1249 530 1285 diiiuarumque
547 1242 843 1286 rerumrcoguitionetn
861 1262 867 1279 :
882 1261 942 1286 qum
953 1253 975 1279 si
992 1242 1039 1278 ulli
1057 1250 1213 1277 mortalium
1228 1249 1346 1284 perfecta
1363 1249 1547 1282 contingeret.
1563 1246 1635 1273 haud
1653 1245 1737 1272 dubie
1767 1251 1826 1271 om-

208 1293 284 1319 nium
297 1294 367 1320 oculi
380 1299 462 1329 atque
478 1295 561 1322 animi
579 1296 604 1322 iu
617 1296 692 1322 illum
708 1304 791 1323 unum
803 1301 933 1330 tanquam
951 1296 1032 1322 deum
1045 1294 1189 1328 qur-milain
1207 1297 1444 1320 converterentur.
1462 1292 1541 1319 Nunc
1551 1291 1613 1325 quia
1631 1297 1730 1316 nomen
1745 1290 1827 1316 inane

209 1336 434 1370 multijactitant,
451 1339 579 1372 perpauci
594 1347 659 1364 vero
673 1339 709 1365 ita
729 1344 792 1365 sunt
812 1339 909 1364 morati
923 1343 952 1365 ut
969 1343 1042 1364 recta
1056 1338 1124 1363 ratio
1140 1337 1269 1370 pcvtulal,
1291 1336 1319 1362 fit
1335 1342 1365 1363 tit
1391 1343 1434 1362 res
1461 1335 1518 1369 ipsa
1550 1334 1631 1368 vulgo
1646 1342 1698 1360 uoti
1723 1332 1822 1359 intelli-

208 1384 333 1413 gatunet
350 1388 449 1407 nomen
463 1382 588 1408 odiosum
605 1390 680 1415 teque
696 1387 778 1416 atque
792 1382 938 1408 ridiculutn
954 1381 1098 1408 habeatur.
1129 1381 1214 1415 quue
1225 1380 1298 1407 haud
1324 1381 1381 1406 scio
1408 1387 1490 1414 quam
1524 1383 1608 1405 recte.
1638 1379 1730 1412 Neque
1751 1377 1825 1404 enini

209 1421 363 1456 disciplina:
376 1427 423 1450 aut
440 1425 502 1450 vita:
518 1432 605 1459 genus
619 1425 654 1451 oh
673 1425 817 1452 hominum
829 1425 966 1452 inscitiam
983 1431 1030 1453 aut
1045 1426 1252 1461 perversitatem
1264 1425 1325 1460 jure
1342 1424 1496 1451 traducitur
1511 1432 1518 1450 :
1536 1427 1563 1450 et
1575 1422 1623 1457 qui
1646 1427 1699 1448 tam
1727 1429 1823 1448 severe

205 1465 342 1499 jttdicaut,
360 1474 394 1492 ne
406 1468 570 1501 semetipsos
583 1468 707 1502 quidem,
725 1469 776 1495 nisi
791 1469 892 1496 utentis
906 1477 1002 1496 errore
1022 1470 1190 1501 afﬁciantur,
1209 1468 1376 1504 probabunt.
1390 1467 1522 1494 llomines
1537 1467 1611 1494 enim
1625 1471 1689 1493 sunt
1708 1469 1738 1492 ut
1769 1473 1822 1492 cze-

210 1508 271 1540 teri,
287 1513 315 1536 et
330 1509 427 1536 iisdem
443 1510 586 1538 allecti’hus
597 1511 710 1538 obnoxii
728 1522 734 1538 :
749 1517 777 1539 et
791 1520 886 1546 parum
900 1513 1013 1540 liberale
1028 1518 1070 1540 est
1086 1521 1171 1554 mitiga
1186 1517 1268 1547 atque
1281 1513 1398 1539 alterum
1416 1519 1521 1540 naevum
1538 1510 1679 1545 exagitare
1697 1509 1826 1536 dissimu~

208 1552 271 1579 latis
290 1553 453 1583 virtutibus.
466 1562 583 1589 quarum
599 1555 625 1582 in
637 1555 810 1590 philosophis
830 1564 885 1583 non
911 1557 1024 1584 minima
1054 1563 1096 1584 est
1123 1552 1247 1584 studium
1271 1555 1429 1591 inquirendi
1453 1554 1510 1581 vcri
1543 1558 1571 1581 et
1595 1552 1824 1580 nioderaudamtm

208 1597 445 1628 cupiditattttn,ut
462 1598 531 1626 intra
547 1603 650 1626 naturze
674 1601 865 1635 praescriptum
891 1606 1082 1631 coerceantur.
1109 1599 1263 1634 eodemque
1292 1607 1340 1633 pro
1366 1606 1414 1625 sua
1452 1597 1525 1624 virili
1552 1595 1721 1631 producendi
1743 1602 1827 1629 qttam

208 1641 352 1675 plttritttos.
369 1642 511 1670 Postulare
528 1648 618 1671 autem
632 1649 661 1671 ut
677 1644 695 1671 ii
709 1652 769 1671 sese
785 1645 854 1671 infra
870 1653 965 1672 omnes
978 1645 1086 1672 infimos
1108 1644 1233 1671 homines
1263 1643 1402 1678 abjiciant,
1434 1646 1461 1668 et
1483 1642 1509 1668 itt
1533 1640 1665 1667 extremis
1695 1639 1827 1666 sordibus

206 1683 371 1719 Cynicorum
386 1694 463 1714 more
481 1687 584 1720 vivant,
597 1688 724 1715 immanis
733 1693 775 1715 est
787 1689 903 1716 inscitia:
922 1694 1003 1724 atque
1016 1688 1161 1723 superbiae.
1180 1687 1232 1715 Sed
1249 1687 1282 1714 ad
1296 1687 1438 1714 historiam
1456 1685 1550 1717 redeo,
1575 1693 1636 1720 qua:
1663 1692 1725 1711 cum
1749 1691 1826 1710 cras-

209 1729 266 1755 sior
280 1730 403 1764 quredam
422 1731 593 1766 philosophia
608 1733 652 1763 sit,
668 1737 695 1760 et
710 1733 842 1767 exemplis
858 1735 948 1768 potius
961 1741 1042 1767 quam
1061 1732 1215 1759 rationibus
1229 1733 1312 1759 vitam
1329 1731 1438 1758 civilem
1467 1738 1498 1758 ac
1524 1731 1657 1765 privatam
1688 1729 1826 1757 instituat,

208 1780 263 1799 non
280 1774 394 1801 dubium
404 1779 446 1802 est
465 1776 531 1810 quin
546 1784 669 1810 magnam
688 1777 787 1803 haheat
806 1777 954 1803 utilitatem
969 1785 1032 1803 eum
1048 1784 1153 1803 summa
1167 1776 1303 1802 suavitate
1318 1776 1502 1810 coniunctam.
1515 1773 1544 1800 ln
1571 1781 1624 1808 qua
1643 1779 1704 1806 quae
1728 1771 1826 1805 prato-i-

212 1823 265 1850 pue
281 1817 450 1846 observanda
471 1820 536 1852 sint,
548 1819 698 1854 prudenter
713 1819 807 1847 Livius
823 1820 864 1847 his
885 1820 977 1847 verbis
994 1824 1086 1847 monet
1101 1829 1107 1845 τ
1127 1829 1135 1844 ί
1151 1820 1190 1847 Ad
1207 1820 1252 1846 illa
1264 1819 1330 1846 mihi
1347 1827 1396 1854 pro
1413 1826 1441 1846 sc
1455 1819 1570 1853 quisque
1584 1817 1684 1844 acriter
1701 1814 1826 1842 intendat

211 1861 344 1894 animum,
362 1871 421 1897 qua:
437 1865 502 1895 vita,
516 1865 562 1898 qui
581 1872 670 1891 mures
682 1864 794 1894 fuerint,
808 1873 856 1899 per
867 1873 937 1899 quos
954 1865 1028 1892 viros
1040 1866 1196 1900 quibusque
1211 1865 1318 1892 artibus
1332 1864 1406 1891 dottti
1431 1863 1588 1898 militiatque
1614 1867 1642 1888 et
1666 1864 1775 1895 partum
1799 1864 1829 1886 et.

211 1911 321 1931 auctum
335 1906 478 1940 imperium
491 1907 535 1935 sit.
556 1907 677 1934 Lubente
704 1908 803 1934 deinde
832 1909 962 1942 paulatim
987 1910 1141 1944 disciplina,
1173 1911 1248 1937 velut
1274 1910 1438 1937 dissidentes
1462 1909 1552 1943 primo
1573 1914 1664 1934 mores
1695 1908 1828 1940 sequatur

212 1949 314 1978 animo,
326 1949 424 1975 deinde
443 1955 471 1976 ut
487 1951 571 1984 magis
588 1951 729 1984 magisque
743 1951 810 1985 lapsi
823 1952 887 1982 sint.
901 1956 958 1978 ttttu
973 1953 1012 1979 ire
1029 1954 1164 1986 coeperint
1178 1953 1345 1987 priecipites,
1362 1952 1450 1979 donec
1466 1952 1499 1978 ad
1513 1951 1571 1978 hrcc
1594 1955 1728 1984 tempora,
1764 1947 1827 1982 qui-

212 1992 263 2017 bus
282 1999 332 2018 nec
347 1992 411 2019 vitia
426 1997 519 2019 nostra
538 2001 587 2020 nec
599 1995 692 2020 reined
705 2002 719 2020 a
738 1995 791 2028 pati
807 2002 964 2028 pessumus,
982 2000 1091 2021 vetitum
1108 2000 1159 2022 cst.
1175 1995 1231 2022 lloc
1246 1996 1312 2022 illttd
1323 2001 1365 2023 est
1381 1995 1516 2030 praecipue
1539 1994 1566 2021 in
1598 1992 1754 2027 cognitione
1781 1998 1828 2016 re-

213 2042 272 2060 rum
292 2035 402 2062 salubre
417 2044 448 2062 ac
463 2037 636 2071 frugiferum,
648 2037 736 2063 omnis
751 2041 776 2063 te
789 2038 904 2072 exempli
918 2038 1083 2064 documenta
1102 2038 1127 2064 iu
1141 2038 1240 2065 illustri
1257 2039 1343 2072 posita
1361 2038 1531 2064 monimento
1546 2036 1647 2063 intueri
1663 2044 1669 2062 :
1689 2034 1752 2061 inde
1778 2032 1828 2059 tibi

212 2083 318 2112 “neque
333 2079 370 2105 rei
389 2079 506 2113 publicai
524 2079 596 2114 quod
609 2079 716 2107 imitere
732 2080 834 2114 capias,
854 2080 916 2107 inde
931 2080 1034 2108 finitum
1053 2082 1175 2115 inceptu,
1192 2082 1295 2109 faidum
1318 2081 1404 2112 exitu.
1438 2081 1510 2116 quod
1537 2080 1616 2106 vites.
1652 2088 1660 2103 ι
1690 2077 1829 2104 "actem"

212 2122 266 2149 ille.
287 2121 340 2149 Sed
352 2127 379 2149 et
394 2123 501 2154 Cicero.
523 2128 703 2158 praeterquam
719 2124 791 2158 quod
808 2125 847 2150 ait
864 2133 873 2148 ‹
889 2125 993 2151 ucseirc
1012 2125 1076 2159 quid
1091 2131 1171 2153 antea
1186 2134 1267 2161 quam
1288 2131 1369 2152 natus
1382 2125 1419 2152 sis
1431 2124 1574 2154 acciderit.
1599 2123 1626 2150 id
1652 2126 1694 2149 est
1719 2127 1829 2154 semper

211 2173 270 2192 esse
286 2173 412 2200 puerum,
427 2176 434 2191 i
450 2167 554 2201 magnis
566 2172 647 2194 ornat
666 2167 793 2194 laudibus
805 2168 958 2201 historiam,
975 2177 1037 2196 cum
1052 2174 1149 2197 testem
1167 2174 1332 2205 temporum,
1345 2169 1435 2196 lucctn
1451 2167 1585 2198 veritatis,
1615 2166 1700 2192 vitam
1723 2171 1828 2191 metum

211 2210 267 2241 rice,
284 2211 441 2245 magistram
459 2211 529 2243 vita‘,
547 2211 670 2238 nuntiam
684 2212 828 2239 vetustatis
842 2213 1046 2247 appellat.Qu:e
1058 2222 1120 2240 eniti
1140 2222 1206 2241 vera
1219 2222 1279 2241 esse
1296 2221 1350 2240 non
1368 2220 1464 2247 negem
1478 2212 1578 2246 (neque
1593 2211 1666 2237 enim
1693 2215 1828 2244 quorum‘

210 2254 271 2280 dant
289 2254 411 2282 fabulosa
431 2260 583 2282 commenta
600 2262 657 2282 rem
670 2255 756 2289 ipsam
773 2263 950 2290 corrumpere
965 2262 1103 2291 possunt),
1125 2262 1226 2291 tatncn,
1243 2258 1265 2285 si
1285 2257 1401 2284 maxima
1418 2264 1450 2283 ex
1466 2260 1543 2290 parte
1561 2255 1684 2281 omnium
1716 2257 1828 2280 relatum

211 2299 335 2329 consilia.
349 2305 419 2328 acta.
437 2306 551 2325 eventus
566 2299 742 2331 :cstiinemus,
760 2299 824 2334 quid
840 2301 968 2327 estaliud
987 2301 1102 2328 historia
1137 2310 1219 2336 quatit
1249 2303 1345 2336 iugetis
1375 2300 1512 2335 quoddam
1538 2299 1648 2333 pelagus
1677 2306 1708 2324 ac
1737 2297 1830 2332 potius

211 2342 383 2377 naufragium
398 2342 555 2368 miserabile
567 2342 693 2369 humana:
703 2343 837 2375 stultitim,
855 2344 1038 2376 improbitatis
1050 2351 1076 2372 et
1093 2346 1221 2377 miseriae,
1237 2345 1418 2379 etspeculutn
1431 2345 1509 2378 longe
1524 2343 1659 2370 illustrius
1680 2341 1742 2368 vita:
1773 2340 1822 2375 pri-

211 2390 279 2412 vatae
291 2391 318 2413 et
331 2386 459 2421 politicac,
479 2394 560 2420 quam
577 2386 629 2412 ulla
648 2387 782 2413 conitedia
796 2392 842 2414 aut
861 2389 1087 2422 tragmu'ia?Qure
1101 2389 1228 2422 cogitatio
1240 2389 1266 2416 in
1279 2390 1361 2424 hujus
1376 2389 1467 2423 operis
1478 2387 1685 2415 elttcuhratioue
1698 2389 1831 2419 perpetuo

212 2430 431 2464 scnsibusatque
448 2430 541 2456 aniuio
558 2438 618 2456 meo
635 2431 776 2457 obversata
794 2436 846 2458 cst.
860 2431 923 2458 Sive
938 2432 1011 2458 cuitti
1026 2441 1101 2460 sacra
1111 2435 1168 2460 sive
1183 2433 1305 2467 profana,
1328 2433 1385 2460 sive
1417 2440 1486 2459 nova
1499 2432 1556 2458 sive
1579 2435 1672 2456 vetera
1700 2435 1828 2455 occurre-

213 2478 284 2504 rent,
302 2474 359 2500 sive
371 2473 482 2500 llebrzea
493 2473 550 2500 sive
560 2473 652 2500 Graeca
666 2479 858 2507 tractarentur,
874 2475 1004 2502 cramheu
1018 2476 1142 2503 eamdem
1157 2477 1254 2511 repeti.
1267 2476 1433 2503 cantinelain
1445 2475 1571 2502 eamdem
1594 2472 1656 2500 cani
1681 2471 1828 2498 videbam:

212 2517 303 2543 omnia
317 2518 395 2552 plena
408 2523 574 2549 enatorum,
592 2519 739 2549 scelerum.
757 2519 894 2550 fraudum.
914 2521 1128 2552 mendaciorum,
1143 2521 1355 2556 pr.estigiarum.
1389 2526 1588 2549 :erumnarum,
1612 2515 1828 2545 dissensioaum,

212 2562 341 2592 ('(L’tiillll).
355 2562 537 2589 cxcidiorum.
555 2563 588 2590 Ut
601 2571 645 2590 res
659 2563 716 2598 ipSa
735 2563 844 2590 abunde
859 2564 967 2597 doct-at,
986 2566 1133 2591 humanum
1151 2565 1289 2600 ingenium
1318 2565 1353 2591 ab
1378 2567 1438 2599 ipso
1467 2567 1528 2589 orttt
1555 2569 1617 2588 esse
1638 2561 1828 2594 depravatum.

212 2614 301 2640 neque
316 2606 425 2633 inanem
445 2607 582 2633 exstitisse
599 2607 720 2633 divinam
738 2608 967 2639 exsecrationem,
984 2616 1046 2635 cum
1061 2609 1163 2642 ubique
1183 2609 1267 2635 sudor
1289 2608 1390 2639 vultus,
1416 2608 1518 2640 ubique
1544 2604 1642 2632 tribuli
1671 2608 1699 2630 et
1731 2602 1828 2637 spioni.

214 2650 315 2684 tibique
327 2650 465 2684 serpentis
481 2650 587 2677 insidias
602 2656 761 2685 appareant.
780 2651 845 2678 Boni
859 2656 886 2679 ct
901 2652 1040 2687 simplices
1055 2652 1133 2687 pauci
1153 2657 1217 2678 sunt
1232 2660 1238 2678 :
1256 2657 1284 2678 et
1302 2652 1323 2678 si
1339 2652 1385 2685 qui
1400 2655 1475 2680 sunt,
1490 2649 1507 2676 ii
1521 2649 1588 2676 alias
1602 2656 1652 2683 per
1667 2646 1812 2682 imprudeu

213 2694 278 2719 tiam
298 2695 325 2720 in
346 2694 451 2720 faciatis
465 2698 558 2724 ruunt,
572 2694 638 2720 alias
655 2695 732 2721 malis
745 2696 877 2730 exemplis
889 2701 1114 2731 cortuinpuntur,
1144 2696 1235 2723 aliasa
1261 2697 1379 2722 maximo
1407 2693 1595 2728 improborum
1621 2697 1648 2718 et
1664 2690 1826 2718 callidorum

214 2746 330 2764 numero
342 2738 546 2772 opprimuntur.
565 2738 597 2764 Et
613 2747 770 2773 quanquam
783 2745 886 2767 natura:
903 2741 1044 2767 hominum
1062 2741 1117 2767 duo
1131 2740 1246 2774 insignia
1264 2747 1387 2770 notitiem,
1402 2738 1518 2765 facultas
1532 2737 1647 2764 rationis
1671 2741 1698 2762 et
1723 2735 1827 2762 oratio-

212 2783 395 2808 lt'StiiVillilllS
410 2786 474 2808 sunt
488 2789 628 2813 concessa,
645 2784 744 2817 quibus
762 2784 795 2810 ad
813 2785 1055 2819 contemplandum
1086 2790 1114 2812 ct.
1138 2784 1334 2812 celebrandum
1357 2785 1438 2818 hujus
1465 2781 1652 2809 universitatis
1681 2779 1827 2813 Optiiceut.

213 2831 239 2852 et
252 2826 284 2852 ad
298 2826 426 2853 tuendam
441 2834 473 2853 ac
487 2826 636 2860 jttvautiatn
653 2827 795 2855 hominum
811 2828 883 2855 inter
901 2829 975 2863 ipsos
987 2831 1211 2857 communitatem
1223 2828 1356 2855 utendqu
1369 2832 1438 2857 erat.
1469 2826 1495 2853 in
1525 2825 1629 2852 nttllum
1658 2827 1714 2851 fere
1743 2823 1827 2850 alium

216 2876 293 2896 usuin
305 2877 319 2896 a
332 2869 469 2904 plerisque
485 2878 516 2897 ea
535 2871 658 2897 converti
675 2871 810 2903 videmus,
827 2871 880 2898 nisi
898 2872 935 2899 ad
949 2873 1104 2907 expeditius
1118 2871 1268 2899 fallendum
1284 2875 1311 2898 et.
1333 2871 1503 2900 nocendum.
1531 2874 1559 2896 et
1584 2868 1743 2895 vastitatem
1772 2866 1826 2893 cfti~

214 2913 350 2940 ciendam.
362 2914 459 2941 Annon
489 2914 525 2940 ita
546 2915 708 2949 plerumque
721 2915 834 2947 vivitur,
851 2921 879 2943 ut
894 2917 1125 2949 quemadmodum
1139 2916 1203 2944 ferit:
1217 2914 1402 2942 itisolitudinc
1416 2919 1444 2942 et
1460 2914 1547 2943 silvis.
1576 2913 1664 2941 pisces
1689 2911 1715 2938 in
1738 2909 1824 2938 ﬂumi-
