2004 3157
145 225 182 257 25
855 225 1069 258 Pii/EFATIO.
1739 229 1777 259 25

146 282 250 309 codicis
267 282 425 317 posterioris
440 282 556 309 Caesarei
574 283 631 310 haec
657 283 818 309 scribuntur
834 290 841 308 :
865 280 934 307 Τοῦτ

984 281 1080 308 Βιϐλῑον
1094 283 1212 318 ὑπάρχει
1225 284 1334 319 Μιχαὴλ
1345 284 1393 311 τοῦ
1410 285 1512 313 Fluxa.
1533 286 1693 314 Promiscue
1707 293 1775 313 vero

147 327 229 353 hasce
242 327 372 360 epistolas
390 327 441 354 sub
459 328 570 354 nomine
586 327 699 354 Zonaraz
720 327 778 354 sive
799 326 890 361 Glyco:
907 333 1016 360 semper
1033 326 1127 353 laudat
1145 327 1273 358 Allatius.
1302 328 1352 355 lib.
1381 336 1398 356 ιι
1427 329 1464 356 De
1486 338 1613 356 consensu
1636 330 1776 364 utriusque

148 369 282 403 Ecclesia",
301 379 360 406 cap.
380 371 423 404 18,
441 380 468 398 ιι.
484 372 535 405 17;
549 372 596 398 lib.
615 379 655 402 Ill,
669 379 729 406 cap.
746 371 789 402 l5,
803 378 831 397 ιι.
849 370 875 401 8,
889 377 948 404 cap.
966 369 1010 400 16.
1025 377 1041 396 ιι
1066 370 1111 402 Ξιίς
1130 378 1191 406 cap.
1208 372 1253 402 18.
1267 380 1295 398 ιι.
1313 372 1340 403 8,
1359 376 1387 399 et
1398 378 1493 400 contra
1506 373 1686 408 Creygtonem
1707 374 1773 407 (59).

148 414 176 440 ln
198 414 298 448 quibus
320 415 431 449 quidem
452 416 520 442 locis
537 415 669 450 quasdam
690 424 722 442 ex
745 415 778 442 iis
808 415 929 448 integras
944 413 1099 448 exscripsit,
1122 414 1158 441 ita
1187 419 1227 445 ut.
1246 422 1309 442 cntn
1333 416 1481 447 scribebat.
1503 417 1583 452 cujus
1605 421 1698 443 essent
1719 425 1775 443 non

146 458 259 484 omnino
277 459 327 492 ipsi
349 467 399 493 pro
414 459 569 486 imluhitato
585 458 747 485 haberetur.
762 458 789 485 ll
804 458 938 485 duntaxat
952 464 1069 491 constat,
1091 459 1186 487 harum
1204 465 1345 488 auctorem
1359 462 1460 489 vixisse
1474 462 1526 489 sub
1546 462 1670 490 Mannele
1692 462 1775 490 Com-

147 509 228 531 neno.
247 506 303 529 tum
320 511 351 529 ex
368 503 595 538 Antapologclico
610 503 689 536 cujus
713 502 899 532 meminimus.
921 507 978 529 tum
1000 511 1032 529 ev
1050 503 1116 530 viris
1133 504 1272 538 primariis
1296 505 1366 532 aula:
1380 505 1533 540 Cpolitanze
1548 506 1651 540 quibus
1670 506 1776 540 aliquot

146 544 346 576 inscribuntur,
363 551 445 580 atquo
462 547 488 573 in
505 547 539 573 iis
558 546 663 573 Joanne
679 547 753 573 Duca
771 554 867 580 magno
881 546 1061 574 hetmriareha
1074 548 1233 578 elsebasto.
1249 549 1328 584 cujus
1348 557 1404 583 pne
1429 550 1545 583 caeteris,
1564 554 1594 576 ut
1615 549 1685 576 alios
1707 557 1775 582 pra:-

146 594 262 621 tcream,
279 591 383 617 mentio
396 590 516 617 occurrit
528 590 599 625 apud
619 591 741 618 Nicetam
758 591 824 625 (40),
838 594 865 617 et
882 591 1005 619 Manuele
1021 591 1163 620 Comneno
1177 592 1405 624 Sebastocratore,
1418 593 1465 627 qui
1482 601 1536 620 non
1550 593 1621 621 alius
1636 598 1678 620 est
1692 593 1726 620 ab
1742 600 1775 620 eo

146 635 225 666 cujus
242 634 346 667 pariter
361 634 486 661 meminit
500 634 650 661 Cinnamus
665 634 731 669 (4|).

181 676 296 709 Quando
312 685 377 704 vero
390 678 486 712 Glycas
503 678 611 708 vixerit,
627 686 658 705 ex
676 679 750 705 illius
760 679 881 706 llistoria
900 687 953 706 non
970 684 1127 715 promptum
1145 685 1188 708 est
1201 681 1310 716 assequi
1334 691 1340 708 :
1358 681 1466 708 tametsi
1491 681 1597 709 Zonara
1633 681 1773 716 posterio-

148 728 205 746 rem
223 721 316 752 l'uisse,
330 722 373 748 vel
388 727 463 749 certo
483 728 543 757 post
555 722 690 750 Zonaram
706 723 905 758 scripsisse,ex
917 732 950 750 eo
961 724 1115 758 colligimus
1124 724 1196 758 quod
1210 725 1284 751 illius
1299 724 1419 751 Annales
1435 733 1488 751 non
1502 725 1587 752 semel
1600 725 1695 752 laudet
1705 725 1773 758 (LE).

147 763 224 791 Unde
241 765 287 791 illo
301 766 387 792 multo
401 774 462 793 esse
480 767 661 801 posteriorem
676 775 731 793 non
745 767 846 794 desunt
860 768 907 802 qni
920 768 1186 803 conjiciunl.Neqnt-,
1203 768 1319 803 perinde
1333 776 1366 795 ex
1393 769 1558 798 Annalibus.
1583 769 1626 795 vel
1651 777 1685 796 ex
1712 769 1775 796 aliis

147 808 281 836 hactenus
292 809 375 837 editis
389 811 533 845 operibus,
547 811 660 839 Joannis
673 812 787 838 Zonarte
796 816 903 839 :etatem
914 812 992 846 plane
1013 812 1262 846 deprehendimus,
1277 812 1328 839 nisi
1343 813 1415 846 quod
1431 817 1493 847 post
1525 813 1672 847 imperium
1693 813 1776 841 Joanv

146 853 191 879 nis
203 852 338 880 Comneni
348 855 433 881 vitam
449 855 614 889 produxisse
628 855 746 889 ipsemet
761 855 888 882 videatur
901 856 1033 886 indicare.
1048 861 1131 891 atque
1143 857 1212 884 adeo
1223 857 1324 884 vixisse
1340 856 1464 884 Manuele
1477 857 1642 891 imperante,
1665 865 1679 884 a
1705 864 1771 890 quo,

146 901 176 924 ut
190 899 298 933 opinor,
316 899 373 933 ipse
386 905 414 926 et
429 900 592 927 Theodorus
606 901 760 932 Balsamon,
777 904 834 927 tum
850 900 952 935 Magna!
967 901 1097 928 Ecclesiae
1114 901 1267 935 Cpolitanre
1298 901 1483 936 nomophylax
1504 905 1532 928 et
1563 901 1774 936 chartophylax,

147 941 247 969 deinde
260 943 452 971 Antiochenus
466 944 634 979 patriarcha,
652 945 824 972 suntdelecti
839 949 868 971 ut
879 952 973 972 sacros
989 953 1109 973 canones
1124 945 1294 980 inspicerent
1306 950 1334 972 et
1345 953 1406 980 qua:
1418 945 1446 972 in
1459 946 1491 973 iis
1504 946 1665 972 obscuriora
1677 953 1776 972 occur-

148 991 242 1012 rerent.
262 987 523 1022 interpretarentur,
539 989 581 1015 vel
600 997 659 1023 qua:
674 990 850 1023 aliquatenus
871 989 979 1024 legibus
1002 989 1143 1016 adversari
1170 989 1330 1016 viderentur
1360 989 1556 1021 observarent;
1582 989 1654 1023 quod
1683 989 1716 1015 de
1746 997 1775 1016 se

148 1033 264 1056 testatur
280 1031 424 1058 Balsamon
442 1032 468 1058 in
482 1031 643 1059 Praefatione
659 1032 693 1059 ad
706 1032 908 1066 expositionem
919 1032 1133 1060 Nomocanonis.
1148 1033 1226 1066 Quod
1258 1033 1372 1067 quidem
1399 1033 1432 1059 ad
1455 1033 1545 1067 ipsum
1574 1033 1706 1059 Zonaram
1733 1041 1777 1059 re-

146 1073 212 1100 ferri
231 1079 330 1108 potest.
343 1076 390 1109 qui
411 1083 477 1102 suos
492 1076 518 1102 in
540 1084 660 1103 canones
672 1075 894 1104 Commentarios
913 1085 967 1104 non
984 1081 1081 1111 suapte
1097 1077 1143 1103 sed
1161 1076 1275 1103 alterius
1289 1077 1366 1111 jussu
1383 1084 1411 1104 se
1438 1069 1637 1111 conscripsisse
1673 1077 1775 1111 prodit,

146 1119 185 1145 uti
201 1127 283 1153 supra
295 1119 516 1153 observavimus,
532 1121 569 1148 ita
583 1126 674 1148 tamen
688 1125 718 1148 ut
736 1121 858 1148 Zonaras
871 1130 936 1149 suos
951 1121 1075 1148 emiserit
1094 1126 1157 1148 ante
1173 1121 1377 1152 Balsamonem.
1391 1128 1406 1148 a
1421 1129 1475 1155 quo
1486 1128 1540 1147 non
1554 1120 1638 1147 semel
1656 1125 1684 1147 et
1711 1128 1773 1147 cum

146 1163 237 1197 elogio
252 1163 274 1190 is
292 1163 431 1191 laudatur.
443 1165 481 1191 Ex
497 1165 600 1200 quibus
618 1166 716 1193 saltem
731 1166 795 1193 licet
805 1167 945 1201 colligere,
958 1165 1010 1192 sub
1039 1164 1164 1191 Manuale
1192 1164 1292 1191 vixisse
1315 1164 1452 1190 Zonaram
1476 1168 1560 1198 atque
1585 1164 1653 1190 adeo
1685 1164 1774 1197 ipsum

145 1207 268 1241 Glycam,
285 1207 307 1234 si
323 1208 433 1241 quidem
447 1208 521 1235 illius
548 1209 750 1243 suntepistolm
773 1210 806 1236 de
834 1209 935 1244 quibus
960 1209 1086 1243 aglmus:
1120 1207 1193 1241 quod
1228 1212 1303 1234 certe
1326 1207 1443 1234 suadere
1473 1207 1584 1234 videtur
1616 1207 1777 1241 siriptionis

146 1258 199 1285 qua
217 1251 243 1278 in
260 1252 414 1279 Annalibus
430 1253 520 1279 utitur
533 1253 614 1283 ratio.
629 1253 676 1279 ubi
692 1261 777 1280 sacrm
792 1254 942 1288 Scriptura:
955 1252 1048 1285 potius
1061 1259 1143 1286 quam
1174 1251 1344 1278 illustranda:
1374 1251 1498 1278 historia:
1529 1255 1602 1278 totus
1625 1251 1774 1278 incumbit.

146 1294 218 1327 Quin
232 1295 314 1322 etiam
331 1296 358 1323 in
377 1296 410 1322 iis
424 1300 598 1323 astronomos
611 1296 700 1330 carpit
713 1301 740 1322 et
757 1297 818 1323 illos
834 1296 880 1330 qui
897 1301 1032 1323 astrorum
1043 1295 1237 1322 affectionibus
1253 1295 1388 1330 quidquid
1408 1295 1436 1322 in
1472 1301 1545 1322 terra
1571 1296 1662 1327 agitur
1686 1296 1774 1321 ascri-

146 1339 226 1372 bunt,
243 1339 312 1366 adeo
331 1340 436 1370 ιιιτοὺς
453 1338 502 1374 μὲῂ
516 1340 643 1374 πόρνους,
662 1341 725 1370 τοὺς
748 1340 776 1366 δὲ
795 1340 904 1374 μθιχοὺς
915 1349 937 1366 κο

984 1340 1075 1369 inoo;
1096 1339 1176 1365 πάλιν
1198 1340 1296 1372 φονέας
1322 1340 1369 1365 καὶ
1397 1340 1526 1373 ἅρπαγας
1551 1339 1670 1366 elliciant
1701 1339 1775 1373 (45);

146 1383 220 1417 quod
240 1388 268 1410 et
280 1383 370 1417 ipsum
389 1383 486 1410 iisdem
503 1382 590 1410 ferme
605 1383 699 1410 verbis
715 1383 833 1409 habetur
851 1383 877 1409 in
892 1383 1118 1417 Antapologetico
1134 1383 1214 1417 cujus
1230 1390 1313 1416 supra
1327 1383 1506 1409 meminimus
1525 1392 1531 1409 :
1551 1383 1616 1409 licet
1641 1382 1773 1415 fateatur,

147 1431 217 1454 utet
233 1432 330 1454 auctor
342 1427 574 1461 Autapologetici,
590 1427 675 1454 multa
693 1435 727 1454 ex
741 1427 864 1454 siderum
880 1426 1076 1454 aﬂectionibus
1092 1426 1215 1460 etsignis
1237 1425 1398 1453 caelestibus
1426 1425 1453 1452 id
1478 1425 1551 1461 quod
1582 1425 1705 1452 futurum
1737 1426 1774 1452 sit

146 1478 198 1497 nos
211 1478 291 1505 posse
307 1471 475 1504 conjectare.
492 1471 529 1497 Ex
540 1471 641 1505 quibus
653 1479 707 1498 non
720 1470 835 1498 omnino
849 1476 938 1498 tamen
953 1470 1099 1511 coniicitur
1115 1470 1274 1497 Michaelem
1302 1469 1412 1505 Glycam
1427 1477 1488 1497 esse
1508 1474 1649 1496 auctorem
1674 1470 1778 1504 episto-

145 1515 235 1542 larum
247 1515 280 1542 de
297 1515 399 1550 quibus
414 1516 528 1549 agimus.
543 1523 605 1541 cum
621 1514 738 1542 trivialis
751 1519 779 1542 et
802 1514 949 1550 quibusvis
966 1515 1046 1541 obvia
1063 1515 1244 1550 sitejnsmodi
1261 1514 1334 1541 circa
1352 1519 1490 1541 astrorum
1522 1513 1643 1541 inﬂuxus
1665 1518 1778 1540 senten-

146 1559 196 1591 tia,
212 1564 295 1593 atque
306 1558 374 1586 adeo
388 1559 474 1594 ipsius
490 1558 657 1589 sitZonaras.
669 1559 714 1594 qui
734 1559 761 1585 in
777 1559 930 1586 Annalibus
944 1558 999 1593 (44)
1029 1559 1115 1586 lleum
1137 1564 1210 1586 astra
1225 1557 1382 1585 condidisse
1395 1558 1490 1585 scribit
1505 1562 1535 1584 ut
1547 1561 1628 1584 terra:
1654 1558 1778 1584 ambitus

146 1611 197 1638 per
209 1611 242 1630 ea
259 1603 447 1630 illustraretur
465 1608 493 1630 et
509 1610 640 1630 mensura
657 1603 792 1638 temporis
803 1611 836 1630 ex
853 1611 948 1630 eorum
964 1602 1128 1630 circnitibns
1142 1606 1294 1637 peteretur,
1308 1609 1362 1629 non
1381 1609 1447 1628 vero
1481 1606 1511 1628 ut
1533 1609 1587 1628 una
1610 1609 1674 1629 cum
1700 1606 1776 1628 motu

146 1647 287 1674 stellarum
303 1647 397 1674 omnia
411 1652 504 1674 nostra
521 1647 764 1674 circumferantur.
779 1647 838 1675 Jam
854 1655 920 1675 vero
935 1647 1087 1674 Manuelem
1112 1647 1308 1681 imperatorem
1331 1647 1509 1672 astronomiae
1532 1645 1594 1680 plus
1620 1653 1703 1680 quam
1729 1653 1778 1680 par

146 1696 206 1718 erat
218 1699 329 1726 operam
345 1692 524 1726 impendisse,
537 1696 565 1718 et
578 1692 783 1726 astrologorum
801 1699 888 1727 nugas
906 1699 956 1726 pro
968 1692 1089 1719 oraculis
1103 1691 1259 1725 excepisse,
1272 1694 1390 1717 testatur
1409 1697 1464 1716 non
1481 1697 1536 1716 uno
1551 1690 1612 1717 loco
1622 1689 1733 1717 Nicetas
1748 1689 1777 1716 in

146 1736 221 1763 illius
235 1736 295 1763 Vita
313 1736 380 1771 (45),
396 1735 483 1769 Quem
497 1735 608 1770 quidem
624 1735 696 1762 haud
714 1735 814 1762 mirum
828 1736 992 1763 sententiam
1009 1743 1084 1762 suam
1099 1735 1126 1762 in
1148 1735 1264 1770 epistola
1278 1734 1311 1761 ad
1326 1733 1493 1761 monachum
1508 1733 1633 1760 firmasse
1661 1738 1703 1760 tot
1730 1741 1777 1760 sa-

146 1786 199 1806 crae
210 1779 359 1814 Scriptura:
375 1784 403 1806 et
416 1779 528 1806 Patrum
541 1779 765 1810 auctoritatibus,
784 1787 847 1806 cum
863 1788 876 1806 a
891 1779 1027 1806 Cinname
1039 1779 1095 1814 (46)
1116 1778 1218 1806 divinis
1228 1777 1344 1813 perinde
1372 1785 1404 1805 ac
1428 1777 1643 1805 humanioribus
1671 1777 1776 1804 litteris

147 1823 296 1851 admodum
315 1825 476 1855 instructus,
489 1828 517 1850 et
535 1823 608 1850 bello
622 1823 714 1851 clarus
731 1823 853 1855 habitus,
871 1823 984 1850 Martem
999 1828 1027 1850 et
1038 1823 1204 1850 Mercurium
1223 1829 1276 1849 una
1288 1826 1316 1848 et
1333 1821 1415 1864 simul
1432 1821 1553 1848 coluisse
1582 1820 1691 1848 dicatur
1706 1827 1713 1846 :
1741 1819 1779 1847 ita

149 1873 180 1895 ut
194 1868 312 1895 Manucli
327 1867 414 1903 aptari
433 1867 554 1903 potuerit
569 1867 641 1902 quod
656 1867 823 1903 Calpurnius
839 1867 894 1903 (47)
909 1868 943 1895 de
959 1868 1062 1895 Carino
1077 1868 1244 1903 imperatore
1261 1865 1367 1894 cecinit
1381 1873 1388 1893 :

581 1933 716 1967 Utcunque
731 1939 820 1961 tamen
834 1935 1015 1968 conspeximus
1032 1935 1117 1967 ipsum

580 1968 704 2003 Longius,
724 1978 764 2000 ac,
783 1971 832 1996 nisi
845 1978 885 1996 me
900 1970 998 2003 decepit
1009 1970 1086 2001 viam,
1096 1970 1123 1996 in
1139 1978 1190 1996 uno

581 2004 615 2030 Et
628 2003 725 2031 Martis
742 2004 829 2031 vultus
844 2009 868 2030 et
880 2003 1011 2038 Apollinis
1022 2011 1076 2030 esse
1091 2005 1192 2039 putaui.

183 2091 433 2128 (sensium.
497 2126 503 2128 _
572 2127 613 2128 η
1028 2091 1084 2128 ut)
1099 2090 1280 2128 _|.tib.i,n.-‘-i_.

184 2123 239 2162 [40)
257 2128 285 2155 In
293 2123 389 2155 Alexio
408 2127 479 2154 Man.
494 2126 512 2154 l.
525 2135 553 2154 ιι.
570 2127 630 2154 7-9.
1024 2123 1081 2161 (45)
1098 2126 1158 2154 Lib.
1172 2123 1203 2160 n,
1220 2135 1249 2154 ιι.
1265 2126 1295 2160 7;
1310 2127 1361 2155 lib.
1373 2134 1402 2160 v,
1417 2133 1447 2154 ιι.
1460 2126 1489 2159 2,
1500 2125 1536 2158 8;
1551 2123 1601 2152 lib.
1617 2132 1666 2156 vn,
1697 2132 1726 2152 ιι.
1746 2126 1772 2153 ’1.
1807 2141 1810 2143 λ

194 2163 239 2197 ll)
254 2163 315 2190 Lib.
330 2171 357 2195 v,
369 2161 516 2192 ιι.14,15.
668 2196 671 2197 ν

498 2162 516 2189 ἰ.
668 2196 671 2197 ν
1024 2163 1080 2197 (46)
1094 2162 1155 2190 Lib.
1169 2171 1205 2193 v1,
1222 2171 1251 2191 ιι.
1261 2162 1289 2190 2.

194 2163 239 2197 tt)
254 2163 315 2190 Lib.
330 2171 357 2195 v,
369 2171 398 2190 n.
415 2163 516 2192 “.15.
1024 2163 1080 2197 (46)
1094 2163 1155 2190 Lib.
1169 2171 1205 2193 νι,
1222 2171 1231 2189 ι

181 2163 239 2234 ita)
253 2199 351 2234 Glyeas
368 2206 395 2233 p.
410 2197 472 2234 140,
488 2197 552 2231 286,
564 2197 628 2231 294,
642 2196 706 2226 297.
1024 2199 1081 2233 (47)
1101 2198 1160 2225 Ecl.
1178 2198 1231 2226 ult.

182 2233 239 2270 (45)
254 2233 351 2270 Glycas
368 2241 395 2268 p.
409 2233 456 2262 26.

818 2424 1104 2471 LECTORI.

149 2523 268 2548 Montium
280 2522 436 2552 subsequens
448 2521 644 2553 praemittebatur
655 2521 726 2546 Notis
737 2519 862 2545 historicis
868 2519 908 2545 Du
919 2519 1003 2552 (Σευεῆ
1012 2526 1075 2551 quas
1084 2526 1115 2545 ex
1132 2519 1200 2545 calce
1211 2522 1230 2546 ι.
1243 2519 1266 2545 ll
1274 2522 1404 2547 revocatas
1420 2521 1500 2546 textui
1516 2520 1678 2550 subiecimus.
1701 2520 1771 2547 Ειιιτ.

185 2674 322 2709 Ejusmodi
347 2679 407 2700 sunt
427 2675 472 2705 qui
493 2674 643 2709 generalem
665 2674 811 2709 prwsertim
833 2677 953 2707 spectant
977 2674 1126 2706 historiam,
1152 2673 1374 2709 quemadmodum
1398 2676 1462 2699 sunt
1483 2671 1596 2700 Zonarw
1616 2681 1680 2708 quas
1701 2675 1780 2703 modo

148 2722 304 2752 recudimns,
320 2720 447 2752 Annales,
468 2726 496 2746 ut
511 2720 651 2755 fusioribus
671 2719 805 2746 illustrari
821 2719 1016 2746 commentariis
1033 2718 1140 2745 minime
1156 2717 1266 2744 debeant
1283 2725 1292 2744 :
1312 2718 1430 2752 cumqui
1442 2718 1470 2745 id
1482 2717 1632 2753 faciendum
1651 2718 1700 2744 sibi
1715 2726 1780 2753 pro-

148 2771 266 2801 poneret,
291 2765 428 2792 inutilibus
449 2766 533 2800 potius
549 2773 580 2791 ac
598 2764 800 2798 supervacaneis
825 2763 956 2790 Lectorem
972 2763 1099 2798 [atigaret
1121 2760 1355 2792 observationibus,
1375 2769 1454 2796 quam
1480 2761 1570 2789 labore
1585 2763 1674 2795 quovis
1689 2762 1778 2788 suble-

147 2815 229 2837 tlttt‘t’l.
245 2810 284 2836 Eu
301 2811 396 2844 quippe
415 2813 452 2835 est
472 2808 621 2842 scriptionis
638 2807 713 2834 istius
735 2808 814 2839 ratio,
835 2812 863 2834 ut
877 2816 935 2842 quia
954 2815 985 2834 ex
999 2806 1150 2834 auctoribus
1164 2805 1352 2839 decerpantur,
1374 2806 1542 2841 ntlingantur
1568 2806 1710 2837 duntaxat,
1731 2813 1778 2832 nec

148 2853 261 2889 pleniori
278 2854 398 2880 oratione
424 2852 634 2879 conscribuntur.
659 2850 790 2878 Continuo
806 2857 938 2886 gestarant
954 2852 1044 2883 series,
1067 2855 1091 2877 et
1107 2849 1250 2877 secundttm
1270 2849 1393 2876 certiores
1410 2853 1557 2884 ternpornm
1572 2853 1648 2875 natas
1662 2849 1775 2884 digesta,

148 2899 174 2924 in
188 2897 239 2924 illis
255 2897 401 2924 attenditur
423 2897 598 2931 potissimum,
620 2894 685 2922 adeo
707 2899 736 2921 ut
759 2895 831 2930 ipsas
854 2896 988 2923 consulere
1013 2895 1126 2930 origines
1150 2901 1252 2920 necesse
1275 2893 1381 2924 habent,
1406 2894 1451 2928 qui
1464 2893 1622 2928 prolixiores
1637 2893 1774 2927 expetieril

148 2940 333 2973 narrationes;
354 2948 410 2967 cum
430 2948 519 2967 eorum
539 2939 583 2974 qui
596 2939 710 2966 condunt
722 2939 832 2966 attnales
845 2940 1004 2975 pru'cipuum
1019 2940 1053 2966 sit
1067 2937 1216 2971 cortsilittm,
1238 2941 1264 2963 ut
1282 2937 1428 2965 universali
1439 2938 1555 2971 quadam
1576 2945 1664 2964 rerum
1681 2937 1772 2965 cauni-
