2004 3157
855 167 912 177 ..ι-κ
933 165 945 170 ··

195 225 230 256 29
900 225 1108 256 ΡΒίΕΙῖΑΤῙΟ.
1777 221 1814 255 30

197 283 270 310 nium
291 283 483 310 historicorum
499 282 639 312 evolvere,
656 286 684 309 et
699 283 849 319 przccipuas
862 292 906 312 res
920 293 1092 312 summorum
1107 284 1286 318 imperiorum
1304 292 1319 310 a
1332 282 1426 310 mundi
1438 282 1564 314 exordio,
1589 286 1723 317 quantum
1748 282 1811 318 qui-

197 328 258 355 dem
269 327 428 354 mortalitati
447 332 546 354 nostra!
561 334 723 354 Comessum
741 332 793 357 est.
810 336 896 364 usque
911 330 943 356 ad
959 330 1028 356 hanc
1044 334 1163 360 aetatem,
1186 329 1313 362 ignorare
1326 327 1527 362 turpissimum.
1543 327 1609 354 Nam
1622 327 1644 354 si
1677 326 1812 354 Cicerone

197 378 309 399 auctore
325 372 397 399 inter
413 372 589 399 homiucmet
607 370 726 398 belluam
743 373 795 400 hoc
816 374 934 400 maxime
956 374 1083 405 interest,
1100 373 1172 408 quol
1189 373 1247 400 hate
1263 378 1368 400 tantum
1397 377 1530 406 quantum
1559 379 1641 398 sensu
1674 375 1813 402 movetur,

199 417 231 442 ad
243 415 268 442 id
285 417 372 442 solum
383 417 456 451 quod
473 417 549 444 adest
569 417 698 452 quodque
715 425 835 451 prmscns
853 421 895 444 est
910 426 938 445 se
949 419 1149 450 accommodat,
1164 418 1306 452 paululum
1320 417 1467 444 admodum
1493 417 1615 444 sentiens
1642 416 1814 450 przrteritum

198 465 245 486 aut
260 459 392 491 futurum,
412 460 493 486 homo
508 466 599 487 autem
614 462 744 495 quoniam
768 461 883 488 rationis
913 466 955 488 est
980 463 1130 496 particeps,
1157 460 1352 496 consequentia
1374 461 1474 491 cernit,
1505 460 1639 494 principia
1660 464 1689 487 et
1719 465 1816 486 causas

198 511 289 530 rerum
303 503 388 533 videt.
405 511 554 538 earumque
570 512 731 540 prpgressus
748 509 775 530 et
788 505 864 539 quasi
878 506 1083 532 antecessiones
1102 514 1154 532 non
1174 506 1294 539 ignorat,
1311 504 1508 531 similitudines
1529 507 1682 538 comparat,
1711 507 1740 529 et
1767 510 1812 529 re-

200 548 251 575 bus
268 548 452 582 praesentibus
467 549 589 582 adiungit
603 555 686 583 atque.
703 549 824 576 adnectit
837 549 953 579 futuras,
967 550 1046 577 facile
1060 550 1146 577 totius
1162 551 1223 576 vitae
1236 557 1348 576 cursum
1365 549 1450 576 videt.
1469 549 1500 575 ad
1517 555 1634 581 eamque
1660 546 1813 582 degendam

199 596 335 626 praeparat
352 599 395 617 res
409 592 585 624 necessarias,
601 593 644 618 vix
662 592 783 619 hominis
795 593 905 619 nomine
920 593 1019 627 dignus
1033 598 1075 620 est
1090 594 1135 628 qui
1153 593 1284 620 memoria
1303 597 1329 619 et
1358 593 1521 627 cogitatione
1547 591 1617 618 ultra
1644 598 1722 618 suam
1749 595 1816 617 mla-

201 640 255 660 tem
270 643 324 660 non
339 635 524 670 progreditur.
542 638 579 663 Ac
593 636 762 670 praescieutia
784 645 875 663 rerum
893 637 1056 667 futurarum.
1073 639 1094 664 si
1110 646 1162 671 qua
1187 641 1240 669 est,
1267 636 1351 663 divini
1379 636 1469 670 potius
1498 642 1560 662 esse
1586 635 1706 661 numeris
1730 641 1812 668 quam

201 677 313 704 humani
331 679 432 713 ingenii
444 679 566 705 Creditur
581 688 588 706 :
605 680 655 706 etsi
675 689 728 707 non
746 681 844 707 desunt
861 681 907 715 qui
919 681 959 707 vel
978 686 1075 707 natura
1090 681 1194 707 incitati
1211 681 1252 706 vel
1267 685 1326 706 arte
1352 679 1437 713 adiuti
1450 679 1491 705 vel
1520 686 1569 705 usu
1598 685 1691 705 rerum
1721 677 1813 704 educti

200 730 231 748 ea
249 723 400 756 prmdicunt
416 731 475 756 qure
491 724 578 750 multo
594 730 653 757 post
669 724 760 751 futura
776 729 850 752 Slltll.
871 725 937 758 Qure
957 725 1067 758 quidem
1083 725 1197 751 facultas~
1211 729 1238 751 et
1262 724 1344 750 latius
1368 728 1473 756 pateret
1492 727 1518 749 et
1538 722 1624 748 multo
1655 726 1728 748 esset
1754 721 1817 748 illit-

199 766 292 796 strior,
311 767 332 792 si
350 767 400 792 tria
418 767 475 794 hmc
493 767 518 794 in
537 775 591 794 uno
603 769 714 795 homine
727 770 958 804 conjungerentur
974 777 980 794 :
994 769 1193 802 pnutcritarum
1207 776 1298 795 autent
1315 768 1450 802 ignoratio
1464 768 1490 793 in
1517 766 1628 793 homine
1643 765 1746 792 litteris
1774 765 1817 791 vel

202 809 376 836 mediocriter
388 809 494 837 itnlmto
512 811 554 838 vix
569 812 650 838 ullam
668 812 749 839 habet
762 812 978 839 eveusationem.
996 812 1090 847 Neque
1105 814 1177 839 enim
1195 813 1221 839 in
1241 813 1302 844 hac,
1319 818 1348 838 ut
1363 812 1389 839 iu
1407 813 1462 841 illa.
1480 811 1521 837 vel
1539 812 1572 838 de
1593 810 1631 837 rei
1657 808 1816 836 difﬁcultate

200 853 242 879 vel
256 853 289 879 de
301 859 405 880 natura:
419 859 519 882 nostrre
533 856 720 883 imbecillitate
734 857 812 890 queri
829 864 986 891 possumus,
1003 856 1049 882 sed
1063 856 1103 883 vel
1122 856 1219 890 supina
1237 855 1402 890 negligentia
1416 855 1455 881 vel
1472 854 1618 888 occupatio
1648 860 1816 887 supervaca-

202 904 252 924 nea
267 899 309 925 vcl
323 899 404 926 inane
422 899 571 934 voluptatis
587 901 708 927 studium
720 902 828 934 culpari]
845 908 954 927 omnem
974 900 1102 928 sustinet.
1114 899 1181 932 Quis
1198 898 1272 925 enim
1295 899 1417 924 omnium
1448 897 1605 923 mortalium
1640 896 1675 922 ita
1701 894 1819 930 negotiis

201 942 328 968 obruitur
339 943 415 976 quin,
430 943 452 968 si
466 951 567 977 parcus
582 949 609 970 et
624 944 746 978 prudens
759 944 793 971 sit
809 945 940 978 temporis
957 943 1148 978 pretiosissimi
1164 950 1187 969 et
1200 941 1519 976 irreparaliilisthesauri
1531 941 1715 974 dispensator,
1733 945 1815 965 unam

202 990 284 1019 atque
294 986 406 1012 alteram
420 986 514 1013 horam
536 987 650 1022 legendo
669 988 884 1022 iii-aliiamloque
899 988 1003 1022 absque
1020 989 1074 1014 ullo
1090 987 1264 1014 incommodo
1277 986 1443 1013 valetudinis
1459 990 1485 1012 et
1498 993 1590 1012 rerum
1619 991 1731 1010 suarum
1757 982 1818 1010 dis-

203 1030 304 1064 pendio
320 1031 443 1065 quotidie
456 1032 541 1066 possit
556 1032 736 1066 impendi-re?
755 1033 885 1060 Videmus
896 1034 968 1058 enim
982 1031 1083 1066 quibus
1097 1033 1187 1065 nugis,
1203 1039 1236 1057 uo
1249 1031 1312 1064 quid
1328 1031 1416 1057 dicam
1436 1030 1556 1063 gravius,
1582 1029 1720 1062 plerisque
1748 1031 1820 1054 teut-

203 1082 254 1108 pus
271 1079 375 1109 pereat,
388 1075 461 1110 quod
479 1077 558 1108 longe
576 1078 678 1104 rectius
691 1077 782 1103 studio
800 1076 941 1110 sapientia:
954 1076 1132 1102 tribueretur.
1148 1075 1203 1102 Nec
1219 1075 1318 1109 injuria
1332 1074 1373 1100 vir
1389 1073 1567 1108 gravissimus
1595 1073 1702 1098 Seneca
1730 1070 1820 1097 excla-

202 1123 268 1147 mat,
288 1127 412 1153 magnam
427 1120 489 1146 vita:
503 1126 607 1153 partem
620 1120 688 1147 nihil
704 1121 860 1154 agentibus.
882 1121 1011 1154 majorem
1028 1120 1098 1146 male
1116 1119 1270 1154 agentibus.
1285 1123 1369 1145 totam
1385 1117 1458 1144 aliud
1472 1117 1617 1151 agentibus
1632 1114 1714 1145 elabi,
1731 1120 1820 1148 eoque

203 1161 260 1188 fieri
279 1168 308 1190 ιιι
324 1164 480 1190 necessaria
499 1165 658 1198 ignoremus
671 1165 799 1199 quoniam
811 1172 1014 1199 supervacanea
1027 1163 1217 1190 didicerimus.
1237 1162 1448 1196 Supervacanea
1468 1168 1552 1195 porro
1567 1159 1695 1193 intelligit
1718 1158 1818 1184 immo~

201 1204 294 1232 dicunt
306 1206 486 1241 voluptatum,
500 1208 623 1239 honoris,
637 1208 777 1242 potentizc.
794 1209 973 1243 peeuuiwque
986 1207 1119 1241 studium,
1134 1207 1290 1233 necessaria
1303 1213 1367 1232 vero
1381 1204 1595 1240 philosophiam,
1608 1203 1660 1230 hoc
1673 1202 1820 1229 csthuml-

203 1256 298 1275 narum
315 1249 525 1285 divinartunque
542 1259 634 1279 rerum
651 1253 838 1286 cognitionem
856 1260 936 1286 :qua:
948 1252 970 1279 si
987 1251 1034 1278 ulli
1052 1251 1208 1278 mortalium
1222 1249 1340 1285 perfecta
1357 1249 1542 1283 contingeret.
1559 1246 1630 1274 haud
1648 1246 1732 1273 dubie
1761 1251 1821 1272 om-

203 1292 280 1318 nium
292 1293 362 1319 oculi
375 1299 456 1328 atque
473 1295 556 1322 animi
574 1295 599 1321 in
612 1296 687 1322 illum
702 1304 786 1323 unum
798 1301 928 1330 tanquam
945 1296 1027 1322 deum
1040 1294 1184 1328 qurmdam
1201 1298 1439 1320 converterentur.
1457 1292 1535 1319 Nunc
1545 1292 1608 1326 quia
1626 1298 1725 1317 nomen
1739 1290 1822 1316 inane

204 1335 429 1370 multijactitant,
446 1339 573 1372 perpauci
589 1346 654 1364 vero
668 1339 704 1365 ita
724 1344 787 1365 sunt
807 1339 904 1364 morati
917 1343 947 1365 ut
964 1343 1037 1364 recta
1051 1338 1119 1363 ratio
1135 1337 1264 1370 postulat,
1285 1336 1314 1362 ﬁt
1330 1343 1359 1363 ut
1385 1344 1429 1362 res
1455 1336 1513 1369 ipsa
1544 1335 1625 1370 vulgo
1640 1342 1692 1361 non
1717 1332 1816 1359 intelli-

203 1383 328 1412 θείω-,οι
345 1387 444 1406 nomen
458 1382 582 1407 odiosum
600 1390 675 1415 :eque.
691 1387 773 1416 atque
787 1381 933 1408 ridiculum
950 1381 1093 1408 habeatur.
1124 1381 1208 1415 quue
1220 1381 1293 1407 haud
1319 1381 1376 1406 scio
1403 1388 1484 1414 quam
1519 1383 1603 1406 recte.
1633 1379 1726 1412 Neque
1746 1378 1820 1404 enim

204 1421 358 1456 disciplina:
371 1427 418 1450 aut
436 1424 497 1450 vita:
513 1431 600 1458 genus
614 1425 649 1450 ob
667 1425 811 1452 hominum
824 1425 961 1452 inscitiam
978 1431 1024 1454 aut
1039 1426 1246 1461 perversitatem
1258 1426 1319 1460 jure
1336 1425 1513 1452 traducitur:
1531 1428 1559 1450 et
1570 1423 1617 1457 qui
1641 1428 1694 1449 tam
1722 1429 1818 1449 severe

200 1464 336 1499 judicant,
355 1473 389 1492 ne
401 1467 565 1500 semetipsos
577 1468 702 1502 quidem,
720 1469 771 1495 nisi
786 1470 886 1496 mentis
900 1477 996 1497 errore
1017 1471 1184 1501 afﬁciantur,
1204 1468 1371 1504 probabunt.
1385 1468 1516 1494 llomines
1532 1467 1605 1494 enim
1619 1471 1684 1494 sunt
1703 1464 1733 1492 ut
1764 1473 1818 1492 cxc-

205 1507 266 1539 teri,
282 1513 310 1535 et
325 1508 422 1535 iisdem
438 1509 580 1538 affectibus
593 1511 705 1538 obnoxii
723 1521 729 1537 :
744 1517 772 1539 et
785 1520 880 1546 parum
895 1513 1008 1540 liberale
1023 1518 1064 1541 est
1080 1521 1165 1555 unu‘pi
1180 1518 1263 1548 atque
1275 1513 1393 1540 alterum
1410 1519 1516 1540 movum
1533 1511 1673 1546 exagitare
1692 1509 1822 1536 dissimu-

203 1551 266 1579 latis
284 1552 447 1582 virtutibus.
461 1561 579 1588 quarum
594 1555 620 1582 in
633 1555 805 1590 philosophis
825 1564 880 1583 non
905 1557 1018 1584 minima
1049 1563 1091 1585 est
1117 1551 1241 1585 shidiuni
1266 1555 1425 1591 inquirendi
1448 1555 1505 1582 veri
1537 1559 1565 1582 et
1590 1553 1819 1580 moderamiarum

203 1596 396 1628 cupiditatum,
410 1603 439 1625 ut
456 1598 525 1626 intra
542 1603 646 1626 naturze
669 1600 859 1634 praescriptum
886 1605 1076 1631 coerceantur.
1103 1600 1258 1635 eodemque
1286 1607 1336 1634 pro
1361 1607 1409 1626 sua
1446 1598 1520 1625 virili
1547 1596 1716 1632 producendi
1737 1603 1821 1630 quam

203 1640 346 1674 plurimos.
364 1642 506 1670 Postulare
523 1648 614 1671 autem
627 1649 656 1671 ut
672 1644 690 1670 ii
704 1652 764 1671 sese
780 1645 848 1671 intra
865 1653 960 1672 omnes
972 1645 1080 1672 intimos
1102 1644 1227 1671 homines
1257 1643 1397 1679 ahjieiant,
1428 1646 1456 1669 et
1478 1642 1504 1668 in
1528 1641 1660 1668 extremis
1690 1639 1822 1667 sordibus

201 1683 365 1718 Cynicorum
380 1693 457 1713 aiore
476 1687 578 1720 vivant,
592 1687 718 1715 immanis
728 1693 770 1715 est
782 1688 898 1715 inscitia:
916 1693 998 1724 atque
1011 1689 1155 1723 superbiat.
1174 1687 1226 1716 Sed
1243 1687 1276 1714 ad
1290 1687 1433 1714 historiam
1451 1686 1544 1716 redeo,
1570 1693 1631 1720 qua:
1657 1692 1720 1711 cum
1744 1691 1820 1710 cras-

203 1728 261 1754 sior
274 1729 398 1763 quatdam
417 1730 588 1766 philosophia
602 1732 647 1764 sit,
663 1737 690 1759 et
705 1732 837 1767 exemplis
853 1735 943 1767 potius
955 1741 1036 1767 quam
1056 1732 1209 1759 rationibus
1223 1733 1306 1759 vitam
1323 1731 1432 1759 civilem
1461 1739 1493 1758 ac
1518 1731 1652 1765 privatam
1683 1729 1821 1758 instituat.

202 1779 257 1798 non
274 1773 389 1800 dubium
399 1779 441 1801 est
460 1775 526 1809 quin
542 1784 664 1810 magnam
683 1776 781 1803 habeat
801 1777 948 1803 utilitatem
964 1784 1026 1803 cum
1043 1784 1147 1803 sunnna
1162 1776 1297 1803 suavitate
1312 1776 1497 1810 coniunctam.
1509 1774 1538 1801 in
1565 1781 1618 1808 qua
1637 1779 1698 1807 quae
1723 1771 1821 1805 [meoi-

207 1823 259 1850 pue
276 1817 445 1845 observanda
466 1819 530 1851 sint,
543 1819 692 1853 prudenter
707 1819 801 1846 Livius
817 1820 859 1846 his
879 1820 972 1847 verbis
989 1824 1080 1847 monet
1096 1829 1102 1846 :
1121 1829 1129 1844 ι
1145 1820 1184 1847 Ad
1202 1820 1246 1847 illa
1258 1820 1324 1846 mihi
1342 1827 1390 1854 pro
1407 1826 1435 1846 se
1449 1819 1564 1853 quisque
1578 1817 1679 1844 acriter
1696 1815 1821 1842 intendat

205 1861 338 1894 annuum,
356 1870 416 1897 qua:
432 1864 497 1895 vita,
511 1865 557 1898 qui
575 1872 664 1890 mores
677 1864 788 1894 fuerint.
802 1872 851 1899 per
862 1873 931 1899 quos
949 1865 1022 1892 viros
1034 1866 1190 1900 quibusque
1206 1865 1312 1892 artibus
1326 1864 1400 1891 domi
1425 1863 1583 1898 militia-que
1608 1868 1636 1888 et
1661 1864 1769 1896 partum
1793 1865 1823 1887 et

205 1905 472 1940 auetumimperinm
486 1907 530 1934 sit.
551 1907 672 1934 Lubente
699 1908 797 1934 deinde
827 1909 957 1942 paulatitn
982 1910 1135 1944 disciplina,
1168 1911 1242 1937 velut
1268 1910 1432 1937 dissidentes
1456 1909 1546 1944 primo
1569 1915 1658 1934 mores
1689 1909 1823 1940 sequatur

206 1949 308 1978 animo.
320 1949 419 1975 deinde
437 1954 466 1976 ut
482 1951 566 1984 magis
583 1951 723 1984 magisque
738 1951 804 1985 lapsi
817 1952 881 1982 sitit,
896 1956 953 1978 tum
967 1953 1006 1979 ire
1024 1953 1158 1986 cmperint
1172 1953 1339 1987 prmcipilcs,
1356 1953 1444 1979 donec
1461 1952 1494 1978 ad
1507 1951 1565 1978 lucc
1589 1955 1722 1984 tempora.
1759 1947 1822 1982 (ιυὶ-

206 1992 256 2018 lius
276 1999 326 2018 nec
341 1992 405 2018 vitia
420 1997 514 2019 nostra
533 2001 582 2020 nec
594 1994 713 2020 remeda
732 1995 786 2028 pati
801 2002 958 2028 possumus,
976 2000 1085 2021 ventum
1102 2000 1154 2021 est.
1170 1995 1225 2022 Hoc
1240 1997 1306 2023 illud
1317 2001 1359 2023 est
1375 1996 1510 2030 praecipue
1534 1995 1561 2021 in
1592 1993 1748 2027 cognitione
1776 1998 1822 2017 re-

207 2042 266 2060 rum
286 2035 396 2062 salubre
411 2043 442 2062 ac
458 2037 630 2071 frugiferum,
642 2037 730 2063 omnis
745 2041 770 2064 te
783 2037 899 2072 exempli
912 2038 1076 2064 documenta
1096 2039 1121 2064 in
1135 2038 1234 2065 illustri
1251 2039 1337 2073 posita
1355 2039 1525 2065 monimento
1541 2037 1641 2064 intui-ri
1658 2045 1664 2062 :
1684 2035 1747 2061 inde
1772 2033 1822 2060 tibi

206 2083 313 2112 tuchue
326 2079 364 2105 rci
383 2079 501 2114 publica:
518 2079 590 2113 quod
603 2079 710 2107 imitere
727 2081 828 2114 capias.
848 2081 911 2107 inde
926 2080 1028 2108 foedum
1047 2082 1169 2116 inceptu.
1186 2082 1289 2109 tardum
1312 2082 1398 2112 exitu.
1432 2081 1505 2116 quod
1531 2081 1611 2107 vites.
1646 2088 1655 2103 ›
1684 2077 1823 2104 "actenus

205 2122 260 2149 ille.
280 2121 333 2148 Sed
346 2127 373 2149 et
388 2123 496 2155 Cicero,
517 2128 697 2158 prmtcrqizam
713 2124 785 2158 quod
803 2125 841 2150 ait
858 2133 867 2149 ι
884 2125 988 2152 ueseire
1006 2126 1071 2160 quid
1085 2131 1164 2153 antea
1180 2134 1261 2162 quam
1282 2132 1363 2153 natus
1376 2126 1414 2153 sis
1425 2124 1568 2154 acciderit,
1594 2123 1620 2150 id
1646 2127 1689 2150 est
1713 2128 1823 2155 semper

205 2173 264 2192 esse
280 2174 406 2200 puerum,
421 2176 429 2191 ι
444 2167 548 2202 magnis
561 2172 641 2194 ornat
661 2167 788 2194 laudibus
800 2169 953 2201 historiam,
970 2178 1031 2196 eum
1046 2174 1143 2197 testem
1161 2175 1326 2205 temporum,
1339 2170 1428 2198 lucem
1445 2168 1580 2199 veritatis,
1609 2166 1694 2193 vitam
1718 2172 1822 2192 metuo-

205 2210 262 2241 riie,
278 2211 435 2245 magistram
452 2211 524 2243 vitae,
542 2211 664 2238 nuntiam
678 2213 823 2239 vetustatis
836 2213 965 2247 appellat.
976 2213 1040 2246 Qua:
1052 2222 1113 2240 eum
1134 2222 1200 2242 vera
1213 2223 1273 2242 esse
1290 2221 1344 2241 non
1363 2221 1458 2248 negem
1471 2212 1572 2247 (neque
1587 2211 1660 2238 enim
1687 2216 1822 2245 quorum-

205 2253 266 2280 dam
283 2254 405 2282 fabulosa
425 2260 577 2282 commenta
595 2262 651 2282 rem
665 2255 750 2289 ipsam
767 2263 945 2290 corrumpere
959 2262 1097 2291 possunt).
1118 2263 1220 2291 tamen,
1237 2258 1259 2286 si
1279 2257 1395 2285 maxima
1412 2265 1444 2283 ex
1460 2261 1537 2291 parte
1556 2255 1678 2282 omnium
1711 2257 1822 2280 :elatum

205 2298 330 2329 consilia,
344 2305 413 2329 acta,
431 2306 545 2326 eventus
560 2299 736 2331 aestimemus,
755 2299 818 2334 quid
834 2305 875 2326 est
890 2300 962 2327 aliud
982 2301 1096 2328 historia
1131 2310 1213 2336 quatit
1243 2303 1339 2336 ingens
1369 2300 1506 2336 quoddam
1532 2299 1643 2333 pelagus
1671 2306 1703 2324 ac
1731 2298 1824 2332 potius

206 2342 377 2376 naufragium
393 2342 549 2369 miserabile
562 2342 687 2368 humana:
698 2343 831 2375 stultitim,
849 2343 1033 2376 improbitatis
1044 2351 1070 2372 et
1087 2346 1215 2376 miserias.
1231 2351 1258 2373 et
1269 2345 1412 2380 speculum
1425 2345 1503 2378 longe.
1518 2343 1653 2369 illustrius
1675 2341 1736 2368 νίῑίιε
1768 2340 1816 2375 ιπε-

206 2390 275 2413 Valte
286 2390 313 2412 et
326 2386 453 2420 politicae,
473 2394 553 2421 quam
570 2386 623 2412 ulla
642 2387 776 2413 commdia
790 2392 836 2414 aut
856 2388 1081 2422 tragmdia?Qam
1095 2390 1222 2422 (πηηὶιιιιὶυ
1234 2389 1260 2416 in
1273 2390 1355 2424 hujus
1370 2389 1461 2423 operis
1472 2387 1679 2415 eluculiraxione
1692 2389 1826 2419 perpetuo

207 2429 333 2455 sensibus
344 2434 426 2463 atque
442 2430 535 2455 animo
552 2438 612 2456 meo
629 2430 770 2457 obversata
789 2436 840 2458 est.
854 2431 917 2458 Sive
932 2432 1006 2458 enim
1020 2441 1095 2460 saera
1105 2434 1162 2460 sive
1177 2433 1299 2467 profana,
1322 2434 1380 2460 sive
1411 2440 1481 2460 nova
1492 2432 1551 2458 sive
1574 2435 1666 2457 vetera
1694 2435 1822 2455 occurre-

208 2477 279 2503 rent,
297 2473 353 2499 sive
366 2473 476 2499 Hebraea
487 2473 544 2500 sive
554 2473 646 2500 Gra‘ea
660 2479 853 2507 tractarentur,
868 2475 998 2502 cramben
1013 2476 1136 2503 eaanlem
1151 2478 1248 2511 repeti,
1261 2477 1427 2503 eautinelam
1439 2475 1565 2502 eamdem
1588 2473 1650 2500 eani
1675 2472 1802 2499 videbam
1815 2479 1822 2498 :

207 2517 298 2543 oniuia
312 2517 389 2551 plena
403 2522 568 2549 erratorum,
587 2519 733 2549 scelerum,
751 2519 888 2550 imminui,
908 2520 1122 2552 mendaciorum,
1137 2521 1349 2556 perstigiarum.
1384 2526 1582 2549 :erunmarum,
1606 2516 1822 2546 dissensioaum,

207 2561 336 2591 (audiunt.
350 2561 532 2588 excitliorllm.
549 2563 639 2590 Utres
653 2563 710 2597 ipSa
729 2564 838 2590 abunde
853 2564 961 2597 doceat,
979 2565 1127 2592 humantun
1145 2566 1283 2600 ingenium
1312 2565 1347 2591 ab
1372 2567 1432 2599 ipso
1461 2568 1523 2589 ortu
1549 2569 1610 2589 esse
1632 2561 1822 2595 depravatum.

207 2613 296 2640 neque
311 2605 420 2632 inanem
439 2606 576 2632 exstitisse
593 2607 714 2634 divinam
732 2608 961 2639 exsecrationem,
977 2617 1040 2635 cum
1055 2609 1157 2642 ubique.
1178 2609 1261 2635 sudor
1283 2608 1384 2639 vultus,
1410 2608 1512 2641 ubique
1539 2604 1635 2632 tribuli
1665 2609 1693 2630 et
1725 2603 1822 2637 spina}.

209 2649 309 2683 ubique
321 2649 460 2684 serpentis
476 2649 581 2676 insidia:
596 2657 754 2684 appareant.
773 2651 839 2679 Boni
853 2657 879 2679 et
895 2652 1034 2687 simplices
1049 2653 1126 2687 pauci
1147 2657 1211 2679 sunt
1226 2660 1232 2678 :
1249 2657 1278 2679 ct
1296 2653 1317 2678 si
1333 2653 1379 2686 qui
1395 2655 1470 2681 sunt,
1485 2650 1501 2677 ii
1515 2650 1582 2676 alias
1596 2657 1646 2684 per
1661 2647 1806 2682 impruden

207 2694 272 2719 ti'lm
292 2693 319 2719 in
341 2693 446 2720 facinus
460 2698 552 2723 ruunt,
567 2694 633 2720 alias
649 2695 726 2721 malis
739 2697 871 2730 evemplis
883 2701 1108 2732 corrumpunturI
1138 2697 1229 2723 aliasa
1255 2697 1372 2722 maximo
1402 2694 1588 2729 improborum
1614 2697 1642 2719 et
1658 2690 1819 2718 callidorum

208 2745 324 2764 nurnero
336 2738 541 2772 opprimuntur.
559 2737 591 2764 Et
607 2746 763 2772 quanquam
777 2745 880 2767 natura:
896 2741 1038 2768 hominum
1055 2741 1111 2768 duo
1125 2741 1240 2774 insignia
1259 2748 1381 2771 munera,
1396 2739 1512 2766 facultas
1526 2738 1641 2764 rationis
1664 2741 1692 2762 et
1717 2735 1821 2762 oratio-

206 2781 389 2808 nlsdivinitus
405 2786 468 2808 sunt
482 2789 623 2814 Concessa,
639 2784 738 2816 quibus
756 2784 789 2810 ad
807 2785 1048 2819 contemplandum
1080 2791 1109 2812 ct
1133 2785 1328 2812 celebrandum
1351 2785 1432 2819 hujus
1459 2782 1646 2809 universitatis
1675 2780 1821 2813 Opiﬁccnt.

207 2830 233 2852 et
245 2825 278 2851 ad
292 2825 420 2852 tuendam
435 2834 467 2852 at:
482 2826 630 2860 iuvandam
647 2827 789 2854 hominum
805 2828 878 2855 inter
895 2829 969 2863 ipsns
981 2831 1205 2857 communitatem
1217 2828 1350 2855 utendum
1364 2832 1433 2857 erat,
1463 2827 1489 2853 in
1519 2826 1623 2852 nullum
1651 2828 1708 2852 fere
1737 2824 1820 2851 alium

209 2876 288 2895 usum
299 2877 313 2895 a
325 2869 463 2904 plerisque
479 2878 510 2896 ea
528 2871 652 2897 converti
668 2871 804 2904 videmus,
820 2871 873 2898 nisi
891 2872 928 2899 ad
942 2873 1098 2907 expeditius
1112 2871 1262 2900 fallendum
1278 2875 1306 2898 et
1327 2871 1497 2901 nocendum,
1525 2874 1553 2897 et
1579 2869 1737 2896 vastitatem
1766 2867 1819 2894 citi-

207 2913 343 2940 eicndam.
356 2913 453 2940 Annon
483 2914 520 2940 ita
540 2914 702 2949 plerumque
715 2915 828 2947 vivitur,
845 2921 872 2943 ut
887 2917 1119 2949 quemadmodum
1133 2917 1197 2944 forte
1211 2916 1236 2943 iu
1247 2915 1396 2943 solitudine
1410 2919 1438 2942 et
1454 2914 1542 2944 silvis,
1570 2914 1658 2942 nisees
1683 2913 1709 2940 in
1732 2910 1817 2938 ﬂuuii
