2004 3157
171 178 209 209 33
878 175 1089 206 PREFATIU.
1757 178 1796 210 34

170 238 285 270 possunt
299 234 374 270 (quis
386 233 460 262 enim
473 233 623 261 satisfaciat
640 233 809 266 omnibus'l),
826 237 918 260 tamen
937 238 1052 260 conatus
1069 233 1129 268 ejus
1145 233 1272 269 egregius
1284 237 1367 268 atque
1382 233 1537 262 institutum
1555 235 1716 270 praeclarum
1731 235 1803 268 luit.

169 283 272 306 certam
290 278 436 313 quamdam
458 278 580 305 htstoria:
596 278 674 312 quasi
693 277 867 312 disciplinam
887 277 1088 309 constituendi,
1104 281 1132 304 ct
1147 277 1269 311 dispersa
1287 277 1313 304 in
1331 277 1458 312 plurimis
1473 279 1660 306 voluminibus
1680 279 1805 307 membra

170 328 198 350 et
216 328 305 356 partes
320 322 379 356 ejus
394 322 421 349 in
436 329 521 348 unum
537 322 676 356 quoddam
696 328 798 356 corpus
814 321 967 355 redigendi,
983 328 1014 347 ea
1029 321 1219 348 moderatione
1236 321 1369 352 adhibita.
1387 326 1417 348 ut
1432 322 1519 348 instar
1534 323 1601 349 lauti
1621 323 1708 357 magis
1721 331 1804 357 quam

170 366 273 400 copiosi
290 366 475 395 convivatoris
490 365 593 400 optirua
614 366 706 400 potius
726 372 808 399 quam
833 365 953 399 plurima
969 370 1129 399 apponeret.
1149 374 1200 393 nec
1216 366 1345 393 contivas
1359 375 1422 393 cum
1439 367 1549 394 fastidio
1565 367 1738 397 dimitteret.
1755 368 1804 394 sed

170 411 207 437 ita
224 411 347 443 allectos,
362 414 391 437 ut
407 410 584 437 Timotheum
604 410 638 437 de
658 410 771 437 Platone
787 409 889 436 dixisse
908 410 1009 441 lci-unt,
1024 417 1116 436 cantas
1127 411 1188 444 ejus
1203 411 1285 436 etiam
1302 410 1434 444 postridie
1449 411 1594 438 delectare.
1612 412 1715 446 Delegit
1729 412 1803 437 enim

169 455 221 481 sibi
239 462 293 482 non
309 456 443 483 omnium.
459 455 506 481 sed
521 455 723 489 przecipuarum
735 453 858 488 gentium
874 453 1015 481 historias.
1030 461 1120 487 neque
1137 461 1183 480 eas
1198 461 1305 486 omnes,
1320 454 1368 481 sed
1382 455 1423 481 vel
1440 455 1593 489 praecipuas
1608 455 1741 482 duntaxat
1756 456 1798 482 vel

169 507 216 525 cas
231 507 292 533 qua:
310 499 342 526 ad
362 499 485 525 ecclesia:
508 499 607 525 seriem
632 497 854 533 perspiciendam
879 497 967 523 facere
984 497 1158 529 videbantur,
1179 498 1296 524 consilio
1310 498 1470 532 judicioque
1492 506 1552 525 suo.
1569 499 1648 532 Quod
1662 500 1719 527 sive
1735 507 1798 534 pro-

170 543 241 569 barit
255 543 312 569 sive
327 551 381 569 non
396 542 520 577 probarit
535 542 675 573 omnibus,
690 542 742 568 hoc
755 541 792 568 illi
806 548 869 568 cum
885 541 990 572 multis,
1003 541 1072 567 illud
1086 549 1147 568 cum
1164 542 1339 576 paucissimis
1349 542 1540 576 scriptoribus.
1554 550 1588 569 ne
1601 542 1690 570 dicam
1708 543 1802 574 nullis,

169 595 314 614 cornnmne
331 587 393 613 erit.
413 587 440 613 lu
458 587 528 613 bona
549 591 639 614 tamen
656 594 704 621 spe
724 594 797 617 sum,
813 585 872 612 fore
886 586 979 619 plures
995 586 1041 620 qui
1055 585 1132 612 avide
1144 585 1284 620 accepturi
1300 590 1327 612 et
1343 585 1430 619 gratis
1445 586 1545 612 animis
1560 585 1613 613 hoc
1629 594 1700 620 opus
1714 587 1801 621 pelle-

168 631 239 656 cluri
257 631 322 661 sint,
340 638 422 665 quam
442 631 487 664 qui
503 630 690 665 contempturi
710 636 757 657 aut
776 629 982 657 calunmiaturi.
1002 629 1173 656 Morosorum
1194 637 1260 656 vero
1285 634 1312 656 et
1339 628 1558 656 obtrectatowm
1574 630 1702 664 querelas
1721 635 1804 664 atque

169 674 281 700 aculeos
296 674 358 707 quis
377 674 518 700 hominum
537 674 686 701 deorutnve
700 674 830 708 eﬂ'ugiat?
846 674 959 708 quibus,
974 673 1025 700 nisi
1043 673 1115 707 quod
1131 672 1181 706 ᾕρει
1201 672 1334 704 iecerunt,
1355 672 1423 699 nihil
1440 673 1530 707 placet
1545 680 1551 697 :
1567 680 1601 700 ac
1614 680 1648 700 ne
1670 673 1722 708 ipsi
1739 673 1804 708 qui-

169 718 231 744 dem
252 717 303 744 sibi
325 717 425 752 ubique
441 718 507 744 satis
521 718 643 753 placent.
661 718 764 753 alioqui
783 726 838 746 non
858 718 927 744 alias
940 715 1014 744 aliud
1030 715 1179 750 probarent
1194 721 1277 750 atque
1296 716 1498 751 improbarent.
1512 717 1572 744 Non
1598 717 1707 744 inﬁcior
1721 725 1801 752 posse

168 761 255 788 videri
269 761 403 788 Zonaram
425 761 493 788 alias
518 762 695 796 prolixiorem
709 781 716 794 .
738 767 768 789 ut
788 762 815 788 in
835 761 951 789 Judaica
971 761 1097 793 historia,
1121 761 1190 788 alias
1207 761 1375 792 breviorem,
1392 766 1422 788 ut
1444 761 1472 788 in
1497 766 1655 789 exterarum
1677 763 1802 797 gentium

168 805 250 832 rebus
270 805 365 839 gestis.
388 805 416 832 ln
432 813 488 840 quo
504 805 525 832 si
543 814 597 840 qua
615 805 696 840 culpa
713 805 860 832 commissa
876 810 928 836 est,
944 805 1149 832 excusationem
1170 805 1272 832 habere
1289 805 1398 832 videtur
1422 805 1504 837 hanc,
1523 805 1597 840 quod
1620 806 1678 840 ipse
1697 813 1752 832 non
1767 814 1803 834 ex

167 856 218 875 suo
236 849 344 884 ingenio
362 849 534 884 deprompsit
547 858 578 876 ea
594 857 655 884 qua:
671 850 792 884 scripsit,
806 849 854 876 sed
874 857 907 876 ex
923 849 1005 876 variis
1024 849 1185 875 auctoribus
1200 849 1315 876 collecta
1339 849 1366 875 in
1392 853 1498 876 certum
1519 849 1646 876 ordinem
1665 849 1796 883 redegit;

166 892 213 926 qui
230 897 357 919 auctores
378 892 451 919 inter
466 900 495 920 se
511 892 687 920 dissimillimi
709 897 782 920 sunt.
798 892 876 926 Quod
894 898 985 920 autem
1001 900 1056 918 non
1074 892 1164 919 omnia
1177 897 1340 927 persecutus
1352 897 1403 924 est,
1429 892 1545 920 fortasse
1565 900 1619 919 non
1638 893 1804 928 negligentia

167 936 213 962 sed
233 936 266 962 de
285 935 419 962 industria
437 935 512 963 fecit.
531 936 598 963 Nam
617 937 741 964 onmiutn
757 937 882 971 gentium
897 941 980 971 atque
997 936 1108 963 urbium
1127 944 1170 963 res
1193 941 1283 971 gestas
1297 937 1455 964 describere
1482 936 1609 964 immensi
1629 941 1671 963 est
1696 937 1799 972 negotii

167 985 249 1013 atque
265 979 335 1006 adeo
348 979 459 1012 inﬁniti,
476 985 505 1007 ut
523 984 627 1007 taceam
644 988 697 1007 non
715 988 824 1015 semper
840 988 899 1008 esse
914 980 1097 1013 fructuosum.
1121 980 1161 1007 Ac
1185 988 1280 1014 parum
1295 981 1372 1007 abest
1382 980 1447 1015 quin
1462 980 1562 1011 dicam,
1576 980 1601 1006 id
1615 980 1643 1006 in
1658 984 1732 1007 tanta
1744 988 1803 1008 am-

167 1023 302 1056 plitudine
323 1023 400 1050 orbis
419 1028 554 1050 terrarum
574 1032 628 1051 non
650 1024 736 1058 magis
759 1031 820 1051 csse
843 1024 886 1050 vel
901 1024 966 1050 utile
987 1024 1029 1050 vel
1048 1024 1244 1055 necessarium,
1270 1031 1353 1058 quam
1375 1024 1398 1050 si
1419 1024 1520 1058 quisin
1546 1024 1656 1050 civitate
1683 1023 1802 1051 maxima

166 1067 288 1093 omnium
302 1067 448 1094 domorum
465 1072 524 1094 acta
539 1075 704 1102 cognoscere
718 1067 837 1094 studeat.
852 1067 981 1101 Insignia,
999 1075 1070 1098 rara,
1084 1068 1230 1103 exquisita,
1244 1076 1294 1095 nos
1309 1068 1399 1102 aliqua
1410 1075 1442 1095 ex
1458 1073 1534 1102 parte
1547 1068 1710 1102 attingentia
1724 1067 1802 1102 igno-

167 1117 227 1137 rare
245 1115 324 1146 turpe
341 1119 348 1136 :
367 1111 522 1138 consectari
541 1111 649 1147 singula
665 1111 835 1138 curiositatis
851 1111 943 1146 potius
957 1116 999 1138 cst
1021 1119 1104 1146 quam
1117 1112 1291 1139 eruditionis.
1316 1111 1344 1138 Si
1360 1112 1538 1146 geographis,
1557 1111 1604 1146 qui
1623 1111 1707 1138 totius
1722 1116 1803 1138 terra:

167 1155 282 1182 fortnam
300 1160 394 1184 tenere
408 1165 437 1183 se
452 1156 628 1191 proﬁtentur,
642 1156 743 1183 multas
758 1160 786 1182 et
800 1163 912 1190 magnas
932 1155 1008 1182 orbis
1027 1161 1119 1190 partes
1139 1156 1266 1191 ignorare
1281 1156 1370 1188 licuit,
1389 1164 1439 1183 cur
1464 1163 1518 1183 non
1540 1155 1613 1183 idem
1634 1156 1662 1182 in
1686 1155 1803 1183 historia

166 1207 277 1234 quoque
296 1207 358 1227 cum
377 1200 455 1227 venia
472 1200 570 1228 liceat?
591 1200 649 1227 .lam
667 1200 740 1234 quod
759 1199 792 1226 ad
806 1199 993 1226 elocutionem
1008 1199 1118 1230 attinet,
1132 1200 1288 1232 contiones,
1305 1205 1511 1235 strategemata,
1524 1199 1651 1230 consilia,
1673 1203 1804 1233 eventus,

166 1242 262 1269 eadem
280 1243 336 1270 fere
354 1243 455 1278 ubique
477 1248 636 1270 recurrunt.
653 1243 721 1270 Nam
743 1242 875 1270 ﬁnitimos
892 1242 1008 1277 populos
1023 1243 1186 1278 plerumque
1208 1244 1242 1270 de
1265 1244 1368 1270 ﬁnibus
1389 1244 1535 1275 dimicare,
1558 1251 1620 1271 esse
1641 1251 1740 1271 causas
1758 1243 1803 1271 vel

167 1290 315 1320 prretcxtus
330 1286 462 1320 quosdam
484 1286 619 1313 bellorum
637 1291 665 1313 ct
688 1285 795 1312 subitas
813 1285 983 1317 occasiones,
999 1285 1052 1312 alia
1078 1281 1162 1320 atque
1186 1287 1239 1314 alia
1262 1287 1389 1320 consilia,
1408 1287 1572 1319 sententias,
1587 1291 1714 1321 eventus,
1738 1287 1803 1322 quis

167 1329 257 1356 nescit
268 1329 280 1355 Ὶ

558 1381 655 1408 Occidit
670 1381 777 1408 miseros
789 1381 894 1407 crambe
913 1381 1024 1415 repetita
1046 1382 1199 1416 magistros,

168 1425 259 1460 inquit
274 1425 330 1458 ille,
351 1429 379 1452 et
395 1424 450 1452 alio
465 1425 526 1452 loco

554 1468 689 1501 Quidquid
707 1473 789 1502 agunt
804 1469 932 1500 homines,
952 1473 1052 1500 votum,
1070 1470 1160 1501 timor,
1179 1469 1221 1495 ira
1235 1488 1242 1501 ,
1257 1467 1390 1503 voluptas,

553 1503 671 1536 Gaudia,
687 1504 821 1530 discursus
838 1505 920 1530 nostri
934 1504 1043 1539 farrago
1060 1504 1151 1531 libelli.

201 1574 266 1607 Quae
280 1581 342 1601 cum
361 1573 399 1601 ita
414 1581 443 1601 se
460 1573 590 1604 habeant,
605 1577 633 1600 et
650 1573 816 1608 Philosophe
830 1578 943 1601 amtore
960 1573 1108 1608 singularia
1123 1573 1229 1600 inﬁnita
1243 1574 1298 1601 sint
1312 1581 1364 1601 nec
1380 1575 1445 1602 ullis
1463 1575 1586 1602 scientiae
1601 1574 1735 1602 limitibus
1755 1574 1799 1602 in-

167 1618 240 1646 cludi
255 1618 370 1652 possint,
391 1617 528 1652 praccipua
544 1625 577 1644 ex
596 1617 630 1644 iis
649 1617 720 1644 scire
734 1617 802 1644 satis
817 1621 862 1644 est
879 1617 925 1651 (de
940 1618 1099 1644 hominibus
1119 1617 1261 1651 occupatis
1275 1618 1384 1654 loquor)
1406 1623 1433 1646 et
1455 1619 1580 1646 ordinem
1602 1623 1754 1653 temporum
1768 1627 1800 1646 ac

167 1669 258 1688 rerum
272 1666 410 1697 gestarutu
427 1661 520 1688 animo
541 1660 700 1695 complecti.
716 1660 804 1693 Quam
829 1661 861 1687 ad
884 1669 940 1688 rem
961 1669 1015 1687 non
1029 1668 1126 1695 parum
1145 1660 1296 1695 adjnmenti
1318 1661 1414 1688 afferet
1431 1662 1552 1690 Zonaras
1569 1667 1680 1693 noster,
1697 1662 1744 1696 qui
1765 1663 1800 1689 ab

166 1706 233 1732 orbe
247 1705 359 1732 condito
373 1705 531 1739 auspicatus
545 1703 579 1730 ad
595 1712 671 1731 suam
689 1711 775 1739 usque
790 1709 898 1732 aetatem
911 1725 918 1736 ,
936 1705 988 1732 hoc
1005 1709 1048 1731 est
1062 1704 1095 1731 ad
1111 1712 1198 1731 annos
1213 1704 1315 1732 abhinc
1329 1706 1447 1740 amplius
1467 1705 1519 1732 400
1535 1707 1681 1741 processit.
1700 1706 1727 1733 ln
1743 1715 1799 1741 quo

137 1752 141 1756 ’
166 1757 278 1776 necesse
297 1748 392 1775 habuit
410 1748 497 1782 prima
513 1748 592 1782 quasi
609 1755 702 1775 rerum
719 1753 858 1783 gestarum
872 1748 1008 1775 cunabula
1025 1756 1058 1775 ex
1075 1748 1188 1775 Litteris
1200 1749 1298 1779 sacris.
1311 1750 1432 1785 .losepho
1445 1755 1526 1785 atque
1542 1750 1603 1777 aliis
1616 1751 1800 1785 scriptoribus

167 1793 282 1820 vetustis
300 1796 436 1826 repetere.
459 1791 524 1824 Quae
544 1791 634 1823 nobis,
649 1791 672 1819 si
689 1792 792 1826 absque
808 1791 880 1820 llosc
897 1791 1003 1824 fuisset,
1020 1793 1100 1827 plane
1117 1793 1215 1826 ignotae
1230 1798 1323 1820 essent
1341 1804 1346 1821 :
1367 1794 1410 1821 cui
1427 1802 1478 1822 nos
1501 1799 1529 1821 ut
1551 1795 1683 1822 divinitus
1699 1794 1799 1822 edocto

168 1837 264 1871 religio
281 1842 384 1867 nostra,
398 1835 524 1870 quamvis
541 1835 706 1863 adversante
726 1836 912 1871 philosophia,
929 1836 1042 1863 credere
1058 1836 1139 1871 jubet
1153 1844 1184 1863 ac
1200 1836 1282 1871 cogit.
1300 1837 1333 1864 Ut
1350 1842 1379 1864 ut
1390 1837 1436 1869 sit,
1453 1843 1593 1865 auctorem
1612 1846 1645 1864 eo
1661 1838 1800 1872 antiquio-

168 1888 225 1908 rem
237 1884 265 1907 et
276 1879 421 1907 certiorem
434 1887 486 1906 non
505 1879 649 1906 habemus.
664 1879 711 1906 Est
725 1879 799 1906 enim
813 1879 926 1907 ludaica
941 1880 1054 1908 historia
1071 1880 1154 1907 veluti
1171 1879 1379 1908 fundamentum
1391 1886 1437 1908 aut
1452 1881 1619 1916 principium
1634 1887 1797 1908 easterarurn

168 1924 292 1950 omnium
312 1934 318 1950 :
335 1928 362 1950 et
377 1925 465 1957 gentis
483 1924 556 1950 illius
573 1924 674 1950 tnirum
692 1923 830 1958 quoddam
848 1923 946 1955 fatum,
963 1930 992 1950 ut
1008 1931 1077 1958 pene
1095 1928 1180 1951 tottun
1198 1928 1334 1951 terrarum
1355 1925 1449 1952 orbem
1465 1930 1620 1960 pervagata.
1639 1925 1666 1951 in
1681 1925 1799 1952 summis

124 1978 127 1981 ν
168 1973 324 1994 exterarum
335 1968 457 2002 gentium
469 1967 541 1994 odiis
553 1972 581 1994 ct
596 1967 846 1999 adversationibus,
860 1972 950 1994 tamen
965 1967 1110 2001 opiniones
1124 1975 1188 1994 suas
1202 1968 1320 1995 mirabili
1334 1968 1392 1996 sive
1407 1968 1557 2003 pertinacia
1571 1969 1627 1996 sive
1641 1969 1799 1996 constantia

169 2011 334 2042 defenderit,
354 2016 437 2045 atque
454 2011 536 2038 etiam
551 2010 634 2038 hodie
651 2014 771 2042 tueatur,
788 2015 818 2037 et
839 2011 940 2037 multos
953 2011 980 2037 in
994 2018 1072 2037 suam
1087 2011 1251 2037 sententiam
1269 2013 1442 2046 pertraxerit.
1457 2013 1543 2045 Quale
1558 2012 1627 2039 nihil
1643 2013 1671 2038 in
1687 2013 1797 2039 caeteris

167 2055 277 2090 populis
292 2054 415 2081 cernitur
425 2062 431 2080 ε
442 2061 558 2088 quorum
577 2053 710 2086 historize,
724 2053 835 2081 insertis
852 2053 935 2080 etiam
948 2059 975 2081 et
989 2055 1133 2088 explicatis
1146 2053 1266 2082 Danielis
1277 2060 1305 2082 et
1319 2057 1438 2084 aliorum
1455 2056 1651 2090 prophetarum
1665 2056 1798 2088 oraculis,

166 2100 259 2126 obiter
282 2098 467 2133 attinguntur,
484 2103 514 2125 ut
535 2097 702 2133 Aigyptiaca:
715 2118 722 2129 ,
743 2098 878 2133 Assyrim.
897 2097 1028 2129 Persicae,
1044 2098 1224 2126 Macedonicae
1236 2119 1243 2130 .
1258 2100 1397 2127 Romamn.
1417 2100 1578 2134 Quanquam
1597 2100 1640 2126 his
1658 2100 1798 2134 peculiare

167 2143 296 2170 volumen
330 2141 480 2172 dedicavit.
516 2143 589 2176 quod
620 2149 670 2175 ego
700 2141 726 2167 in
759 2141 828 2168 duas
855 2147 948 2176 partes
974 2141 1105 2174 distinxi,
1139 2148 1166 2169 et
1193 2142 1369 2170 Christianos
1403 2143 1585 2178 imperatores
1615 2143 1648 2170 ab
1678 2143 1798 2170 ethnicis

165 2187 310 2222 separavi,
338 2191 368 2213 ttt
399 2190 486 2213 totum
508 2194 578 2220 opus
608 2185 777 2220 tripartitum
799 2191 882 2213 esset.
915 2185 954 2213 De
976 2186 1055 2220 cujus
1085 2191 1248 2221 argumento
1278 2187 1420 2215 hactenus.
1442 2187 1521 2214 Nunc
1551 2186 1634 2214 etiam
1660 2187 1693 2214 de
1727 2186 1798 2222 stylo

163 2231 287 2258 auctoris
307 2230 432 2257 nonnihil
457 2233 500 2257 est
519 2229 678 2261 dicendum,
701 2230 747 2264 qui
771 2238 833 2256 cum
845 2237 899 2256 non
921 2230 1003 2256 unius
1024 2229 1058 2256 sit
1078 2230 1187 2264 generis
1202 2235 1229 2257 et
1245 2230 1350 2263 format,
1366 2231 1413 2258 sed
1439 2239 1489 2266 pro
1504 2231 1635 2258 varietate
1653 2235 1796 2258 auctorum

165 2283 180 2302 ο
192 2275 293 2309 quibus
307 2274 364 2301 haec
378 2274 464 2308 petita
479 2277 554 2306 sunt,
572 2278 599 2300 et
620 2273 677 2308 ipso
689 2274 785 2305 variet,
801 2274 826 2300 in
845 2273 942 2300 ultimo
955 2278 1028 2300 tonio
1048 2273 1197 2307 przcsertim
1210 2293 1217 2305 ,
1235 2282 1287 2308 qua
1311 2279 1389 2301 aetate
1402 2274 1495 2302 Gracca
1509 2274 1610 2308 pariter
1627 2278 1655 2301 et
1675 2274 1796 2302 Romana

164 2319 453 2355 linguadegcneravit,
469 2318 570 2345 eruditi
595 2319 722 2345 homines
739 2319 767 2345 in
793 2326 826 2344 eo
849 2318 975 2345 nonnihil
998 2317 1208 2344 desiderabunt.
1234 2317 1392 2345 Desideravi
1414 2323 1441 2345 et
1463 2319 1521 2353 ipse
1543 2318 1681 2350 nonnihil,
1709 2318 1796 2352 parci-

167 2364 285 2391 ntoniam
306 2363 333 2390 itt
356 2363 453 2397 primis
477 2362 694 2389 Demosthenicae
716 2361 870 2393 orationis,
893 2369 953 2396 quae
976 2369 1038 2389 meo
1055 2361 1146 2396 palato
1172 2362 1252 2397 longe
1275 2362 1327 2389 fuit
1349 2362 1452 2397 gratior
1471 2367 1499 2389 et
1521 2362 1554 2389 ad
1576 2362 1794 2389 convertenduut

167 2416 220 2435 non
249 2412 352 2434 tantum
367 2407 516 2442 jucundior
543 2406 591 2434 sed
616 2406 698 2433 etiam
726 2405 833 2433 facilior
852 2415 859 2432 ι
876 2411 906 2433 ιιι
930 2410 959 2432 ιιι
986 2406 1047 2432 aliis
1067 2405 1186 2433 dillicilis
1202 2406 1339 2438 videatur,
1362 2411 1390 2434 et
1412 2415 1470 2433 mea
1497 2406 1630 2434 tenuitate
1657 2406 1794 2441 superior.

167 2452 205 2479 Na
271 2459 291 2478 tn
318 2452 368 2478 hoc
392 2456 506 2478 auctore
533 2450 627 2478 multm
655 2455 719 2477 sunt
750 2455 797 2478 aut
824 2449 892 2477 mihi
920 2458 958 2477 cel

1022 2457 1083 2476 esse
1109 2449 1239 2476 videntur
1266 2450 1491 2484 περισσολογὶαι,
1525 2459 1586 2484 quae
1616 2456 1645 2477 ut
1667 2451 1790 2478 Cra-cum

167 2503 321 2523 sermonem
349 2502 400 2521 suo
425 2494 544 2529 quodam
562 2494 643 2529 genio
661 2501 732 2528 saepe
749 2501 804 2520 non
820 2494 965 2520 infeliciter
980 2494 1167 2522 lascivientem
1195 2495 1322 2526 deceant,
1344 2494 1450 2522 Latinis
1474 2495 1588 2522 auribus
1609 2495 1694 2522 multo
1713 2503 1792 2521 sevc-

167 2539 296 2569 rioribus,
315 2537 366 2564 nisi
383 2538 498 2564 multum
520 2545 570 2572 ego
594 2537 683 2567 fallor,
703 2536 876 2571 permoleste:
898 2536 996 2564 futura:
1012 2543 1102 2566 erant.
1116 2539 1209 2574 anue
1226 2540 1260 2566 de
1275 2547 1368 2571 causa,
1393 2540 1437 2566 ubi
1465 2539 1535 2566 citra
1549 2540 1694 2566 sententiae
1707 2538 1791 2566 detri-

166 2587 288 2609 mentum
308 2581 366 2608 ﬁeri
385 2580 483 2616 potuit,
506 2589 520 2608 a
542 2588 585 2608 me
603 2580 706 2607 alicubi
726 2579 919 2614 praetermissa:
939 2586 1011 2608 sunt.
1030 2582 1113 2616 ldque
1131 2590 1192 2610 cum
1207 2590 1261 2609 non
1284 2588 1338 2609 tam
1362 2590 1422 2610 mea
1447 2587 1555 2616 sponte,
1577 2590 1658 2617 quam
1686 2583 1793 2609 monitu

165 2625 390 2654 doctissimorum
409 2625 542 2657 virorum,
559 2623 694 2652 Joachimi
709 2623 860 2651 Camerarit
877 2629 904 2651 et
921 2624 1051 2652 Ludovici
1074 2625 1178 2659 Carini,
1206 2626 1330 2658 fecerim,
1350 2633 1393 2653 me
1411 2626 1492 2653 facile
1509 2626 1576 2653 viris
1593 2625 1681 2653 doctis
1695 2626 1795 2660 proba-

166 2675 259 2698 turum
272 2670 392 2697 conﬁdo.
408 2669 598 2704 lmperitorum
616 2673 708 2696 autem
725 2672 753 2695 et
767 2667 982 2695 obtrectatorum
996 2668 1112 2703 judicia,
1125 2677 1185 2703 qua:
1201 2669 1243 2696 vel
1256 2669 1329 2695 nulla
1342 2669 1384 2696 vel
1401 2676 1531 2704 perversa
1545 2673 1619 2701 sunt,
1637 2674 1793 2700 contemno,

165 2722 256 2749 neque
267 2714 337 2741 facio
354 2714 441 2748 pluris
456 2720 538 2748 quam
557 2719 678 2740 morsum
695 2711 793 2746 pulicis
810 2711 974 2746 elephantus
989 2712 1107 2739 Indicus.
1129 2712 1224 2739 Fabris
1239 2712 1312 2739 enim
1329 2712 1437 2739 fabrilia
1458 2714 1598 2740 tractanda
1614 2718 1685 2744 sunt,
1705 2721 1794 2748 neque

165 2763 269 2785 temere
294 2757 378 2785 falces
396 2758 422 2784 in
437 2757 556 2784 alienam
575 2763 692 2783 messem
715 2755 906 2783 immittendae.
929 2756 1064 2783 Concessa
1086 2756 1214 2783 omnibus
1230 2760 1272 2783 est
1288 2756 1322 2782 ab
1345 2756 1445 2783 invidia
1468 2762 1496 2783 et
1511 2757 1649 2791 imperitia
1664 2757 1696 2783 ad
1710 2757 1795 2791 atqui-

166 2807 248 2829 tatem
264 2807 292 2829 et
310 2801 495 2829 cruditionetn
521 2801 688 2836 provocatio.
709 2799 782 2826 idem
797 2799 864 2826 mihi
887 2800 942 2834 jus,
963 2801 1007 2827 ubi
1029 2800 1070 2827 vel
1090 2801 1187 2827 decere
1209 2800 1251 2826 vel
1270 2794 1455 2827 necessarium
1473 2808 1532 2827 esse
1549 2801 1636 2827 visunt
1654 2805 1705 2833 est,
1723 2805 1749 2827 et
1766 2801 1793 2827 in

166 2846 335 2881 dialogismis
356 2847 389 2873 ad
407 2851 566 2880 perpetuam
586 2845 739 2875 orationem
761 2844 919 2878 redigendis
942 2844 1013 2871 haud
1039 2853 1099 2870 raro
1122 2844 1246 2879 permisi,
1271 2852 1304 2871 ne
1327 2840 1437 2879 propria
1463 2846 1571 2871 nornina
1589 2849 1616 2871 et
1632 2845 1794 2879 pronomina

166 2893 288 2925 quantum
303 2896 331 2918 et
344 2891 458 2918 verbum
472 2891 557 2925 inquit
574 2896 601 2917 et
614 2888 844 2924 aliahujusmo'li
857 2888 890 2914 ad
907 2888 1046 2915 fastiditur:
1072 2897 1158 2923 u5quc
1175 2888 1337 2915 inculcanda
1351 2894 1452 2916 essent.
1472 2888 1539 2920 Quis
1555 2889 1627 2915 enim
1647 2896 1700 2914 non
1718 2887 1794 2913 malit
