2004 3157
147 151 186 182 31
477 166 483 171 -
870 151 916 180 PR
929 152 1079 184 ’l‘IFATfl).
1747 152 1782 183 38

147 215 206 242 quc
225 212 280 234 tres
295 209 411 244 inspexi.
424 214 452 236 ct
469 217 484 236 c
499 210 582 236 variis
598 210 806 237 lliflieullalibus
819 218 862 237 tne
878 216 982 245 quanto
995 213 1070 245 potui
1087 212 1180 238 studio
1197 212 1342 246 expedivi:
1363 216 1469 246 quanto
1483 211 1589 243 labore.
1612 219 1694 239 uenio
1710 214 1785 240 πθιί-

150 251 238 278 niabit
255 252 353 278 ntelius
366 260 447 286 qitam
461 253 508 287 qui
526 253 584 288 ipse
600 254 692 288 operis
710 262 762 280 non
776 254 920 282 dissimilis
939 258 1092 289 periculum
1108 258 1214 285 fecerit.
1234 259 1260 285 Si
1279 267 1344 293 qua,
1359 259 1384 284 in
1400 259 1559 285 diversitate
1575 259 1631 290 illa,
1650 265 1784 286 momenti

149 298 270 332 alicuius
296 306 355 324 esse
369 299 546 331 videbantur,
571 300 603 326 ad
619 300 700 326 tinent
717 300 809 334 operis
831 301 956 335 ascripsi.
986 302 1127 329 Manifrste
1149 311 1215 328 vero
1235 303 1416 337 praetermissa
1435 307 1481 328 aut
1497 303 1644 337 llepi'ava‘a
1666 311 1719 329 non
1736 304 1785 330 atl-

150 343 256 368 iiotavi.
273 341 358 376 Cujus
373 343 446 369 enim
468 343 613 370 dementiae
627 344 719 375 fuerit,
739 344 928 378 persequenda
943 345 1118 372 librariorum
1137 347 1179 373 \el
1196 347 1304 373 inscitia
1323 347 1363 372 vel
1387 347 1552 378 negligentia
1572 347 1614 373 Vel
1629 347 1743 380 perfidia
1757 353 1785 374 et.

148 387 218 414 mihi
233 393 260 414 et
279 387 432 416 lectoribus
455 390 590 416 facessere
616 391 781 425 negotium?
800 391 833 417 lli
852 391 926 417 enim
949 390 1046 416 oculus
1071 390 1178 423 integer
1196 390 1344 416 candidum
1360 398 1373 416 a
1400 390 1478 423 nigro
1495 390 1574 416 facile
1587 391 1730 422 discernit,
1744 392 1785 419 sic

148 436 232 458 acuto
245 437 272 458 et
289 433 442 459 exercitato
466 434 577 468 ingenio
599 435 693 461 vidi-re
715 443 768 460 non
784 435 893 461 diflieih-
907 441 959 469 est,
984 445 1043 470 qua:
1059 437 1141 462 leelio
1157 445 1219 462 vera
1243 437 1288 466 sil,
1313 444 1374 470 quze
1400 437 1595 470 prmteruiissa.
1615 446 1675 471 qum
1691 438 1784 465 addita

148 486 183 504 ex
199 486 380 513 supervacuo,
399 488 459 514 qua:
472 480 619 514 depravata
637 481 703 508 sint.
726 481 819 515 Neque
842 482 884 507 his
902 481 1186 512 contentus,imtieeni
1211 489 1320 515 quoque
1340 481 1427 514 adjeci
1443 488 1450 506 :
1478 481 1550 515 quod
1576 490 1662 515 genus
1681 490 1784 516 opera‘.

147 522 278 556 quamvis
293 523 445 550 lectoribus
461 525 650 556 utilissimum,
665 531 695 551 tit
709 526 775 551 nihil
789 526 936 552 admodum
949 526 1037 552 laudis
1050 530 1077 552 et
1093 526 1193 560 ingenii
1210 526 1302 555 habet.
1315 527 1350 551 ita
1369 526 1484 552 ltililllitti
1499 527 1631 560 temporis
1643 532 1670 554 et
1684 527 1785 554 laboris

144 567 201 594 sibi
225 569 364 601 vindieat,
388 571 541 604 pra-sertini
564 571 586 597 si
612 579 676 597 eum
704 571 822 597 inllicem
847 564 896 605 per
913 570 1046 604 tcinporis
1069 570 1209 603 angustias
1221 574 1248 596 et
1268 570 1335 596 alias
1364 571 1562 604 occupationes
1582 571 1617 597 ila
1641 576 1784 604 pertexere

147 612 274 642 licuisset
294 614 334 641 uti
348 622 498 648 cmplrani.
516 615 585 648 Quid
604 616 714 642 multa?
733 614 848 641 Confido
869 623 912 643 nte
931 615 1020 642 ofliclo
1037 615 1125 642 fidelis
1148 620 1175 642 ct
1199 622 1252 642 non
1274 615 1401 643 indiserti
1427 616 1588 650 interpretis
1610 616 1707 643 seditio
1724 625 1783 643 esse

149 657 276 687 functum
292 669 299 689 ;
322 660 348 686 in
367 661 391 690 ill
414 665 489 687 certe
504 668 616 695 operata
638 661 710 688 dedi.
738 662 785 688 Sin
804 662 865 688 aliis
885 661 957 689 aliml
978 660 1128 690 videbitur,
1157 659 1223 686 illud
1239 659 1335 687 saltem
1354 659 1490 686 aflirutare
1509 668 1630 695 possunt,
1651 669 1695 688 tne
1710 662 1782 695 quod

147 703 258 729 scierint
285 708 312 730 et
330 711 465 738 potuerim
498 705 550 731 fide
572 706 674 739 optima
692 706 789 733 (“crime
812 712 839 732 ct
864 706 1003 738 diligentia
1022 715 1143 738 summa;
1166 706 1253 733 sicubi
1273 714 1336 732 vero
1353 712 1399 732 aut
1418 706 1518 741 ingenii
1538 707 1669 733 viresaul
1687 707 1782 733 erudi-

147 749 232 776 tionis
246 750 322 776 nervi
341 751 407 777 mihi
425 752 574 782 defuerint,
591 752 707 778 fni-illiue
722 761 781 779 eam
796 760 856 779 esse
872 752 991 785 culpam.
1015 748 1203 777 infelicitatem
1226 756 1326 779 nteant,
1349 757 1409 783 qluc
1437 757 1498 776 cum
1518 749 1578 776 aliis
1608 754 1714 776 tantum
1728 750 1743 775 d
1757 758 1783 776 sa

147 792 260 826 plieeat,
279 794 345 820 titilii
362 796 445 822 etiam
465 795 612 829 plurimum
633 801 721 823 nocet.
739 796 832 830 Neque
849 801 904 822 tam
922 795 1046 828 iniquum
1062 793 1147 819 nlluni
1162 800 1223 819 esse.
1237 797 1314 826 puto,
1330 793 1376 827 qui
1397 793 1458 827 plus
1471 801 1485 820 a
1508 801 1550 820 me
1564 793 1684 827 postulet
1699 801 1782 828 quam

146 841 278 870 pmstarc
302 845 412 871 queant.
439 838 494 873 Ego
517 847 583 866 vero
608 840 650 871 iis,
674 840 721 874 qui
745 841 785 866 vel
813 840 839 866 in
859 840 910 866 hoc
935 839 978 865 vel
999 838 1024 864 iii
1042 837 1103 863 aliis
1121 837 1251 870 operibus
1270 844 1283 862 a
1305 844 1349 863 me
1371 837 1514 863 conversis
1538 837 1647 863 laudent
1666 837 1781 863 solidam

142 885 339 914 assequentur,
365 883 524 916 gratulabor
549 884 642 917 potius
665 892 747 918 quain
768 884 907 911 invidebo.
933 882 1002 910 Cum
1024 882 1109 913 enim,
1132 880 1268 915 quidquid
1293 881 1428 908 hactenus
1448 881 1530 914 edidi,
1556 881 1581 907 id
1606 881 1648 907 vel
1671 881 1781 915 publica

144 923 269 950 utilitate
285 925 325 952 vel
351 926 524 960 temporibtis
545 927 614 953 meis
631 928 768 954 adductus
790 927 912 957 fecerint.
932 935 982 954 nec
1005 931 1057 952 tam
1076 926 1175 952 faniam
1192 925 1323 959 eaplarim
1345 933 1427 958 quam
1449 925 1548 952 famem
1571 926 1691 956 vitarim,
1705 925 1726 952 si
1743 934 1782 951 ea:

145 966 354 995 lucubrationes
371 977 438 996 mea:
453 970 650 998 illustriorihits
667 971 786 998 aliorum
805 971 988 1001 cdiliottihtts,
1007 971 1103 1004 quales
1128 969 1214 1004 aliqui
1232 969 1410 1003 pollicentur,
1427 969 1511 1004 aliqui
1530 969 1612 996 eliaut
1629 969 1780 999 minantur,

143 1011 256 1037 abolita:
282 1012 397 1043 fuerint,
417 1021 471 1040 non
494 1015 589 1049 iniquo
612 1015 705 1042 auinto
725 1016 870 1043 ferendum
905 1015 958 1042 erit
979 1022 1070 1040 meum
1096 1013 1233 1047 privatum
1255 1011 1376 1039 dedecus
1399 1013 1431 1044 (si
1457 1013 1531 1047 quod
1555 1019 1644 1039 tatueti
1664 1012 1781 1039 infelicis

143 1057 238 1088 pol'us
255 1063 336 1089 quatit
355 1056 494 1084 inhonesti
512 1064 628 1086 conatus
645 1063 686 1086 est
702 1060 833 1094 dedecus)
854 1068 915 1086 eum
938 1058 977 1084 rei
994 1057 1109 1092 publica:
1127 1057 1268 1083 litteraria:
1289 1056 1407 1083 utilitate
1421 1057 1561 1091 conjungi.
1579 1057 1622 1083 cui
1637 1065 1670 1083 ex
1688 1057 1781 1083 animo

143 1099 300 1126 consultant
323 1108 384 1127 esse
407 1106 435 1128 et
456 1102 517 1129 volo
537 1108 564 1130 et
581 1104 665 1130 ιὀἷιιί.
690 1104 794 1130 Vellent
815 1104 943 1138 equidem
962 1102 987 1129 id
1001 1109 1063 1128 cum
1081 1101 1160 1127 lalide
1186 1109 1244 1127 mea
1261 1101 1353 1135 politis
1367 1106 1395 1128 et
1409 1101 1495 1134 eloria
1511 1101 1567 1127 fieri
1589 1102 1690 1135 (neque
1704 1100 1778 1127 enim

143 1149 267 1168 antorem
283 1144 372 1170 nostri
388 1145 423 1171 ab
443 1145 502 1180 ipsa
518 1151 614 1173 natura
632 1147 745 1174 insitttitt
760 1149 839 1182 plane
855 1146 1029 1182 abjecimlls),
1046 1145 1093 1173 sed
1107 1145 1128 1171 si
1147 1145 1209 1171 falis
1224 1145 1305 1171 aliter
1327 1146 1414 1171 visunt
1441 1150 1492 1175 est,
1520 1145 1572 1171 hoc
1586 1152 1696 1179 quoque
1708 1145 1779 1178 atqui

143 1186 266 1220 bonique
282 1186 437 1215 faciendum
454 1190 520 1217 erit.

179 1231 270 1266 Atque
287 1230 343 1260 haec
358 1233 392 1259 de
408 1238 520 1261 auctore
537 1239 565 1261 et
580 1239 733 1267 argumenti
753 1243 852 1269 genere
868 1240 896 1261 et
912 1242 994 1269 opera
1012 1241 1071 1260 mea
1086 1242 1092 1259 :
1112 1240 1185 1259 nunc
1201 1232 1233 1259 ad
1257 1240 1316 1259 eam
1334 1232 1505 1259 Praefatioiiis
1520 1237 1624 1267 partem
1641 1232 1779 1260 acceden-

144 1275 212 1302 dulii
238 1281 290 1308 est,
311 1277 337 1304 ili
364 1285 418 1311 qua
443 1277 546 1311 alioqui
573 1278 690 1304 inultum
709 1278 809 1304 sudare
831 1278 939 1307 solitus,
959 1277 1032 1311 quod
1059 1277 1176 1303 verebar
1192 1284 1226 1303 ne
1251 1277 1293 1302 vel
1318 1277 1345 1302 in
1370 1276 1567 1302 assctttatiotlis
1590 1277 1778 1310 suspicionem

142 1321 388 1347 comiitenioratldo
411 1320 452 1347 vel
479 1321 507 1346 iu
524 1321 698 1355 negligentia:
715 1320 819 1346 crimen
844 1320 1043 1346 dissintulando
1060 1320 1183 1346 venirem
1205 1328 1210 1345 :
1238 1328 1311 1345 nunc
1336 1324 1366 1344 ιιι
1385 1319 1517 1346 liberiore
1541 1319 1591 1345 sim
1610 1321 1713 1352 animo,
1732 1325 1778 1346 tua

144 1361 280 1389 modestia
296 1364 338 1389 vel
358 1363 449 1397 politis
464 1363 628 1397 magnitudo
645 1363 729 1390 atiititi
753 1363 828 1394 facit,
848 1371 901 1398 qua
918 1363 944 1390 id
968 1363 1002 1389 ab
1020 1364 1132 1390 ineunte
1149 1368 1229 1389 actate
1253 1362 1402 1389 meditatus
1418 1370 1478 1389 esse
1496 1363 1600 1388 videris
1614 1364 1688 1396 quod
1706 1364 1778 1397 apud

141 1405 305 1433 Ciceronem
322 1406 444 1441 Scipioni
459 1407 595 1434 divinitus
609 1407 779 1441 prlccipitlir,
796 1412 825 1434 ιιι
843 1408 897 1434 alte
915 1412 1042 1440 spectans
1062 1411 1144 1440 atque
1162 1406 1195 1431 ad
1213 1405 1351 1432 caelestem
1369 1405 1461 1432 sedem
1478 1411 1504 1432 et
1520 1410 1651 1432 .‘L‘lCI‘llttllI
1665 1407 1778 1433 domum

141 1455 287 1479 contuens.
302 1458 392 1485 neque
407 1451 582 1478 sermonibus
597 1451 670 1486 vulgi
691 1450 800 1478 dederis
815 1455 851 1482 te.
868 1459 918 1478 nec
936 1450 963 1477 in
977 1451 1097 1484 prsentiis
1111 1450 1241 1476 humanis
1254 1457 1329 1484 spem
1344 1449 1469 1484 posueris
1487 1457 1578 1475 rerttiti
1593 1455 1717 1483 tuarum,
1729 1450 1777 1477 sed

140 1494 199 1521 suis
215 1499 240 1522 te
256 1494 394 1522 illecebris
408 1496 466 1530 ipsa
484 1495 572 1522 virtus
585 1496 700 1522 traxerit
713 1495 747 1522 ad
764 1503 859 1522 verum
876 1495 974 1522 decus:
985 1499 1014 1520 ut
1030 1494 1096 1521 illlid
1116 1494 1201 1520 Glauci
1223 1497 1309 1527 poeta:
1326 1493 1360 1520 de
1377 1498 1402 1520 te
1418 1493 1471 1520 dici
1489 1493 1594 1528 possit:

580 1594 617 1619 υὺ
635 1593 689 1629 γὰρ
704 1593 795 1619 δοκεῖν
811 1593 921 1627 ἄριστος
938 1594 995 1620 ἀλλ’
1009 1590 1078 1620 εἶναι.
1097 1593 1196 1624 θέλεις,

579 1629 696 1663 Βαοεζλν
712 1629 798 1655 ἄλοκα
815 1629 858 1653 διι
876 1630 983 1663 φρενῶν
999 1630 1205 1663 καρπσύμενπ,

583 1665 628 1697 Ἓξ
647 1662 680 1700 ἦς
694 1664 728 1689 τὰ
749 1663 827 1689 κεδλᾶ
846 1662 989 1698 plastisz
1006 1662 1179 1699 βνιίιλεύματςι
1191 1672 1198 1680 ·

139 1756 240 1790 quibus
251 1753 376 1781 versibus
394 1753 420 1779 id
439 1751 608 1788 Amphiarao
629 1761 680 1780 suo
697 1755 794 1781 trilittit
814 1753 971 1788 Alschylus.
991 1757 1020 1779 ut
1037 1753 1154 1779 aflirmet
1171 1759 1234 1779 eum
1257 1752 1345 1778 \irlmi
1363 1753 1499 1786 optimum
1514 1760 1576 1779 esse
1593 1753 1673 1780 malle
1691 1762 1773 1788 quam

138 1800 239 1830 videri,
259 1799 338 1833 cujus
358 1798 466 1825 animus
486 1803 615 1832 tanquam
644 1806 709 1833 ager
724 1799 860 1826 fecundus
873 1803 900 1825 et
928 1798 1012 1832 probe
1027 1798 1173 1828 subactus,
1191 1797 1333 1830 conceptis
1348 1797 1482 1823 virtutum
1506 1797 1670 1827 seminibus,
1687 1797 1773 1825 hone-

138 1849 243 1870 storum
257 1842 437 1870 consiliorum
455 1846 482 1868 ct
496 1850 556 1876 qua:
570 1842 633 1868 inde
648 1843 778 1869 oriunttlr
795 1843 934 1869 actionum
951 1841 1097 1876 quamdam
1111 1841 1188 1875 quasi
1204 1845 1325 1875 segetem
1343 1841 1474 1874 proferat.
1487 1840 1553 1873 Qua:
1567 1840 1589 1867 si
1605 1849 1652 1875 per
1662 1849 1772 1868 onmem

138 1887 227 1912 aetatis
245 1891 296 1911 tum
313 1885 472 1915 decursum,
491 1892 571 1918 quem
594 1885 629 1911 ita
650 1886 808 1913 moderatus
825 1894 855 1912 cs
871 1890 900 1912 lit
919 1886 1033 1912 honesta
1053 1887 1162 1920 negotia
1183 1885 1346 1912 suavissimo
1364 1886 1422 1911 otio
1437 1893 1546 1919 semper
1566 1886 1770 1919 anteposueris,

139 1928 296 1963 singulatim
310 1928 449 1961 explicare
466 1928 603 1958 studeam,
619 1937 688 1962 opus
705 1929 788 1956 Iliade
811 1930 942 1963 prolixius
967 1929 1034 1955 tiitlii
1061 1935 1199 1961 nascetur,
1215 1933 1243 1955 et
1258 1935 1310 1955 tuae
1327 1937 1408 1955 aures
1423 1929 1489 1955 satis
1512 1929 1572 1956 scio
1589 1936 1643 1955 non
1669 1929 1770 1956 ferent.

137 1973 203 2005 Qua:
220 1973 303 2007 igitur
318 1969 478 1998 calamchl
499 1975 544 1997 tua
560 1972 688 1998 voluntas
706 1973 746 1999 vel
765 1981 823 1999 nica
839 1973 1006 1999 verecundia
1030 1977 1123 2006 negat,
1137 1980 1169 1999 ea
1194 1973 1365 2006 posteritatis
1384 1973 1560 1999 St't'lliollllllls
1580 1973 1622 1999 vel
1643 1973 1726 1999 invito
1746 1979 1770 1999 te

137 2017 361 2044 celebrabuntur.
378 2015 450 2042 ldctti
464 2015 536 2042 enim
551 2019 594 2042 est
606 2016 698 2050 gloria:
713 2016 787 2050 quod
802 2016 933 2043 crocodili
954 2015 1093 2049 ingenium
1111 2024 1117 2041 :
1134 2020 1283 2048 sequentes
1298 2016 1377 2050 fugit.
1393 2016 1529 2050 fugientes
1542 2017 1679 2050 sequitur.
1696 2016 1769 2042 Nihil

138 2066 180 2097 (ut
193 2061 357 2096 eloquentia:
376 2061 506 2087 Romanae
531 2067 630 2095 parcns
649 2061 777 2095 testatur)
800 2061 833 2087 de
851 2060 1006 2093 insignibus
1031 2060 1063 2085 ait
1088 2058 1196 2084 laudent
1216 2059 1283 2085 viris
1300 2059 1418 2086 obscure
1443 2060 1564 2086 nuntiari
1583 2060 1673 2086 solet:
1691 2060 1769 2086 fama:

138 2113 218 2132 λυιιιο
235 2112 357 2138 utiquam
373 2104 511 2138 imperare
527 2104 626 2137 potuit.
642 2103 701 2130 Non
721 2105 825 2138 patitur
837 2104 881 2130 illa
899 2103 1007 2130 ilesiodi
1023 2102 1073 2129 dea
1091 2102 1142 2128 sibi
1159 2102 1251 2129 frenos
1267 2102 1342 2137 iitjici
1361 2112 1366 2128 :
1387 2103 1512 2137 loquitur
1529 2108 1557 2130 et
1571 2103 1680 2134 clamat,
1694 2109 1722 2130 ut
1733 2103 1767 2130 ab

137 2151 192 2182 ipsa
218 2149 381 2184 posteritate
397 2156 448 2174 vox
463 2148 523 2182 ejus
539 2147 678 2174 audiatur.
694 2148 859 2175 Prledicabit
883 2148 926 2174 illa
944 2156 997 2174 ltoii
1018 2151 1123 2174 tantum
1140 2153 1302 2173 ornant-tnta
1320 2148 1447 2178 fortuna).
1466 2147 1501 2173 ob
1516 2155 1577 2182 qua:
1592 2156 1655 2174 eum
1672 2148 1768 2174 beatus

138 2193 272 2224 ttabearis,
290 2196 318 2219 tu
341 2199 372 2218 ea
399 2192 505 2218 umbrae
527 2193 665 2226 parietum
690 2199 852 2226 comparare
870 2192 951 2222 soles.
968 2191 1016 2218 sed
1040 2195 1068 2218 et
1091 2192 1194 2226 ingenii
1217 2191 1436 2226 magnitudinem
1455 2196 1482 2218 et
1501 2191 1674 2226 prudentiam
1692 2197 1766 2218 litant

138 2236 379 2270 periculosissinlis
399 2236 569 2269 temporibus
588 2237 615 2261 in
632 2243 659 2262 re
677 2240 706 2262 et
723 2236 832 2270 publica
848 2242 875 2262 et
889 2236 1006 2270 privata,
1024 2237 1106 2262 animi
1124 2236 1309 2262 constantiam
1329 2241 1357 2262 ct
1373 2235 1588 2270 a‘quabilitatetn
1606 2236 1632 2262 iit
1650 2241 1768 2270 utraque

136 2280 255 2311 fortuna,
271 2279 297 2305 in
314 2278 492 2313 amplissimis
506 2279 617 2314 opibus.
631 2280 700 2312 quas
720 2288 734 2304 ιι
749 2280 898 2313 majoribus
911 2283 1038 2313 acceptas
1052 2284 1078 2305 et
1096 2279 1215 2306 feliciter
1231 2280 1402 2306 conservasti
1420 2284 1447 2306 et
1462 2280 1522 2306 sine
1543 2279 1707 2314 cujusquam
1725 2280 1768 2306 iit-

135 2323 204 2358 juria
218 2323 394 2358 atnplif‘tcasti
410 2328 437 2349 et
451 2323 483 2349 ad
500 2323 523 2348 bl
534 2331 568 2348 uc
586 2323 748 2348 merendum
763 2324 794 2348 de
810 2323 904 2349 multis
920 2323 1072 2353 contulisti.
1087 2331 1147 2350 caitt
1164 2323 1326 2350 modestiam
1341 2328 1367 2349 ct
1382 2323 1467 2350 debili
1479 2324 1560 2350 etiam
1577 2324 1690 2350 honoris
1701 2332 1768 2351 coit-

139 2371 279 2401 tettiptum,
296 2367 342 2400 qui
365 2367 406 2392 vel
431 2367 458 2393 iu
479 2366 581 2393 infimis
598 2366 759 2392 hominibus
775 2374 837 2392 raro
854 2367 1011 2398 invenitur;
1032 2375 1082 2394 nec
1099 2367 1199 2394 tacebit
1223 2367 1265 2393 Vel
1291 2367 1490 2401 benignitatem
1517 2375 1579 2402 erga
1597 2368 1714 2394 "ib-erlis
1738 2373 1766 2394 et

137 2411 262 2442 afﬂictos,
277 2411 320 2437 vel
333 2411 527 2438 liberalitatem
541 2418 604 2445 erga
630 2411 769 2438 studiosos
791 2415 815 2438 et
832 2411 928 2438 ductos
943 2419 949 2438 :
968 2411 995 2438 ili
1012 2419 1066 2445 quo
1083 2419 1200 2438 nuiticro
1214 2412 1237 2438 si
1262 2413 1325 2445 quis
1348 2411 1416 2438 mihi
1441 2412 1518 2437 locus
1534 2416 1587 2442 est,
1604 2416 1630 2438 ct
1654 2411 1676 2438 si
1693 2411 1766 2438 inter

136 2454 289 2485 Luscinios,
301 2454 428 2486 Carinos.
447 2454 602 2486 Tonticros,
621 2455 748 2487 Stieitos,
764 2454 903 2488 Siphanos
919 2459 1001 2488 atque
1016 2455 1084 2482 alios
1098 2455 1266 2489 complures,
1282 2456 1328 2490 qui
1348 2460 1393 2482 tua
1410 2455 1601 2482 munificentia
1621 2455 1763 2488 fruuntur,

135 2498 270 2525 numerari
287 2505 395 2524 mereor
409 2500 451 2530 (ιιι
464 2504 554 2525 autent
569 2506 686 2529 ttterear,
702 2503 746 2525 tua
763 2498 919 2525 humanitas
932 2499 1024 2533 potius
1036 2507 1117 2533 quam
1135 2507 1192 2525 nica
1210 2499 1328 2534 dignitas
1345 2499 1434 2533 facit),
1449 2504 1475 2526 et
1486 2507 1538 2533 ego
1555 2506 1655 2526 nomen
1671 2506 1763 2526 meum

135 2551 166 2570 ex
181 2543 251 2578 grati
263 2542 348 2569 animi
361 2542 450 2568 officio
469 2542 591 2576 prolitcri
609 2542 707 2570 debeo.
723 2542 770 2576 qui
787 2548 847 2577 post.
865 2543 965 2569 ntultas
980 2550 1116 2570 rerumtias
1131 2547 1177 2570 tua
1198 2543 1378 2574 liberalitate,
1393 2543 1439 2570 Vir
1455 2543 1637 2577 amplissime,
1652 2544 1762 2570 tandem

136 2587 184 2614 hoc
202 2591 368 2614 consecutus
385 2586 489 2618 videor,
505 2591 535 2613 ut
550 2587 582 2613 ad
596 2595 693 2614 omnes
714 2585 832 2614 furtunae
854 2594 944 2618 casus,
961 2587 1007 2620 qui
1027 2587 1095 2613 varii
1119 2587 1291 2622 impendent,
1308 2587 1413 2622 aliquid
1436 2587 1525 2621 parati
1550 2587 1668 2614 subsidii
1696 2587 1761 2623 (nisi

135 2630 219 2657 fatalis
235 2630 325 2664 aliqua
341 2630 482 2657 calamitas
499 2631 699 2666 intercesserit)
716 2639 758 2657 itte
777 2631 877 2657 habere
895 2630 1030 2657 confidant
1044 2641 1050 2658 :
1066 2636 1094 2658 et
1107 2631 1153 2657 hic
1165 2639 1266 2663 annus,
1279 2631 1325 2657 cui
1344 2637 1372 2657 ιιι
1387 2636 1517 2665 tanquam
1535 2631 1655 2658 salutare
1670 2630 1761 2665 quod-

135 2674 192 2701 daitt
205 2675 280 2701 sidus
294 2674 436 2704 affulsisti,
450 2674 477 2701 id
493 2673 559 2700 milii
572 2675 706 2708 attulerit,
720 2674 793 2709 qliod
808 2682 856 2708 per
871 2682 979 2701 otnnem
995 2680 1102 2702 letalem
1123 2675 1249 2702 exhausti
1263 2675 1372 2702 labores
1390 2683 1445 2701 non
1462 2675 1651 2702 contulerunt.
1668 2675 1705 2701 lla
1717 2682 1761 2701 res

134 2719 187 2754 ipsa
203 2726 246 2745 tnc
263 2719 353 2750 doect,
372 2718 454 2745 nimis
471 2726 565 2745 verunt
580 2718 646 2745 illud
660 2726 721 2746 esse
735 2719 812 2754 Regii
830 2719 904 2746 Vatis
917 2719 1071 2750 oraculum,
1089 2720 1135 2754 qui
1152 2719 1254 2746 frustra
1272 2724 1336 2746 ante
1354 2719 1443 2746 lucem
1461 2720 1536 2754 surgi
1553 2723 1580 2745 et
1599 2726 1697 2752 partem
1713 2725 1762 2744 co-

134 2763 201 2790 tuedi
213 2762 327 2792 doloris,
345 2763 429 2788 Deum
444 2767 535 2789 autem
553 2762 609 2789 suis
622 2763 663 2789 vel
680 2763 883 2790 doritiictilibus
898 2763 1075 2797 suppeditare
1088 2763 1179 2790 omnia
1193 2763 1347 2790 confirmat.
1365 2763 1421 2790 Etsi
1435 2768 1527 2790 autent
1544 2763 1570 2789 iti
1587 2767 1663 2789 tanto
1676 2769 1760 2795 opere

135 2815 218 2841 neque
232 2806 381 2833 dormitare
395 2814 484 2841 ttequc
514 2806 636 2833 dormire
667 2807 794 2836 nimium,
811 2816 842 2833 ac
868 2815 900 2832 ne
927 2807 1093 2834 valetudinis
1108 2808 1219 2842 quidem
1243 2817 1352 2844 semper
1381 2809 1514 2835 rationein
1555 2807 1655 2834 habere
1682 2806 1760 2833 licuit

135 2853 204 2885 (nam
218 2851 285 2878 alias
300 2859 440 2885 nunquam
459 2855 564 2878 tantum
580 2851 708 2878 volumen
727 2851 835 2878 tantillo
851 2852 942 2886 spatio
959 2852 1091 2886 to-tiiporis
1107 2852 1307 2888 absolvisset"),
1327 2858 1427 2885 tamen,
1445 2853 1467 2880 si
1485 2853 1511 2879 lli.
1524 2852 1620 2879 decen;
1637 2857 1756 2883 tuanCS,
