2004 3157
151 129 203 161 105

790 132 994 163 ANNALIUM
1018 133 1051 162 Ll
1061 133 1089 162 Β.
1113 133 1134 162 Ι.

1728 132 1778 161 liii)

148 187 201 221 τῆς
219 187 332 222 ἡμέρας
347 188 458 222 ταύτης
490 188 560 223 Ἤδη
573 189 600 214 δὲ
616 188 662 215 τοῦ
683 187 798 220 πένθους
814 187 937 222 λελωφη-

1003 188 1115 215 tecuitat
1132 187 1184 215 sub
1201 188 1249 224 lini
1271 187 1420 219 fasciculis,
1437 193 1466 214 et
1485 186 1694 222 inquisitoribus
1711 186 1779 214 dicit

148 236 238 268 κότος,
264 236 369 270 πέμπει
389 236 579 268 κατασκόπους
600 238 640 268 εἰς
668 235 832 272 Ἱεριχοῦντα
849 236 862 262 ὁ
883 235 938 268 Ἰη-

149 280 224 312 σοῦς.
241 280 509 315 Μετακαλεσάμενος
527 281 555 307 δὲ
571 283 634 312 τοὺς
650 281 806 316 φυλάρχους
826 280 875 315 τῆς
890 279 937 306 τοῦ

154 326 270 361 Ῥουὸὶμ
292 327 389 361 φυλῆς,
415 327 463 353 καὶ
488 328 538 362 τῆς
554 328 616 359 Γὰδ,
644 328 691 354 καὶ
715 328 765 362 τῆς
791 326 938 361 Μανασσῆ,

149 372 362 408 ὑπεμίμνησκεν
379 373 478 404 αὐτοὺς
489 373 544 400 τῶν
562 374 629 408 πρὸς
644 373 766 408 Μωῦσῆν
783 371 937 407 συνθηκῶν.

149 418 212 446 Τῶν
229 419 258 445 δὲ
279 419 422 455 ἑπομένων
446 420 576 451 πεντάκις
604 420 711 454 μυρίοις
735 419 869 450 ὁπλίταις,
892 418 940 444 ἐπὶ

149 464 194 492 τὸν
218 466 353 501 Ἰορδάνην
375 467 501 502 προσῄει.
520 466 551 492 0i
567 466 595 492 δὲ
615 465 786 499 πεμφθέντες
803 465 939 490 κατάσκο-

151 521 207 545 ποι,
228 513 268 544 εἰς
289 513 395 548 Ἰεριχὼ
420 513 653 549 παραγενόμενοι,
676 511 725 547 τὴν
741 511 818 538 πόλιν
831 511 940 537 ἅπασαν

151 558 330 593 κατενόησαν.
350 559 518 590 Γνωσθέντες
532 558 571 590 δὲ,
591 558 629 591 τῷ
645 557 751 592 βασιλεῖ
775 557 823 591 τῆς
848 555 941 590 χώρας

152 603 313 637 μηνύονται.
335 603 363 630 Ὀ
375 604 397 629 δ’
413 604 495 635 εὐθὺς
510 604 609 634 αὐτοὺς
632 602 817 638 συλληφθῆναι
831 602 942 628 ἐκέλευ-

131 658 138 669 ’
152 661 208 678 σεν.
231 652 276 683 Ὠς
294 652 323 679 δὲ
352 652 424 686 ἔγνω
440 651 490 686 τὴν
511 650 607 684 ἔφοδον
630 650 685 677 τῶν
700 649 854 684 ζητούντων
879 648 942 680 τοὺς

151 698 283 733 ἄνδραςή
305 699 385 732 γυνὴ,
404 698 468 733 παρ’
489 694 505 734 ᾖ
528 697 766 731 προσπεφεύγασι,
790 697 875 724 Ῥαὰὸ
893 705 942 723 κα-

151 745 282 780 λουμένη,
302 745 364 776 τοὺς
381 745 430 779 μὲν
445 744 614 779 κατέκρυψε,
629 744 704 770 λίνου
722 744 815 775 αὐτοῖς
829 745 942 778 ἀγκαλί-

150 791 199 823 δας
228 791 390 826 ὲπ;θεμένη.
419 792 482 822 Τοῖς
512 791 541 817 δὲ
571 790 699 826 ζητοῦσιν
726 790 830 824 ἔλεγεν,
852 791 890 822 ὡς
916 791 940 817 οί

152 836 276 870 ἀγνῶτες
290 837 386 872 ἄνδρες
398 837 510 868 ἐκεῖνοι,
529 837 595 871 πρὶν
618 836 696 862 δῦναι
714 837 759 862 τὸν
773 837 859 871 ἥλιον,
876 837 941 871 παρ’

151 883 220 918 αὐτῇ
235 882 444 917 δειπνήσαντες,
469 882 678 917 ἀπηλλάγησαν.
700 883 732 909 Ol
751 882 773 908 δ’
793 882 878 914 οὕτως
893 884 945 910 αὖ·
959 873 983 902 Β

152 929 216 958 τοὺς
229 927 399 963 ὑπελθούσης
414 928 464 962 τῆς
476 928 615 962 γυναικὸς,
629 927 763 963 ὥρμησαν
775 928 855 959 ἄλλος
869 929 946 954 ἀλλα-

152 973 214 1008 χοῦ,
230 974 292 1004 τοὺς
319 973 419 1008 ἄνδρας
449 973 603 1004 διώκοντες.
638 973 670 999 Ἠ
692 974 720 1000 δὲ
748 973 831 1000 Ῥαὰὸ
847 975 948 1008 χωρεῖν

153 1019 299 1046 ἐκέλευσεν
310 1020 357 1045 ἐπὶ
367 1020 400 1045 τὰ
415 1020 504 1046 οἰκεῖα
520 1020 583 1051 τοὺς
600 1019 712 1053 ἄνδρας,
729 1021 776 1046 καὶ
790 1020 948 1055 μεμνῆσθαι

152 1066 249 1101 αὐτῆς,
268 1067 315 1092 καὶ
330 1066 448 1100 άμοιόὴν
466 1065 586 1098 ἐκτῖσαι,
606 1066 655 1100 τῆς
672 1067 835 1093 Χαναναίων
854 1067 948 1102 χώρας

153 1112 405 1148 ὲπικρατήσαντας.
421 1112 452 1138 Oi
474 1111 503 1138 δὲ
524 1113 570 1138 καὶ
591 1112 673 1147 χάριν
691 1113 765 1147 ἔχειν
779 1113 949 1148 ὡμολόγουν,

993 235 1067 262 viros
1093 234 1155 262 illos
1180 235 1299 270 ignotos,
1324 240 1388 262 ante
1409 234 1476 262 solis
1499 242 1638 265 occasum.
1654 234 1726 268 apud
1750 243 1779 262 se

992 286 1115 307 cognatos
1131 280 1303 309 discessisse.
1324 281 1365 309 llli
1381 282 1421 309 sic
1435 291 1450 308 a
1474 280 1588 308 muliere
1611 280 1692 311 elusi,
1710 280 1781 308 alius

992 327 1045 354 alio
1059 327 1232 360 dilabuntur,
1244 328 1414 362 persecuturi
1426 336 1483 355 eos.
1497 328 1565 354 Tum
1582 327 1655 354 Raab
1668 326 1779 354 domum

993 381 1022 400 se
1050 373 1172 408 recipere
1185 374 1264 408 jubet
1278 374 1361 406 viros,
1377 374 1504 402 beneﬁcii
1529 374 1572 402 sui
1588 381 1734 405 memores,
1750 381 1781 400 ac

996 423 1067 446 terra
1092 419 1247 447 Chanantca
1275 421 1396 455 potitos,
1412 420 1515 448 referre
1543 421 1669 456 gratiam.
1684 420 1726 447 Illi
1754 425 1783 447 et

995 465 1097 500 gratias
1113 471 1207 501 agunt,
1225 474 1340 502 eamque
1356 467 1402 494 ubi
1420 467 1486 495 urbs
1498 473 1577 503 capta
1592 471 1675 500 esset,
1690 472 1720 495 ut
1738 474 1782 494 res

994 520 1060 539 suas
1072 517 1100 539 et
1123 514 1293 541 necessarios
1307 514 1335 541 in
1348 513 1501 541 diversorio
1517 514 1706 546 concluderet,
1719 521 1784 540 sus~

995 566 1081 593 penso
1104 568 1154 594 pro
1176 559 1281 587 foribus
1303 567 1432 594 purpura:
1455 568 1555 594 panno,
1581 564 1703 592 monent,
1729 568 1784 595 qun

996 609 1160 632 nosceretur
1186 605 1304 637 domus.
1330 610 1358 632 et
1382 610 1605 632 conservaretur.
1631 606 1725 641 Itaque
1749 606 1784 632 ad

995 657 1060 677 suos
1072 650 1225 677 incolumes
1237 651 1349 681 reversi.
1362 650 1428 685 quid
1441 650 1600 685 gessissent,
1613 651 1784 677 renuntiant.

996 696 1065 724 Cum
1092 702 1185 724 autem
1211 696 1340 724 Iordanis
1364 697 1552 727 intumuissct.
1570 696 1610 724 sic
1627 697 1707 724 Iesus
1731 696 1785 724 He-

997 743 1087 770 braeos
1101 751 1150 778 per
1169 751 1234 770 eum
1249 743 1382 770 traduxit.
1401 743 1599 770 Przeccdebaut
1614 743 1784 772 sacerdotes.

997 797 1088 817 arcam
1123 790 1252 817 ferentes.
1280 789 1386 817 Deinde
1421 789 1544 822 Levitat,
1576 789 1785 818 tabernaculum

997 841 1147 870 gestantes.
1163 835 1219 863 llos
1241 835 1361 870 populus
1376 835 1554 870 sequebatur.
1570 835 1606 863 Ut
1628 840 1720 863 autem
1742 842 1787 862 sa-

998 883 1157 910 cerdotibus
1168 882 1262 916 primis
1277 882 1418 916 ingressis,
1432 883 1550 916 impetus
1563 881 1683 908 ﬂuminis
1694 881 1785 908 statim

997 930 1219 964 interrumpitur,
1234 936 1331 956 omnes
1344 927 1476 955 audacter
1494 928 1636 962 trajecere.
1649 927 1787 955 stantibus

996 975 1024 1002 in
1040 973 1132 1001 medio
1148 973 1349 1005 sacerdotibus,
1364 973 1453 1000 donec
1469 974 1588 1007 populus
1609 973 1751 1000 transisset
1776 981 1783 999 :

997 1029 1029 1048 ac
1045 1026 1102 1048 tum
1116 1020 1228 1047 demum
1252 1019 1303 1054 ipsi
1327 1019 1412 1046 etiam
1427 1024 1492 1046 sunt
1505 1019 1619 1054 egressi,
1635 1027 1718 1047 cursu
1734 1020 1788 1047 llu-

997 1068 1080 1094 ntinis
1108 1067 1135 1094 in
1161 1067 1298 1101 integrum
1328 1065 1468 1092 restituto.
1495 1065 1615 1092 Jordane
1644 1070 1786 1100 superato.

996 1119 1087 1142 castra
1100 1113 1196 1140 decem
1212 1112 1309 1140 stadiis
1326 1111 1361 1138 ab
1381 1111 1562 1140 Hicricltunte
1576 1112 1679 1139 locant.

152 1161 198 1187 καὶ
213 1161 295 1195 ἡνίκα
308 1160 341 1186 ἂν
363 1162 380 1196 ὴ
401 1160 478 1192 πόλις
492 1159 647 1195 ἁλίσκηται,
663 1160 712 1196 τὴν
728 1161 825 1194 κτῆσίν
843 1170 872 1188 τε
894 1163 942 1189 καὶ
961 1163 1026 1195 τοὺς
1060 1162 1178 1192 οἰκείους
1197 1161 1238 1191 είς
1274 1160 1306 1186 τὸ
1326 1159 1500 1194 καταγώγιον
1517 1159 1703 1194 ἐγκαθεῖρξαι,
1717 1160 1787 1194 αὐτῇ

152 1206 331 1240 ἐνετέλλοντο,
347 1208 528 1242 ἁπαιωρῆσαι
547 1205 575 1231 δὲ
594 1207 641 1235 καὶ
661 1207 797 1242 φοινικίδα
817 1207 871 1243 πρὸ
901 1209 956 1235 τῶν
975 1208 1078 1243 θυρῶν,
1095 1207 1129 1234 ἶν’
1154 1207 1198 1242 εἴη
1219 1207 1359 1241 γνώριμος
1382 1208 1398 1241 ή
1416 1206 1502 1238 οίκία,
1522 1206 1571 1232 καὶ
1603 1205 1786 1241 διαφυλαχθῇ.

153 1255 207 1280 Καὶ
231 1255 256 1280 οἱ
280 1255 328 1289 μὲν
355 1255 423 1289 πρὸς
450 1255 513 1291 τοὺς
535 1255 653 1286 οἰκείους
680 1253 834 1288 ἐσώθησαν,
853 1256 900 1281 καὶ
926 1255 944 1282 ἃ
965 1255 1089 1290 ἔπραξαν
1109 1254 1231 1289 ἐδήλουν.
1264 1254 1318 1280 Τοῦ
1355 1253 1488 1289 Ἰορδάνου
1501 1254 1529 1280 δὲ
1550 1254 1650 1282 πολλοῦ
1669 1253 1789 1290 ῥέοντος,

152 1300 223 1326 οὕτω
239 1301 301 1331 τοὺς
319 1300 462 1334 Ἐϐραίους
475 1302 490 1327 ὁ
505 1321 508 1325 .
525 1301 630 1335 Ἰησοῦς
649 1301 692 1327 ἐπ’
712 1301 795 1326 αὑτοῦ
829 1301 978 1328 διεϐίϐασε.
1000 1300 1145 1336 ΙΙροῄεσαν
1171 1302 1220 1336 μὲν
1249 1301 1273 1327 οἱ
1302 1302 1395 1335 ίερεῖς,
1418 1302 1468 1335 τὴν
1488 1301 1611 1327 Κιϐωτὸν
1640 1299 1767 1335 αἴροντες
1781 1319 1789 1331 ,

153 1343 214 1372 εἶτα
227 1346 252 1372 ol
266 1345 391 1378 Λευῖται,
404 1346 564 1380 κομίζοντες
575 1346 625 1380 τὴν
643 1346 759 1379 σκηνήν.
778 1345 893 1371 Εἶποντο
911 1346 940 1372 δι
959 1345 1067 1377 τούτοις
1095 1346 1109 1371 ὁ
1125 1345 1200 1377 λαός.
1238 1346 1282 1377 Ὧς
1293 1345 1321 1371 δὲ
1335 1347 1391 1377 τοῖς
1409 1336 1511 1381 ίερεῦσι
1526 1345 1646 1380 πρώτοις
1659 1346 1788 1380 ἐμϐᾶσιν,

153 1393 276 1427 ἀνεκόπη
294 1393 325 1419 τὺ
353 1393 442 1428 ῥεῦμα
463 1392 512 1419 τοῦ
529 1391 665 1426 ποταμοῦ,
679 1392 780 1422 πάντες
793 1391 967 1428 θαρρούντως
987 1392 1176 1427 ἐπεραιοῦντο.
1195 1393 1333 1428 Ἔστησαν
1347 1392 1369 1418 δ’
1384 1393 1412 1418 ὲν
1447 1392 1522 1427 μέσῳ
1536 1393 1560 1417 οἱ
1583 1391 1676 1426 ἱερεῖς,
1694 1392 1747 1423 ἓως
1760 1390 1790 1418 οὗ

154 1439 264 1474 διαϐαίη
280 1438 310 1464 τὸ
322 1439 433 1473 πλῆθος,
448 1436 508 1466 εἶτα
522 1439 645 1465 κάκεῖνοι
661 1438 787 1474 ἐξῄεσαν,
822 1438 966 1474 ἐλεύθερον
985 1439 1103 1474 ἀφέντες
1127 1439 1158 1465 τδ
1194 1439 1284 1474 ῥεῦμα
1310 1439 1419 1474 χωρεῖν,
1441 1438 1489 1464 καὶ
1514 1437 1568 1473 πρὸ
1589 1438 1654 1464 δέκα
1676 1438 1791 1464 σταδίων

155 1487 203 1520 τῆς
223 1485 400 1520 Ἱεριχοῦντος
415 1484 687 1519 στρατοπεδεύονται.

1038 1531 1097 1558 XX.
1114 1532 1196 1559 Jesns
1213 1531 1238 1557 in
1253 1538 1299 1557 ara
1315 1538 1348 1557 ex
1361 1529 1510 1564 lapidibus.
1527 1538 1597 1564 quos
1615 1530 1701 1565 ipsius
1712 1531 1790 1565 jussu

191 1533 233 1561 ΚΖ
249 1533 345 1568 Βωμὺν
359 1533 383 1559 δ’
394 1533 426 1559 ἐκ
439 1533 495 1559 τῶν
509 1532 590 1558 λίθων
603 1534 617 1559 ὁ
637 1532 742 1567 Ἰησοῦς
758 1532 949 1568 ἱδρυσάμενος,

191 1590 200 1611 ς
221 1581 338 1610 ἕκαστος
355 1579 410 1605 τῶν
425 1578 573 1611 φυλάρχων
597 1578 659 1604 κατ’
682 1579 792 1611 ἐντολὴν
814 1577 899 1606 αὑτοῦ
916 1579 949 1606 ὲκ

1038 1532 1097 1558 XX.
1114 1532 1196 1559 Jesns
1213 1532 1238 1557 in
1253 1538 1299 1557 ara
1315 1538 1348 1557 ex
1361 1532 1510 1564 lapidibus.
1527 1538 1597 1564 quos
1615 1532 1701 1565 ipsius
1712 1532 1790 1565 jussu

1003 1577 1119 1611 quilibet
1147 1577 1276 1603 tribunus
1304 1583 1337 1602 ex
1365 1576 1444 1602 alveo
1473 1575 1602 1603 Jordanis
1628 1578 1790 1609 sustulerat,

153 1581 200 1613 οὒς
221 1581 338 1610 ἕκαστος
355 1579 410 1605 τῶν
425 1578 573 1614 φυλάρχων
597 1578 659 1604 κατ’
682 1579 792 1613 ἐντολὴν
814 1577 899 1606 αὑτοῦ
916 1579 949 1606 ὲκ

154 1625 204 1653 τοῦ
218 1625 300 1661 βυθοῦ
318 1625 366 1652 τοῦ
384 1625 520 1660 Ἰορδάνου
541 1625 673 1657 ἀνείλετο,
698 1625 776 1652 έθυεν
795 1626 840 1652 ὲπ⁹
853 1625 948 1658 αὐτοῦ,

155 1673 203 1699 καὶ
219 1673 270 1708 τὴν
284 1673 381 1708 ἑορτὴν
400 1671 448 1698 τοῦ
468 1672 564 1706 Πάσχα
580 1671 712 1707 ἑώρταζε.
730 1671 798 1698 Τότε
814 1671 836 1697 δ’
851 1671 950 1703 αὐτοὺς

157 1719 205 1746 καὶ
222 1719 253 1745 τὸ
267 1719 364 1746 Μάννα
385 1717 569 1750 ἐπιλελοίπει,
592 1718 783 1753 χρησαμένους
805 1718 881 1753 αὑτῷ
903 1719 950 1744 ἐπὶ

156 1765 362 1799 τεσσαράκοντα
376 1763 436 1798 ἐτη.
453 1763 524 1798 ’Ἡδη
536 1763 591 1798 γὰρ
602 1763 736 1798 εὐπόρουν
750 1765 782 1790 ἑκ
794 1763 846 1797 τῆς
857 1762 950 1798 χώρας

157 1810 279 1843 πάντων,
296 1808 388 1845 ὦνπερ
405 1811 523 1836 ἐδέοντο.
552 1810 592 1845 Τῇ
619 1809 649 1836 δὲ
674 1809 770 1846 πρώτῃ
790 1810 839 1844 τῆς
853 1809 949 1844 ἑορτῆς

158 1857 251 1893 ἡμέρᾳ
277 1858 310 1891 τῇ
341 1856 486 1892 πολιορκίᾳ
509 1856 558 1891 τῆς
595 1855 773 1891 Ἱεριχοῦντος
797 1857 812 1882 ὁ
847 1855 950 1891 Ἰησοῦς

160 1902 351 1937 ἐπεχείρησεν,
366 1901 438 1927 οὕτω
455 1900 560 1936 ταύτην
574 1901 771 1936 διατιθέμενος.
789 1901 845 1936 Τὴν
860 1901 953 1928 Κιῦω-

119 1952 121 1955 ’
160 1948 205 1975 τὸν
220 1948 245 1973 οί
260 1948 342 1982 ἱερεῖς
367 1947 508 1982 φέροντες,
526 1947 692 1982 περιώδευον
715 1948 744 1972 τὸ
769 1948 870 1981 τεῖχος,
883 1947 952 1973 ἑπτὰ

162 1993 342 2025 σαλπίζοντες
372 1994 480 2028 κέρασι.
511 1994 567 2019 Καὶ
588 1994 605 2028 ἠ
630 1993 763 2028 γερουσία
787 1993 951 2027 παρείπετο,

161 2038 212 2066 εἷθ’
233 2040 400 2067 θπενόστουν
416 2040 455 2070 είς
474 2040 504 2065 τὸ
522 2039 715 2074 στρατόπεδον.
733 2039 788 2065 Καὶ
809 2037 889 2064 τοῦτο
906 2038 953 2064 ἐπὶ

161 2086 191 2120 ἐξ
211 2086 321 2112 ἐποίουν
333 2086 451 2121 ἡμέρας.
469 2085 508 2120 Τῇ
525 2086 553 2112 δὲ
571 2085 674 2121 ἑϐδόμῃ
686 2086 721 2111 τά
736 2085 807 2111 αὐτὰ
823 2084 954 2118 ποιησάν-

162 2141 226 2165 των,
239 2134 287 2159 καὶ
299 2132 498 2167 περιελθόντων
518 2131 646 2164 ἑπτάκις,
659 2132 690 2157 τὸ
702 2132 791 2166 τεῖχος
805 2131 953 2162 κατέπεσε,

162 2179 210 2205 καὶ
223 2180 237 2205 ὁ
251 2179 315 2209 λαὸς
333 2177 473 2210 είσελοὼν,
486 2177 591 2209 πάντας
601 2177 738 2209 ἔκτειναν,
753 2177 800 2203 καὶ
816 2176 866 2211 τὴν
877 2175 955 2202 πόλιν

1001 1623 1134 1654 immolat,
1150 1627 1178 1649 et
1197 1622 1297 1649 festum
1320 1622 1462 1649 Paschalis
1484 1622 1615 1649 celebrat.
1632 1623 1792 1658 Eodemque

1002 1673 1125 1703 tempore
1139 1675 1238 1694 manna
1253 1675 1301 1694 eos
1315 1667 1424 1696 defecit.
1440 1675 1494 1702 quo
1510 1675 1558 1702 per
1574 1676 1660 1696 annos
1675 1670 1792 1704 quadra-

1001 1714 1075 1750 ginta
1091 1714 1200 1741 fuerant
1224 1713 1278 1741 usi.
1301 1713 1360 1741 Jam
1383 1713 1457 1740 enim
1473 1721 1507 1741 ex
1532 1714 1605 1749 agris
1631 1716 1722 1742 omnia
1738 1716 1794 1752 46

1002 1760 1104 1795 quibus
1123 1767 1192 1795 opus
1207 1765 1277 1792 erat,
1293 1760 1487 1794 suppetebant.
1504 1759 1683 1788 Obsidionem
1703 1761 1793 1789 Hieri-

1002 1806 1113 1833 cbuntis
1128 1806 1209 1833 Jesus
1225 1806 1315 1840 primo
1331 1806 1376 1832 die
1390 1805 1549 1833 festivitatis
1564 1811 1606 1833 est
1622 1807 1792 1842 auspicatus.

1004 1860 1033 1880 re
1047 1852 1086 1879 sic
1100 1851 1243 1879 instructa.
1257 1851 1421 1880 Sacerdotes
1436 1859 1527 1879 arcam
1540 1857 1679 1886 gestantes
1693 1854 1794 1882 mcenia

1003 1899 1198 1930 circumibant,
1211 1904 1315 1933 septem
1330 1906 1434 1926 cornua
1448 1899 1584 1932 inﬂantes,
1598 1904 1711 1927 senatus
1723 1908 1794 1936 pone

1003 1946 1184 1980 sequebatur,
1198 1951 1260 1980 post
1276 1947 1303 1972 in
1316 1951 1405 1974 castra
1422 1947 1558 1974 redibant.
1577 1948 1661 1982 quue
1675 1956 1723 1975 sex
1736 1948 1795 1976 die-

1005 1993 1057 2019 bus
1072 2001 1134 2019 cum
1154 1993 1295 2025 fecissent,
1309 2001 1341 2020 ac
1357 1994 1402 2021 die
1426 1995 1544 2028 septimo
1568 1995 1754 2028 repetiissent,
1767 2000 1796 2022 et

1005 2038 1108 2073 septies
1129 2038 1333 2070 circumissent,
1350 2047 1446 2067 murus
1473 2039 1605 2071 concidit,
1621 2040 1739 2074 populus
1753 2040 1795 2067 itt-

1006 2092 1128 2119 grcssus,
1141 2091 1238 2111 omnes
1255 2084 1368 2117 occidit,
1388 2089 1416 2112 et
1434 2085 1530 2112 urbem
1552 2085 1686 2112 incendit.
1704 2085 1795 2112 Solam

1008 2131 1129 2158 Raabcm
1145 2138 1208 2158 cum
1225 2131 1293 2164 suis,
1306 2131 1385 2166 signo
1396 2131 1442 2158 illo
1455 2139 1504 2165 pro
1516 2131 1623 2158 foribus
1636 2137 1795 2166 conspecto,

1007 2178 1196 2213 exploratores
1207 2183 1407 2205 conservarunt
1421 2187 1428 2205 :
1444 2178 1523 2205 Jesus
1538 2179 1620 2206 etiam
1635 2186 1700 2213 agro
1712 2178 1797 2206 dona~

163 2224 331 2260 ἐνέπρησαν.
347 2224 402 2258 Τὴν
428 2224 456 2250 δὲ
479 2223 565 2251 Ῥαὰὸ
593 2224 677 2258 μόνην
701 2223 750 2249 σὺν
772 2223 829 2253 τοῖς
843 2222 949 2253 οἰκείοις

1008 2225 1058 2258 vit,
1073 2230 1101 2253 et
1117 2225 1270 2253 honorifice
1291 2226 1427 2253 tractavit.
1442 2225 1470 2253 Si
1487 2225 1533 2261 qui
1551 2233 1616 2253 vero
1636 2227 1733 2253 urbem
1755 2227 1796 2254 in-

163 2272 273 2297 Εσωσαν
299 2272 323 2297 ol
347 2271 527 2302 κατάσκοποι,
555 2269 690 2304 φοινικίδα
724 2269 779 2304 πρὸ
799 2269 848 2303 τῆς
865 2268 954 2299 οἰκίας

163 2316 391 2351 ἁπαιωρήσασαν.
405 2316 460 2342 Καὶ
474 2315 578 2350 Ἰησοῦς
590 2315 692 2350 ἀγροὺς
704 2315 774 2349 αὐτῇ
786 2313 954 2348 ἐδωρήσατο,

166 2363 213 2388 καὶ
225 2360 276 2397 ἡγε
291 2362 337 2388 διὰ
345 2362 440 2396 τιμῆς.
457 2361 537 2388 Κατά
550 2361 580 2388 δὲ
593 2362 649 2388 τῶν
666 2361 788 2395 ἐγείρειν
799 2359 878 2391 αὖθις
892 2360 956 2394 βου-

167 2408 363 2443 ληθησομένων
377 2408 426 2444 τὴν
440 2408 519 2435 πόλιν
531 2408 601 2443 ἀρὰς
615 2408 703 2439 ἔθετο,
723 2407 888 2442 στερηθῆναι
906 2407 957 2441 μιν

167 2453 214 2480 τοῦ
230 2454 339 2488 πρώτου
355 2455 459 2486 παιδὸς,
484 2455 530 2480 τὸν
558 2453 701 2487 θεμελίους
721 2453 897 2488 βαλλόμενον,
912 2453 958 2480 τὸν

168 2500 352 2527 τελειώσαντα
366 2500 395 2526 δὲ
410 2500 584 2534 ζημιωθῆναι
606 2501 653 2526 τὸν
677 2500 823 2526 νεώτατον.
845 2500 915 2527 Πολὺ
930 2499 959 2526 δὲ

170 2547 274 2580 πλῆθος
288 2547 321 2572 ἐκ
344 2546 393 2579 τῆς
418 2546 521 2577 πόλεως
545 2546 704 2581 ἀθροίζεται
727 2546 849 2581 ἀργύρου
867 2555 897 2573 τε
912 2547 959 2573 καὶ

169 2591 284 2627 χρυσοῦ,
304 2592 351 2619 καὶ
365 2591 439 2618 ἅπαν
453 2591 567 2626 ἀνετέθη
581 2591 620 2626 τῷ
635 2591 705 2626 Θεῷ,
721 2591 758 2622 ὡς
776 2592 832 2618 τῶν
853 2600 960 2626 κατωρ-

169 2637 299 2671 θωμένων
314 2638 443 2672 ἐσόμενον
467 2637 605 2672 ἀπαρχήν.
638 2637 783 2672 ’Λπείρητο
796 2637 851 2672 γὰρ
876 2639 960 2664 πᾶσιν

168 2685 202 2710 ὲκ
215 2683 310 2710 τούτου
333 2692 360 2709 τι
380 2684 605 2717 σφετερίσασθαι.
626 2684 723 2718 Ἀχωρ
740 2683 768 2709 δέ
790 2692 832 2715 τις
856 2685 888 2710 ὲκ
911 2685 960 2719 τῆς

177 2730 264 2757 Ἰούδα
278 2730 373 2764 φυλῆς,
401 2730 543 2764 ὑφάσματι
568 2731 717 2765 χρυσοῦφεῖ
734 2730 899 2765 περιτυχὼν,
913 2731 961 2757 καὶ

172 2777 247 2814 μάζῃ
265 2776 367 2812 χρυσοῦ
392 2777 510 2812 ἑλκούσῃ
527 2776 635 2807 σίκλους
653 2776 817 2808 διακοσίους,
837 2777 961 2803 ίδιώσατο

172 2825 270 2856 ταὺτα,
287 2823 439 2857 κατορύξας
456 2825 485 2849 ὲν
501 2825 534 2858 τῇ
561 2825 658 2858 σκηνῇ.
682 2823 760 2849 Μετὰ
775 2822 863 2850 ταῦτα
881 2823 961 2851 πολέ-

176 2879 228 2905 μου
240 2870 386 2900 συστάντος
399 2870 547 2905 τρέπονται
560 2871 584 2896 οι
603 2869 735 2904 Ἑϐραῖοι,
752 2870 800 2896 καὶ
814 2871 961 2897 πίπτουσιν

360 2919 496 2949 ΡΑτιιοιι.
520 2920 578 2948 (in.
603 2918 773 2949 CXXXIV.

1008 2273 1158 2299 stauraturi
1201 2277 1315 2305 essent,
1353 2280 1401 2300 eos
1443 2273 1512 2300 diris
1552 2273 1708 2308 hujusmodi
1754 2279 1796 2301 est

1008 2319 1170 2351 detestatus,
1180 2324 1210 2346 ut
1219 2319 1264 2353 qui
1277 2319 1573 2352 fuudamentajaceret.
1583 2319 1796 2354 primogenitum

1009 2364 1172 2390 amitteret:
1195 2364 1241 2398 qui
1265 2364 1421 2398 perﬁceret.
1439 2370 1505 2391 natu
1530 2365 1673 2392 minimum
1698 2365 1796 2392 lilium.

1009 2410 1104 2445 Magna
1130 2410 1192 2437 auri
1212 2415 1241 2438 et
1264 2411 1371 2445 argenti
1385 2411 1472 2445 ,copia
1496 2418 1529 2437 ex
1554 2411 1696 2438 manubiis
1719 2412 1798 2440 urbis

1010 2461 1113 2489 coacta,
1128 2457 1183 2484 Deo
1195 2456 1321 2484 universa
1333 2462 1520 2488 consecratur,
1532 2456 1660 2491 primitiae
1673 2458 1713 2484 rei
1727 2458 1798 2486 bene

1012 2507 1094 2537 gesta:
1108 2510 1114 2528 :
1128 2509 1160 2529 ac
1175 2502 1305 2529 ouunibus
1325 2502 1510 2531 interdicitur.
1529 2510 1564 2529 ne
1578 2502 1644 2536 quid
1660 2503 1724 2530 inde
1743 2504 1796 2532 sibi

1012 2553 1155 2583 usurpent.
1168 2548 1222 2576 Sed
1233 2549 1325 2576 Acltor
1335 2548 1444 2582 quidam
1455 2548 1574 2575 Judaicze
1584 2549 1684 2580 tribus,
1693 2553 1796 2576 textum

1011 2595 1148 2628 quoddam
1173 2602 1207 2622 ex
1230 2603 1309 2626 auro,
1333 2599 1361 2622 et
1383 2594 1444 2621 auri
1472 2601 1600 2626 massam,
1624 2602 1685 2629 quae
1716 2595 1798 2623 siclos

1012 2641 1146 2669 ducentos
1162 2641 1309 2677 pendebat.
1326 2647 1432 2671 nactus.
1449 2641 1558 2672 retinet,
1575 2649 1606 2668 ac
1628 2642 1654 2668 in
1671 2641 1798 2668 taberna-

1013 2687 1075 2714 culo
1091 2695 1141 2713 suo
1152 2687 1265 2715 defodit.
1286 2687 1350 2714 Post
1366 2693 1427 2713 orto
1445 2687 1526 2718 bello,
1542 2687 1568 2714 in
1584 2687 1674 2723 fugam
1686 2692 1795 2715 vertun-

1015 2737 1059 2759 tur
1086 2733 1204 2766 Hebraei,
1230 2733 1342 2769 triginta
1359 2741 1404 2760 sox
1424 2741 1456 2760 ex
1480 2733 1520 2760 eis
1545 2734 1709 2761 interfectis.
1731 2733 1798 2761 Eam

1014 2779 1118 2806 cladctn
1146 2779 1265 2814 populus
1288 2779 1430 2814 :egerrime
1458 2780 1530 2806 tulit.
1557 2779 1636 2807 Jesus
1652 2780 1680 2806 in
1703 2779 1798 2806 facient

1013 2825 1159 2860 prolapsus
1183 2825 1348 2860 deprecatur
1364 2826 1449 2853 Deum
1468 2835 1474 2852 :
1493 2830 1520 2853 et
1544 2826 1657 2853 oraculo
1673 2826 1798 2860 edoctus,

1014 2870 1188 2906 sacrilegium
1203 2879 1263 2899 esse
1276 2871 1387 2905 factum,
1403 2872 1537 2908 judicium
1551 2872 1616 2899 sorti
1630 2872 1794 2900 committit.

1633 2921 1651 2950 Δ
