2102 3148
210 173 259 201 1th
860 171 1001 201 ANNALI

1045 172 1061 201 tl
1083 172 1154 203 LIB.
1177 173 1199 202 Ι.
1782 175 1832 203 lli.

209 225 300 252 πεύων
316 225 362 253 ¹ιδν
372 226 468 262 ἄνδρα,
484 225 529 252 καῖ
545 225 744 260 ὑπερχόμενος.
759 221 844 255 Οὗτος
857 225 905 252 σὺν
917 225 993 251 δυσὶν

1046 226 1168 254 clmntiis
1185 231 1282 254 auctor
1306 227 1335 254 lit
1350 227 1520 254 vindicandae
1534 226 1680 253 libertatis.
1702 225 1734 252 lli
1757 233 1832 252 artua

208 271 328 302 οἰκέταις
347 272 412 297 ποτὲ
437 271 513 306 δῶρα
538 271 660 306 κομίξων
674 270 712 306 τῷ
727 270 852 305 Αἰγλὼμ,
882 270 994 304 ξιφίδιον

1045 272 1163 306 capiunt.
1183 273 1287 307 Eglunii
1304 273 1448 305 satellites,
1468 280 1531 307 rego
1548 273 1660 299 invento
1672 277 1792 302 mortuo,
1805 271 1832 297 in

208 317 305 352 ἔφερεν
319 317 442 350 ἀφανῶς.
461 318 514 343 Καὶ
528 318 578 352 τῆς
593 317 701 352 ἡμέρας
717 317 767 352 ἤδη
787 316 934 351 μεσούσης,
949 316 996 342 καὶ

1045 320 1132 354 fugam
1148 320 1231 350 versi,
1252 328 1267 346 a
1283 320 1516 354 persequentibus
1533 320 1644 347 civibus
1657 318 1831 346 occiduntur.

208 363 262 389 τῶν
276 363 404 397 φυλακων
416 364 485 399 πρδς
498 364 615 395 ἑαυτοὺς
633 363 856 397 ἀπεληλυθότων,
869 370 993 396 μεμονω-

1045 364 1089 392 Sic
1115 366 1244 393 Israelita:
1270 374 1304 392 ex
1335 366 1481 393 Moabitica
1507 365 1641 393 servitute
1667 365 1832 392 liberamur.

210 409 290 443 μένον
305 409 395 444 εὑρὼν
410 409 504 439 αὑτὸν,
516 410 629 436 εἴσεισιν
643 410 679 440 ὡς
697 409 828 444 συνήθης,
849 408 897 435 καὶ
914 408 996 442 μόνον

1045 411 1114 438 Aotb
1129 411 1260 447 suﬂ‘ragio
1274 411 1369 446 populi
1385 412 1514 446 princeps
1529 416 1649 442 creatus,
1667 418 1729 437 cum
1748 417 1834 436 annos

209 454 354 481 ἀπολαϐὼν
371 455 465 487 αὑτὸν,
481 456 518 487 ὡς
540 456 572 490 δή
588 465 613 482 τι
632 455 838 490 μυστικώτερον
860 462 995 489 προσομι-

209 499 299 534 λήσων
316 500 401 535 αὐτῷ.
423 501 538 535 πλήττει
560 502 675 536 καιρίως
693 501 730 535 τῷ
746 501 864 536 ξιφιδίῳ,
881 500 928 526 καὶ
945 499 994 526 ἀν-

208 547 291 580 αιρεῖ.
309 546 451 573 ’Λπελθὼν
472 547 502 573 δὲ
519 547 587 582 πρὸς
604 547 668 578 τοὺς
690 547 906 582 Ἱεριχουντίους,
932 546 992 572 πεί-

1045 456 1183 491 octoginta
1214 456 1378 490 prtefuisset,
1409 456 1537 483 moritur.
1561 456 1625 482 Post
1646 455 1719 481 hunc
1743 453 1834 487 Megar

1048 501 1160 528 Dinaelti
1189 501 1281 533 illius,
1309 501 1403 531 multis
1427 501 1611 529 Barbarorum
1641 500 1729 529 exesis.
1760 506 1833 525 anno

1047 546 1137 581 primo
1149 546 1258 581 imperii
1274 536 1399 575 decedit:

209 591 250 618 οει
265 591 314 626 τῆς
327 591 482 627 ἐλευθερίας
495 592 702 620 ἀντιποιεῖσθαι.
721 593 776 618 Kal.
790 592 816 618 οί
838 591 887 626 μὲν
910 591 1070 623 ὡπλίζοντο,
1093 591 1118 617 οἱ
1131 591 1160 617 δὲ
1188 593 1253 626 περὶ
1285 592 1331 619 τὸν
1351 592 1473 628 Αἰγλὼμ.
1491 591 1588 626 νεκρὸν
1604 590 1685 617 αὐτὸν
1708 591 1834 625 εὑρόντες

211 638 251 669 εἰς
264 638 353 672 φυγὴν
369 638 526 672 τρέπονται,
541 639 588 664 καὶ
603 635 762 672 διωκὸιίενοι
773 636 989 671 διαφθείρονται.
1022 636 1078 662 Καὶ
1111 635 1198 668 οὕτως
1226 637 1347 670 Ἑϐραῖοι
1371 637 1421 672 τῆς
1454 637 1508 663 τῶν
1536 635 1690 663 Μωαϐιτῶν
1712 633 1834 665 δουλείας

209 684 427 720 ὲλευοεροῦνται.
454 684 500 719 Τῷ
520 685 549 710 δὲ
567 685 650 717 Ἀὼο,
671 686 687 718 ἠ
712 684 759 711 τοῦ
793 684 914 718 πλήθους
939 681 1010 716 ἀρχὴ
1030 682 1228 717 ἐγκεχείριστο,
1252 684 1282 714 ὂς
1305 683 1350 709 ἐπ’
1373 683 1462 709 ἔτεσιν
1497 683 1665 716 ὀγδοήκοντα
1694 680 1741 707 τοῦ
1767 679 1834 706 λαοῦ

210 729 399 763 ἡγησάμενος,
417 730 464 756 τὸν
489 729 546 765 βίον
567 730 711 757 κατέλυσε.
736 730 813 757 Μετὰ
836 730 868 756 δὲ
899 727 994 754 τοῦτον
1014 727 1111 761 Μεγὰρ
1132 728 1189 760 υίὸς
1224 729 1307 764 Δινὰχ
1323 729 1419 765 ἄρξας,
1437 730 1482 763 ,ὲν
1505 728 1544 764 τῷ
1559 727 1661 763 πρώτῳ
1683 727 1732 761 τῆς
1747 725 1833 759 ἀρχῆς

209 776 325 811 ἐνιαυτῷ
342 776 532 812 τετελεύτηκε,
552 779 676 811 πατάξας
689 779 742 805 τῶν
756 777 915 812 ἀλλοφύλων
929 775 1056 806 πολλούς.

247 821 311 850 ΚΓ.
327 822 382 849 Τοῦ
401 823 430 850 δὲ
444 824 511 850 λαοῦ
523 824 578 851 τῶν
599 825 734 860 Ἐὗραίων
758 825 821 855 τοὺς
840 823 928 854 θείους
945 830 996 848 πα-

211 868 386 902 ραϐαίνοντος
404 871 514 904 νόμους,
525 870 661 906 ὠργίζετο
675 872 688 897 ὀ
702 871 768 902 Θεὸς
779 879 786 886 ·
802 871 851 897 καὶ
865 871 994 904 Σισάρας,

1082 821 1180 849 XXIII.
1207 823 1339 850 lstaelitis
1363 828 1455 850 autem
1478 822 1513 850 ob
1528 821 1645 849 violatas
1662 819 1770 847 divinas
1794 819 1833 845 le-

1047 876 1095 903 ges
1123 869 1192 896 irato
1209 869 1274 900 Deo,
1296 869 1404 897 Sisaras
1420 869 1497 897 Jabis
1518 868 1736 896 Cbananmorum
1761 865 1835 900 regis

209 915 223 939 ὸ
237 914 285 940 τοῦ
308 915 413 950 Ἰαὸεὶμ
430 915 564 951 βασιλέως
586 917 640 943 τῶν
666 917 829 943 Χαναναίων
846 916 991 951 ἀρχιστρὰξ

1046 915 1099 942 dux
1117 923 1164 942 eos
1180 924 1333 951 aggressus,
1350 916 1469 951 graviter
1483 915 1594 947 alllixit,
1617 919 1644 942 et
1673 911 1834 941 tributarios

210 967 302 993 τηγος,
321 961 448 988 ἐπελθὼν
473 962 582 994 αὐτοῖς,
610 962 735 988 ἐκάκωσε
762 971 790 988 τε
820 961 933 996 σφόδρα,
948 962 995 987 καὶ

211 1005 304 1040 φόροις
321 1007 450 1039 ὑπέϐαλε,
471 1009 517 1034 καὶ
533 1005 611 1043 εἶχον
627 1008 712 1039 οὕτως
735 1009 781 1034 ἐπὶ
802 1008 944 1038 ἐνιαυτοὺς
959 1007 996 1034 ετ-

212 1057 282 1076 κοσι.
308 1051 419 1084 Δευώρα
443 1052 472 1077 δέ
495 1061 537 1083 τις
560 1053 697 1086 προφῆτις
711 1053 797 1088 (δηλοί
822 1053 850 1079 δὲ
864 1053 895 1079 τὸ
911 1053 996 1087 δνομα

210 1096 371 1131 μέλισσαν)
391 1098 460 1133 ὑπὲρ
480 1099 526 1125 τοῦ
540 1098 605 1125 λαοῦ
622 1100 761 1125 ἱκέτευσεν
778 1099 825 1126 τὸν
846 1099 923 1126 Θεόν.
941 1100 997 1126 Καὶ

210 1143 224 1168 ὁ
239 1143 305 1176 Θεὸς
329 1144 472 1178 ἐπένευσε,
491 1145 540 1172 καὶ
562 1147 715 1181 στρατηγὸν
731 1146 868 1180 αἱρεῖσθαι
889 1146 996 1173 κελεύει

210 1187 493 1224 Βαρὰκ,ἀιττραπὴν
525 1191 553 1217 δὲ
581 1192 661 1217 τοῦτο
689 1191 818 1226 σημαίνει
850 1192 921 1219 κατὰ
947 1192 997 1226 τὴν

216 1233 350 1268 Ἰ-ἰὸραίων
363 1236 504 1262 διάλεκτον
518 1243 525 1251 ·
539 1234 572 1271 ἦν
590 1237 612 1263 δ’
623 1238 655 1263 ἐκ
667 1238 716 1271 τῆς
731 1237 899 1271 Νεφθαλίδος
911 1237 997 1272 φυλῆς

211 1281 225 1305 ὁ
238 1280 318 1314 ἁνήρ.
334 1281 389 1307 Kal.
401 1283 417 1316 ἠ
431 1283 543 1317 Δευώρα
558 1283 603 1308 τὸν
618 1283 712 1316 Βαρὰκ
727 1282 916 1317 προετρέψατο
928 1282 998 1308 κατά

211 1326 268 1352 τῶν
284 1326 422 1361 πολεμίων
442 1328 511 1353 ἱέναι
537 1328 607 1362 μετὰ
631 1328 700 1353 νέων
722 1327 839 1362 μυρίων,
858 1327 938 1354 τοῦτο
953 1335 999 1354 κε-

213 1371 339 1403 λεύοντος
354 1373 401 1398 τοῦ
422 1373 501 1398 Θεοῦ.
524 1373 553 1398 ’0
567 1373 596 1399 δὲ
618 1373 748 1407 κάκείνην
763 1373 862 1407 ἀπῄτει
879 1381 999 1407 συστρα-

214 1419 320 1452 τηγεῖν,
332 1418 458 1444 Πείθεται
474 1419 490 1452 ὴ
505 1419 584 1453 γυνὴ,
595 1419 642 1444 καὶ
662 1419 751 1453 μάχης
763 1419 812 1445 σὺν
822 1419 877 1449 τοῖς
891 1419 1000 1452 μυρίοις

215 1461 403 1496 συρῤαγείοης
421 1462 514 1492 αὐτοῖς
537 1463 605 1496 πρὸς
620 1462 666 1488 τὸν
686 1462 814 1496 Σισάραν,
831 1463 933 1497 δμῦρος
952 1471 1000 1489 κα-

215 1508 338 1541 ταχεῖται
351 1507 447 1539 πολὺς,
477 1508 523 1534 καὶ
540 1508 646 1542 χάλαζα
661 1509 895 1544 καταρρήγνυται.
907 1510 999 1536 Ταῦτα

214 1553 242 1578 δὲ
257 1553 328 1580 κατὰ
345 1553 491 1588 πρόσωπον
506 1555 561 1580 τῶν
583 1555 721 1589 πολεμίων
749 1556 802 1581 ὑπὸ
828 1555 876 1581 τοῦ
897 1555 999 1589 ἀνέμου

1045 961 1154 988 effecit:
1174 962 1200 988 in
1215 969 1271 996 quo
1296 967 1368 988 statu
1382 969 1469 988 annos
1492 961 1589 996 viginti
1611 962 1832 994 permanserunt.

1047 1007 1115 1034 Tum
1131 1007 1253 1038 Debora.
1272 1008 1382 1034 fatidica
1399 1007 1497 1034 mulier
1512 1007 1596 1041 (apem
1610 1006 1715 1033 Latinis
1730 1005 1830 1039 sonat),

1046 1060 1159 1081 exorato
1175 1055 1240 1086 Deo,
1258 1054 1389 1082 Baracum
1408 1055 1497 1081 virum
1510 1061 1542 1081 ex
1559 1052 1723 1087 Nephtltalia
1738 1051 1812 1078 tribu
1823 1071 1831 1084 ,

1047 1098 1122 1126 illius
1135 1099 1212 1134 jussu
1227 1099 1323 1126 ducem
1340 1104 1432 1132 creat;
1447 1098 1537 1134 fulgur
1553 1098 1676 1126 llebra'is
1690 1097 1715 1124 id
1731 1104 1832 1123 nomen

1047 1143 1191 1179 signiﬁcat.
1213 1144 1345 1172 Hortatur
1368 1149 1398 1172 ut
1420 1145 1515 1172 decem
1542 1143 1664 1170 millibus
1693 1142 1833 1174 virorum,

1047 1190 1278 1224 quemadmodum
1302 1192 1373 1218 Deus
1389 1191 1523 1226 jusserit,
1551 1189 1701 1224 assumptis
1714 1208 1722 1220 ,
1740 1188 1837 1215 hostes

1048 1236 1176 1264 invadat:
1192 1238 1248 1272 ipsa
1262 1243 1371 1272 petente
1385 1238 1432 1265 illo
1447 1246 1500 1264 una
1516 1237 1712 1273 proﬁciscitur,
1725 1234 1834 1270 imperii

1049 1282 1196 1317 particeps.
1218 1283 1315 1310 Przelio
1335 1292 1396 1310 cum
1418 1285 1511 1310 decem
1530 1284 1584 1310 illis
1600 1282 1721 1310 millibus
1737 1281 1836 1308 adver-

1050 1335 1097 1354 sus
1112 1327 1229 1354 Sisaram
1244 1329 1392 1355 commisso
1409 1337 1523 1363 magnus
1539 1328 1628 1355 imber
1643 1328 1790 1358 delabitur,
1807 1331 1836 1353 ct

1050 1374 1154 1408 grando
1174 1374 1313 1408 erumpit,
1332 1383 1392 1408 qua:
1409 1382 1423 1401 a
1446 1378 1528 1401 vento
1545 1374 1572 1400 in
1592 1373 1712 1400 hostium
1737 1373 1835 1400 faciem

1050 1425 1120 1451 acta,
1139 1425 1278 1454 aspectum
1297 1420 1350 1447 illis
1366 1420 1489 1455 eripient
1506 1420 1598 1454 itaque
1613 1428 1620 1452 ;
1638 1419 1665 1446 in
1683 1419 1772 1453 fugam
1793 1419 1835 1445 in-

1050 1466 1162 1497 clinant,
1182 1466 1208 1492 in
1229 1474 1282 1501 qua
1301 1465 1408 1493 Sisaras
1428 1466 1511 1493 etiam
1526 1466 1559 1493 ad
1576 1465 1719 1492 mulierem
1740 1472 1836 1499 quam—

1050 1511 1113 1537 dam
1130 1511 1232 1538 Jaclcm
1252 1512 1362 1538 nomine
1379 1511 1511 1546 confugit,
1532 1516 1562 1538 ιιι
1576 1511 1610 1538 ab
1631 1518 1664 1538 ea
1683 1511 1836 1538 occultare-

1053 1562 1107 1584 tur.
1122 1558 1169 1584 llla
1181 1558 1284 1592 excipit
1294 1558 1445 1589 hominem,
1456 1562 1483 1584 et
1497 1558 1538 1584 lac
1553 1557 1702 1584 bibendum
1714 1557 1835 1591 praebet:

214 1598 355 1633 ἠλαύνετο,
374 1600 421 1626 καὶ
445 1601 503 1631 ταῖς
521 1600 614 1634 ὄψεσιν
628 1601 793 1627 ὲπεσκότονν
806 1601 907 1628 αὐτῶν.
926 1602 997 1628 Κάν-

1051 1611 1105 1634 (ιιιο
1120 1608 1212 1637 epoto.
1222 1604 1280 1630 .loel
1293 1603 1412 1638 sopitum
1431 1611 1567 1638 aggressa,
1583 1607 1664 1636 caput
1680 1602 1741 1637 ejus
1752 1601 1836 1628 clavis

213 1644 311 1671 τεῦθεν
324 1645 464 1672 ἐνέκλιναν
480 1646 519 1677 εἰς
534 1647 751 1681 φυγήν.Φεύγων
765 1647 793 1673 δὲ
807 1647 854 1675 καὶ
869 1647 998 1682 Σισάρνις,

214 1690 285 1725 πρὸς
309 1699 370 1717 τινα
399 1693 517 1726 γυναῖκα
545 1692 694 1726 κατέφυγε,
714 1693 890 1727 κατακρύψαι
917 1693 999 1719 αὑτὸν

213 1736 310 1767 ἀξιῶν.
326 1736 398 1771 Ἰαὴλ
426 1737 568 1772 ὡνὸμαστο
591 1738 607 1772 ὴ
624 1738 702 1772 γυνή.
732 1738 764 1764 Ἠ
783 1738 812 1764 δὲ
826 1737 934 1772 δέχεται
952 1739 1001 1764 αὑ-

213 1781 275 1813 τὸν,
290 1782 336 1808 καὶ
353 1782 444 1808 δίδωσι
470 1782 539 1815 γάλα
555 1783 638 1814 πιεῖν,
661 1783 710 1809 καὶ
728 1782 757 1814 ὃς
776 1781 847 1810 πιὼν
865 1783 999 1811 ὕπνωσεν.

215 1827 392 1862 Κοιμωμένῳ
413 1828 435 1854 δ’
456 1828 531 1863 αὐτῷ
556 1828 671 1855 ἐπίθετο
690 1828 773 1864 Ὶαὴλ,
798 1830 846 1856 καὶ
868 1827 932 1864 ἦ).ον
958 1829 1002 1856 διὰ

215 1873 265 1898 τοῦ
284 1874 421 1908 κροτάφου
441 1874 524 1901 αὑτοῦ
539 1874 671 1906 ἐλάσασα,
686 1875 725 1909 τῷ
738 1875 832 1909 ὲδᾶφει
847 1883 1003 1910 προσεπατ-

215 1920 347 1952 τάλευσε,
363 1921 409 1946 καὶ
428 1922 483 1950 τοῖς
497 1921 564 1954 περὶ
580 1920 625 1946 τὸν
642 1921 736 1956 Βαράκ
750 1921 845 1955 νεκρὸν
862 1922 908 1947 τὸν
923 1921 1004 1947 πολέ-

216 1975 282 2001 μιον
294 1966 423 1992 δείκνυσι.
439 1966 610 2001 Στρατεύσας
622 1966 651 1992 δὲ
666 1967 713 1992 καὶ
722 1967 769 1992 ἐπὶ
779 1966 876 1998 Ἰαὸεὶς
892 1967 1004 2001 βασιλέα

213 2012 364 2039 Χαναναὲιν
386 2012 399 2038 ό
413 2012 508 2047 Βαρὰκ
518 2032 524 2042 ,
540 2011 619 2038 αὐτόν
633 2020 663 2038 τε
680 2011 801 2042 ἔκτεινε,
823 2012 872 2037 καὶ
887 2011 936 2045 τὴν
956 2011 1004 2037 πό-

213 2059 260 2084 λιν
277 2058 445 2092 κατέσκαψε.
459 2058 511 2084 Καὶ
522 2058 716 2092 στρατηγήσας
729 2058 773 2083 ἐπ’
785 2057 831 2092 ἔτη
845 2058 1004 2092 τριάκοντα,

211 2105 335 2138 τελευτᾷ
349 2104 396 2130 καὶ
411 2104 538 2139 Δευώρας
556 2105 626 2130 κατὰ
640 2104 686 2130 τὸν
702 2104 783 2130 αὑτὸν
797 2104 930 2139 θανούσης
946 2113 1006 2131 και-

214 2152 277 2188 ρόν.
295 2149 362 2177 Εἶτα
373 2150 534 2177 Μαδιανῖται
549 2150 597 2177 σὺν
619 2150 817 2184 Ἀμαληκίταις
829 2150 878 2177 καὶ
890 2151 1004 2184 Ἄραψι,

214 2198 296 2234 μάχῃ
323 2197 385 2228 τοὺς
413 2196 585 2231 Ἰσραηλίτας
611 2195 768 2231 ἐτρέψαντο.
796 2195 850 2222 Καὶ
877 2196 923 2222 ἐπὶ
957 2196 1004 2230 ἐτη

212 2242 291 2270 Ern-ci
324 2241 520 2275 ἐπιτιθεμένων
547 2240 660 2272 αὐτοῖς,
682 2241 760 2275 λιμὸς
785 2238 831 2276 ἦν,
857 2241 906 2267 καὶ
933 2241 1004 2267 σπά-

210 2297 259 2319 νις
293 2287 347 2314 τῶν
373 2287 546 2320 ἀναγκαίων,
576 2286 622 2313 καὶ
652 2287 757 2313 ἐδέοντο
773 2286 820 2312 τοῦ
847 2286 929 2313 Θεοῦ.
955 2287 1005 2313 Γε-

210 2333 290 2362 δεὼν
305 2333 333 2358 δὲ
352 2332 437 2366 φυλῆς
452 2332 489 2358 ὢν
502 2331 648 2366 Μανασσῆ,
666 2331 813 2367 δράγματα
827 2331 951 2366 σταχύων
965 2332 1006 2363 είς

211 2381 266 2407 τὸν
282 2378 362 2411 ληνὸν
381 2378 479 2403 ἔκοπτε
493 2377 596 2412 κρύφα,
613 2377 661 2403 καὶ⁷
671 2377 723 2411 ὁρᾶ
735 2377 797 2404 τινὰ
811 2378 840 2404 ὲν
859 2378 924 2404 εἴδει
942 2386 1006 2404 νεα-

212 2425 317 2452 νίσκου
334 2422 495 2456 παρεστῶτα
509 2421 593 2456 αὐτῷ,
609 2422 655 2448 καὶ
670 2420 815 2453 καλοῦντος
830 2422 912 2448 αὑτὸν
930 2423 1007 2456 φίλον

210 2470 256 2506 τῷ
277 2467 338 2502 Θεῷ
367 2467 413 2493 καὶ
428 2467 585 2501 εὐδαίμονα.
607 2467 637 2492 Ὀ
658 2466 680 2492 δ’
699 2467 925 2502 εἰρωνευόμενος,
941 2475 1006 2494 τεκ-

211 2518 326 2555 μήριον
356 2514 451 2547 ἔλεγεν
483 2511 553 2539 εἶναι
578 2513 662 2540 αὐτοῦ
689 2513 739 2546 τῆς
769 2513 953 2546 εὐδαιμονίας,
978 2514 1008 2540 τὸ

209 2560 380 2598 κεχρῆσθαι
400 2559 439 2594 τῷ
464 2559 538 2593 ληνῷ
562 2559 623 2585 ἀντὶ
645 2558 758 2588 ἅλωνος.
780 2559 835 2585 Καὶ
864 2559 878 2584 ὁ
899 2560 1007 2591 νεανίας

208 2608 338 2644 οαρῤεῖν
368 2605 416 2631 καὶ
445 2603 572 2631 σπεύδειν
601 2604 676 2638 αὐτῷ
709 2603 911 2638 παρεκελεύετο
938 2605 1008 2640 ὑπὲρ

207 2652 382 2687 ἐλευθερίας
411 2651 466 2677 τῶν
492 2649 626 2685 φυλετῶν.
645 2650 748 2676 Γεδεὼν
772 2651 800 2676 δὲ
827 2651 948 2677 ἱκέτευσε
964 2653 1009 2678 τὸν

206 2699 400 2736 φαινόμενον,
417 2697 454 2732 μὴ
472 2695 671 2730 μεταναστῆναι
687 2695 802 2722 ἐκεῖθεν.
816 2696 869 2721 Καὶ
881 2695 1009 2723 εἰσελθὼν

207 2747 338 2781 ἐκόμισε
364 2742 471 2768 θυσίαν.
490 2742 545 2767 Καὶ
560 2741 573 2766 ὁ
589 2741 704 2775 ἄγγελος
725 2741 811 2766 θεῖναι
825 2740 909 2776 αὐτὴν
935 2742 1010 2777 παρὰ

206 2794 267 2829 τὴν
288 2790 398 2823 πέτραν
424 2787 562 2813 ἐκέλευσε.
587 2786 641 2812 Καὶ
657 2786 688 2821 τῇ
719 2786 809 2820 ῥάϐδῳ
830 2785 938 2819 ψαύσας
960 2787 1011 2821 τῆς

208 2839 342 2870 πέτρας,
367 2831 423 2867 πῦρ
447 2831 551 2866 ἀνῆψεν
573 2831 739 2865 αὐτόματον,
765 2832 813 2857 καὶ
838 2830 887 2865 τὴν
915 2831 1010 2858 θυσίαν

207 2883 407 2913 κατέκαυσεν.
425 2877 490 2904 Εἶτα
515 2878 600 2906 ἦτησε
622 2878 668 2904 τὸν
692 2877 758 2904 Θεὸν
785 2877 886 2903 Γεδεὼν
903 2878 948 2905 ἐπὶ
964 2878 1010 2904 τὸν

1051 1650 1127 1676 humi
1144 1649 1237 1684 afﬁgit,
1258 1655 1285 1676 et
1300 1650 1403 1677 Baraco
1415 1654 1553 1676 mortuum
1572 1649 1678 1675 hostem
1697 1647 1836 1680 ostendit,

1051 1696 1097 1730 qui
1115 1695 1199 1723 armis
1221 1701 1315 1723 contra
1330 1695 1418 1722 Jabim
1434 1694 1650 1722 Chanana‘ornm
1667 1701 1757 1728 regem
1769 1700 1836 1720 con-

1051 1742 1148 1772 versis,
1168 1746 1196 1768 et
1210 1741 1299 1776 ipsum
1316 1741 1428 1774 occidit,
1440 1745 1467 1768 et
1485 1741 1580 1767 urbem
1593 1738 1644 1775 δι
1664 1740 1722 1767 solo
1734 1742 1834 1774 :equat.

1051 1787 1180 1817 Moritur.
1201 1795 1263 1815 cmn
1287 1795 1375 1815 annos
1398 1787 1507 1822 triginta
1524 1787 1708 1821 imperasset:
1729 1785 1836 1813 Debora

1052 1833 1135 1860 etiam
1154 1834 1227 1861 circa
1244 1834 1314 1860 idem
1333 1839 1441 1868 tempus
1457 1833 1597 1860 detuncta.
1613 1833 1686 1861 Post,
1703 1831 1836 1858 Madiani-

1055 1882 1088 1906 tte
1109 1886 1171 1906 eum
1192 1879 1328 1906 Arabibus
1343 1884 1371 1905 et
1391 1878 1569 1905 Amaleehitis
1593 1876 1730 1904 lsraelitas
1744 1876 1838 1910 praelia

1054 1924 1174 1951 fundunt
1203 1924 1364 1959 fugantque.
1397 1924 1518 1956 Quorum
1547 1922 1752 1950 incursionibus
1791 1929 1843 1955 per

1055 1975 1160 2004 septem
1176 1978 1263 1997 annos
1281 1970 1402 2003 fatigati,
1428 1978 1459 1997 ac
1477 1970 1510 1996 ad
1525 1973 1675 2004 egestatem
1691 1972 1720 1995 et
1739 1967 1845 1994 fatnem

1056 2015 1172 2047 redacti,
1184 2015 1305 2041 divinam
1317 2023 1396 2048 opem
1411 2015 1566 2048 implorant.
1578 2015 1640 2041 Erat
1657 2017 1712 2038 tum
1728 2012 1840 2047 quidam

1057 2061 1145 2088 tribus
1161 2061 1308 2088 Manassen:
1325 2061 1365 2087 vir
1379 2061 1501 2091 Gedeon,
1514 2061 1561 2094 qui
1577 2059 1732 2092 manipulos
1750 2058 1841 2092 spica-

1057 2114 1118 2133 rum
1147 2105 1174 2132 in
1194 2105 1327 2132 toreulari
1348 2113 1444 2132 secans
1458 2125 1464 2136 .
1488 2103 1633 2138 quemdam
1659 2102 1842 2129 adolescentis

1057 2152 1151 2178 habitu
1174 2151 1224 2178 sibi
1249 2153 1421 2179 assistcntem
1436 2150 1512 2177 videt
1526 2158 1533 2181 ;
1549 2158 1564 2176 a
1591 2157 1645 2182 quo
1662 2157 1723 2175 eum
1741 2153 1770 2175 ιιι
1786 2149 1842 2175 Deo

1056 2197 1156 2224 charus
1174 2201 1202 2223 ct
1217 2197 1312 2223 beatus
1326 2196 1523 2230 praedicaretur
1535 2215 1541 2226 ,
1564 2195 1610 2221 illc
1625 2193 1744 2220 irridens
1761 2202 1767 2220 :
1786 2192 1843 2220 "ac

1024 2257 1044 2285 ι)
1056 2242 1163 2271 scilicet.
1180 2241 1278 2276 inquit,
1291 2242 1394 2276 signum
1410 2246 1446 2268 est
1463 2241 1596 2267 beatilalis
1612 2248 1686 2272 more,
1699 2239 1768 2274 quod
1788 2243 1842 2265 tar-

1057 2289 1143 2316 culari
1156 2297 1203 2323 pro
1221 2297 1283 2315 area
1309 2294 1379 2315 utor.
1400 2288 1568 2315 Adolescens
1583 2293 1646 2313 eum
1662 2287 1735 2313 bono
1750 2286 1842 2313 animo

1057 2341 1118 2360 esse
1131 2333 1220 2366 jubet.
1235 2340 1267 2359 ae
1285 2340 1401 2367 propere
1419 2331 1591 2358 vindicandae
1614 2331 1789 2365 popularium
1806 2330 1841 2357 li-

1057 2378 1173 2406 bertatis
1197 2386 1290 2405 curam
1306 2379 1457 2412 suscipere.
1484 2377 1595 2412 Gedeon
1611 2385 1674 2403 eum
1692 2376 1738 2411 qui
1755 2383 1841 2411 appa-

1059 2430 1161 2456 ruerat,
1185 2430 1245 2452 orat
1264 2433 1297 2452 nc
1310 2425 1476 2456 discederet,
1494 2431 1526 2451 ac
1541 2425 1681 2458 ingressus
1703 2422 1840 2449 victimam

1058 2471 1147 2499 aﬂ‘ert.
1183 2471 1247 2497 Eam
1275 2470 1389 2504 angelus
1416 2470 1492 2505 juxta
1522 2477 1617 2503 rupem
1645 2468 1710 2502 poni
1743 2467 1840 2502 jubet:

1058 2525 1139 2552 quam
1166 2525 1228 2544 eum
1254 2516 1352 2543 baculo
1378 2516 1525 2549 tetigisset,
1545 2515 1619 2550 ignis
1634 2515 1708 2541 ultro
1727 2518 1843 2541 exortus

1059 2563 1198 2590 victimam
1222 2561 1385 2588 combussit.
1414 2560 1517 2587 Deinde
1536 2560 1604 2595 petit
1621 2567 1635 2586 .1
1652 2560 1705 2586 Deo
1720 2559 1842 2590 chcnn.

1059 2614 1089 2635 ut
1103 2609 1185 2636 rosin
1207 2608 1293 2635 vellus
1313 2607 1484 2639 descendat,
1503 2612 1532 2633 ct
1555 2606 1708 2632 descendit.
1737 2605 1843 2632 Rursus

1060 2655 1129 2690 petit
1147 2659 1177 2681 ut
1201 2662 1261 2681 rore
1287 2654 1368 2680 tellus
1388 2652 1538 2683 madescat.
1555 2652 1643 2679 vellus
1661 2652 1765 2679 siccum
1785 2660 1844 2678 ma-

1060 2705 1144 2727 neat:
1158 2699 1250 2732 itaque
1267 2698 1367 2724 factum
1383 2701 1435 2724 est.
1457 2697 1537 2724 Paret
1557 2697 1648 2731 itaque
1659 2697 1771 2724 tledcon
1782 2717 1790 2726 .
1819 2702 1844 2723 et

1060 2745 1155 2771 decem
1170 2743 1254 2769 millia
1268 2742 1389 2769 virorum
1405 2746 1500 2769 contra
1515 2742 1608 2769 hostes
1625 2745 1724 2773 armat,
1741 2749 1844 2776 eosque

1058 2791 1136 2825 jussu
1155 2788 1202 2815 Dei
1219 2787 1271 2815 sub
1286 2787 1429 2814 meridiem
1449 2787 1482 2814 ad
1507 2787 1609 2814 ﬂumen
1631 2786 1708 2813 ducit
1723 2795 1730 2812 :
1746 2790 1774 2812 et
1797 2786 1844 2820 qui

1061 2833 1208 2860 lambendo
1227 2839 1259 2859 ae
1279 2831 1442 2858 festinanter
1473 2831 1686 2865 circumagendo
1703 2838 1744 2863 se,
1768 2829 1843 2856 bibe-

1064 2884 1125 2906 rant
1144 2878 1183 2908 (bi
1198 2877 1313 2905 trcccnti
1328 2878 1429 2908 erant).
1444 2885 1493 2904 cos
1509 2877 1614 2906 relictis
1631 2876 1738 2904 cancris
1750 2879 1845 2903 contra
