2102 3148
244 151 299 183 235

907 149 1070 180 JOANNIS
1089 149 1250 180 ZONARE

1826 151 1879 183 236

243 207 326 240 Mani,
345 205 450 235 Graecis
472 211 515 234 est
535 213 686 239 numerus;
705 205 793 238 Tekei,
807 205 926 241 spatium
939 214 944 231 :
957 205 1032 240 quod

1089 204 1198 232 σκεύεσι
1213 204 1260 232 τοῦ
1278 204 1346 231 Θεοῦ
1363 204 1433 240 μετὰ
1446 204 1502 232 τῶν
1518 205 1666 233 παλλακῶν
1678 205 1719 238 εἰς
1738 205 1880 233 διακονίαν

245 255 316 282 Deus
333 253 450 281 limitem
463 252 540 288 regni
551 253 610 288 ejus
622 251 822 285 constituisset,
835 251 909 287 quod
925 252 1037 287 quidem

244 301 375 328 deorsum
387 303 515 334 vergeret
526 303 554 326 et
565 298 752 334 frangeretur.
767 299 835 326 Nam
855 299 931 326 Tekel
953 299 1037 326 etiam

244 348 365 383 fragmen
378 346 514 381 signiﬁcat
526 345 619 380 lingua
633 345 739 372 Graeca.
756 344 859 373 Phares
872 344 1037 372 divisionem

245 394 492 429 interpretabatur,
510 391 584 426 quod
601 399 716 426 regnum
738 392 800 427 ejus
818 391 890 419 inter
905 391 999 419 Medos
1010 397 1038 421 et

247 439 344 465 Persas
375 445 389 464 a
416 437 472 464 Deo
498 436 724 464 distribuendum
751 441 835 464 esset.
865 436 1038 471 Scripturam

247 485 330 519 igitur
353 483 467 519 parietis
494 483 531 510 ita
551 483 628 518 legit,
654 483 747 518 itaque
770 482 890 518 syllabas
904 490 952 510 eas
966 484 1038 510 inter

245 538 306 558 sese
330 530 512 564 compararit,
535 529 588 556 hoc
612 534 665 561 est,
692 529 890 564 interpretatus
903 533 954 560 est,
974 536 1038 564 rege

247 584 366 604 mmrore
392 576 502 608 allecto,
527 583 578 603 nec
604 575 651 603 diu
677 580 739 610 post
768 575 911 610 propheta;
935 574 1038 610 praedi-

246 624 337 651 ctione
354 623 434 659 124.
455 629 556 650 eventu
573 623 764 657 comprobata,
788 629 850 648 cum
866 621 954 657 Cyrus
970 622 1038 649 Per-

247 679 339 698 sarum
359 679 405 697 rex
429 670 502 696 bello
525 669 612 700 illato,
632 669 798 704 Babylonem
821 669 904 702 capit,
929 668 1038 695 Baitha-

247 724 309 744 sare
341 715 368 742 in
405 716 565 750 captivitate
594 715 671 742 urbis
697 714 853 741 interfecto.
888 714 958 741 Sunt
989 715 1037 749 qni

248 766 383 793 asserunt.
399 761 495 795 eadem
517 765 609 793 nocte,
625 768 677 795 qna
695 760 745 788 visi
762 764 854 787 essent
870 760 947 795 digiti
968 760 1037 787 scri-

248 810 355 840 bentcs,
376 813 404 836 et
427 807 594 843 Babylonem
616 812 736 841 captam,
761 810 789 833 et
818 814 910 841 regem
936 813 1037 833 caesum

247 864 319 884 esse.
333 856 468 883 Cancrum
493 859 555 890 post
582 853 660 881 urbis
681 853 882 888 captivitatem,
906 853 1001 880 Daniel
1022 860 1038 879 a

249 902 332 929 Dario
355 901 443 934 Mch,
464 901 511 935 qui
536 905 563 928 et
585 899 723 934 Cyaxares
747 898 955 931 nominabatur,
973 898 1037 934 Cyri

249 948 414 980 avunculus,
438 947 511 974 Illius
537 946 662 983 Astyagis
683 946 825 973 Medorum
840 945 922 980 regis,
937 946 965 972 in
981 945 1037 972 Me-

250 993 322 1020 diam
339 993 498 1025 translatus,
515 992 590 1019 omni
610 992 714 1019 honore
732 991 914 1018 afﬁciebatur.
931 990 990 1024 Qua
1003 991 1037 1018 de

249 1048 332 1067 causa
357 1039 498 1067 Medorum
517 1039 659 1074 principes
679 1038 705 1066 ei
729 1037 897 1069 invidentes,
923 1037 1038 1064 insidias

249 1092 346 1122 parant
362 1086 501 1122 vitaeejus.
521 1085 586 1111 Nam
603 1092 667 1112 cum
680 1091 742 1111 eum
758 1083 882 1119 quotidie
900 1089 941 1111 ter
951 1084 1037 1110 Deum

249 1134 410 1161 adorantem
432 1132 572 1164 viderent,
595 1131 710 1166 Cyaxari
731 1131 789 1158 sive
809 1130 892 1157 Dario
911 1134 1038 1157 auctores

249 1185 314 1208 sunt
339 1179 458 1207 ferendae
479 1179 558 1213 legis,
587 1182 616 1204 ut
638 1179 713 1204 intra
732 1177 791 1204 dies
811 1177 923 1212 triginta
948 1184 1038 1211 neque

249 1228 316 1255 deos
339 1226 437 1253 adoret
460 1225 619 1260 quisquam,
634 1231 724 1258 neque
742 1223 830 1258 ipsum
847 1230 938 1258 regem
955 1226 1037 1250 oret:

248 1281 330 1309 quam
347 1273 436 1308 legem
453 1271 500 1307 qui
521 1271 662 1303 violasset,
679 1270 706 1297 in
724 1277 835 1297 caveam
849 1270 960 1297 leonum
973 1277 1036 1297 cona

244 1319 410 1355 jicicndum.
436 1318 493 1345 Rex
515 1317 562 1352 qui
588 1317 727 1352 ignoraret
748 1316 816 1343 illud
840 1316 868 1342 in
888 1316 1038 1350 perniciem

248 1365 369 1392 Daniclis
392 1365 473 1396 strui,
498 1364 619 1391 edictum
646 1362 803 1398 hujusmodi
829 1362 969 1397 proponit.
998 1362 1038 1389 Ac

247 1411 355 1439 caeteris
378 1410 530 1438 secundum
555 1410 675 1437 edictum
699 1409 919 1444 quiescentibus,
942 1409 1037 1436 Daniel

246 1459 293 1492 qui
311 1458 345 1485 de
362 1465 439 1484 more
462 1457 517 1484 Deo
540 1455 724 1490 supplicabat,
748 1455 856 1482 delatus
871 1463 885 1481 ιι
908 1455 1038 1489 satrapis,

248 1504 345 1531 bestiis
362 1503 504 1538 ohjicitur.
521 1502 580 1529 Rex
594 1501 698 1536 lapide,
714 1508 769 1535 quo
786 1508 870 1528 cavea
889 1500 1038 1527 claudeba-

247 1595 314 1630 agit,
341 1593 475 1620 sollicitus
500 1582 658 1619 cfdolens.
681 1591 748 1618 Nam
774 1592 826 1618 etsi
857 1591 999 1619 Danielem
1023 1598 1038 1618 a

250 1641 347 1667 bestiis
361 1647 415 1665 non
433 1639 527 1665 lassum
548 1638 581 1664 iri
600 1637 739 1672 sperabat,
760 1637 863 1671 quippe
881 1644 962 1670 quem
977 1644 1040 1664 san-

249 1691 294 1712 cto
312 1685 358 1712 Dei
373 1684 477 1718 Spiritu
497 1683 642 1718 prmditnm
660 1682 756 1714 sciret,
783 1690 838 1709 non
856 1687 947 1710 tamen
964 1687 1040 1709 tran-

250 1731 337 1766 quillo
350 1738 410 1758 esse
421 1731 512 1756 animo
527 1733 644 1764 poterat,
658 1734 784 1756 metuens
800 1736 835 1756 ne
847 1728 913 1763 quid
924 1728 950 1756 ei
965 1729 1040 1756 acci-

250 1779 341 1809 deret.
379 1785 431 1804 nec
456 1777 504 1803 Dei
531 1776 696 1811 potentiam,
726 1780 757 1803 ut
785 1775 868 1802 homo
894 1775 1038 1808 barbarus,

251 1824 320 1851 satis
347 1823 515 1857 intelligens.
543 1822 642 1848 Statim
670 1829 736 1848 vero
766 1825 795 1848 ut
821 1821 978 1854 diluxerat,
1005 1821 1039 1849 ad

250 1876 361 1896 caveam
376 1868 488 1894 leonum
508 1865 627 1898 accedit,
649 1866 789 1893 Danielem
804 1870 884 1893 vocat
900 1875 907 1894 :
926 1873 1041 1901 respon-

251 1915 363 1943 dentem
389 1913 496 1941 extrahi
520 1913 610 1948 jubet,
631 1912 765 1939 intactum
780 1917 808 1939 et
824 1912 929 1939 salvum
943 1913 1041 1940 videns

247 1960 433 1996 obstupescit.
459 1959 514 1986 Sed
532 1967 595 1986 cum
615 1958 754 1985 delatores
775 1958 922 1990 dixissent,
945 1958 1041 1986 leones

249 2007 286 2034 ob
311 2007 485 2034 saturitatem
507 2005 586 2032 illum
609 2011 662 2031 non
685 2004 830 2039 attigisse:
856 2004 1041 2039 improbitatis

250 2054 360 2081 illorum
376 2052 452 2084 odio,
473 2052 616 2078 intellecta
628 2050 728 2078 fraude
739 2055 822 2085 atque
839 2050 958 2084 insidiis,
972 2059 1040 2086 quas

251 2099 392 2134 propheta
414 2102 586 2130 struxerant,
611 2097 716 2124 affatim
742 2096 845 2124 bestias
863 2097 938 2131 pasci
950 2097 1040 2132 jubet,

250 2145 340 2179 iisque
355 2145 410 2179 jam
431 2143 539 2170 satiatis
555 2147 732 2170 accusatores
755 2143 874 2170 Danielis
895 2144 990 2178 objici,
1012 2148 1043 2172 ut

245 2195 475 2224 cognosceretur,
499 2198 534 2216 an
557 2191 651 2217 leones
668 2190 704 2216 ob
723 2190 896 2217 saturitatem
914 2190 1041 2216 homines

1090 252 1234 287 ἐχρήσατο.
1247 251 1287 278 Τὰ
1299 251 1348 287 μὲν
1359 251 1406 278 οὖν
1417 253 1568 288 γράμματα
1581 252 1763 286 ἀνεγίνωσκεν
1774 253 1860 284 οὕτως
1870 261 1879 269 ο

1089 299 1189 332 Marii,
1213 299 1317 332 Θεκὲλ,
1342 299 1447 334 Φαρές.
1476 299 1533 335 Τήν
1559 299 1587 326 δὲ
1616 299 1719 326 τούτων
1739 299 1879 335 σημασίαν

1090 343 1252 379 ἑρμηνεύων
1261 344 1354 379 ἔλεγεν
1364 353 1372 361 ’
1393 344 1575 380 Ἦριθμησεν
1587 346 1604 372 ὁ
1618 345 1689 378 Θεὸς
1700 345 1754 372 τὸν
1767 347 1881 380 χρόνον

1088 389 1144 424 τῆς
1162 389 1234 424 ζωῆς
1252 398 1322 423 σου,
1341 391 1389 418 καί
1404 391 1460 426 τῆς
1475 391 1573 426 ἀρχῆς
1586 399 1656 425 σου,
1676 393 1726 420 καὶ
1741 394 1783 426 εις
1803 393 1882 428 ἄγαν

1085 435 1187 470 ,βραχὺ
1202 435 1415 470 περιέστησεν.
1437 437 1680 473 Ἐξελληνιζομένη
1704 439 1752 466 καὶ
1767 440 1784 474 ή
1808 438 1880 472 λέξις

1088 480 1190 514 λέγοιτ’
1206 481 1240 508 ἂν
1266 481 1383 517 ἀριθμός
1397 489 1406 498 ·
1433 482 1505 510 οὕτω
1531 483 1581 519 μὲν
1607 483 1655 510 οὖν
1672 485 1829 520 ἡρμήνευσε
1849 486 1879 512 τὸ

1088 527 1187 560 Marri.
1209 527 1246 554 Τδ
1268 528 1298 554 δέ
1318 536 1351 562 γε
1369 529 1474 563 Θεκὲλ,
1493 530 1637 565 σημαίνειν
1665 530 1717 565 ἔφη
1747 531 1879 566 σταθμόν.

1088 573 1197 608 Στήσας
1213 573 1259 600 οὖν
1273 575 1320 601 τὸν
1334 575 1397 610 δρον
1411 575 1462 610 τῆς
1480 575 1621 611 βασιλείας
1639 585 1686 603 σου
1703 578 1717 603 6
1733 577 1810 610 Θεὸς,
1829 586 1880 604 κα-

1088 620 1257 657 ταφέρεσθαι
1295 621 1398 656 ταύτην
1437 622 1514 656 δηλοί
1544 623 1592 649 καὶ
1625 622 1797 649 κεκλᾶσϐαι·
1831 623 1881 650 καὶ

1089 668 1202 703 κλάσμα
1229 667 1285 703 γὰρ
1316 667 1347 694 τὸ
1376 667 1470 694 Θεκὲλ
1504 668 1634 703 σημαίνει
1670 668 1732 695 καθ’
1767 669 1881 696 Ἐλλάδα

1088 715 1237 742 διάλεκτον.
1251 715 1285 742 Τὸ
1292 714 1398 749 Φαρὲς,
1408 714 1539 750 διαίρεσιν
1548 714 1708 750 ἑρμηνεύων
1716 716 1730 741 6
1737 716 1881 751 προφήτης

1089 761 1179 797 (τοῦτο
1196 761 1250 796 γὰρ
1266 762 1305 794 τίς
1321 761 1438 795 Ἕλληνα
1458 761 1550 797 φωνὴν
1563 762 1580 797 ή
1608 761 1681 793 λέξις
1704 762 1878 796 μσταγομινη

1088 807 1175 842 δηλοῖ)
1191 807 1362 843 διαιρεθῆναι
1383 807 1435 843 τήν
1455 807 1597 842 βασιλείαν
1623 807 1708 835 αὑτοῦ
1728 807 1822 841 ἔλεγεν
1839 808 1879 838 είς

1089 854 1199 889 Πέρσας
1214 853 1263 880 καὶ
1284 854 1395 889 Μήδους
1417 854 1494 889 παρά
1515 853 1594 880 Θεοῦ.
1615 853 1657 880 Τὰ
1676 854 1725 888 μὲν
1737 851 1784 880 οὖν
1797 855 1825 880 ὲν
1839 853 1878 887 τῷ

1091 900 1174 935 τοίχῳ
1187 901 1368 936 γεγραμμένα
1385 900 1471 932 οὕτως
1488 901 1594 934 ἀνέγνω
1607 901 1622 926 6
1636 900 1745 936 Δανιὴλ,
1763 901 1809 927 καὶ
1822 908 1878 926 τοι-

1092 945 1178 980 αύτην
1203 946 1253 981 τὴν
1279 946 1332 972 τῶν
1359 945 1498 973 συλλαϐῶν
1515 946 1629 972 ἐκείνων
1651 946 1798 981 ἐποιήσατο
1816 945 1879 979 σύγ-

1091 1000 1195 1027 κρισιν,
1210 992 1260 1027 τήν
1274 993 1425 1028 ἑρμηνείαν
1436 992 1550 1028 δηλαδή.
1564 992 1616 1020 Τδν
1630 993 1658 1019 δὲ
1676 993 1790 1026 βασιλέα
1803 992 1877 1026 λύπη

1092 1038 1218 1072 κατέσχε.
1237 1038 1293 1065 Καὶ
1311 1038 1370 1073 μετ’
1385 1038 1476 1072 ὀλίγον
1493 1038 1510 1073 ή
1524 1038 1571 1065 τοῦ
1588 1039 1729 1073 προφήτου
1743 1038 1878 1072 ἐκϐέϐηκε

1092 1085 1259 1121 πρόρρησις,
1276 1084 1370 1119 Κύρου
1384 1084 1430 1111 τοῦ
1446 1084 1559 1119 Περσῶν
1575 1083 1707 1119 βασιλέως
1731 1084 1776 1110 ἐπ’
1798 1084 1881 1110 αύτὶν

1092 1131 1249 1166 ἐλάσαντος,
1277 1131 1322 1166 ὑφ’
1348 1129 1380 1159 οὗ
1401 1131 1418 1166 ἥ
1441 1140 1470 1158 τε
1497 1131 1626 1158 Βαϐυλὼν
1650 1131 1766 1167 ἐλήφθη.
1791 1132 1840 1158 καὶ
1866 1133 1881 1158 ὁ

1092 1178 1238 1214 Βαλτάσαρ
1261 1179 1291 1205 ὲν
1310 1179 1343 1214 τῇ
1360 1178 1460 1205 ἁλώσει
1475 1178 1606 1214 ἀνῄρητο.
1632 1178 1693 1205 Elo‘t
1714 1178 1736 1205 δ’
1759 1178 1784 1205 οι
1809 1179 1881 1205 κατὰ

1091 1226 1142 1261 τὴν
1169 1225 1254 1252 νύκτα
1282 1225 1400 1260 ἐκείνην,
1426 1224 1488 1251 καθ’
1514 1225 1548 1261 ήν
1566 1225 1612 1251 τὸν
1637 1225 1810 1260 ἀστράγαλον
1834 1225 1881 1250 τὶν

1091 1271 1232 1306 γράφοντα
1248 1271 1390 1303 ἐθεάσατο,
1412 1272 1480 1305 φασὶ
1493 1271 1541 1298 καὶ
1555 1271 1604 1305 τήν
1624 1270 1702 1297 πόλιν
1724 1271 1879 1306 αἱρεθῆναι,

1091 1318 1218 1344 κάκεῖνον
1232 1316 1423 1352 ἀναιρεθῆναι.
1438 1317 1515 1344 Μετᾶ
1534 1316 1563 1343 δὲ
1583 1317 1632 1352 τὴν
1650 1317 1699 1351 τῆς
1720 1315 1879 1348 Βαϐυλῶνος

1091 1363 1193 1390 ἅλωσιν
1215 1363 1229 1389 6
1250 1364 1395 1398 προφήτης
1414 1362 1511 1398 Δανιὴλ
1533 1364 1609 1397 παρὰ
1627 1362 1742 1397 Δαρείου
1757 1362 1805 1390 τοῦ
1819 1363 1882 1398 Μή-

1091 1409 1149 1441 δου,
1167 1409 1196 1440 ὃς
1215 1409 1263 1436 καὶ
1278 1408 1427 1443 Κυαξάρης
1443 1407 1598 1442 ὠνόμαστο,
1619 1407 1667 1434 καὶ
1691 1407 1881 1443 μητράδελφος

1090 1454 1124 1491 ἦν
1138 1455 1185 1482 τοῦ
1204 1455 1308 1490 Κύρου,
1326 1455 1383 1486 υίὸς
1399 1455 1436 1482 ὣν
1450 1455 1617 1488 ’Δστυάγους
1634 1455 1681 1482 τοῦ
1699 1455 1881 1490 βασιλεύσαν-

1066 1514 1074 1520 -
1091 1510 1137 1533 τος
1151 1501 1252 1537 Μήδων
1275 1501 1344 1536 (76),
1363 1501 1403 1532 εἰς
1424 1501 1530 1535 Μηδίαν
1547 1502 1707 1536 μετήνεκτο,
1727 1503 1776 1528 καὶ
1788 1502 1881 1537 πάσης

249 1553 303 1581 tur,
321 1549 440 1582 signato,
463 1547 600 1587 discedit:
621 1554 738 1580 eamque
754 1551 864 1573 noctem
884 1545 1038 1572 insomnem
1054 1560 1076 1591 ο

1093 1547 1201 1582 ἠξιοῦτο
1211 1547 1304 1582 τιμῆς.
1321 1546 1399 1572 Οὕτω
1411 1547 1433 1573 δ’
1448 1547 1528 1581 ἔχων,
1545 1546 1682 1582 ίφθονήθη
1694 1548 1770 1583 παρά
1780 1548 1835 1574 τῶν
1851 1549 1881 1574 ιν

1093 1594 1197 1628 Μήδοις
1209 1593 1408 1628 ὑπερεχόντων,
1420 1594 1466 1619 καὶ
1480 1593 1655 1629 μηχανῶνται
1665 1595 1766 1630 τρόπον
1777 1595 1838 1622 καθ’
1850 1595 1881 1622 ὃν

1091 1640 1210 1675 ήλπισαν
1226 1640 1360 1666 ἀπολέσαι
1373 1639 1466 1667 αὐτόν.
1494 1639 1629 1676 Ὀρῶντες
1649 1641 1704 1676 γὰρ
1723 1642 1804 1668 αὐτὸν
1817 1642 1878 1677 τρὶς

1090 1687 1140 1721 τῆς
1162 1685 1270 1722 ἡμέρας
1292 1686 1512 1721 προσευχόμενον
1537 1686 1576 1721 τῷ
1595 1686 1665 1722 Θεῷ,
1686 1687 1816 1723 προσίασι
1840 1688 1880 1724 τῷ

1091 1731 1226 1769 Κυαξάρῃ
1254 1732 1311 1768 (77)
1339 1732 1379 1767 τῷ
1407 1733 1455 1759 καὶ
1485 1733 1602 1770 Δαρείῳ,
1628 1733 1768 1766 ἀξιοῦντες
1795 1735 1878 1761 αὑτὸν

1092 1778 1178 1805 θεῖναι
1197 1779 1290 1813 νόμον,
1309 1778 1352 1805 ἵνα
1369 1778 1416 1805 ἐπὶ
1434 1779 1582 1814 τριάκοντα
1603 1780 1714 1815 ἡμέρας
1736 1780 1774 1816 μή
1794 1789 1835 1812 τις
1860 1780 1878 1816 ἢ

1091 1825 1146 1856 τοῖς
1163 1825 1235 1857 θεοῖς
1255 1825 1475 1860 προσευχόμενος
1488 1825 1543 1860 εἴη,
1558 1825 1623 1861 μήτ’
1638 1826 1722 1852 αὑτοῦ
1734 1826 1782 1853 τοῦ
1799 1827 1878 1862 βασι-

1091 1870 1159 1902 λέως
1171 1871 1309 1905 δεόμενος,
1324 1871 1372 1898 καὶ
1386 1871 1434 1898 τὸν
1448 1871 1486 1907 μὴ
1496 1871 1542 1898 τὸν
1559 1872 1642 1907 νόμον
1660 1872 1816 1907 φυλάξαντα
1839 1874 1881 1904 εἰς

1091 1917 1137 1943 τὸν
1146 1917 1201 1943 τῶν
1213 1916 1328 1944 λεόντων
1338 1917 1442 1944 λάκκον
1456 1917 1651 1952 ἐμϐάλλεσθαι.
1676 1918 1706 1945 '0
1719 1919 1747 1945 δὲ
1763 1919 1794 1945 τὺ
1809 1919 1880 1946 κατά

1091 1962 1139 1989 τοῦ
1166 1962 1266 1997 Δανιὴλ
1296 1963 1363 1999 παρ’
1394 1963 1486 1990 αὐτῶν
1517 1963 1703 1999 τυρευόμενον
1730 1964 1880 2000 ἀγνοήσας,

1092 2008 1270 2043 προύτέθιικε
1278 2009 1460 2045 πρόγραμμα,
1472 2010 1506 2036 τὰ
1515 2010 1648 2046 εἰρημένα
1658 2009 1880 2046 διαταττόμενον.

1092 2056 1124 2084 Ol
1137 2056 1186 2091 μὲν
1199 2054 1246 2083 οὗν
1259 2056 1336 2083 ἄλλοι
1347 2056 1470 2091 ἠρέμουν
1484 2056 1556 2082 κατὰ
1570 2056 1600 2082 τὺ
1613 2056 1763 2091 Θέσπισμα·
1779 2057 1880 2092 Δανιὴλ

1092 2101 1121 2127 δὲ
1148 2101 1219 2127 κατὰ
1249 2101 1280 2128 τὸ
1309 2101 1370 2133 ἔθος
1387 2100 1470 2127 αὑτοῦ
1484 2101 1586 2137 ηὔχετο
1611 2102 1651 2137 τῷ
1675 2102 1746 2137 Θεῷ.
1773 2103 1826 2130 Καὶ
1857 2105 1881 2131 at

1094 2149 1236 2184 Σατράπαι
1264 2149 1397 2174 κατεῖπον
1411 2148 1494 2175 αὐτοῦ
1522 2149 1591 2184 πρὸς
1612 2149 1658 2176 τὺν
1683 2149 1805 2184 βασιλέα.
1823 2152 1882 2187 λκαὶ

1095 2193 1166 2220 κατὰ
1178 2194 1225 2220 τὸν
1249 2193 1331 2227 νόμον
1349 2192 1470 2228 ἀπῄτουν
1485 2195 1523 2226 είς
1549 2195 1594 2221 τὸν
1613 2195 1715 2222 λάκκον
1733 2197 1813 2222 αύτὺν
1827 2197 1882 2224 τῶν

253 2244 307 2263 non
330 2241 483 2271 tangerent.
501 2236 571 2262 Tum
589 2236 725 2270 improbis
747 2235 802 2262 illis
821 2235 914 2262 statim
936 2235 1039 2263 dilace-

1093 2239 1209 2266 λεόντων
1223 2239 1418 2274 ἐμϐάλλεσθαι.
1438 2240 1587 2276 Βληθέντος
1601 2242 1623 2268 δ’
1639 2243 1698 2269 ἐκεῖ
1710 2243 1757 2269 τοῦ
1775 2245 1882 2280 προφή-

254 2283 331 2313 ratis,
347 2281 525 2315 perspicuum
545 2282 597 2308 iuit
611 2281 751 2312 omnibus,
772 2282 795 2308 vi
812 2281 930 2316 quadam
947 2282 1040 2310 divina

254 2327 395 2353 Danielem
416 2331 608 2354 conservatum
628 2335 701 2359 esse,
728 2327 865 2355 obturatls
889 2327 1040 2356 bestiarum

256 2372 393 2400 faucibus.
419 2373 515 2407 Itaque
543 2381 589 2400 rex
622 2374 764 2408 propinata:
798 2375 882 2401 Deum
909 2375 1041 2408 celebrat,

253 2420 336 2454 eique
348 2420 467 2455 majeres
481 2420 564 2446 etiam
577 2420 697 2447 honores
712 2420 794 2447 habet
809 2429 815 2447 :
827 2425 856 2447 et
868 2422 919 2448 hoc
929 2421 1041 2456 quidem

255 2466 392 2501 posterius
410 2466 520 2494 accidit.

1093 2294 1151 2319 του,
1163 2286 1208 2312 τὸν
1221 2286 1267 2311 ἐπὶ
1277 2285 1323 2312 τοῦ
1343 2285 1454 2320 στομίου
1465 2286 1538 2313 λίθον
1551 2289 1706 2323 σφραγίσας
1717 2290 1730 2316 6
1743 2289 1882 2324 βασιλεὺς,

1095 2332 1279 2366 ἀνεχώρησεν.
1296 2331 1434 2362 Ἀγωνιῶν
1461 2332 1490 2358 δὲ
1519 2334 1566 2359 καὶ
1592 2333 1692 2367 ἀλγῶν,
1717 2335 1819 2366 ἄϋπνος
1833 2337 1883 2364 τὴν

1096 2377 1183 2403 νύκτα
1200 2377 1344 2411 διήγαγεν,
1363 2377 1480 2403 Ἦλπισε
1498 2378 1549 2412 μὲν
1561 2379 1626 2414 γὰρ,
1644 2379 1681 2414 μὴ
1697 2379 1882 2415 βλαϐήσεσθαι

1097 2423 1142 2449 τὸν
1157 2423 1256 2456 Δανιὴλ
1274 2423 1327 2449 ὑπὸ
1341 2422 1395 2449 τῶν
1407 2422 1520 2458 θηρίων,
1535 2424 1613 2456 σίδὼς
1625 2425 1666 2451 ὅτι
1682 2426 1790 2461 πνεῦμα
1806 2427 1884 2460 ἅγιον

1098 2468 1165 2496 Θεοῦ
1179 2470 1253 2495 ἐστιν
1271 2469 1299 2494 ὲν
1317 2468 1401 2504 αὐτῷ.
1419 2468 1490 2495 Ἀλλ’
1499 2470 1574 2504 ὅμως
1591 2470 1696 2498 δειλιῶν
1710 2471 1828 2506 ἠγωνία,
1843 2471 1882 2506 μή

253 2525 279 2544 τι
304 2517 380 2552 αὺτῷ
405 2517 528 2553 συμϐαίη
552 2518 651 2551 κακὸν,
669 2519 706 2554 μὴ
725 2520 796 2546 πάνυ
818 2519 973 2554 γινώσκων,
998 2519 1042 2548 οἷα
1063 2522 1216 2557 βάρϐαρος.
1245 2522 1296 2556 τὴν
1315 2521 1431 2557 δύναμιν
1455 2521 1502 2547 τοῦ
1526 2520 1606 2547 Θεοῦ.
1628 2520 1708 2554 Ἀρτι
1722 2518 1746 2544 δ’
1776 2518 1884 2554 ἡμέρας

254 2565 464 2601 ἁναλαμψάσης,
488 2566 527 2601 τῷ
550 2566 644 2601 λάκκῳ
672 2567 785 2603 ἐπέστη,
806 2569 854 2594 καὶ
878 2569 970 2596 ἐκάλει
997 2570 1042 2596 τὸν
1077 2571 1177 2606 Δανιήλ
1191 2578 1198 2585 ο
1217 2572 1231 2596 6
1264 2570 1293 2596 δὲ
1314 2570 1501 2605 ἀπεκρίνατοο
1525 2568 1571 2596 καὶ
1591 2568 1606 2594 6
1625 2568 1752 2603 βασιλεὺς
1769 2567 1884 2595 ἀνελκυο

255 2612 351 2646 σθῆναι
376 2613 422 2640 τὸν
445 2615 592 2650 προφήτην
615 2614 716 2641 αὐτίκα
733 2615 872 2649 ἐκέλευσε,
892 2619 939 2644 καὶ
957 2618 1039 2654 aen-,4]
1060 2618 1155 2645 τοῦτον
1184 2618 1232 2644 καὶ
1260 2617 1329 2643 σῶον
1342 2616 1459 2652 βλέπων,
1472 2616 1609 2649 ἐξίστατο.
1625 2617 1686 2642 Τῶν
1695 2615 1724 2642 δὲ
1736 2615 1883 2642 κατειπόν-

254 2668 309 2686 των
329 2658 422 2689 αὖτοῦ.
440 2663 543 2697 τροφῆς
562 2662 783 2696 κεκορεσμένους
818 2661 888 2690 εἶναι
911 2664 1045 2698 λεγόντων
1065 2666 1127 2696 τοὺς
1159 2664 1281 2696 λέοντας,
1304 2664 1352 2690 καὶ
1376 2663 1420 2690 διὰ
1432 2663 1510 2690 τοῦτο
1535 2663 1574 2698 μὴ
1594 2663 1666 2696 θίξαι
1689 2663 1736 2689 τοῦ
1768 2661 1881 2696 Δανιὴλ,

256 2708 377 2744 μισήσας
402 2709 500 2740 αὐτοὺς
521 2711 572 2745 τῆς
591 2710 726 2745 πονηρίας
746 2711 759 2736 6
782 2709 921 2745 βασιλεὺς,
945 2711 993 2738 καὶ
1016 2711 1048 2737 τὸ
1068 2710 1139 2737 κατὰ
1150 2710 1196 2736 τοῦ
1217 2709 1357 2745 προφήτου
1374 2710 1526 2746 μηχάνημα
1557 2710 1663 2736 καὶτὸν
1678 2709 1753 2736 δόλον
1770 2710 1883 2737 ἐκείνων

849 2789 952 2820 Variae
972 2788 1123 2821 lectiones
1146 2793 1177 2820 et
1193 2792 1286 2820 notua.

293 2849 347 2885 (76)
362 2849 426 2886 Υιῷς
438 2849 494 2886 τοῦ
507 2834 690 2884 Ἀστιθάγους
704 2849 764 2886 τῶν
777 2851 888 2885 Μήδων
898 2851 1039 2884 ,Βασιλεύ-

1129 2849 1186 2886 (77)
1200 2850 1351 2884 Κυαξάρη.
1364 2849 1433 2877 Cod.
1449 2850 1528 2878 Colb.
1545 2850 1695 2886 Ἀστυάγη.

253 2893 377 2918 σαντος.
393 2884 459 2913 ﬂare
471 2885 572 2912 absunt
584 2893 599 2912 a
614 2885 678 2912 cod.
697 2885 776 2913 Coll).
