2102 3148
244 223 298 256 ΞΜ
871 226 1039 257 ANNALII

1101 227 1175 256 LIB.
1198 227 1253 256 [ΙΙ.
1814 227 1877 258 ἓίῒ

252 281 428 316 Ἀλέξανδρος
445 282 488 309 διὰ
504 283 532 309 τὸ
549 282 701 319 ὀξύρροπον
717 283 765 310 καὶ
786 283 939 317 εὐκίνητον,
957 283 972 310 ὃ
1003 283 1050 309 καὶ
1086 282 1120 309 τὰ
1144 283 1233 318 πτερὰ
1258 283 1380 318 ἐδήλουν.
1406 284 1437 310 'll
1465 284 1497 311 δὲ
1523 284 1627 311 τούτων
1653 284 1814 319 τετρακτὺς.
1839 285 1875 310 τὰ

245 327 366 363 τέσσαρα
393 330 443 364 τῆς
459 330 623 365 οἰκουμένης
638 331 709 366 μέρη
727 330 862 366 ᾐνίττετο,
885 330 903 357 ἃ
931 330 1032 366 πτηνοῦ
1046 329 1137 364 διῆλθε
1156 330 1269 363 τρόπον,
1303 331 1350 357 καὶ
1383 331 1477 365 σχεδὸν
1505 331 1634 358 ἁπάντων
1656 330 1819 365 ἐκράτησεν.
1840 331 1874 356 At

246 373 274 399 δέ
291 382 322 407 γε
336 374 469 410 τέσσαρες
501 376 619 410 κεφαλαὶ
637 376 687 412 τὴν
709 376 778 411 μετὰ
797 377 912 403 θάνατον
933 376 1038 403 ἐκείνου
1055 375 1190 410 διαίρεσιν
1219 376 1368 411 ἐσήμαινον
1392 377 1441 411 τῆς
1465 377 1562 412 ἀρχῆς.
1589 376 1636 408 El;
1650 376 1705 410 γὰρ
1735 376 1874 412 τέσσαρας

249 420 385 454 βασιλείας
397 423 413 458 ἡ
428 423 534 450 ἐκείνου
548 424 710 459 ἐπικράτεια
723 423 836 459 διῄρητο
849 433 858 441 ~
880 424 988 458 καὶτῆς
1019 423 1069 459 μὲν
1088 423 1226 457 Δίγύπτου
1245 423 1410 458 Πτολεμαῖος
1424 424 1438 450 ὁ
1452 424 1544 457 Λάγου
1558 425 1726 460 κεκράτηκε,
1741 424 1789 450 καὶ
1805 425 1830 450 οι
1845 423 1876 455 ἑξ

249 469 351 495 ἐκείνου
375 470 455 504 μέχρι
468 470 518 506 τῆς
533 472 712 506 Κλεοπάτρας
729 480 734 486 ·
750 472 799 505 τῆς
820 471 847 497 δέ
873 479 905 505 γε
931 470 1032 506 Συρίας
1050 470 1099 498 καὶ
1137 471 1193 497 τῶν
1228 470 1298 506 αὐτῇ
1325 470 1468 506 προσεχῶν
1493 471 1507 497 ὸ
1535 470 1666 502 Σέλευκος
1690 470 1872 504 ἐκυρίευσεν·

255 516 405 549 Ἀντίγονος
419 516 448 543 δὲ
461 516 510 552 τὴν
522 517 616 544 Ἀσίαν
630 517 676 552 ὑφ’
690 518 785 544 ἑαυτὸν
799 517 947 552 ἐποιήσατο
963 524 971 532 ·
987 516 1035 551 τῆς
1055 515 1083 543 δὲ
1098 516 1267 548 Μακεδονίας
1277 514 1359 552 ἦρξεν
1373 516 1562 550 Ἀντίπατρος,
1593 516 1631 547 ὡς
1645 515 1673 542 δέ
1693 523 1763 547 τινες
1799 516 1876 542 ιστο-

249 564 354 597 ροῦσιν.
368 565 383 590 ὁ
397 564 534 599 Ἀριδαῖος
551 565 666 599 ἀδελφὸς
678 565 844 601 ὲτεροθαλὴς
870 565 902 591 ὲκ
926 565 1032 600 πατρὸς
1051 565 1093 592 ὢν
1107 565 1296 600 Ἀλεξάνδρου.
1319 564 1389 600 φησὶ
1411 565 1465 599 γὰρ
1500 565 1514 590 ὁ
1536 564 1695 598 Χαιρωνεὺς
1729 564 1776 591 τὸν
1800 564 1872 599 Περ

246 613 354 644 δίκκαν,
371 613 441 648 μετὰ
454 612 571 640 Θάνατον
592 613 770 649 Ἀλεξάνδρου
792 615 821 640 ὲν
852 613 969 648 μεγίστῃ
1002 612 1119 647 δυνάμει
1138 612 1213 644 ὅντα,
1247 612 1327 643 εὐθὺς
1349 613 1395 639 τὸν
1420 612 1554 647 Ἀριδαῖον
1578 611 1673 647 ὥσπερ
1693 611 1873 646 δορυφόρημα

248 660 385 694 βασιλείας
412 661 590 694 ἐφέλκεσθαι,
611 661 743 695 γεγονότα
768 661 818 696 μὲν
845 662 879 688 ὲκ
903 660 1034 695 γυναικὸς
1053 660 1149 693 ἀδόξου
1179 661 1226 687 καὶ
1243 661 1347 695 κοινῆς,
1367 660 1448 695 ἀτελῆ
1475 660 1503 686 δὲ
1521 660 1571 695 τὴν
1588 659 1720 694 φρόνησιν
1733 659 1808 691 ὂντα,
1843 659 1874 685 οὐ

247 706 326 740 φύσει
343 705 464 732 τοιοῦτον
489 707 671 741 προαχθέντα,
697 707 765 734 ἀλλὰ
793 707 844 743 τῆς
861 705 1043 741 Ὀλυμπιάδος
1063 706 1219 741 φαρμάκοις
1234 706 1431 741 διαφθειράσης
1449 705 1583 740 αὐτῷτὴν
1599 705 1730 732 διάνοιαν.

283 753 319 781 Ζ’.
341 754 394 780 Τοῦ
410 754 438 780 δὲ
452 755 586 789 τετάρτου
609 755 706 790 θηρίου
720 755 789 787 albo;
805 756 854 790 μὶν
867 756 918 781 οὐκ
935 755 1038 789 ἐσήμα-

1124 753 1180 781 νιι,
1193 753 1290 786 Quarti
1303 753 1430 781 animalis
1444 753 1560 780 formam
1583 760 1636 779 non
1655 751 1791 787 expressit
1806 753 1874 779 Pro-

245 810 291 827 νεν
305 801 319 827 ὁ
336 802 489 836 προφήτης,
509 801 627 837 φοϐερὸν
641 801 665 828 δ’
681 800 742 829 εἷπε
757 802 847 835 τοῦτο,
864 802 910 828 καὶ
927 801 1032 837 ἔκθαμ-

245 847 292 873 ϐον
306 846 454 882 περισσῶς,
469 847 579 880 ὀδόντας
598 847 660 883 ἔχον
680 849 815 883 μεγάλους
830 849 878 875 καὶ
895 848 1033 884 σιδηροῦς,

245 892 335 919 ἐσθίον
347 901 377 918 τε
393 893 440 918 καὶ
453 892 651 924 λεπτῦνον,καὶ
663 894 698 920 τά
713 894 841 921 ἐπίλοιπα
859 895 1033 930 συμπατοῦν,

245 938 293 965 καὶ
307 939 337 965 τὸ
351 939 479 974 διάφορον
490 940 575 967 αὑτοῦ
586 941 655 975 πρὸς
670 941 703 967 τὰ
714 942 932 977 προηγησάμενα
948 943 1033 978 Θηρία

246 985 298 1020 ἐῴη
313 985 458 1020 τυγχάνειν
470 985 548 1012 πολύ.
565 985 596 1012 Ἦ
606 986 661 1013 τῶν
679 987 824 1021 Ῥωμαίων
837 988 866 1014 δὲ
877 988 922 1016 διὰ
935 989 1032 1015 τούτου

247 1031 370 1066 βασιλεία.
395 1031 570 1066 σημαίνεται.
596 1032 642 1058 Διὸ
667 1033 730 1059 οὐδὲ
753 1032 822 1065 εἶδος
844 1034 859 1060 ὁ
888 1036 1034 1070 προφήτης

245 1075 348 1102 τούτων
362 1075 417 1102 οὐδ⁶
427 1076 511 1111 ὄνομα
527 1077 611 1103 ἔθετο.
630 1078 778 1113 Πολυειδὴς
793 1080 847 1115 γὰρ
863 1081 878 1115 ἡ
897 1081 951 1107 τῶν
968 1082 1034 1107 Ῥω-

248 1120 338 1155 μαίων
364 1120 447 1156 ἁρχὴ,
471 1122 605 1156 πρότερον
632 1122 682 1156 μὲν
706 1122 863 1157 βασιλεῦσιν
888 1124 1032 1160 ίθυνομένη

248 1165 301 1191 άπὸ
324 1165 465 1200 Ῥωμύλου
479 1166 560 1201 μέχρι
580 1167 634 1194 τῶν
645 1167 806 1203 Ταρκυνίων
818 1177 825 1184 ·
841 1169 892 1204 τῆς
911 1170 940 1196 δὲ
962 1171 1035 1197 ὲκεί-

247 1219 301 1238 νων
329 1212 487 1246 τυραννίδος
509 1212 720 1248 καταλυθείσης,
748 1215 1032 1251 ἀριστοκρατουμένη,

246 1257 297 1289 τῆς
323 1256 476 1291 συγκλήτου
503 1256 549 1283 καὶ
573 1257 628 1284 τῶν
657 1259 769 1285 ὑπάτων
796 1259 970 1287 διοικούντων
998 1261 1034 1288 τὰ

248 1301 410 1336 πράγματα.
431 1301 509 1328 Ἔστι
535 1303 558 1328 δ’
575 1302 620 1329 ὅτε
642 1303 690 1330 καὶ
709 1303 969 1340 δημοκρατουμένη,
985 1305 1033 1332 τοῦ

248 1348 336 1381 δήμου
353 1347 483 1379 πολλάκις
499 1348 566 1383 πρὸς
579 1348 630 1383 τὴν
647 1349 801 1385 σύγκλητον
817 1351 1033 1383 στασιάσαντοςη

250 1393 397 1427 μετέπειτα
411 1394 433 1419 δ’
446 1393 524 1425 αὖθις
538 1395 579 1426 είς
596 1395 748 1430 μοναρχίαν
765 1396 968 1430 μεταπεσοῦσα,
979 1397 1034 1424 κάκ

248 1439 352 1473 ταύτης
368 1439 407 1471 είς
422 1440 561 1474 βασιλείας
575 1440 673 1474 κλῆσιν
691 1441 926 1477 ὲπανακάμψασα.
950 1443 1036 1470 Φοσε-
1051 1433 1073 1460 Β

251 1486 298 1520 ρὺν
319 1486 349 1512 δὲ
371 1485 402 1512 τὸ
418 1486 513 1521 θηρίον
530 1487 578 1513 καὶ
598 1486 737 1521 ἐκθαμῦον
757 1485 844 1520 εἶπεν,
861 1488 902 1514 ὅτι
917 1488 1037 1516 δυνατω-

250 1530 317 1566 τέρα
342 1531 395 1557 τῶν
422 1531 510 1558 ἄλλων
529 1532 672 1567 βασιλειῶν
695 1533 765 1568 αὕτη
792 1535 958 1569 γεγένηται·
989 1537 1037 1563 καὶ

249 1577 301 1603 ὅσα
315 1578 331 1612 ἡ
349 1577 525 1614 Μακεδονικὴ
541 1580 578 1614 μὴ
592 1580 710 1613 ὑπέταξε
724 1581 859 1616 βασιλεία,
876 1582 922 1617 ὑφ’
935 1584 1036 1619 ἑαυτὴν

251 1623 320 1658 αὕτη
340 1625 524 1660 ποιησαμένη,
539 1626 589 1660 τὴν
620 1626 734 1654 Ἐλλάδα
759 1628 860 1665 δηλαδὴ
873 1630 975 1662 πᾶσαν,
987 1630 1037 1665 τὴν

251 1670 414 1705 Καρχηδόνα
432 1671 480 1698 σὺν
494 1672 526 1706 τῇ
544 1672 643 1707 Λιϐύῃ,
660 1672 709 1708 τὴν
726 1674 861 1708 Σικελίαν,
876 1675 925 1710 τὴν
943 1676 1037 1711 Σαρδώ

249 1723 279 1741 τε
307 1716 352 1742 καὶ
376 1717 475 1752 νήσους
502 1717 595 1750 άλλας,
620 1719 666 1745 καὶ
689 1718 753 1755 ἔθνη
779 1721 896 1755 ἑσπέρια
919 1722 1037 1758 διάφορα

251 1763 342 1797 ἔτερα,
363 1761 405 1789 ὦν·
421 1763 471 1789 οὒκ
491 1761 574 1798 ἦρξεν
598 1764 783 1800 Ἀλέξανδρος.
807 1766 896 1802 "Amp
913 1767 927 1794 ὁ
942 1767 1037 1803 βουλό-

253 1817 332 1843 μενος
343 1809 511 1842 γνὼναι,τὰς
524 1809 633 1844 βιόλοὺς
645 1810 692 1837 τοῦ
706 1811 844 1846 Ῥωμαίου
856 1813 957 1845 Δίωνος
968 1814 1037 1850 (81⁸)

252 1854 410 1888 ἀναγνώτω,
426 1855 474 1881 καὶ
490 1855 524 1882 τὰ
539 1856 586 1882 τοῦ
606 1857 738 1883 Πολυϐίου
756 1858 972 1894 συγγράμματα.
988 1861 1039 1886 Φο-

251 1900 331 1935 δερὸν
353 1901 382 1927 δὲ
408 1901 438 1927 τὸ
462 1901 565 1937 Θηρίον,
588 1903 636 1928 καὶ
659 1902 808 1938 ἔκθαμϐον,
835 1905 881 1930 καὶ
910 1906 1036 1939 σιδηροῦς

251 1946 360 1978 ὀδόντας
378 1947 448 1982 ἔχον,
467 1948 504 1979 ὡς
518 1948 569 1982 τῆς
584 1948 640 1974 τῶν
663 1948 807 1984 Ῥωμαίων
821 1951 972 1985 ἡγεμονίας
984 1951 1038 1978 τῶν

252 1993 339 2019 ἄλλων
358 1993 501 2028 βασιλειῶν
517 1995 631 2022 ἀπασῶν
646 1997 869 2031 φρικωδεστέρας
884 1999 1039 2033 γεγενημέ-

251 2048 309 2074 νης.
332 2041 386 2067 Καὶ
399 2041 428 2066 ὲν
444 2042 476 2076 τῇ
488 2041 573 2067 εικόνι
593 2042 647 2078 γὰρ
663 2044 696 2078 τῇ
716 2042 855 2079 κατ’δναρ
874 2044 987 2081 ὀφθείσῃ
1000 2046 1039 2081 τῷ

1087 799 1181 834 pheta,
1199 799 1247 827 sed
1263 799 1437 826 formidabile
1457 803 1485 826 et
1501 798 1624 826 terribile
1651 797 1790 830 nominat,
1819 804 1876 824 ma-

1088 845 1149 880 gnis
1164 845 1262 873 ferreis
1276 844 1406 872 dentibus
1419 852 1521 872 vorans
1535 850 1562 872 et
1578 844 1779 877 comminuens,
1789 847 1816 870 et
1831 852 1875 870 rc-

1087 892 1160 927 quua
1179 892 1294 927 pedibus
1315 892 1492 925 conculcans,
1513 899 1612 926 magno
1629 891 1788 918 discrimine
1803 891 1876 918 inter

1087 939 1154 966 illud
1171 943 1198 966 et
1213 944 1310 966 caetera
1322 939 1484 966 constituto.
1509 939 1612 966 Verum
1639 936 1665 964 id
1688 937 1874 963 Romanorum

1086 981 1234 1016 imperium
1247 982 1438 1018 innuit:quod
1450 990 1512 1010 cum
1531 982 1568 1009 sit
1593 982 1699 1009 varium
1730 985 1759 1008 et
1781 980 1878 1007 multi-

1087 1027 1186 1061 forme,
1206 1027 1342 1063 Propheta
1356 1036 1446 1063 neque
1455 1035 1554 1055 nomen
1573 1029 1643 1063 ejus.
1659 1035 1748 1062 neque
1761 1027 1875 1053 formam

1088 1074 1189 1109 posuit.
1212 1074 1279 1102 Nam
1296 1082 1310 1102 ο
1333 1075 1451 1102 Romulo
1459 1082 1546 1109 usque
1563 1074 1596 1101 ad
1609 1073 1775 1108 Tarquinios
1789 1073 1875 1099 Roma

1087 1121 1200 1156 regibus
1216 1122 1330 1156 paruit:
1348 1129 1466 1156 quorum
1494 1120 1638 1156 tyrannide
1669 1126 1777 1151 eversa,
1802 1118 1875 1154 opti—

1088 1171 1186 1199 mates,
1204 1171 1315 1194 senatus
1329 1171 1356 1194 et
1373 1167 1501 1194 consules
1531 1165 1727 1200 rempublicam
1756 1163 1876 1191 adnuim-

1087 1217 1219 1240 strarunt.
1243 1212 1400 1247 Aliquando
1427 1212 1510 1240 etiam
1542 1211 1576 1239 ad
1604 1210 1746 1246 popularis
1766 1208 1879 1244 imperii

1086 1259 1203 1286 formam
1217 1259 1326 1286 redacta
1341 1263 1393 1290 est,
1412 1259 1549 1286 seditione
1574 1258 1663 1293 plebis
1683 1257 1814 1285 adversus
1828 1263 1876 1290 pa-

1088 1310 1154 1337 tres,
1170 1310 1230 1339 post
1246 1305 1345 1332 iterum
1361 1305 1444 1331 unius
1466 1308 1602 1340 potestate
1629 1311 1769 1338 oppressa.
1790 1307 1818 1329 et
1840 1301 1874 1328 ad

1088 1351 1156 1385 regii
1168 1350 1287 1376 nominis
1300 1349 1512 1384 appellationem
1525 1357 1644 1376 reversa.
1661 1349 1778 1375 Bestiam
1792 1354 1877 1382 porro

1088 1395 1162 1422 illam
1180 1394 1333 1422 terribilem
1347 1399 1374 1421 et
1390 1394 1593 1420 formidabilem
1615 1397 1705 1425 vocat,
1725 1391 1797 1427 quod
1822 1392 1875 1417 Ro-

1087 1449 1198 1468 manum
1209 1441 1355 1475 imperium
1368 1441 1476 1466 caeteris
1486 1439 1626 1474 potentius
1641 1438 1756 1469 exstitit,
1770 1441 1797 1464 et
1814 1445 1876 1472 qua:

1087 1487 1250 1514 Macedones
1263 1495 1316 1513 non
1333 1487 1492 1521 attigerant,
1507 1494 1538 1514 ea
1547 1494 1657 1521 quoque
1670 1485 1788 1520 subegit,
1800 1485 1876 1511 Grre-

1087 1534 1158 1561 ciam
1176 1533 1305 1562 videlicet
1331 1534 1499 1566 universam,
1520 1533 1714 1568 Carthaginem
1741 1539 1803 1559 cum
1830 1531 1875 1558 Li-

1087 1578 1144 1611 bia,
1167 1578 1298 1611 Siciliam,
1327 1579 1493 1611 Sardiniam.
1519 1583 1687 1613 ezeterasque
1713 1578 1829 1610 insulas,
1847 1581 1875 1604 et

1087 1625 1244 1659 complures
1259 1630 1355 1660 gentes
1362 1625 1557 1656 occidentales.
1567 1624 1669 1659 quibus
1685 1631 1739 1651 non
1753 1624 1873 1658 impera-

1087 1672 1128 1699 vit
1145 1671 1299 1698 Alexander
1317 1680 1324 1697 :
1342 1679 1402 1706 qua:
1417 1671 1462 1698 cui
1474 1671 1544 1698 scire
1559 1671 1649 1698 studio
1664 1674 1717 1702 est,
1741 1669 1764 1697 is
1781 1669 1876 1696 Dionis

1089 1719 1205 1746 Romani
1221 1718 1363 1754 etPolybii
1388 1719 1460 1753 legat
1474 1718 1612 1746 historias.
1631 1718 1723 1745 Ferrei
1739 1718 1835 1744 dentes
1850 1716 1876 1744 ei

1088 1764 1184 1791 bestia:
1198 1769 1263 1791 sunt
1279 1765 1415 1796 attributi,
1431 1765 1504 1799 quod
1528 1765 1715 1792 Romanorum
1737 1763 1876 1799 principa-

1089 1815 1133 1838 tus
1153 1810 1281 1837 omnibus
1293 1810 1355 1838 aliis
1369 1810 1493 1845 imperiis
1511 1810 1671 1837 horribilior
1686 1809 1739 1837 fuit
1759 1818 1766 1836 :
1794 1814 1876 1844 atque

1089 1858 1173 1886 etiam
1186 1858 1213 1885 in
1232 1857 1350 1892 imagine
1365 1865 1414 1891 per
1429 1857 1566 1884 somnium
1583 1857 1675 1884 oblata
1691 1856 1877 1884 Nabuchodo-

1089 1904 1193 1937 nosori,
1209 1908 1337 1938 quartum
1350 1912 1463 1938 regnum
1477 1903 1550 1930 ferro
1565 1908 1751 1938 comparatur.
1770 1902 1878 1930 Ferreis

1088 1958 1172 1985 porro
1182 1950 1311 1977 dentibus
1327 1950 1409 1977 edere
1422 1955 1449 1977 et
1467 1950 1655 1977 comminuere
1672 1950 1876 1980 bestiamdixit,

1089 2000 1117 2023 et
1131 1995 1235 2029 reliqua
1255 1995 1417 2022 coneulcare
1437 1995 1554 2029 pedibus
1570 2004 1576 2021 :
1592 2003 1708 2029 quorum
1734 1995 1827 2029 priora
1843 1995 1881 2021 ad

1090 2040 1259 2068 tributorum
1276 2040 1447 2067 exactionem
1469 2040 1637 2071 referuntur,
1655 2040 1809 2074 graviorem
1824 2047 1876 2066 eae-

252 2085 498 2121 Ναὸουχοδονότορ,
509 2087 555 2113 τὸν
580 2087 690 2122 σίδηρον
708 2087 816 2115 τέθεικε
835 2090 886 2123 τῆς
902 2090 1038 2126 τετάρτης

1091 2086 1166 2118 teris,
1181 2085 1282 2121 quibus
1295 2094 1373 2121 rech
1387 2087 1508 2116 aluntur,
1520 2092 1547 2112 et
1561 2086 1760 2119 saginantur,et
1775 2085 1878 2112 subditi

254 2130 394 2165 βασιλείας
420 2133 577 2167 εἰκόνισμα.
608 2134 671 2165 Tol;
701 2133 748 2160 οὖν
779 2134 900 2170 σιδηροῖς
931 2136 1038 2163 ὀδοῦσιν

252 2176 355 2203 ἐσθίειν
366 2177 396 2203 τὸ
410 2178 505 2212 θηρίον
519 2176 593 2210 εἷπε,
608 2179 656 2206 καὶ
679 2179 833 2212 λεπτύνειν,
847 2183 894 2208 καὶ
907 2184 942 2209 τὰ
956 2183 1038 2210 λοιπὰ

255 2224 407 2257 συμπατεῖν
421 2225 478 2254 τοῖς
493 2224 565 2250 ποσί.
581 2225 617 2250 Τὸ
630 2224 679 2259 μὲν
695 2225 742 2252 οὖν
758 2226 862 2253 ἐσθίειν
877 2228 923 2254 καὶ
940 2227 1039 2256 λεπτύ-

253 2275 309 2293 νειν
324 2267 364 2298 είς
387 2267 437 2302 τὴν
460 2267 516 2294 τῶν
532 2269 645 2302 δασμῶν
662 2268 820 2304 ὲξείληπται
842 2272 984 2308 εἰσφοράν,
1000 2274 1039 2306 ὡς

254 2313 413 2348 βαρυτέρων
435 2315 491 2345 τοῖς
518 2314 651 2348 ὑπηκόοις
676 2315 769 2352 φόρων
793 2317 987 2351 ὲπιτεθέντων,
1013 2321 1038 2347 οἳ

253 2360 316 2390 τοὺς
331 2359 524 2394 βασιλεύοντας
541 2361 671 2394 τρέφουσι
691 2363 739 2388 καὶ
763 2363 913 2395 πιαίνουσι,
931 2366 995 2397 τοὺς
1010 2366 1039 2392 δὲ

253 2405 503 2440 εἰσπραττομένους
526 2405 625 2436 αὐτοὺς
654 2406 848 2435 ἐκλεπτύνουσι
877 2411 1040 2445 πενητεύον-

252 2458 312 2482 τας.
328 2450 359 2477 Οἳ
375 2451 402 2477 δὲ
417 2451 600 2487 δασμοφορείν
615 2452 666 2479 οὐκ
687 2453 838 2488 ἠνείχοντο,
863 2455 912 2490 τῆς
932 2456 1040 2483 ἐλευθε-

255 2497 315 2531 ρίας
329 2498 560 2532 ἀντιποιούμενοι,
572 2498 685 2530 τούτους
696 2501 752 2531 τοῖς
766 2502 829 2526 ποσὶ
847 2502 994 2529 συνεπάτει
1009 2505 1039 2529 τὸ

253 2542 358 2577 θηρίον,
369 2543 416 2569 καὶ
433 2543 611 2578 ἐξωλόορευε.
625 2545 675 2571 Διὰ
692 2545 747 2571 τῶν
761 2546 850 2573 ποδῶν
867 2547 895 2573 δὲ
911 2549 940 2574 τὸ
957 2557 1040 2584 στρι-

252 2587 379 2614 τιωτιχὸν
404 2587 605 2620 ὑπαινίττεται,
622 2589 658 2621 ὤς
683 2590 712 2615 ὲν
729 2590 817 2626 τούτῳ
831 2592 882 2625 τῆς
900 2593 1040 2627 βασιλείας

253 2633 429 2669 ἑρειδομένης
447 2635 493 2660 καὶ
511 2634 672 2669 βεϐηκυίας,
687 2636 733 2662 καὶ
750 2636 779 2669 ἐξ
794 2638 895 2672 ἐτέρων
909 2640 1041 2674 μεταϐαι-

254 2678 353 2713 νούσης
377 2679 417 2710 είς
437 2679 528 2715 ἕτερα.
552 2680 608 2706 Καὶ
623 2681 726 2715 κέρατα
753 2682 775 2708 δ’
793 2680 863 2708 εἶναι
886 2684 925 2718 τῷ
951 2683 1040 2720 θηρίῳ

254 2723 319 2750 δέκα
337 2724 430 2758 φησὶν,
447 2725 636 2759 ὑπεμφαίνων,
654 2725 691 2756 ὡς
715 2727 755 2756 είς
774 2727 874 2758 πολλὰς
890 2728 1040 2763 ἡγεμονίας

1088 2135 1268 2160 attenuantur
1275 2138 1300 2160 et
1310 2132 1343 2159 ad
1353 2135 1500 2167 egestatem
1509 2131 1678 2165 rediguntur.
1690 2130 1741 2163 Qui
1751 2138 1816 2158 vero
1829 2131 1878 2157 tri-

1090 2179 1156 2206 buta
1171 2179 1378 2211 detrectabant,
1399 2183 1427 2205 et
1441 2177 1596 2204 libertatem
1616 2176 1800 2204 defendebant
1811 2197 1818 2210 ,
1832 2185 1880 2204 eos

1090 2224 1268 2252 conculcabat
1278 2224 1376 2254 bestia,
1387 2227 1414 2251 et
1422 2222 1631 2250 exterminabat.
1638 2223 1690 2250 Per
1697 2222 1780 2257 pedes
1788 2228 1877 2250 autem

1091 2270 1283 2304 intelliguntur
1291 2269 1438 2299 exercitus,
1451 2269 1589 2303 utquibus
1601 2276 1714 2303 regnum
1730 2269 1838 2296 insistat
1852 2274 1880 2296 et

1090 2315 1235 2346 innitatur,
1246 2320 1272 2341 et
1284 2314 1317 2341 ab
1329 2315 1391 2342 aliis
1398 2315 1432 2342 ad
1448 2315 1500 2342 alia
1515 2315 1594 2350 128
1604 2319 1733 2342 transeat.
1745 2315 1877 2342 Prmlerea

1091 2362 1186 2388 decem
1194 2367 1296 2387 cornua
1308 2360 1414 2393 bestim,
1433 2360 1599 2395 signiﬁcant,
1616 2359 1642 2387 id
1662 2360 1808 2394 imperium
1829 2369 1879 2396 po-

1091 2407 1202 2435 stremis
1211 2407 1380 2441 temporibus
1396 2407 1422 2434 in
1439 2407 1523 2434 multa
1534 2415 1592 2434 esse
1601 2406 1878 2442 regnadividendum.

1092 2454 1121 2481 In
1144 2454 1234 2480 medio
1255 2461 1338 2488 porro
1360 2454 1454 2481 decem
1477 2461 1624 2486 cornuum,
1640 2462 1754 2488 parvum
1768 2455 1879 2488 prodire

1091 2508 1190 2532 cornu,
1205 2507 1259 2535 quo
1275 2500 1326 2527 tria
1338 2500 1389 2527 alia
1409 2508 1511 2528 cornua
1526 2501 1713 2535 exstirpentur
1725 2508 1730 2526 :
1743 2503 1771 2526 at
1785 2500 1880 2528 oculos

1091 2546 1193 2573 habere
1205 2553 1291 2573 cornu
1307 2546 1386 2578 illud,
1400 2550 1428 2573 et
1441 2553 1472 2573 os
1486 2546 1692 2580 magniloquum
1705 2549 1733 2572 et
1745 2544 1874 2572 infestum

1092 2593 1202 2620 sanctis.
1227 2592 1283 2619 Hoc
1294 2600 1381 2619 cornu
1397 2592 1508 2626 quidam
1525 2591 1726 2618 Antichristum
1743 2591 1880 2626 interplc-

1093 2643 1202 2671 tantur;
1215 2646 1328 2673 parvum
1344 2643 1435 2664 autem
1445 2641 1571 2669 vocatur,
1583 2637 1656 2672 quod
1671 2645 1704 2664 ex
1715 2645 1798 2672 parva
1807 2638 1880 2665 tribu

1094 2685 1272 2712 llebra-orum
1289 2685 1326 2711 sit
1339 2684 1488 2715 oriturum,
1509 2688 1537 2710 et
1550 2688 1605 2710 tres
1617 2683 1652 2710 de
1663 2683 1757 2710 decem
1770 2683 1880 2718 regibus

1093 2737 1266 2756 evel-surum.
1279 2729 1330 2755 Per
1343 2729 1450 2759 oculos.
1464 2729 1669 2763 improbitatem
1685 2730 1755 2764 ejus,
1783 2734 1810 2755 et
1826 2728 1882 2755 cal-

254 2769 297 2795 ἐπ’
312 2769 436 2804 ἐσχάτων
458 2771 473 2796 Τ
500 2770 623 2805 βασιλεία
649 2771 863 2807 διαιρεθήσεται.
893 2773 938 2799 Ἐν
965 2775 1039 2809 μέσῳ

1094 2775 1229 2802 liditatem
1245 2774 1346 2806 innuit,
1363 2774 1464 2809 quibus
1495 2775 1596 2803 multos
1626 2777 1661 2803 sit
1688 2775 1879 2803 seducturum.
1924 2803 1927 2806 ί

850 2834 953 2864 Variae
968 2835 1123 2866 lectiones
1145 2839 1176 2866 et
1196 2839 1292 2866 notae.

291 2881 358 2915 (δι’)
377 2882 432 2915 Τὰς
456 2883 584 2917 ,ϐίϐλους
604 2885 656 2911 τοῦ
679 2885 823 2918 Ῥωμαίου
842 2886 962 2918 Δίωνος.
977 2886 1042 2913 Dio-

256 2924 318 2955 nem
337 2917 461 2945 Cassium
483 2919 603 2946 Nicaeum
626 2920 761 2954 intelligit,
783 2922 829 2955 qui
853 2917 1041 2948 Romanorum

257 2952 405 2981 Historiam
420 2955 594 2990 conscripsit,
612 2960 638 2984 et
659 2952 739 2991 quem
759 2952 1042 2992 loliarasintrgrum,

1095 2894 1150 2914 non
1179 2891 1209 2913 ut
1234 2887 1316 2914 hodie
1341 2891 1439 2917 exstat.
1456 2887 1571 2915 maxima
1593 2887 1635 2915 sui
1655 2891 1733 2921 parte
1753 2886 1882 2913 mutilum

1096 2923 1174 2956 viilit,
1187 2927 1213 2950 et
1229 2930 1300 2957 saepe
1316 2923 1457 2950 exscribit.
