2041 3147
191 175 246 207 247

842 175 1005 206 JOANNIS
1025 175 1186 206 ΖΟΝΑΗΑΞ

1768 177 1824 208 248

191 240 256 262 cum
269 232 418 268 imperium
434 233 558 261 evertit:
579 240 642 261 nam
662 241 726 262 eum
747 234 824 269 prius
835 234 918 261 etiam
945 233 976 261 ad

1031 233 1060 260 ἓν
1077 233 1216 269 θεωρητδν
1227 234 1281 261 ἀνὰ
1305 235 1388 269 μέσον
1412 235 1468 262 τῶν
1482 234 1631 270 ὀφθαλμῶν
1646 233 1742 262 αὐτοῦ.
1761 235 1820 261 Καὶ

192 281 279 307 Issum
290 279 458 315 proﬁigarat,
479 280 538 315 ejus
566 287 662 312 uxore,
692 280 811 314 ﬁliabus,
840 288 922 308 curru
950 284 979 307 et

192 332 258 352 arcu
276 325 388 360 potitus,
404 325 573 361 direptisque
589 325 689 353 castris
711 326 840 353 Persicis.
855 326 908 353 Sed
924 326 978 353 Da-

192 372 251 398 rius
264 371 326 407 fuga
341 372 462 406 elapsus,
480 376 508 399 et
523 372 678 399 recollectis
691 372 788 406 copiis.
810 379 900 407 pugna
914 380 977 400 cum

190 418 345 446 Alexandro
361 426 394 446 ex
406 418 524 454 Egypto
538 425 649 446 reverso
665 417 700 444 ad
708 417 809 445 Arbela
820 417 977 450 commissa,

191 466 291 492 iterum
308 470 466 500 superatus,
481 465 508 492 in
525 465 586 500 fuga
603 464 697 500 periit.
718 462 874 499 Spectabile
895 470 978 498 porro

190 519 276 538 cornu
289 516 378 543 vocat,
396 515 427 538 ut
450 512 558 546 insigne
585 516 613 538 et
640 512 832 547 conspicuum,
861 517 977 545 regnum

189 557 336 585 Alexandri
355 565 406 592 per
421 557 447 584 id
459 557 623 592 intelligens.
639 557 672 585 Et
683 558 711 584 in
728 557 819 585 medio
833 556 977 584 oculorum

189 601 368 636 cjusenatum
385 609 446 629 esse
457 609 542 628 cornu
560 601 637 632 dicit,
656 602 691 628 ob
710 601 851 629 solertiam
870 604 899 627 et
911 607 978 634 pru-

190 647 324 679 dentiam,
342 655 375 674 ac
390 654 555 682 generosum
570 647 691 674 animum
707 646 865 675 Alexandri.
883 646 918 673 Et
932 653 977 672 ve-

191 693 241 723 nit.
258 693 359 728 inquit,
377 694 466 720 hircus
484 701 564 727 usque
576 693 611 720 ad
621 694 728 720 arietem
751 693 928 727 cornigerum,
953 695 978 717 et

190 741 243 767 uidi
255 748 313 768 eum
329 748 493 775 progressum
509 740 544 766 ad
560 741 678 770 arietem.
695 744 720 765 et
737 739 871 773 efferatum
884 741 977 764 contra

189 787 266 813 illum
281 794 289 813 :
305 794 381 821 quem
394 795 452 813 cum
466 785 627 820 perculisset,
644 785 719 812 ambo
729 785 786 819 ejus
800 792 900 810 cornua
915 791 979 809 con-

191 832 273 863 trivit,
286 836 315 858 ut
326 840 415 858 coram
425 839 453 858 eo
468 832 610 858 consistere
625 839 678 857 non
691 834 785 865 posset,
800 829 846 856 sed
859 829 892 855 ab
906 830 977 856 hirco

190 880 337 911 prostratus
348 876 422 903 humi
437 876 648 902 conculcaretur.
665 875 700 902 Et
713 874 891 909 sunt,inquit,
901 873 977 900 ambo

1030 279 1082 311 ἕως
1095 279 1144 306 τοῦ
1162 281 1242 316 κριοῦ
1257 281 1375 315 φθάσας,
1392 281 1547 317 ἐξηγριώθη
1566 281 1633 316 πρὸς
1649 280 1742 312 aut»,
1771 281 1820 307 καὶ

1030 325 1144 352 ἔπαισεν
1157 327 1248 359 αὐτὸν,
1265 327 1312 353 καὶ
1329 327 1475 362 συνέτριψε
1487 327 1521 354 τὰ
1536 327 1640 362 κέρατα
1657 325 1753 358 αὐτοῦ,
1773 327 1822 353 καὶ

1030 370 1143 406 ἔρριψεν
1157 372 1242 398 αὐτὸν
1265 373 1312 399 ἐπὶ
1325 372 1377 408 τὴν
1390 373 1454 407 γῆν,
1470 373 1517 399 καὶ
1528 371 1718 407 συνεπάτησεν
1729 371 1821 404 αὐτὸν,

1030 418 1077 444 καὶ
1087 418 1138 444 οὐκ
1149 415 1184 453 ἦν
1195 419 1209 444 ὁ
1228 418 1426 455 ἐξαιρούμενος
1452 419 1499 445 τὸν
1514 419 1592 451 κριὸν
1621 420 1654 446 ὲκ
1667 419 1716 454 τῆς
1730 419 1822 454 χειρὸς

1029 463 1123 491 αὑτοῦ.
1138 464 1390 500 ΤὴνΜακεδονικὴν
1399 465 1540 500 βασιλείαν
1564 465 1705 492 ὗπετὺπου
1722 465 1736 491 ἡ
1749 465 1818 499 τρά-

1029 516 1087 542 γον
1104 509 1232 545 ὀξύτερος
1246 510 1302 546 γὰρ
1316 510 1363 537 τοῦ
1376 511 1467 546 κριοῦ,
1490 512 1539 538 καὶ
1554 511 1655 547 μᾶλλον
1669 510 1820 545 εὐκίνητος.

1036 555 1102 582 Ἀπὸ
1117 555 1192 586 λισδς
1213 555 1236 582 δ’
1253 556 1370 591 ἧρχετο·
1386 557 1427 584 ὅτι
1455 558 1506 592 τὴν
1526 557 1665 592 κλμ-κτον
1687 558 1822 592 πρότερον

1030 601 1074 634 ὑφ’
1089 600 1186 627 ἑαυτὸν
1213 602 1399 637 ποιησάμενος
1411 603 1425 629 ό
1444 603 1630 639 Ἀλέξανδρος,
1657 602 1728 629 οὕτω
1751 603 1820 638 πρὸς

1030 648 1143 682 Δαρεῖον
1160 647 1191 674 τὸ
1210 647 1338 683 δεύτερον
1351 648 1478 684 ὥρμησε,
1495 650 1543 676 καὶ
1564 649 1820 684 κατατροπωσάμε-

1029 702 1074 725 νος
1088 694 1180 726 αὑτὸν,
1194 693 1245 729 τὴν
1269 694 1324 720 τῶν
1349 695 1463 730 Περσῶν
1493 695 1635 730 βασιλειαν
1659 695 1819 722 κατέλυσεν.

1035 739 1079 765 Ἐν
1095 739 1173 774 Ἰσσῷ
1185 740 1239 774 γὰρ
1252 738 1349 775 πρώην
1364 740 1415 775 τῆς
1427 740 1554 772 Κιλικίας
1570 740 1645 775 αὐτῷ
1661 740 1820 775 συμϐαλὼν,

1027 783 1145 820 ἥττησεν
1157 784 1250 817 αὑτὸν,
1263 785 1310 812 καὶ
1323 785 1373 820 τὴν
1389 785 1439 821 μὲν
1464 786 1583 819 γυναῖκα
1600 786 1648 813 καὶ
1664 785 1715 818 τὰς
1736 786 1822 820 θυγα-

1029 829 1113 864 τέρας
1128 828 1213 855 αὑτοῦ
1228 830 1277 855 καὶ
1295 830 1326 856 τὺ
1338 830 1415 865 ἅρμα
1426 830 1474 857 καὶ
1487 830 1518 857 τὸ
1535 831 1613 864 τόξον
1627 831 1758 866 κατέσχε,
1772 832 1822 858 καὶ

1028 874 1163 909 διήρπασε
1188 875 1220 902 τὸ
1242 875 1425 910 στρατόπεδον
1445 876 1476 902 τδ
1500 877 1647 911 Περσικόν.
1677 877 1784 912 Ἐφυγε
1798 877 1822 904 δ’

191 923 280 949 arietis
293 929 393 948 cornua
406 922 518 948 contrita
527 921 558 947 ab
569 921 641 948 hirco
654 941 661 953 ,
676 919 812 955 impetuin
827 927 886 946 eum
896 919 975 954 facto.

1030 920 1138 948 ἐκεῖθεν
1153 923 1167 948 ὁ
1180 922 1303 956 Δαρεῖος,
1321 922 1369 948 καὶ
1389 920 1469 954 αὖθις
1484 923 1615 958 δυνάμεις
1641 923 1817 958 συναγαγὼν,

191 966 248 994 Hoc
269 970 322 999 est,
349 966 437 993 ambae
463 966 523 1001 ejus
541 966 637 1000 copiae,
660 965 777 993 Persica:
802 969 831 992 et
855 963 976 995 Medicae,

191 1013 293 1047 quibus
306 1013 394 1040 fretus
401 1016 470 1039 erat.
484 1012 550 1039 Nam
563 1012 708 1039 Persarum
720 1019 768 1038 rex
778 1012 889 1045 utrique
900 1010 976 1046 genti
1004 1019 1007 1022 λ

191 1059 354 1093 imperabat,
376 1058 460 1093 Cyro,
480 1064 514 1086 ut‘
534 1058 638 1085 dictum
667 1061 722 1089 est,
748 1057 879 1091 utrinque
896 1055 972 1091 131

191 1104 310 1131 ducente
325 1103 471 1139 originem,
489 1109 517 1131 et
546 1108 663 1138 utroque
689 1110 773 1137 regno
802 1103 900 1137 potito,
916 1110 977 1137 quae

191 1155 287 1184 gentes
305 1150 392 1177 amba:
406 1150 580 1185 Assyriorum
606 1157 719 1184 regnum
749 1153 919 1176 everterunt.
943 1147 977 1174 Et

190 1195 277 1222 hircus
287 1195 453 1223 eoasitualde
462 1204 583 1231 magnus.
600 1195 694 1229 Neque
709 1194 783 1221 enim
796 1202 827 1221 ea
843 1194 978 1221 duntaxat

190 1249 252 1276 qua:
274 1241 392 1277 Assyriis
412 1245 573 1276 paruerunt,
591 1241 639 1268 sed
664 1240 717 1268 alia
750 1249 860 1275 quoque
892 1241 976 1267 multa

191 1287 310 1322 subegit.
328 1287 433 1314 lndiam
443 1294 597 1322 aggressus,
610 1286 712 1313 Porum
725 1286 835 1320 devicit,
851 1292 877 1314 et
896 1286 976 1313 Taxi-

190 1333 242 1360 lem
258 1333 310 1360 sibi
326 1333 494 1365 conciliavit,
511 1338 540 1360 et
559 1333 627 1360 alias
641 1332 741 1360 Indicae
753 1332 873 1367 regionis
885 1336 975 1365 partes

188 1379 343 1414 occupavit.
358 1379 462 1406 Deinde
480 1387 535 1406 non
548 1379 594 1407 diu
611 1379 771 1406 duraturam
788 1379 849 1414 ejus
860 1377 975 1405 felicita-

189 1430 242 1452 tem
259 1425 396 1460 Propheta
410 1425 579 1460 signiﬁcans,
597 1425 741 1462 subjungit
759 1435 765 1452 :
786 1424 822 1451 Et
839 1425 909 1451 inter
918 1425 976 1450 vin-

187 1472 297 1497 cendum
312 1473 501 1499 comminutum
514 1476 552 1499 est
566 1480 648 1498 cornu
661 1471 730 1498 illud
741 1478 877 1505 magnum,
892 1473 916 1496 et
934 1470 976 1496 in-

188 1517 230 1550 fra
248 1517 333 1550 ipsum
350 1521 465 1551 quatuor
480 1525 578 1543 cornua
590 1520 652 1543 sunt
669 1520 760 1542 enata.
775 1515 843 1543 Nam
858 1515 974 1542 Alexan-

1028 966 1186 1000 ἐμαχέσατο
1199 966 1237 1001 τῷ
1254 966 1435 1002 Ἀλεξάνδρῳ,
1446 967 1475 1000 ὲε
1484 967 1625 1002 Αἰγύπτου
1635 968 1704 1003 πρὸς
1716 969 1822 995 ἐκεῖνον

1029 1012 1196 1047 ὁρμήσαντι,
1206 1013 1253 1039 καὶ
1270 1013 1354 1039 πάλιν
1366 1013 1469 1048 ἡττήθη
1484 1014 1513 1039 ὲν
1523 1013 1678 1049 Ἀρϐήλοις,
1694 1014 1744 1040 καὶ
1754 1014 1821 1048 φεύ-

1030 1063 1085 1089 γων
1097 1055 1229 1084 ἀπώλετο,
1247 1057 1392 1091 Θεωρητδν
1402 1057 1430 1083 δὲ
1448 1057 1477 1083 τὸ
1491 1058 1574 1093 κέρας
1586 1059 1679 1093 φησὶν,
1694 1059 1756 1085 ἀντὶ
1773 1057 1821 1085 τοῦ

1029 1102 1166 1137 ἐπίσημον
1176 1103 1226 1129 καὶ
1239 1103 1440 1137 περίὸλεπτον·
1455 1104 1507 1138 τὴν
1525 1104 1705 1140 Ἀλεξάνδρου
1727 1104 1756 1131 δὲ
1772 1104 1822 1131 καὶ

1029 1147 1073 1174 διὰ
1091 1148 1185 1174 τούτου
1199 1148 1347 1175 αἰνίττεται
1358 1148 1507 1183 βασιλείαν.
1521 1150 1577 1176 Καὶ
1585 1150 1637 1177 ἁνὰ
1658 1151 1752 1185 μέσων
1765 1150 1822 1177 τῶν

1029 1195 1176 1230 ὀφθαλμῶν
1201 1196 1284 1223 αὑτοῦ
1309 1196 1429 1231 ἐκφῦναι
1452 1196 1482 1223 τὸ
1508 1197 1593 1232 κέρας
1619 1197 1704 1232 λέγει,
1725 1197 1770 1224 διὰ
1790 1197 1822 1223 τὸ

1029 1243 1159 1277 ἀγχίνουν
1174 1244 1222 1269 καὶ
1233 1243 1283 1278 τὴν
1297 1243 1420 1275 σύνεσιν,
1443 1244 1491 1272 καὶ
1505 1243 1535 1270 τὸ
1552 1245 1677 1278 γενναῖον
1692 1244 1739 1271 τοῦ
1754 1252 1822 1279 φρο-

1029 1289 1151 1323 νήματος
1162 1288 1210 1315 τοῦ
1226 1289 1414 1325 Ἀλεξάνδρου.
1437 1290 1494 1318 Καὶ
1506 1288 1590 1325 ἦλθε,
1602 1290 1698 1325 φησιν,
1724 1291 1740 1317 ό
1754 1289 1822 1324 τρά-

1027 1343 1080 1369 γος
1089 1334 1148 1368 ἕως
1172 1335 1226 1362 τοῦ
1247 1335 1333 1370 κριοῦ
1359 1336 1414 1363 τοῦ
1428 1337 1465 1363 τὰ
1487 1337 1596 1370 κέρατα
1618 1337 1752 1371 ἔχοντος,
1771 1335 1822 1362 καὶ

1027 1380 1109 1408 εἶδον
1116 1380 1210 1407 αὐτὸν
1216 1381 1374 1415 φθάσαντα
1384 1382 1439 1415 ἕως
1447 1382 1499 1409 τοῦ
1510 1381 1605 1416 κριοῦ,
1614 1382 1662 1408 καὶ
1672 1381 1816 1416 ἐξηγριώ-

1027 1429 1063 1460 θη
1074 1428 1150 1461 πρὸς
1163 1427 1268 1460 αὐτὸν,
1285 1427 1333 1454 καί
1348 1428 1457 1456 ἔπαισε
1480 1428 1535 1455 τὸν
1549 1429 1646 1462 κριὸν,
1674 1428 1725 1455 καὶ
1745 1437 1821 1456 συν-

1027 1472 1152 1507 έτριψεν
1168 1473 1321 1507 ἀμφότερα
1338 1475 1375 1501 τὰ
1398 1475 1509 1509 κέρατα
1525 1474 1629 1507 αὑτοῦ,
1642 1475 1692 1501 καὶ
1709 1476 1765 1501 οὐκ
1780 1472 1820 1509 ἦν

1029 1519 1120 1553 ἰσχὺς
1133 1519 1173 1551 τῷ
1187 1519 1259 1553 κριῷ
1275 1521 1331 1548 τοῦ
1353 1522 1465 1555 στῆναι
1492 1521 1621 1549 ἐνώπιον
1649 1521 1754 1554 αὑτοῦ,
1769 1521 1819 1548 καὶ

187 1560 239 1587 dro
254 1560 329 1587 brevi
345 1565 406 1595 post
422 1569 567 1588 successus
583 1562 646 1589 illos
662 1565 783 1593 mortuo,
806 1561 866 1596 ejus
892 1561 976 1594 impe-

1028 1565 1152 1600 ἕῤῥιψεν
1187 1567 1282 1593 αὑτὸν
1308 1568 1353 1600 είς
1392 1566 1471 1602 γῆν,
1508 1568 1558 1595 καὶ
1603 1567 1820 1601 συνεπάτησεν

189 1607 260 1633 rium
277 1607 304 1633 in
317 1611 409 1641 partes
425 1610 545 1641 quatuor
556 1611 599 1633 est
609 1606 726 1634 divisum
744 1615 752 1633 :
769 1611 799 1633 ut
810 1606 866 1642 jam
882 1606 909 1633 iu
922 1610 977 1633 ter-

189 1653 227 1679 tia
240 1652 298 1680 fera
313 1652 416 1680 dictum
427 1657 480 1685 est,
497 1660 557 1687 qum
573 1653 600 1679 in
620 1652 724 1680 somnis
737 1652 842 1679 Danieli
862 1652 920 1679 visa
936 1656 978 1679 est

188 1707 205 1724 ε
220 1699 288 1725 mari
300 1706 421 1733 egressa,
435 1704 554 1734 quatuor
577 1697 691 1734 pradita
715 1697 864 1732 capitibus.
888 1697 923 1724 Et
947 1705 978 1724 ea:

190 1753 242 1771 uno
256 1753 338 1772 cornu
357 1746 453 1772 exstitit
465 1752 546 1771 cornu
563 1744 689 1777 terribile,
712 1744 790 1779 idque
815 1745 842 1771 in
865 1744 978 1771 immen-

187 1800 246 1818 sum
264 1796 302 1818 est
313 1795 420 1818 auctum
442 1799 530 1818 uersus
557 1795 690 1823 austrum,
715 1799 805 1818 versus
837 1792 976 1824 orientem,

189 1846 278 1865 uersus
305 1838 428 1872 africum,
442 1843 465 1864 et
486 1845 575 1864 uersus
601 1837 780 1864 occidentem:
792 1842 817 1864 et
830 1837 979 1872 ampliﬁca-

190 1889 246 1911 tum
256 1888 294 1911 est
310 1892 390 1918 usque
404 1884 439 1911 ad
448 1884 594 1919 potentiam
609 1883 676 1917 caeli,
691 1888 716 1910 et
735 1883 978 1910 cecideruntstellw

187 1931 266 1957 etiam
276 1931 303 1957 in
317 1934 417 1956 terram
430 1938 446 1956 a
469 1930 587 1965 potentia
605 1929 672 1964 ejus,
688 1934 713 1956 et
729 1929 889 1957 conculcata:
903 1933 976 1956 sunt.

187 1976 236 2004 His
248 1977 341 2004 verbis
358 1976 454 2003 Daniel
466 1984 497 2003 ea
510 1975 658 2011 pnedocet,
681 1983 743 2010 quas
763 1975 815 2003 sub
840 1975 976 2003 Antioeho

188 2023 334 2058 Epipliane
350 2023 536 2057 contigerunt,
550 2021 678 2049 Antiochi
694 2021 784 2057 Magni
800 2021 868 2055 ﬁlio,
892 2029 975 2056 supe-

186 2069 289 2095 riorum
303 2075 398 2103 regum
418 2067 569 2102 potentiam
584 2074 775 2102 supergresso,
791 2068 839 2102 qui
858 2066 976 2094 Seleuco

185 2119 387 2143 successerant.
403 2113 430 2141 Is
444 2113 563 2150 Egypto
578 2118 606 2141 et
618 2113 680 2140 aliis
694 2113 845 2148 provinciis
860 2113 975 2147 potitus,

186 2161 314 2195 belloque
327 2159 430 2187 Judacis
455 2159 542 2192 illato,
569 2163 597 2186 et
622 2158 809 2193 Hierosolyma
843 2162 871 2185 et
893 2162 976 2185 totam

185 2211 294 2240 gentem
315 2205 435 2240 subegit,
447 2205 590 2240 Templum
602 2204 731 2239 spoliavit
744 2209 772 2232 et
787 2204 896 2239 polluit,
912 2211 976 2238 por-

1030 1613 1134 1639 αύτὸν.
1176 1614 1338 1647 Συνετρίόη
1382 1613 1426 1646 δὲ,
1456 1614 1534 1649 φησὶ,
1577 1613 1626 1641 καὶ
1668 1614 1755 1649 ἄμφω
1782 1615 1820 1640 τὰ

1030 1657 1140 1691 κέρατα
1171 1658 1225 1685 τοῦ
1268 1659 1354 1692 κριοῦ
1393 1659 1642 1694 προσαράξαντος
1669 1660 1723 1687 τοῦ
1750 1660 1819 1694 τρά-

1031 1712 1086 1738 γου
1100 1704 1199 1737 αὐτῷ·
1221 1706 1357 1738 τουτέστι,
1375 1705 1421 1732 καὶ
1441 1706 1526 1740 ἄμφω
1553 1706 1582 1732 αἱ
1608 1705 1739 1741 δυνάμεις
1769 1706 1819 1732 αὺ-

1030 1749 1076 1774 τοῦ
1103 1746 1147 1780 αἷς
1183 1749 1334 1780 ἐπεποίθει,
1357 1750 1375 1785 ἦ
1407 1758 1436 1776 τε
1471 1750 1593 1786 Περσικὴ
1627 1752 1674 1778 καὶ
1714 1752 1730 1782 ἡ
1759 1750 1817 1786 Μη-

1028 1795 1104 1830 δική.
1147 1795 1261 1830 Περσῶν
1291 1795 1347 1830 γὰρ
1380 1795 1428 1822 καὶ
1454 1796 1553 1830 Μήδων
1597 1794 1682 1832 ἦρχον
1714 1796 1740 1823 οἱ
1771 1797 1820 1832 βα-

1029 1841 1113 1872 σιλεῖς
1141 1841 1195 1868 τῶν
1228 1841 1352 1876 Περσῶν,
1380 1842 1419 1873 ὼς
1446 1841 1494 1868 τοῦ
1525 1842 1617 1876 Κύρου
1648 1842 1678 1874 ἐξ
1705 1841 1815 1877 ἀμφοῖν,

1027 1887 1065 1918 ὡς
1077 1888 1195 1922 ιῐρηται,
1211 1887 1322 1921 φύντος,
1337 1888 1385 1914 καὶ
1399 1887 1450 1922 τὴν
1465 1888 1568 1922 ἀμφοῖν
1583 1887 1723 1923 βασιλείαν
1735 1888 1816 1923 σχόν-

1028 1941 1072 1965 τος
1102 1934 1149 1969 ὑφ’
1171 1933 1278 1966 ἑαυτὸν,
1309 1934 1357 1961 καὶ
1389 1934 1474 1969 ἄμφω
1497 1933 1583 1960 ταῦτα
1606 1934 1639 1961 τὰ
1668 1934 1733 1969 γένη
1765 1933 1821 1960 τῶν

1029 1980 1182 2014 Ἀσσυρίων
1197 1980 1247 2015 τὴν
1263 1979 1405 2014 βασιλείαν
1422 1979 1587 2006 κατέλυσαν.
1600 1979 1654 2006 Kal
1679 1980 1695 2006 ὀ
1712 1979 1820 2014 τράγος

1027 2026 1216 2060 ἐιιεταλύνθη
1233 2025 1362 2060 σφόδρα.
1381 2026 1418 2051 Οὐ
1437 2025 1492 2060 γὰρ
1508 2025 1577 2059 μόνα
1598 2025 1630 2051 τὰ
1649 2025 1758 2060 ὑπήκοα
1784 2026 1819 2060 τῇ

1027 2072 1082 2098 τῶν
1120 2072 1272 2107 Ἀσσυρίων
1291 2073 1363 2107 ἀρχῇ
1392 2072 1437 2106 ὑφ’
1463 2071 1560 2098 ἑαυτὸν
1579 2071 1734 2106 ἐποιήσατο,
1751 2070 1819 2097 ἀλλὰ

1028 2118 1077 2145 καὶ
1093 2118 1159 2145 ἄλλα
1176 2117 1262 2144 πολλὰ
1280 2117 1460 2152 ἐχειρώσατο.
1483 2118 1523 2152 Τῇ
1543 2126 1572 2144 τε
1583 2118 1637 2152 γὰρ
1656 2117 1739 2152 Ἰνδὶᾳ
1750 2125 1820 2152 προ-

1030 2163 1139 2195 σέὸαλε,
1157 2163 1206 2189 καὶ
1229 2163 1276 2189 τὸν
1299 2163 1395 2198 Πῶρον
1424 2163 1546 2199 ἐνίκησε,
1572 2164 1619 2189 καὶ
1639 2163 1685 2190 τὺν
1702 2163 1820 2199 Ταξίλην

1030 2209 1201 2244 ᾠκειώσατο,
1217 2209 1265 2236 καὶ
1277 2209 1345 2236 ἄλλα
1371 2209 1441 2244 μέρη
1466 2209 1516 2244 τῆς
1537 2208 1652 2243 Ἰνδικῆς
1674 2209 1818 2244 κατέσχεν.

186 2253 226 2278 cis
247 2252 273 2278 in
288 2259 321 2278 eo
334 2251 534 2281 immolatis.et
552 2258 601 2278 ara
623 2251 683 2278 levi
709 2255 860 2282 exstructa,
888 2258 975 2285 popu-

1030 2253 1096 2282 Εἶτα
1117 2255 1205 2290 δηλῶν
1221 2256 1236 2281 ό
1246 2255 1399 2290 προφήτης,
1415 2255 1456 2281 ὅτι
1471 2255 1519 2281 καὶ
1531 2251 1606 2286 οὗτος
1619 2255 1819 2289 εὐδαιμονήσας

187 2299 298 2332 lumque
312 2297 344 2324 ad
360 2297 550 2332 paganismum
571 2297 672 2332 adegit,
705 2302 732 2324 et
757 2305 857 2332 pueros
887 2304 976 2324 mares

186 2343 350 2371 circumcidi
368 2344 466 2370 veluit.
485 2342 550 2369 Nam
569 2343 628 2378 ejus
643 2344 764 2370 furorem
778 2348 875 2371 contra
889 2344 974 2370 Deum

187 2392 233 2418 illa
246 2390 328 2418 verba
347 2390 467 2416 innuunt
481 2397 488 2416 :
506 2388 538 2415 Et
551 2390 635 2416 elatus
658 2394 697 2416 est
712 2398 793 2425 usque
810 2391 845 2416 ad
859 2389 917 2416 mli
929 2399 976 2425 po-

187 2439 309 2465 tentiam.
327 2437 374 2465 Illa
395 2444 461 2464 vero
479 2445 486 2463 :
510 2436 668 2463 Ceciderunt
685 2445 701 2463 a
720 2438 836 2472 potentia
866 2437 923 2471 ejus
951 2443 975 2463 et

189 2483 271 2510 stetlw
285 2484 312 2510 in
326 2488 437 2514 terram,
455 2481 652 2508 ctconculcavit
672 2490 727 2513 eas,
748 2481 905 2517 signiﬁcant
927 2489 975 2508 eos

187 2537 219 2555 cx
231 2529 347 2557 Iudaico
362 2528 477 2564 populo,
500 2527 546 2562 qui
567 2527 602 2554 ab
620 2527 666 2554 illo
696 2528 783 2554 coacti
813 2527 973 2561 religionem

187 2574 335 2606 violarunt,
351 2579 379 2601 et
408 2579 526 2609 tyranno
556 2580 674 2605 cessere,
693 2573 814 2607 legitima
826 2572 974 2607 divinaque

188 2620 297 2646 vivendi
313 2621 420 2647 ratione
434 2621 554 2652 deserta,
570 2619 605 2646 ab
613 2627 703 2654 eoque
721 2619 877 2646 conculcati
897 2624 973 2645 sunt.

188 2666 280 2693 Stella:
295 2670 387 2693 autem
401 2672 545 2699 vocantur,
567 2667 610 2694 vel
635 2666 670 2692 ob
698 2666 809 2700 pictatis
827 2666 973 2700 puritatem

187 2716 215 2738 et
229 2710 428 2746 splendorem:
450 2711 492 2738 vel
521 2711 594 2746 quod
624 2710 781 2738 Abrahamo
811 2710 973 2745 promiserat

189 2756 308 2790 Dcusjse
320 2757 477 2792 progeniem
493 2758 554 2793 ejus
567 2758 708 2785 stellarum
725 2757 878 2783 caelestium
889 2756 974 2783 instar

189 2804 429 2838 ampliﬁcaturum.
448 2805 482 2831 Et
495 2813 576 2839 usque
587 2805 621 2831 ad
631 2805 776 2839 principem
793 2804 927 2838 copiarum
937 2808 976 2829 est

189 2849 283 2886 elatus.
299 2851 400 2878 Contra
412 2851 501 2887 ipsum
517 2851 601 2879 Deum
618 2851 738 2878 furorem
755 2850 888 2881 excreuit,
901 2850 975 2884 prin-

190 2897 276 2932 cipem
295 2897 445 2925 caelestium
473 2897 626 2933 copi'irum.
646 2897 680 2925 Ει
702 2896 861 2930 sacriﬁcium
877 2898 970 2922 turba-

1030 2300 1139 2336 μικρέιν,
1148 2300 1359 2335 παρελεύσεται,
1368 2301 1491 2335 ἐπήγαγε
1505 2308 1511 2315 ·
1525 2300 1578 2327 Καὶ
1591 2300 1625 2326 ἐν
1638 2298 1678 2331 τῷ
1694 2299 1819 2333 [aliaat

1028 2347 1131 2378 αὐτὸν,
1148 2346 1308 2379 συνετρίϐη
1318 2345 1350 2371 τὸ
1367 2344 1456 2378 κέρας
1470 2345 1501 2371 τὸ
1513 2344 1602 2379 μέγα,
1619 2344 1669 2371 καὶ
1684 2344 1819 2377 τέσσαρα

1029 2391 1138 2424 κέρατα
1155 2391 1348 2418 ὑποκάτωθεν
1363 2390 1455 2424 ἐξέφυ
1468 2389 1573 2416 αὑτοῦ.
1587 2389 1641 2415 Τοῦ
1666 2390 1721 2424 γὰρ
1743 2389 1818 2415 ⁴Ἀλε-

1029 2436 1143 2471 ξάνδρου
1160 2436 1229 2471 μετὰ
1255 2436 1304 2471 τὴν
1322 2436 1449 2470 εὐτυχίαν
1473 2436 1582 2470 ἐκείνην
1614 2436 1756 2470 συντόμως
1771 2435 1817 2461 Θα-

1028 2482 1130 2514 νόντος,
1146 2482 1186 2512 εἰς
1211 2482 1366 2516 τέσσαρα-ἡ
1398 2482 1503 2508 ἐκείνου
1533 2481 1646 2517 διῃρέθη
1667 2482 1750 2516 ἀρχὴ,
1779 2481 1817 2512 ὡς

1028 2528 1135 2562 εἴρηται
1153 2527 1203 2562 ἤδη
1217 2528 1246 2553 ἐν
1269 2527 1308 2562 τῷ
1322 2527 1409 2562 τρίτῳ
1432 2527 1529 2562 θηρίῳ,
1544 2527 1558 2553 ὃ
1570 2527 1610 2561 τῷ
1628 2527 1727 2562 Δανιὴλ
1755 2526 1817 2553 καθ’

1029 2573 1129 2605 ὕπνους
1150 2573 1240 2605 ἔδοξεν
1254 2574 1286 2599 ἐκ
1311 2572 1361 2607 τῆς
1387 2572 1526 2607 θαλάσσης
1554 2573 1727 2608 ἑξέρχεσθαι,
1757 2573 1818 2607 ἔχον

1027 2620 1164 2654 τέσσαρας
1179 2619 1310 2653 κεφαλάς.
1330 2618 1384 2645 Καὶ
1407 2619 1442 2645 ἐκ
1457 2618 1510 2645 τοῦ
1519 2618 1588 2650 ἑνὸς
1599 2618 1659 2644 τῶν
1686 2618 1818 2652 κεράτων

1027 2665 1138 2699 ἐξῆλθε
1157 2665 1245 2699 κέρας
1264 2665 1400 2699 φοϐερὸν,
1426 2665 1475 2691 καὶ
1495 2665 1684 2698 ὲμεγαλύνθη
1714 2672 1817 2699 περισ-

1028 2711 1090 2744 σῶς
1115 2711 1190 2744 ,πρὸς
1205 2710 1296 2737 νότον
1321 2709 1461 2743 καὶπρὸς
1481 2709 1645 2742 ἀνατολὴν,
1662 2709 1711 2736 καὶ
1741 2710 1816 2743 πρὸς

1028 2757 1106 2788 λίϐα,
1122 2756 1171 2782 καὶ
1188 2755 1263 2790 πρὸς
1279 2755 1337 2789 τὴν
1351 2755 1452 2781 δύσιν.
1476 2755 1530 2781 Καὶ
1556 2754 1744 2788 ἐμεγαλύνθη
1761 2755 1816 2787 ἕως

1028 2802 1083 2835 τῆς
1096 2801 1250 2835 δυνάμεως
1279 2801 1332 2827 τοῦ
1346 2800 1487 2833 οὐρανοῦ,
1503 2799 1550 2825 καὶ
1571 2800 1684 2826 ἔπεσον
1698 2800 1746 2825 ἐπὶ
1760 2800 1816 2832 τὴν

1029 2848 1086 2882 γῆν
1105 2849 1164 2875 ἀπὸ
1179 2847 1234 2882 τῆς
1257 2846 1422 2881 δυνάμεως,
1441 2846 1490 2872 καὶ
1505 2846 1565 2872 ἀπὸ
1587 2844 1647 2871 τῶν
1670 2845 1816 2878 ἀστέρων,

1027 2895 1075 2922 καὶ
1093 2894 1308 2928 συνεπάτησεν
1338 2892 1458 2926 αὐτούς.
1489 2891 1529 2919 Τὰ
1545 2890 1610 2925 περὶ
1627 2890 1675 2918 τοῦ
1698 2891 1814 2919 Ἐπιωαο
