2041 3147
161 195 216 227 249

795 195 1000 227 ANNALIUM
1021 197 1096 228 LIB.
1115 197 1176 228 IlI.

1736 199 1792 235 950

160 251 223 283 νοῦς
248 250 391 286 Ἀντιόχου
417 250 462 278 διὰ
475 251 578 278 τούτων
593 251 714 287 ὁΔανιὴλ
729 251 948 287 προδιδάσκεται,

1002 258 1058 280 tum
1074 257 1112 280 est
1133 253 1314 284 cadaveribus.
1330 258 1354 280 ιιι
1369 254 1469 289 factum
1480 259 1529 288 est,
1543 262 1576 283 ac
1589 255 1708 283 secundi:
1722 256 1797 282 νείηιε

159 297 189 329 δς
208 296 348 332 Ἀντιόχου
363 296 413 332 μὲν
438 296 485 323 τοῦ
508 297 628 332 μεγάλω
649 298 706 329 ull;
731 295 777 333 ἦν,
799 297 902 332 μᾶλλον
926 298 955 324 δὲ.

163 343 219 369 τῶν
241 343 296 378 πρδ
312 341 397 369 αὑτοῦ
408 343 569 376 κρατυνθεὶς
595 342 739 378 βασιλέων,
764 343 821 370 τῶν
838 344 892 371 ἀπὸ
906 344 956 370 Σε-

162 387 262 414 λεύκου
286 386 398 422 δηλαδὴ,
434 388 481 414 καὶ
497 388 547 422 τῆς
571 388 711 422 Αἰγύπτου
733 389 885 424 κρατήσας,
908 389 955 415 καὶ

163 434 268 468 ἑτέρων
284 433 394 468 χωρῶν,
423 434 471 460 καὶ
488 434 534 460 ἐπὶ
554 434 703 466 Ἰουδαίους
718 435 894 470 ἐστράτευσε,
907 435 954 461 κα)¹

161 479 213 514 τῆς
234 478 288 504 τῶν
308 478 508 513 Ἰεροσολύμων
529 479 675 514 ἐκυρίευσε
694 479 809 511 πόλεως,
825 479 895 506 ἀλλὰ
907 478 955 505 καὶ

161 524 209 550 τοῦ
228 524 321 554 ἔθνους
339 523 452 555 παντός.
476 523 531 550 Καὶ
549 524 594 550 τόν
617 532 646 550 τε
674 524 742 550 ναὸν
773 523 889 558 ἐσύλησε
906 525 954 550 καὶ

161 570 269 604 ἐμίανε,
297 569 413 602 σύας-ὲν
438 570 513 605 αὐτῷ
535 570 629 604 θύσας,
657 572 704 598 καὶ
731 571 772 606 τῷ
798 571 839 598 Διὶ
862 571 954 607 βωμὸν

163 615 353 651 ἱδρυσάμενος,
382 615 413 642 τὸ
434 615 511 648 ἔθνος
535 616 597 643 ὅλον
622 617 771 652 ἑλληνίζειν
801 618 952 652 ἠνάγκαζε,

163 662 275 688 κωλύων
301 661 400 694 αὐτοὺς
420 662 596 698 περιτέμνειν
616 663 650 690 τὰ
683 664 798 700 ἄρρενα.
821 664 878 699 Τὴν
898 664 952 700 γὰρ

161 707 233 734 κατὰ
259 707 306 734 τοῦ
335 707 403 734 Θεοῦ
432 708 533 743 μανίαν
563 708 658 742 αὐτοῦ,
687 710 718 736 τὸ
744 710 952 746 Ἐμεγαλύνθνι

161 753 216 786 ἕως
232 753 287 787 τῆς
312 752 467 788 δυνάμεως
492 754 546 781 τοῦ
575 755 718 788 οιίρανοῦ,
752 756 950 783 ὑπαινίττεται.

161 800 198 826 Τὸ
211 799 251 832 δὲ,
269 801 405 826 Ἐπεσον
418 799 478 826 ἀπὸ
503 799 559 834 τῆς
581 800 735 835 δυνάμεως
748 801 798 828 καὶ
818 802 877 829 ἀπὸ
893 801 953 829 τῶν

161 845 297 880 ἀστέρων
311 845 360 873 ἐπὶ
374 846 434 880 τὴν
448 845 518 881 γῆν,
532 847 582 873 καὶ
599 847 816 881 συνεπάτησεν
827 848 949 881 αὺτούς-

160 892 224 922 τοὺς
238 892 271 918 ἐκ
288 891 335 918 τοῦ
366 891 514 918 Ἰουδαϊκοῦ
543 892 609 919 λαοῦ
628 893 818 927 ἀσεϐήσαντας
844 893 888 920 διὰ
901 894 951 930 τὴν

160 937 190 970 ἐξ
216 937 323 964 ἐκείνου
349 938 525 973 ἐπαγομένην
546 939 638 970 αὐτοῖς
663 939 789 974 ἀνάγκην
809 939 895 975 δηλοῖ,
926 939 950 965 οἳ

160 984 209 1019 τῆς
227 984 344 1020 νομίμου
364 985 411 1012 καὶ
423 985 500 1016 θείας
512 985 653 1020 διαγωγῆς
682 987 891 1017 ἑκπεπτώκασι,
912 986 951 1022 τῷ

160 1031 285 1066 τυράννῳ
300 1031 472 1063 ὑπείξαντες,
487 1032 535 1059 καὶ
561 1032 607 1058 ὑπ’
623 1031 727 1058 ἐκείνου
759 1032 952 1067 συμπατηθέν-

160 1085 218 1109 τες.
243 1076 373 1111 Ἀστέρες
391 1077 414 1103 δ’
430 1076 595 1112 ἱκλήθησαν,
613 1077 657 1104 διὰ
676 1077 707 1103 τὺ
734 1077 785 1111 τῆς
810 1077 950 1109 εὐσεϐείας

161 1121 283 1157 καθαρὸν
300 1122 347 1149 καὶ
365 1122 575 1157 ὑπέρλαμπρον·
594 1123 610 1157 ἢ
625 1123 666 1149 ὅτι
677 1123 716 1158 τῷ
730 1123 951 1157 Ἀδραὰμδθεὸς

160 1167 347 1202 ἐπηγγείλατο
362 1167 498 1203 πληθῦναι
513 1168 543 1195 τδ
556 1169 667 1204 σπέρμα
676 1168 760 1195 αὑτοῦ
774 1169 811 1201 ὼς
820 1169 854 1195 τὰ
863 1169 950 1204 ἄστρα

159 1213 207 1240 τοῦ
219 1213 347 1248 ούρανοῦ.
359 1213 413 1241 Καὶ
427 1214 483 1247 ἕως
498 1213 551 1241 τοῦ
560 1214 713 1248 ἄρχοντος
730 1214 787 1248 τῆς
798 1214 950 1249 δυνάμεως

159 1260 278 1294 ιδρύθη.
296 1261 350 1287 Kal
364 1261 426 1286 κατ’
438 1260 522 1287 αὑτοῦ
537 1261 591 1296 γὰρ
606 1261 652 1287 τοῦ
672 1261 742 1288 Θεοῦ
756 1260 887 1296 ἑλύττησε
901 1260 948 1287 τοῦ

160 1306 292 1341 ἄρχοντος
320 1306 375 1333 τῶν
390 1306 445 1333 ἄνω
457 1306 610 1341 δυνάμεων.
646 1306 700 1333 Kal
730 1307 821 1333 θυσία
845 1306 950 1339 ἐταρά-

158 1353 216 1386 χθη
237 1352 381 1386 πτώματι,
407 1352 455 1379 καὶ
484 1351 624 1386 ἐγενήθη.
651 1352 700 1378 καὶ
725 1351 872 1384 εὐωδώθη,
902 1351 951 1378 καί

157 1397 246 1431 ἐδόθη
281 1398 331 1424 ἐπὶ
356 1397 414 1432 τὴν
457 1397 570 1425 θυσίαν
595 1398 735 1432 ἁμαρτία,
765 1397 815 1424 καὶ
845 1398 950 1431 ὲρῤἱφη

157 1443 250 1478 χαμαὶ
288 1443 479 1477 δικαιοσύνη.
513 1443 741 1478 ’Δπηγορευμένα
767 1443 821 1477 γὰρ
853 1443 949 1475 θύσας,

158 1489 276 1524 ἐτάραξε
302 1488 352 1524 τὴν
378 1488 485 1522 θυσίαν,
516 1489 575 1516 ἀντὶ
601 1488 661 1521 τοῦ,
680 1489 818 1524 συνέχεεν,
842 1489 948 1523 δμίανε.

161 1535 301 1569 Πτώματα
322 1535 350 1561 δὲ
375 1535 438 1566 τοὺς
470 1535 538 1566 σύας
561 1535 647 1569 λέγει,
676 1535 723 1561 καὶ
744 1534 884 1570 ἁμαρτίαν
903 1534 950 1561 ἐπὶ

1007 307 1068 326 usus
1079 303 1127 331 est,
1146 303 1169 325 et
1177 299 1271 325 datum
1287 300 1369 326 estad
1379 301 1512 328 victimam
1525 307 1672 336 peccatum,
1687 306 1711 328 et
1725 303 1797 329 humi

1006 346 1109 380 abjecta
1129 349 1167 372 ett
1178 345 1296 380 justitia.
1314 346 1381 373 Nam
1399 354 1462 374 cum
1481 348 1626 375 interdicta
1643 349 1798 376 sacriﬁcas-

1006 396 1058 423 εει.
1075 392 1195 419 turbavit
1215 392 1392 426 sacriﬁcium,
1422 393 1474 421 hoc
1486 398 1539 425 est,
1560 394 1695 425 confudit.
1716 395 1794 429 132

1006 438 1114 472 polluit.
1136 437 1275 465 Cadavcra
1296 445 1393 472 porcos
1419 439 1542 466 nominat
1563 449 1570 466 :
1599 444 1626 466 et
1650 445 1793 474 peccatum

1005 483 1033 510 in
1050 483 1195 513 sacriﬁcio.
1211 483 1323 510 violatas
1339 484 1373 510 ab
1387 491 1421 511 eo
1438 485 1520 520 leges.
1536 486 1690 521 Proiectam
1719 486 1794 512 humi

1002 528 1137 564 justitiam
1150 528 1228 561 dicit,
1243 529 1279 555 ob
1297 533 1453 564 contempta
1479 530 1604 558 instituta
1631 532 1727 565 patria.
1753 531 1796 558 Si-

1004 574 1169 610 gniﬁcantur
1184 576 1266 602 etiam
1282 575 1390 609 injustze
1405 576 1493 603 caedes
1509 584 1614 609 eorum,
1625 577 1671 611 qui
1692 578 1726 604 ab
1741 578 1795 604 im-

1003 620 1106 654 pietate
1123 619 1338 647 abhorrucrunt.
1364 620 1420 648 Sed
1440 622 1577 655 quamvis,
1610 622 1710 656 inquit.
1736 623 1795 650 hac

1003 669 1107 700 ageret.
1130 670 1237 700 tamque
1251 665 1334 700 impie
1345 674 1377 693 se
1388 671 1498 701 gereret
1510 667 1674 698 Antiochus,
1701 671 1793 694 tamen

1004 711 1087 739 rebus
1100 711 1230 738 secundis
1246 719 1312 738 usus
1324 716 1377 738 est.
1396 711 1443 738 llis
1468 712 1580 747 subiicit
1607 712 1702 739 Daniel
1726 721 1732 738 :
1759 713 1792 739 Et

1002 758 1069 784 dixit
1085 765 1151 784 unus
1166 763 1272 784 sanctus
1291 756 1441 789 Phelmuni,
1461 757 1574 789 Quando
1604 758 1711 785 tandem
1728 759 1792 785 visio

1002 802 1208 830 terminabitur?
1223 807 1247 829 et
1261 802 1395 830 sublatum
1420 803 1595 838 sacriﬁcium,
1611 809 1635 830 et
1657 809 1794 839 peccatum

1001 849 1156 875 vastationis
1173 849 1352 874 concessum?
1374 848 1400 875 Ia
1419 849 1485 875 dixit
1500 850 1524 875 ei
1543 857 1552 876 .'
1581 849 1666 884 thue
1687 850 1722 876 ad
1736 858 1794 877 ve:-

1001 901 1092 928 peram
1107 897 1131 919 et
1149 901 1237 924 "tunc,
1251 894 1305 920 dies
1326 894 1364 920 bis
1378 894 1452 921 mille
1467 899 1491 921 et
1509 895 1628 928 trecenti,
1660 900 1722 922 tunc
1752 903 1794 922 re-

1002 939 1160 975 purgabilur
1174 944 1306 966 sanctum.
1322 939 1363 966 Ad
1379 940 1547 974 Prophetam
1561 948 1594 967 ex
1616 940 1722 968 visione
1740 941 1794 967 sol-

1002 985 1108 1012 licitum
1127 985 1275 1012 mittuntur
1291 986 1393 1020 angeli,
1409 986 1457 1020 qui
1470 987 1494 1013 ei
1513 986 1679 1022 signiﬁcent,
1710 987 1792 1014 linem

1001 1039 1186 1058 aerumnarum
1214 1031 1286 1064 fore,
1322 1036 1350 1059 et
1374 1036 1484 1066 tempus
1499 1040 1562 1059 eum
1587 1032 1714 1065 doceant,
1738 1040 1793 1067 quo

1002 1077 1132 1104 desitum
1143 1076 1209 1104 sint.
1231 1076 1266 1104 Et
1293 1077 1364 1104 alius
1391 1077 1475 1104 alium
1500 1077 1710 1112 interrogabat:
1727 1085 1790 1105 nam

1001 1122 1158 1155 Phelmuni,
1174 1122 1295 1157 aliquem
1317 1123 1463 1158 signiﬁcat.
1485 1124 1608 1159 Rogaba‘t
1623 1129 1715 1151 autem
1736 1131 1792 1150 non

1001 1173 1031 1196 ut
1046 1169 1168 1204 ignarus,
1185 1168 1234 1196 sed
1255 1173 1285 1197 ut
1308 1169 1403 1197 Daniel
1420 1175 1610 1204 cognosceret.
1637 1169 1690 1202 Qui
1716 1176 1793 1204 roga-

1000 1213 1092 1247 batur,
1113 1212 1263 1248 respondet
1277 1221 1285 1241 :
1303 1213 1367 1241 Dies
1387 1213 1430 1240 bis
1441 1214 1515 1240 mille
1530 1213 1645 1240 trecenti
1659 1211 1791 1247 usquc'ad

1000 1265 1144 1292 vesperam
1165 1262 1193 1284 et
1218 1264 1310 1289 mane,
1343 1262 1401 1285 tum
1429 1258 1625 1292 repurgabitur
1652 1260 1789 1284 sanctum.

1001 1303 1151 1338 Vesperam
1165 1304 1249 1339 igitur
1275 1305 1385 1332 vocavit
1402 1304 1569 1339 principium
1590 1303 1791 1334 molestiarum,

1000 1353 1049 1375 aut
1066 1353 1159 1376 totum
1188 1354 1296 1385 tempus
1306 1357 1401 1377 earum
1433 1349 1508 1383 (nam
1529 1349 1662 1376 molestia:
1676 1347 1748 1374 nocti
1763 1352 1792 1374 et

1001 1394 1125 1422 tenebris
1142 1401 1348 1430 comparantur,
1360 1402 1452 1428 mane,
1469 1399 1597 1429 pacatum
1612 1398 1714 1421 statum
1729 1397 1791 1427 post

1000 1440 1180 1468 calamitates.
1197 1441 1284 1469 Verba
1304 1441 1389 1476 igitur
1401 1440 1446 1467 illa
1461 1440 1514 1467 hoc
1526 1439 1631 1466 volunt.
1645 1439 1664 1465 A
1683 1437 1788 1473 princi-

1001 1485 1046 1520 pio
1057 1486 1193 1513 malorum
1207 1494 1294 1522 usque
1303 1487 1336 1514 ad
1347 1494 1444 1514 eorum
1458 1486 1550 1518 ﬁnem,
1563 1490 1669 1512 tantum
1685 1488 1791 1518 tempo-

1002 1532 1041 1559 ris
1056 1533 1190 1560 elabetur.
1212 1533 1274 1560 Dies
1290 1538 1381 1561 autem
1398 1534 1427 1561 in
1446 1541 1533 1560 annos
1561 1532 1676 1563 redacti,
1701 1531 1789 1558 conti-

156 1579 207 1614 τὴν
226 1579 321 1606 θυσίαν
352 1579 403 1614 τὴν
422 1579 466 1606 ἔπ’
486 1580 555 1616 αὐτῇ
584 1579 769 1615 παρανομίαν.
793 1578 878 1605 Διὰδὲ
890 1577 948 1609 τοῦ,

1002 1578 1080 1606 ciunt
1095 1586 1142 1606 sex
1163 1586 1282 1612 menses,
1308 1584 1336 1606 et
1363 1587 1451 1606 annos
1481 1577 1607 1609 totidem,
1633 1576 1786 1604 secundum

158 1620 276 1660 Ἐρρίφη
286 1626 375 1660 χαμαὶ
387 1625 555 1660 δικαιοσύνη,
573 1625 590 1659 ή
601 1624 656 1651 τῶν
671 1624 794 1659 νομίμων
807 1624 944 1659 ἀθέτησις,

159 1671 206 1696 καὶ
218 1671 243 1696 οὶ
274 1670 362 1697 ἄδικοι
393 1669 471 1705 φόνοι
498 1669 643 1705 δηλοῦνται
663 1669 719 1695 τῶν
749 1669 884 1703 ἀσεὸῆσαι
908 1669 946 1704 μὴ

158 1715 398 1751 καταδεξαμένων.
436 1716 518 1743 Ἀλλὰ
548 1715 708 1747 καὶταῦτα
735 1715 874 1751 πράττων,
900 1715 947 1742 καὶ

155 1760 242 1792 οὕτως
271 1761 377 1788 ἀσεϐῶν
395 1761 410 1788 δ
434 1761 586 1795 ’Δντίοχος,
611 1761 754 1793 εὐωδοῦτο,
768 1761 861 1795 φησιν.
883 1761 947 1786 Ἐπὶ

999 1624 1136 1652 calculum
1148 1624 1334 1652 Hebraeorum.
1350 1625 1418 1652 Nam
1439 1624 1534 1652 tandiu
1549 1622 1789 1659 viguitcalamilas

1000 1669 1104 1698 Iudaeis
1131 1670 1164 1698 ad
1188 1671 1325 1698 Antiocho
1356 1671 1441 1699 illata.
1467 1670 1530 1697 llaec
1553 1669 1658 1696 Danieli
1684 1667 1787 1695 intelli-

1000 1723 1064 1750 gere
1074 1715 1209 1751 cupienti,
1240 1724 1255 1744 a
1279 1716 1407 1744 Gabriele
1434 1715 1600 1750 archangelo
1616 1719 1681 1742 sunt
1709 1721 1788 1741 reve-

998 1761 1064 1788 lata.

155 1807 261 1839 τούτοις
274 1808 398 1843 ῐπάγειό
415 1807 525 1843 Δανιήλ⁹
545 1808 599 1834 Kal
619 1805 704 1834 εἶπεν
733 1804 776 1840 εἵς
790 1807 875 1841 ᾶγιιος
891 1806 932 1838 τῷ
950 1808 1102 1842 Φελμουνι
1119 1815 1126 1822 ·
1145 1808 1222 1840 Ἕως
1259 1809 1331 1835 πότε
1347 1809 1367 1842 ὴ
1387 1808 1492 1842 ὅρασις
1511 1807 1669 1841 στήσεται.
1695 1804 1744 1832 καὶ
1769 1806 1788 1839 ή

154 1854 245 1884 θυσία
261 1855 279 1888 ἠ
294 1854 429 1888 ἀρθεῖσα,
454 1853 503 1881 καὶ
520 1854 539 1888 ἠ
559 1853 686 1888 ἁμαρτία
697 1852 750 1887 τῆς
766 1852 941 1888 ἐρημώσεως
962 1853 980 1886 ἠ
1014 1853 1158 1886 δοθεῖσα;
1186 1854 1240 1882 Καὶ
1253 1853 1339 1881 εἶπεν
1353 1853 1445 1886 αὐτῷ·
1468 1852 1545 1885 Ἐως
1577 1851 1709 1886 ἑσπέρας
1735 1850 1788 1877 και

156 1899 363 1934 πρωτ,ήμέραι
380 1900 527 1936 δισχίλιαι
552 1899 601 1927 καὶ
621 1900 797 1934 τριακόσιαι,
833 1899 883 1926 καὶ
915 1900 1168 1934 καθαρισθήσεται
1203 1901 1236 1927 τὸ
1272 1902 1369 1935 ἅγιον.
1396 1900 1561 1934 ’Λγωνιῶντι
1587 1899 1626 1933 τῷ
1655 1899 1786 1933 προφήτῃ

156 1944 200 1971 διὰ
222 1946 257 1972 τὰ
273 1945 410 1981 δρώμενα,
443 1945 647 1981 ἑπιπέμπονται
663 1945 776 1979 ἄγγελοι
799 1945 944 1980 δηλοῦντες
963 1945 1047 1980 αὐτῷ,
1080 1945 1122 1972 ὅτι
1152 1946 1227 1977 τέλος
1240 1946 1331 1979 ἕξουσι
1357 1946 1390 1972 τὰ
1404 1946 1534 1980 δυσχερῆ,
1551 1945 1598 1971 καὶ
1613 1944 1659 1970 τὸν
1687 1943 1785 1976 καιρὸν

155 1993 330 2025 διδάσκοντες
355 1993 404 2027 τῆς
436 1992 526 2019 αὐτῶν
552 1991 755 2028 παρελεύσεως.
782 1992 838 2018 Καὶ
872 1991 967 2026 ἠρώτα
986 1991 1079 2027 ἔτερος
1109 1992 1155 2019 τδν
1170 1992 1273 2027 ἕτερον.
1291 1993 1328 2018 To
1350 1992 1406 2027 γὰρ
1426 1991 1560 2026 Φελμουνὶ
1576 1989 1785 2024 ὲξελληνιζόμε-

153 2048 210 2073 νον,
227 2039 290 2066 τινὰ
307 2038 446 2074 σημαίνει.
466 2037 574 2074 Ἦρώτα
588 2038 618 2065 δὲ
633 2038 682 2074 οὐχ
693 2038 731 2069 ὼς
746 2036 863 2072 ἀγνοῶν,
880 2037 940 2064 ἀλλ’
961 2037 1004 2064 ἵνα
1037 2037 1112 2073 μάθῃ
1141 2038 1155 2064 δ
1168 2037 1281 2072 Δανιήλ.
1313 2038 1341 2063 '0
1355 2037 1378 2063 δ’
1399 2037 1577 2072 ἐρωτώμενος
1601 2035 1781 2070 ἁπεκρίνατο·

158 2085 278 2121 Ἡμέραι
298 2085 429 2120 δισχίλιαι
456 2085 503 2111 καὶ
516 2084 674 2120 τριακόσιαι
689 2084 741 2116 ἕως
759 2084 880 2119 ἑσπέρας
913 2084 961 2111 καὶ
979 2085 1064 2120 πρωὶ,
1083 2084 1131 2110 καὶ
1165 2084 1401 2119 καθαρισθήσεται
1425 2084 1457 2109 τὸ
1480 2083 1567 2116 ἅγιον.
1584 2081 1721 2115 Ἑσπέραν
1731 2081 1781 2115 μὲν

151 2131 199 2158 οὖν
214 2131 329 2158 ἐκάλεσε
350 2131 400 2165 τὴν
415 2131 502 2167 ἀρχὴν
514 2130 570 2158 τῶν
581 2131 712 2166 ἀνιαρῶν,
730 2131 807 2166 ἢκαὶ
834 2130 895 2157 ὅλον
926 2130 971 2158 τὸν
989 2131 1086 2166 χρόνον
1102 2131 1193 2158 αὐτῶν
1210 2138 1216 2145 ·
1241 2129 1320 2157 νυκτὶ
1353 2131 1407 2165 γὰρ
1432 2129 1479 2156 καὶ
1507 2130 1595 2163 σκότῳ
1615 2127 1651 2154 τὰ
1677 2127 1786 2162 λυπηρᾶ

152 2178 226 2205 ἔοικε
241 2187 247 2194 ·
262 2177 336 2213 πρωῒ
350 2178 379 2204 δὲ
397 2178 446 2213 τὴν
465 2178 535 2213 μετὰ
560 2179 610 2210 τὰς
627 2179 770 2214 συμφορὰς
797 2178 939 2213 εἰρηναίαν
959 2179 1139 2206 κατάστασιν.
1164 2178 1250 2204 Τοῦτο
1269 2178 1362 2205 τοίνυν
1388 2177 1530 2213 σημαίνει,
1549 2177 1575 2203 δι
1608 2172 1647 2203 ὦν
1687 2184 1782 2210 φησιν,

151 2225 193 2251 ὅτι
205 2224 259 2251 ἀπὸ
272 2224 323 2258 τῆς
344 2224 399 2250 τῶν
411 2224 505 2251 κακῶν
519 2225 607 2260 ἀρχῆς
637 2225 720 2260 μέχρι
742 2225 836 2256 τέλους
852 2225 941 2251 αὐτῶν
961 2225 1039 2256 τόσος
1071 2225 1168 2261 καιρὸς
1199 2224 1408 2261 παρελεύσεται.
1424 2225 1457 2252 At
1465 2224 1603 2260 δὲὴμέραι
1611 2223 1678 2258 πρὸς
1691 2224 1783 2250 ἐνιαυ-

150 2270 215 2301 τοὺς
239 2269 442 2305 ἀριθμούμεναι
467 2270 498 2303 ἓξ
516 2270 679 2298 ἀποτελοῦσι
697 2271 798 2306 μῆνας,
819 2271 866 2297 καὶ
883 2271 1044 2306 ἰσαρίθμους
1078 2272 1230 2303 ἐνιαυτοὺς,
1245 2271 1315 2298 κατὰ
1337 2270 1387 2306 τὴν
1425 2270 1479 2297 τῶν
1521 2270 1657 2305 Ἐὃραιων
1680 2269 1781 2304 ψῆφον.

158 2317 222 2344 Ἐπὶ
237 2316 365 2344 τοσοῦτον
391 2317 447 2352 γὰρ
466 2317 483 2351 ή
508 2317 552 2343 ἐπ’
565 2317 706 2352 Ἀντιόχου
731 2319 788 2349 τοῖς
806 2317 945 2348 Ἰουδαίοις
967 2318 1146 2353 ὲπενεχθεῖσα
1177 2318 1308 2354 συμφορὰ
1319 2317 1503 2353 ἐπεκράτησε.
1520 2317 1612 2344 Ταῦτα
1644 2315 1720 2351 παρὰ
1736 2316 1783 2343 τοῦ

151 2363 325 2399 ἀρχαγγέλου
345 2363 466 2399 Γαϐριὴλ
477 2363 516 2397 τῷ
535 2363 661 2399 προφήτῃ
675 2363 919 2399 ζητοῦντισύνεσιν
939 2364 1058 2399 ἐμυήθη.

187 2410 228 2436 6'.
246 2408 314 2436 Εἶτα
333 2409 378 2436 διὰ
407 2409 457 2445 τὴν
488 2410 542 2437 τῶν
573 2409 720 2445 ὁμοφύλων
741 2410 940 2445 αἰχμαλωσίαν,

1030 2410 1077 2438 IX.
1092 2410 1194 2438 Deinde
1206 2410 1305 2437 iterum
1319 2409 1371 2438 sub
1386 2409 1467 2437 Dario
1483 2409 1623 2436 Medorum
1643 2408 1780 2443 principe,

152 2456 200 2482 ἰπὶ
222 2455 336 2490 Δαρείου
356 2455 439 2483 πάλιν
469 2455 517 2482 τοῦ
545 2457 647 2491 Μήδων
679 2457 820 2492 ἄρχοντος,
838 2457 868 2489 δς
896 2457 945 2484 καὶ

154 2500 304 2535 Κυαξάρης
331 2500 485 2535 ὼνόμαστο,
507 2501 556 2528 καὶ
587 2500 748 2536 Ἀσούηρος,
780 2502 945 2536 Ἀστυάγους

151 2545 190 2571 ὼν
210 2545 279 2577 υἱὸς,
291 2544 339 2572 τοῦ
364 2545 508 2580 προφήτου
539 2545 715 2581 θρηνοῦντος,
746 2547 794 2573 καὶ
810 2547 858 2574 τοῦ
875 2547 943 2574 Θεοῦ

150 2591 296 2626 δεομένου,
310 2591 400 2626 ἣψατό
410 2600 452 2623 τις
464 2591 546 2627 ἀνὴρ,
555 2588 577 2625 ᾧ
586 2592 670 2626 δνομα
689 2592 820 2627 Γαϐριὴλ.
837 2593 944 2628 Ἥψατο

150 2636 181 2664 δὲ
196 2636 282 2663 αὑτοῦ
298 2636 366 2663 ὡσεὶ
386 2638 462 2671 ὤραν
477 2636 573 2668 θυσίας
584 2637 741 2672 ἐσπερινῆς,
757 2638 773 2673 ἢ
800 2638 871 2665 κατὰ
895 2638 941 2665 τὸν

150 2683 251 2718 καιρὸν
269 2684 318 2718 τῆς
341 2684 370 2710 ὲν
396 2683 503 2718 ἑσπέρᾳ
529 2683 668 2718 λατρείας,
691 2683 707 2717 ἢ
737 2684 784 2710 ἐπὶ
805 2684 942 2720 τοσαύτην

148 2728 227 2764 ὤραν
243 2728 285 2763 ἐφ’
308 2729 374 2763 ὅσην
401 2730 418 2763 ή
440 2729 573 2764 ἐσπερινὴ
596 2729 715 2756 ἐτελεῖτο
737 2729 871 2765 λατρεία.ί
886 2731 942 2757 Kal

147 2771 212 2800 εἷπε
226 2773 264 2809 τῷ
273 2774 384 2808 Δανιήλο
397 2774 463 2801 Νῦν
473 2774 605 2808 ἐξῆλθον
613 2775 797 2809 συμϐιϐάσαι
805 2783 854 2802 σοι
869 2776 943 2803 σύν-

145 2828 229 2853 εσιν,
245 2821 295 2847 καὶ
305 2821 481 2856 ἀναγγεῖλαι
497 2829 557 2854 σοι,
570 2821 617 2848 ὅτι
638 2822 716 2856 ἀνὴρ
736 2821 900 2856 ἐπιθυμιῶν
916 2820 946 2850 εἶ

147 2865 202 2893 σύ.
215 2865 272 2893 Kal
285 2866 446 2900 ἐννοήθητι
455 2867 489 2893 ἐν
496 2866 537 2899 τῷ
544 2867 664 2902 ῥήματι,
675 2867 724 2894 καὶ
733 2867 827 2900 σύνες
848 2867 883 2895 ἐν
905 2867 942 2902 τῇ

145 2911 360 2945 ὀπτασίᾳ·ἀντὶ
373 2911 430 2945 τοῦ,
451 2911 585 2948 Ἀκριῦὡς
599 2913 716 2948 πρόσχες
742 2914 799 2945 τοῖς
827 2913 943 2949 λεγομέ-

995 2457 1094 2494 (quiet
1110 2457 1248 2493 Cyaxares
1260 2461 1289 2484 et
1308 2456 1470 2491 Assum-us.)
1484 2455 1609 2490 Astyagis
1628 2455 1695 2485 lilio.
1712 2455 1780 2482 Pro-

994 2503 1104 2538 phetam
1121 2503 1294 2538 popularium
1318 2509 1431 2530 suorum
1461 2502 1647 2536 captivitatem
1673 2502 1779 2528 lamen-

993 2553 1109 2582 tantem,
1135 2554 1163 2576 et
1177 2549 1266 2576 Deum
1290 2548 1494 2583 deprecantem,
1510 2547 1601 2582 attigit
1614 2547 1655 2573 vir
1667 2546 1779 2580 quidam

991 2595 1102 2621 nomine
1119 2594 1241 2621 Gabriel.
1261 2594 1361 2629 Attigit
1379 2597 1471 2620 autem
1486 2592 1537 2619 sub
1553 2597 1661 2626 tempus
1674 2592 1778 2619 sacriﬁ-

991 2640 1026 2668 cii
1048 2640 1208 2675 vespertini,
1221 2639 1280 2667 sive
1299 2644 1408 2674 tempus
1426 2638 1579 2673 vespertini
1593 2638 1684 2665 cultus
1695 2638 1777 2666 intel-

990 2686 1101 2722 ligatur,
1122 2687 1181 2714 sive
1205 2691 1310 2713 tantum
1330 2685 1461 2720 spatium,
1489 2689 1592 2719 quanto
1608 2684 1776 2712 sacriﬁcium

990 2733 1179 2767 vespertinum
1214 2732 1357 2768 peragitur
1385 2740 1391 2758 :
1415 2736 1443 2758 et
1474 2731 1513 2757 ait
1540 2730 1644 2758 Danieli
1667 2739 1675 2757 :
1699 2730 1776 2757 Num:

989 2785 1104 2812 egressus
1120 2787 1180 2805 sum
1200 2778 1235 2804 ad
1264 2777 1430 2805 tribuendam
1445 2776 1492 2803 tibi
1505 2776 1721 2811 intelligentiam.
1750 2779 1782 2801 et

990 2822 1025 2848 ad
1040 2822 1264 2854 annuntiundum,
1281 2822 1344 2857 quia
1367 2823 1406 2849 vir
1427 2821 1616 2848 desideriorum
1636 2829 1672 2848 es.
1687 2820 1776 2852 Quare

991 2869 1129 2896 considera
1153 2876 1213 2903 qua:
1229 2869 1364 2900 dicuntur,
1382 2872 1407 2894 et
1429 2868 1552 2895 visionem
1571 2866 1686 2902 inletlige
1699 2874 1708 2894 .'
1721 2867 1774 2894 hoc

990 2917 1162 2948 est,'attcntc
1189 2915 1324 2944 ausculta.
1355 2914 1424 2943 Nam
1443 2913 1525 2943 verba
1551 2913 1671 2944 obscura
1694 2915 1771 2945 sunt,
