2041 3147
264 194 315 226 251

922 195 1085 226 JOANNIS
1106 195 1264 225 ΖΟΝΛΚᾸΞ

1839 196 1896 228 25-2

266 252 470 286 maximamque
501 250 642 285 postulant
677 250 872 278 attentionem.
902 250 1057 285 Aliquando

1114 259 1176 282 νοις,
1193 249 1424 284 αίνιγματώδεσιν
1450 245 1521 282 οὖσι,
1539 251 1587 276 καὶ
1610 249 1732 282 πλείονος
1757 250 1896 286 δεομένοις

266 303 357 326 autem
373 305 417 324 res
433 297 533 324 divinae
543 304 592 331 per
612 297 741 332 ambages
759 297 925 330 innituntur,
945 305 980 324 ne
994 305 1053 324 om-

267 347 343 373 nium
361 344 548 380 intelligentiae
569 344 646 379 133
667 343 800 378 expositae
830 348 1055 371 contemnantur.

268 391 314 419 Vir
332 395 421 418 autem
437 391 642 418 desideriorum
656 391 809 424 appellatus
817 395 859 417 est
876 391 984 422 Daniel,
999 391 1056 418 sive

266 437 338 471 quod
354 436 445 472 pravis
462 436 610 464 desideriis
642 437 752 464 fortiter
776 441 804 464 et
831 444 964 472 generose
986 437 1056 464 resi-

267 488 362 514 steret.
384 484 441 510 sive
453 484 527 518 quod
557 483 629 511 seire
660 483 842 515 desideraret,
867 483 934 518 quid
955 483 1057 518 populo

267 533 296 557 et
315 530 466 557 tribulibus
483 531 541 558 suis
554 536 719 558 eventurum
745 536 820 558 esset
832 551 838 562 ,
857 531 915 558 sive
928 531 1002 565 quod
1021 531 1058 558 ob

268 575 391 603 studium
406 576 518 603 virtutis
532 577 727 604 desiderabilis
737 581 810 604 esset
826 581 909 611 atque
920 577 1056 604 amabilis.

270 622 373 650 Deinde
390 623 501 657 subjieit
524 624 637 658 angelus
659 633 665 650 :
683 623 859 658 Septuaginta
883 624 1057 651 hebdomadas

269 673 412 696 contractis
425 673 485 696 sunt
493 677 572 701 super
585 669 710 704 populum
718 675 804 700 tuum,
813 674 837 696 et
848 679 928 705 super
935 675 1058 696 sanctam

270 715 359 741 urbem
371 718 454 747 tuam,
464 716 545 742 donec
551 717 726 742 inveterascet
734 716 859 743 delictum
870 721 894 743 et
902 716 1060 751 perﬁciatur

271 766 417 796 peceatum.
427 766 452 788 et
459 761 606 796 obsignetur
613 768 747 796 peccatum
754 767 778 789 et
787 764 905 796 expietur
914 763 1058 797 injustitia,

271 811 295 833 et
307 812 406 834 «eterna
419 808 526 841 justitia
548 808 716 839 adducatur,
737 813 762 834 et
781 809 932 843 obsignetur
946 810 1010 835 visio
1035 813 1060 835 et

273 852 422 885 prop’telia,
433 856 457 878 et
473 857 590 887 ungatur
604 851 717 879 Sanctus
734 857 900 880 sanctorum.
913 853 954 880 Ad
974 853 1059 880 Deum

273 896 408 931 Propheta
423 897 494 924 inter
510 898 644 925 orandum
662 898 770 925 dixerat
785 907 791 925 :
812 898 931 932 Populus
957 904 1019 926 tuus
1036 904 1061 926 et

273 943 333 969 urbs
347 948 393 969 tua
415 944 537 978 Angelus
549 949 642 971 autem
658 945 762 971 Danieli
786 945 824 972 ait
841 953 849 971 :
867 945 983 980 Populus
1000 950 1060 972 tuus

272 993 297 1015 et
326 990 388 1016 urbs
405 994 474 1022 tua;
506 989 585 1024 quasi
611 990 742 1025 indignus
765 994 848 1022 esset,
871 990 918 1025 qui
944 992 1062 1025 populus

273 1035 321 1062 Dei
336 1040 491 1062 vocaretur.
513 1036 615 1063 Eadem
631 1036 762 1071 loquendi
787 1037 858 1063 ratio
878 1041 905 1064 et
931 1037 958 1063 in
986 1037 1061 1064 Mose

273 1081 423 1115 reperitur,
438 1089 504 1120 cum
522 1081 655 1109 Israelita
676 1082 763 1109 vitulo
784 1090 797 1109 a
822 1089 852 1109 se
870 1082 942 1109 facto
957 1082 1062 1109 sacriﬁ-

272 1130 377 1153 carent.
411 1127 478 1154 Nam
512 1132 570 1154 tum
597 1127 681 1154 etiam
700 1128 847 1162 Propheta:
870 1129 995 1162 precanti
1022 1128 1063 1155 sic

274 1174 423 1207 respondet
438 1174 521 1202 Deus.
537 1175 583 1202 Ait
596 1175 681 1210 igitur
692 1175 805 1211 angelus
818 1175 937 1206 Danieli,
953 1179 982 1203 et
998 1175 1063 1202 [lie-

275 1219 412 1254 rosolyma
433 1220 616 1248 instauratum
639 1221 684 1253 iri,
708 1227 734 1249 et
748 1222 880 1256 populum
896 1229 956 1249 esse
971 1230 1064 1249 rever-

272 1272 381 1297 surum,
399 1271 427 1293 et
441 1267 473 1293 ad
492 1274 580 1294 annos
597 1267 813 1303 quadringentos
838 1267 986 1302 nonaginta
1001 1275 1064 1302 per-

272 1318 445 1338 mansurum.
480 1312 547 1340 Nam
578 1313 752 1347 septuaginta
785 1313 973 1340 hebdomales
1000 1318 1063 1340 tan--

272 1361 330 1383 tum
368 1358 542 1392 conﬁciunt,
574 1358 690 1393 singulis
727 1359 827 1386 diebus
862 1366 912 1393 pro
946 1359 1062 1393 singulis

270 1403 350 1431 annis
386 1405 549 1439 supputatis.
598 1404 773 1438 Contracta,
815 1405 867 1432 hoc
909 1409 975 1436 est.
1012 1404 1063 1432 de-

271 1453 352 1476 cretae
372 1457 404 1476 ac
427 1450 568 1484 praeﬁnita
596 1456 670 1477 sunt.
688 1451 781 1478 Donec
798 1451 982 1478 inveterascat
1013 1451 1061 1478 de-

271 1494 379 1526 lictum,
394 1499 423 1522 ct
436 1501 579 1530 peccatum
597 1502 817 1530 eonsummetur,
844 1497 897 1524 hoc
905 1501 958 1529 est,
976 1496 1064 1524 donec

274 1540 382 1568 durarit
398 1546 427 1568 et
448 1546 559 1569 auctum
577 1542 661 1569 fuerit
682 1547 844 1577 peccatum;
870 1543 922 1570 hoc
937 1542 1011 1570 enim
1027 1543 1064 1570 si-

1109 296 1237 330 σπουδῆς.
1280 296 1382 323 Ἐνίοτε
1420 296 1448 323 δὲ
1480 295 1514 322 δι’
1551 296 1723 330 αἰνιγμάτων
1766 297 1801 324 τὰ
1836 298 1898 325 θεῖα

1108 343 1247 378 δηλοῦται,
1279 342 1321 368 ἴνα
1352 343 1389 377 μὴ
1422 343 1489 369 πᾶσι
1518 342 1636 376 γίνοιντο
1664 343 1748 378 δῆλα,
1779 344 1827 370 καὶ
1853 344 1898 371 διὰ

1108 390 1188 416 τοῦτο
1217 389 1454 424 εὐκαταφρόνητα.
1477 389 1561 424 Ἀνὴρ
1577 389 1599 415 δ’
1619 390 1771 423 ἐπιθυμιῶν
1792 390 1896 425 ἐκλήθη

1108 437 1122 463 ὁ
1136 436 1248 470 Δανιὴλ,
1264 435 1280 470 ἢ
1296 435 1334 466 ὡς
1352 435 1424 461 κατὰ
1436 435 1490 461 τῶν
1507 435 1647 469 σαρκικῶν
1665 435 1760 462 παθῶν
1774 436 1900 471 ἀνδριζό-

1111 490 1202 517 μενος,
1230 482 1278 508 καὶ
1304 481 1438 515 γενναίως
1463 481 1557 513 αὐτοῖς
1584 481 1800 517 ἀνθιστάμενος·
1822 483 1839 518 ἢ
1859 483 1899 515 ὡς

1110 527 1256 562 ἐπιθυμῶν
1273 527 1371 562 μαθεῖν
1390 528 1424 555 τὰ
1435 528 1474 563 τῷ
1487 528 1544 562 λαῷ
1561 528 1608 554 καὶ
1621 528 1676 559 τοῖς
1690 527 1774 554 αὑτοῦ
1792 537 1901 563 συμφυ-

1109 574 1202 606 λέταις
1213 575 1346 609 ἐσόμενα·
1360 574 1377 609 ἢ
1390 575 1432 601 ὅτι
1447 574 1617 610 ἐπιθυμητδς
1630 573 1664 610 ἦν
1675 576 1722 602 καὶ
1735 575 1899 610 ἐπέραστος,

1110 621 1145 647 δι’
1160 621 1194 656 ἦν
1213 622 1367 657 μετήρχετο
1388 622 1500 657 ἀρετήν.
1521 620 1589 649 Εἶτα
1606 622 1706 656 ἐπάγει
1731 623 1745 649 ό
1765 623 1900 657 ἄγγελος·

1116 667 1338 701 Ἐϐδομήκοντα
1352 667 1515 702 ἐϐδομάδες
1529 668 1768 703 συνετμήθησαν
1782 670 1832 696 ἐπὶ
1846 669 1902 696 τὸν

1110 713 1187 740 λαόν
1200 720 1269 745 σου,
1282 713 1331 740 καὶ
1346 714 1394 740 ἐπὶ
1409 713 1467 747 τὴν
1483 715 1575 740 πόλιν
1587 713 1644 747 τὴν
1658 714 1748 748 ἁγίαν
1762 721 1832 746 σου,
1846 714 1903 747 ἕως

1109 758 1166 799 τοῦ
1185 758 1392 792 παλαιωθῆναι
1411 759 1446 786 τὸ
1462 760 1658 794 παράπτωμα,
1678 759 1726 787 καί
1749 760 1803 787 τοῦ
1818 762 1903 787 τελε-

1112 805 1223 839 σθῆναι
1244 805 1301 839 τὴν
1316 806 1473 840 ἁμαρτίαν,
1490 806 1541 842 ua}
1555 806 1608 832 τοῦ
1626 807 1792 841 σφραγίσαι
1810 807 1902 841 ἆμαρ-

1112 851 1192 883 τίαν,
1223 852 1271 878 καὶ
1299 852 1352 878 τοῦ
1377 852 1581 884 ἐξιλάσασθαι
1608 853 1740 885 ἀδικίαν,
1771 852 1821 880 καί
1847 853 1902 880 τοῦ

1113 897 1237 931 ἀγαγεῖν
1247 897 1447 931 δικαιοσύνην
1461 898 1592 932 αἰώνιον,
1606 899 1657 925 καὶ
1673 899 1726 925 τοῦ
1736 899 1904 933 σφραγίσαι

1114 942 1220 976 ὅρασιν
1248 943 1297 969 καὶ
1318 944 1488 978 προφήτην,
1515 945 1564 971 καὶ
1593 945 1648 972 τοῦ
1674 945 1778 979 χρῖσαι
1802 946 1901 980 ’Δγ-ιον

1112 989 1214 1022 ἁγίων.
1236 989 1266 1015 '0
1286 989 1335 1024 μὲν
1356 990 1501 1025 προφήτης
1525 991 1754 1025 προσευχόμενος,
1779 991 1807 1017 '0
1826 992 1904 1025 λαός

1112 1044 1182 1067 σου,
1209 1036 1277 1070 πρὸς
1299 1035 1346 1062 τὸν
1367 1036 1434 1063 Θεὸν
1459 1037 1550 1070 ἔλεγε,
1573 1037 1622 1064 καί
1646 1037 1665 1070 ἡ
1681 1037 1771 1070 πόλις
1788 1045 1868 1064 σου·
1890 1039 1905 1064 ὸ

1113 1081 1142 1107 δὲ
1169 1081 1286 1115 ἄγγελος
1315 1081 1384 1116 πρὸς
1406 1082 1451 1108 τὸν
1468 1083 1570 1117 Δανιήλ
1590 1091 1689 1117 φησιν·
1708 1083 1740 1110 '0
1754 1084 1830 1116 λαός
1845 1091 1905 1110 σου

1114 1127 1161 1154 καὶ
1178 1127 1198 1160 ἡ
1212 1128 1301 1160 πόλις
1320 1135 1389 1159 σου.
1403 1127 1440 1159 ὡς
1455 1129 1493 1164 μὴ
1511 1129 1588 1160 ἀξίου
1600 1129 1676 1160 ὄντος
1699 1129 1748 1156 τοῦ
1765 1129 1832 1156 λαοῦ
1855 1129 1905 1156 τοῦ

1114 1173 1181 1199 Θεοῦ
1204 1173 1359 1200 καλεῖσθαι.
1382 1174 1504 1210 Εὕρηται
1523 1175 1553 1201 δέ
1571 1175 1674 1210 ὁμοίως
1693 1175 1742 1202 καὶ
1759 1176 1807 1202 ἐπὶ
1822 1176 1908 1203 Mui-

1116 1219 1195 1250 σέως,
1207 1219 1251 1245 ὅτε
1266 1219 1312 1246 τὸν
1325 1219 1426 1254 μόσχον
1441 1220 1606 1255 ποιήσαντες
1622 1221 1647 1247 οἱ
1658 1220 1841 1256 Ἰσραηλῖται,
1860 1221 1909 1247 θυ-

1115 1265 1177 1292 σίαν
1203 1265 1277 1300 αὐτῷ
1295 1265 1497 1300 προσήνεγκαν.
1512 1267 1566 1293 Καὶ
1579 1267 1641 1293 τότι
1656 1267 1711 1301 γάρ
1730 1267 1778 1294 τοῦ
1799 1267 1908 1302 προφή-

1113 1319 1161 1337 του
1186 1311 1328 1345 δεομένου,
1355 1313 1368 1338 ό
1390 1312 1457 1343 Θεὸς
1480 1312 1532 1348 ἔφη
1559 1313 1702 1346 ὡσαύτως.
1725 1314 1810 1348 Φησὶν
1827 1313 1877 1341 οὖν
1892 1314 1908 1340 ὁ

1114 1357 1242 1392 ἄγγελος,
1264 1358 1305 1384 ὅτι
1326 1359 1374 1385 καὶ
1397 1359 1412 1393 ή
1437 1358 1621 1394 Ἰερουσαλὴμ
1645 1359 1907 1396 οἰκοδομηθήσεται,

1114 1404 1161 1430 καὶ
1172 1405 1186 1430 ὁ
1199 1404 1264 1435 λαός
1278 1413 1326 1431 σου
1346 1404 1568 1438 ἐπανελεύσεται,
1586 1406 1634 1432 καὶ
1647 1406 1694 1432 ἐπὶ
1711 1406 1759 1441 ἐτη
1773 1407 1908 1441 τετρακό-

1115 1457 1162 1474 σια
1185 1449 1349 1484 ἐνενήκοντα
1373 1449 1560 1484 διαμενοῦσιν.
1579 1451 1612 1477 Δί
1635 1451 1691 1486 γάρ
1713 1451 1907 1486 ἐϐδομήκοντα

1115 1494 1264 1529 ἐῆδομάδες
1291 1495 1331 1525 είς
1355 1495 1483 1522 τοσοῦτον
1517 1496 1741 1531 συμψηφίζονται
1773 1497 1905 1533 ἀριθμὸν,

1116 1540 1236 1575 ἑκάστην
1260 1541 1283 1566 δ’
1304 1541 1411 1576 ἡμέραν
1436 1542 1477 1573 είς
1501 1542 1624 1568 ἐνιαυτὸν
1647 1542 1802 1576 ἐλογίσατο.
1818 1543 1855 1570 T6
1878 1543 1907 1570 δὲ

275 1586 386 1620 gniﬁcat
399 1587 616 1615 inveterascere:
637 1587 671 1614 iis
679 1588 770 1615 verbis
783 1588 907 1622 designat
920 1589 1062 1616 audaciam

1117 1586 1339 1621 συνετμήθησαν,
1349 1587 1410 1614 ἀντὶ
1427 1587 1485 1620 τοῦ,
1504 1588 1655 1623 ἐκρίθησαν
1670 1589 1718 1614 καὶ
1733 1588 1905 1624 ὥρίσθησαν,

275 1631 444 1664 Ιυιίιοοτιιιη,
463 1637 490 1659 et
507 1633 611 1659 rabiem
627 1638 722 1660 contra
738 1633 893 1660 Dominum.
908 1634 976 1661 Nam
987 1635 1064 1669 prius

275 1678 359 1705 etiam
378 1678 464 1705 multa
488 1679 595 1705 scelera
613 1683 816 1713 perpetrarant,
835 1687 989 1716 eorumque
1008 1689 1065 1715 pa:-

277 1731 326 1749 nus
335 1722 480 1753 dederant,
498 1724 545 1751 sed
563 1725 682 1751 revocati
710 1725 833 1752 fuerunt.
852 1726 1000 1761 Postquam
1013 1734 1064 1754 au-

277 1775 333 1796 tem
356 1775 451 1798 contra
479 1771 653 1799 Servatorem
680 1772 862 1806 insanierunt,
880 1778 908 1800 et
927 1774 960 1800 ad
986 1782 1064 1801 sum-

276 1823 351 1842 mum
365 1816 549 1850 improbitatis
568 1823 766 1852 pervenerunt,
783 1824 984 1854 peccatumque
997 1828 1064 1847 con-

277 1867 460 1894 sumularunt,
478 1869 533 1889 non
551 1864 670 1897 amplius
692 1865 814 1892 revocati
830 1870 904 1892 sunt.
918 1866 1064 1901 Obsignari

277 1912 432 1941 peccatum,
447 1913 475 1934 et
489 1909 595 1943 expiari
615 1909 794 1943 iniustitiam,
813 1910 950 1945 significat
968 1911 1064 1939 remis-

275 1953 383 1980 sionem
396 1954 559 1981 delictorum
585 1963 600 1982 a
616 1955 732 1983 Domino
752 1957 785 1983 iis
809 1956 950 1989 donatam,
969 1958 1015 1992 qui
1038 1958 1064 1985 ei

274 2000 402 2027 credunt.
421 2000 470 2028 llic
486 2001 561 2029 enim
576 2006 628 2033 est,
640 2003 687 2037 qui
707 2002 778 2029 tollit
801 2008 944 2038 peceatum
956 2004 1063 2031 mundi.

273 2046 342 2073 Nam
357 2046 496 2081 obsignari
514 2048 588 2075 idem
602 2053 654 2079 est.
672 2049 746 2083 quod
761 2049 899 2076 desinere.
920 2050 1065 2078 Adducere

271 2092 408 2126 justitiam
425 2097 568 2127 aeternam,
589 2099 632 2121 est
653 2094 743 2129 ipsum
761 2095 857 2122 venire
874 2095 902 2122 in
918 2095 1064 2129 mundum,

275 2139 322 2172 qui
337 2144 381 2166 est
396 2139 512 2173 justitia,
536 2140 693 2175 redemptio
707 2144 737 2167 et
763 2141 958 2169 sanctiﬁcatio.
984 2141 1064 2169 Obsi-

275 2184 354 2218 gnari
379 2185 513 2212 visionem
533 2190 562 2213 et
577 2187 762 2221 prophetiam,
778 2187 924 2222 signiﬁcat,
947 2187 1066 2222 prophe-

277 2230 342 2256 tiam
358 2230 496 2259 desiisse:
512 2232 573 2259 sive
597 2233 672 2267 quod
699 2240 732 2260 ea
742 2241 804 2267 quae
825 2241 840 2261 a
866 2234 1012 2269 prophetis
1030 2234 1066 2262 de

276 2274 388 2302 Christo
415 2277 544 2310 praedicta
568 2278 701 2312 fuerunt,
726 2281 881 2312 evenerint,
905 2280 963 2307 sive
989 2280 1062 2315 quod
1081 2271 1103 2299 θ

277 2321 429 2355 prophetiae
453 2323 556 2350 donum
591 2325 663 2359 apud
691 2325 802 2353 Judaaos
837 2326 974 2356 desierit.
1006 2327 1065 2354 sive

278 2371 439 2402 utrumque.
459 2369 538 2405 134
552 2370 618 2397 Nam
635 2371 762 2399 Christus
772 2380 834 2399 cum
852 2373 982 2405 venisset,
998 2381 1064 2408 pro-

277 2413 387 2448 phetiae
397 2415 561 2450 obsignavit.
577 2417 629 2445 hoc
651 2422 703 2451 est,
721 2419 845 2453 implevit
862 2424 890 2447 et
912 2419 1064 2446 conﬁrma-

276 2460 326 2492 vit,
346 2465 428 2495 atque
443 2462 526 2489 etiam
546 2463 713 2491 terminavit.
729 2464 824 2499 Neque
833 2465 907 2492 enim
921 2466 977 2500 jam
989 2465 1062 2499 apud

273 2513 324 2534 eos
336 2507 466 2542 princeps
477 2512 529 2542 est,
545 2509 680 2545 propheta
694 2515 742 2538 aut
759 2510 826 2537 dux.
853 2511 887 2537 Et
903 2510 1003 2537 adduci
1015 2510 1062 2544 ju-

276 2553 379 2580 stitiam
395 2558 539 2585 aeternam,
561 2560 604 2582 est
621 2555 708 2590 ipsius
723 2556 832 2583 Domini
857 2561 884 2583 et
908 2555 1064 2583 Servatoris

278 2601 364 2627 nostri
387 2601 521 2629 adventus
534 2622 541 2634 ,
559 2602 615 2637 qui,
645 2605 675 2628 ut
690 2602 840 2636 Apostolus
856 2602 904 2633 ait,
920 2603 999 2629 datus
1025 2606 1063 2629 est

278 2647 350 2674 nobis
362 2648 491 2682 sapientia
506 2658 523 2676 a
545 2648 612 2677 Deo.
635 2649 742 2684 justilia
755 2669 763 2682 ,
788 2649 964 2683 sanctiﬁcatio
984 2653 1009 2675 et
1025 2657 1063 2676 re-

279 2692 392 2728 demptio
412 2693 432 2720 ".
463 2695 552 2730 Atque
582 2694 648 2722 alibi
680 2695 714 2722 de
738 2694 884 2729 Evangelia
913 2695 1062 2722 scribens:

278 2737 398 2771 Juuitia,
418 2739 518 2774 inquit,
548 2741 576 2767 in
592 2749 621 2767 eo
646 2740 779 2768 reveletur
788 2740 808 2767 ⁸.
826 2740 957 2767 Dominus
978 2747 1062 2776 porro

278 2784 370 2818 docet,
393 2793 508 2821 regnum
534 2787 583 2813 Dei
608 2786 759 2821 petendum
773 2794 844 2819 esse.
874 2791 902 2814 et
926 2787 1062 2822 justitiam

276 2830 347 2864 eius,
364 2838 446 2866 quam
463 2831 522 2866 ipse
536 2830 660 2864 adduxit,
675 2839 780 2867 suaque
800 2832 926 2860 doctrina
942 2832 1059 2867 aperuit.

265 2921 267 2924 ⁴
315 2932 324 2948 ⁷
343 2932 352 2960 l
368 2934 431 2963 Cor.
448 2942 467 2966 ι.
484 2934 531 2962 50.
569 2935 579 2951 '
595 2933 674 2962 Rom.
694 2934 772 2966 1,17.

1116 1633 1217 1659 κεῖται.
1235 1632 1308 1664 Ἕως
1326 1632 1374 1659 τοῦ
1391 1633 1582 1669 παλαιωθῆναι
1597 1634 1627 1660 τὸ
1645 1635 1837 1670 παράπτωμα,
1857 1635 1908 1661 καὶ

1118 1678 1166 1704 τοῦ
1187 1678 1348 1713 τελεσθῆναι
1368 1679 1418 1714 τὴν
1440 1680 1589 1714 ἁμαρτίαν,
1601 1681 1754 1713 τουτέστιν,
1781 1681 1835 1713 ἓως
1858 1681 1907 1708 τοῦ

1115 1723 1240 1758 χρονίσαι
1255 1724 1303 1751 καὶ
1316 1725 1478 1760 αὐξηθῆναι.
1493 1726 1579 1752 Τοῦτο
1590 1726 1646 1761 γάρ
1656 1726 1732 1761 δηλοῖ
1742 1727 1772 1753 τὺ
1784 1727 1910 1753 παλαιω-

1117 1767 1208 1802 θῆναι,
1223 1769 1270 1795 καὶ
1282 1769 1391 1796 τελείαν
1407 1770 1535 1804 γενέσθαι
1550 1771 1600 1806 τήν
1617 1771 1767 1808 ἁμαρτίαν.
1783 1772 1834 1799 Διὰ
1845 1773 1911 1799 τού-

1115 1823 1171 1841 των
1188 1815 1216 1841 δὲ
1229 1815 1279 1850 τὴν
1291 1816 1360 1843 κατὰ
1376 1816 1423 1843 τοῦ
1437 1817 1540 1852 Κυρίου
1558 1817 1661 1853 τόλμαν
1676 1818 1723 1845 καὶ
1737 1819 1838 1846 λύτταν
1851 1819 1910 1845 τῶν

1117 1862 1254 1888 Ἰουδαίων
1270 1863 1448 1897 παρίστησιν.
1468 1863 1556 1890 Πολλά
1571 1863 1621 1898 μὲν
1637 1861 1692 1898 γὰρ
1707 1865 1755 1891 καὶ
1773 1866 1828 1900 πρὸ
1845 1865 1911 1892 τοὺ-

1115 1916 1162 1934 του
1179 1909 1350 1943 ήμάρτοσαν,
1366 1909 1416 1936 καὶ⁵
1435 1909 1514 1941 δίκας
1527 1910 1631 1942 ἔτισαν,
1643 1910 1703 1937 ἀλλ’
1714 1911 1910 1947 ἀνεκλήθησαν

1116 1951 1206 1985 αὖθις.
1230 1953 1308 1980 Ἐπεὶ
1330 1954 1359 1981 δέ
1385 1954 1456 1981 κατὰ
1478 1954 1526 1981 τοῦ
1543 1955 1670 1990 Σωτῆρος
1690 1956 1842 1991 ἐμάνησαν,
1858 1957 1910 1991 τὴν

1116 1998 1155 2029 εἰς
1175 1998 1289 2034 ἔσχατον
1301 1999 1403 2030 κακίας
1418 1999 1560 2033 ἀφίκοντο,
1577 2001 1626 2026 καὶ
1638 2001 1732 2035 ἐντελῆ
1747 2001 1797 2036 τὴν
1815 2001 1911 2036 ἁμαρ-

1116 2045 1176 2071 τίαν
1193 2045 1368 2079 είργάσαντο,
1386 2045 1480 2071 οὐκέτι
1502 2045 1679 2080 ἀνακλήσεως
1699 2045 1807 2080 ἔτυχον.
1827 2047 1864 2072 T6
1879 2046 1910 2073 δὲ

1117 2091 1271 2126 σφραγίσαι
1291 2090 1430 2126 ἁμαρτίαν
1455 2092 1503 2118 καὶ
1519 2091 1699 2124 ἐξιλάσασθαι
1719 2090 1840 2124 ἀδικίαν,
1858 2092 1910 2127 τὴν

1116 2137 1215 2171 ἄφεσιν
1230 2137 1308 2172 δηλοί
1321 2138 1376 2164 τῶν
1393 2138 1587 2173 πταισμάτων,
1603 2138 1653 2173 τήν
1675 2139 1752 2173 παρὰ
1775 2139 1824 2164 τοῦ
1850 2139 1910 2164 Κυ-

1117 2184 1179 2218 ρίου
1200 2184 1394 2219 δεδωρημένην
1402 2185 1459 2215 τοῖς
1474 2184 1651 2211 πιστεύουσιν
1664 2185 1705 2215 είς
1719 2184 1813 2211 αὐτόν.
1823 2182 1911 2215 οὗτος

1116 2230 1171 2266 γάρ
1187 2230 1263 2256 ἐστιν
1284 2230 1299 2256 ὁ
1325 2229 1415 2264 αἴρων
1438 2229 1488 2264 τὴν
1509 2228 1650 2264 ἁμαρτίαν
1670 2228 1719 2256 τοῦ
1735 2229 1853 2264 κόσμου.
1870 2229 1911 2255 Τδ

1117 2278 1172 2313 γὰρ
1194 2277 1346 2312 σφραγίσαι
1377 2275 1425 2303 τοῦ
1451 2276 1591 2308 παυθῆναι
1614 2277 1798 2312 σημαντικόν.
1821 2276 1860 2303 Τὸ
1879 2277 1912 2304 δὲ

1115 2325 1232 2358 ἀγαγεῖν
1247 2323 1424 2358 δικαιοσύνην
1442 2322 1552 2349 αἰώνιον
1572 2325 1604 2350 τὸ
1624 2323 1711 2349 αὐτὸν
1731 2324 1772 2354 είς
1793 2324 1841 2350 τὸν
1863 2324 1913 2350 x6-

1117 2379 1186 2405 σμον
1205 2369 1307 2401 ἐλθεῖν,
1332 2369 1362 2400 ὅς
1387 2369 1446 2395 ἐστι
1463 2368 1622 2404 δικαιοσύνη
1645 2369 1693 2396 καὶ
1715 2369 1911 2403 ἀπολύτρωσις

1113 2417 1161 2443 καὶ
1176 2415 1325 2450 άγιασμὸς.
1340 2414 1377 2441 T6
1395 2415 1487 2450 μέντοι
1501 2415 1653 2450 σφραγίσαι
1671 2415 1765 2450 ὅρασιν
1781 2416 1828 2441 καὶ
1840 2424 1911 2450 προ-

1115 2464 1204 2498 φήτην
1223 2463 1254 2488 τὸ
1268 2461 1346 2492 τέλος
1361 2461 1509 2495 ἐσχηκέναι
1535 2462 1584 2492 τὰς
1600 2462 1771 2496 προφητείας
1786 2461 1872 2496 δηλοῐ,
1890 2462 1909 2498 ἢ

1115 2510 1158 2537 ὅτι
1181 2509 1214 2536 τὰ
1237 2508 1303 2543 παρ’
1319 2507 1426 2534 ἐκείνου
1452 2507 1518 2543 περὶ
1542 2507 1589 2533 τοῦ
1611 2507 1731 2542 Χριστοῦ
1754 2508 1911 2542 λαληθέντα.

1116 2555 1280 2591 ἐκϐέϐηκεν,
1298 2555 1315 2589 ἦ
1331 2554 1372 2581 ὅτι
1390 2553 1421 2580 τὺ
1440 2553 1490 2588 τῆς
1512 2547 1682 2588 προφητείας
1706 2553 1832 2587 χάρισμα
1849 2553 1911 2584 τοῖς

1116 2601 1256 2631 Ἰουδαίοις
1277 2599 1445 2630 ἐκλέλοιπεν,
1460 2599 1477 2634 ἢ
1497 2600 1545 2625 καὶ
1558 2598 1712 2634 ἀμφότερα.
1729 2598 1832 2624 Ἐλθὼν
1851 2598 1911 2633 γὰρ

1117 2648 1131 2674 ό
1156 2646 1274 2682 Χριστὸς
1293 2645 1343 2675 τὰς
1366 2645 1534 2680 προφητείας
1559 2645 1737 2679 ἐσφράγισεν,
1757 2644 1910 2679 ἐπλήρωσε

1117 2692 1229 2728 δηλαδὴ,
1253 2691 1300 2717 καὶ
1327 2689 1486 2723 ἐϐεϐαίωσε,
1512 2690 1561 2716 καὶ
1583 2690 1677 2724 μέντοι
1701 2690 1749 2716 καὶ
1774 2689 1911 2716 ἔπαυσεν.

1118 2738 1218 2765 Οὐκέτι
1238 2737 1293 2771 γὰρ
1309 2735 1375 2770 παρ’
1386 2735 1479 2767 αὐτοῖς
1494 2736 1598 2770 ἄρχων,
1618 2736 1666 2762 καὶ
1685 2735 1840 2771 προφήτης,
1859 2736 1911 2762 καὶ

1117 2783 1282 2820 ἡγούμενος.
1303 2782 1359 2809 Καὶ
1386 2782 1500 2816 ἀγαγεῖν
1515 2781 1690 2817 δικαιοσύνην
1705 2781 1826 2814 αἰώνιον,
1844 2781 1910 2816 ἣτις

1117 2829 1199 2862 αὐτός
1212 2830 1288 2856 ἐστιν
1301 2829 1315 2855 6
1329 2827 1431 2864 Κύριος
1444 2828 1525 2863 ἡμῶν
1545 2829 1593 2856 καὶ
1611 2829 1718 2864 Σωτήρ.
1737 2828 1768 2856 '0
1785 2828 1836 2863 μὲν
1851 2827 1912 2863 γὰρ
