2041 3147
148 215 203 246 253

780 224 984 258 ANNALlUM
1004 228 1079 260 LIB.
1102 229 1161 259 lli.

1720 233 1774 265 2M

155 273 330 306 ’Λπόστολος,
343 273 449 308 Ἐδόθη
462 276 555 310 σοφία
575 278 655 312 ἡμῖν,
670 280 764 314 φησὶν,
782 282 843 310 ἀπὸ
868 284 942 312 θεοῦ

995 285 1063 321 Ungi
1076 292 1202 314 sanctum
1222 287 1396 322 Sanctorum,
1410 289 1500 325 ipsum
1514 291 1622 321 scilicet
1636 291 1778 320 Christum

148 319 331 354 δικαιοσύνη
351 329 384 347 η
406 321 455 348 καὶ
476 323 624 357 ἁγιασμὸς
648 326 697 352 καί
717 326 938 364 ἀπολύτρωσις·

150 366 199 394 καὶ
219 365 339 401 ἀλλαχοῦ
356 367 482 402 περὶτοῦ
499 369 668 404 Εὑαγγελίου
687 373 813 408 γράφων,
830 375 947 403 Δικαιο-”

149 411 232 447 cum
254 412 289 439 ὲν
309 413 389 445 αὐτῷ
408 414 667 450 ἀποκαλύπτεται,
681 418 756 453 λέγει
780 428 788 436 ·
808 422 821 447 6
843 421 871 448 δὲ
887 422 942 449 Κύ-

152 465 222 491 ριος,
241 458 355 490 Αἰτεῖτε,
372 458 503 491 διδάσκει,
523 460 572 496 τὴν
584 461 722 496 βασιλείαν
736 464 784 491 τοῦ
798 466 876 496 Θεοῦ.
893 467 941 494 καὶ

150 504 201 537 τὴν
214 503 387 539 δικαιοσύνην
402 505 497 537 αὐτοῦ,
515 507 547 540 ἥν
568 507 648 540 αὐτὸς
669 509 759 544 ἤγαγε
774 512 938 548 φανερώσας

150 548 218 583 ἡμῖν
233 548 277 575 διὰ
289 550 339 583 τῆς
356 549 439 576 αὑτοῦ
456 550 577 586 διδαχῆς.
603 554 658 580 Καὶ
681 555 711 581 τὸ
736 557 830 591 χρῖσαι
846 558 940 592 ’Ἀγιον

151 595 247 628 ἁγίων,
276 596 359 623 αὑτὸν
380 596 456 631 δηλοῖ
484 598 530 624 τὶν
557 599 698 635 Δεσπότην
730 605 933 638 παραγενέσθαι

150 641 279 676 Χριστόν.
296 642 345 673 Τίς
361 642 415 678 γὰρ
430 643 524 679 ἕτερος
538 644 634 678 ’Λγιος
654 647 740 681 ἁγίων
756 648 871 685 κληθείη
896 651 939 683 ἂν,

150 687 175 713 ει
195 686 232 722 μὴ
249 688 263 714 ὁ
279 687 381 723 Κύριος
396 689 485 724 ἡμῶν,
497 691 544 717 καὶ
565 691 677 727 Σωτὴρ;
699 694 756 726 “0;,
774 695 932 732 ἁγιωσύνης

151 733 284 768 ὑπάρχων
309 734 396 770 πηγὴ.
422 735 529 770 χρίεται
551 737 602 772 μὲν
625 738 664 773 τῷ
693 739 764 775 ἁγίῳ
799 741 939 777 Πνεύματι

151 778 221 805 κατὰ
247 778 278 804 τδ
300 779 484 815 ἀνθρώπινον,
507 781 544 809 ὡς
574 782 689 815 Ἡσαΐας
714 786 939 823 προανεφὼνησε,

151 824 252 858 λέγων’
269 825 390 860 Πνεῦμα
403 828 515 861 ΚιιρΙου
530 828 576 855 ἐπ’
589 829 649 864 ἐμὲ,
661 828 697 858 οὗ
708 832 827 859 εἵνεκεν
837 833 940 868 ἐχρισέ

147 877 186 903 με
198 877 205 885 ·
220 871 266 896 καὶ
280 869 317 901 ὡς
335 871 418 897 Δαϐὶδ
437 873 621 908 ἐμελῲδησεν,
638 875 723 902 εἰπών
734 884 741 890 ·
760 877 884 910 Ἕχρισέ
903 887 940 905 σε

150 917 166 942 ό
191 916 272 948 Θεὸς,
288 917 304 943 ό
322 917 394 949 Θεός
413 925 483 950 σου,
499 918 603 946 ἔλαιον
624 921 833 955 ἀγαλλιάσεως
859 926 939 958 παρὰ

151 960 220 993 τοὺς
233 962 382 995 μετόχους
396 970 454 989 σου
467 971 474 978 ·
492 965 539 990 καὶ
561 965 598 996 ὡς
612 966 629 1000 ἡ
645 967 783 1001 κορυφαῖα
803 967 856 994 τῶν
871 968 938 995 ἁπο‹
957 959 976 988 θ

151 1006 252 1033 στόλων
263 1007 384 1042 ἀκρότης
398 1009 412 1034 ὁ
426 1009 528 1044 Πέτρος
540 1010 656 1044 ἐδίδαξε,
673 1013 740 1047 περὶ
752 1012 799 1039 τοῦ
812 1014 938 1049 Σωτῆρος

149 1052 269 1087 γράψας,
294 1053 333 1085 ὡς
352 1054 497 1088 Ἕχρισεν
522 1057 617 1083 αὑτὸν
646 1058 663 1084 d
688 1058 760 1092 Θεὸς
790 1060 938 1094 Πνεύματι

149 1099 223 1133 ἁγίῳ
249 1099 298 1126 καὶ
325 1099 461 1135 δυνάμει.
489 1101 640 1137 Σφραγίζει
657 1103 685 1131 δὲ
708 1105 755 1130 καὶ
769 1104 876 1140 βεϐαιοῖ
890 1106 939 1137 τὰς

150 1146 270 1177 παλαιὰς
287 1146 410 1183 Γραφὰς,
435 1148 520 1174 ποιῶν
544 1149 653 1176 ἅπαντα
675 1151 722 1177 καὶ
749 1152 872 1187 πάσχων,
889 1153 939 1180 ὅσα

149 1193 183 1219 δι’
204 1193 320 1220 ἐκείνων
347 1193 505 1230 προείρητο.
533 1195 588 1222 Καὶ
617 1197 792 1228 ἐξιλάσκεται
819 1199 938 1232 ἀδικίαν,

150 1238 348 1266 καταλλάσσων
367 1242 431 1272 τοὺς
449 1241 664 1276 ἁμαρτήσαντας
682 1243 721 1278 τῷ
738 1243 798 1279 Θεῷ
819 1245 867 1271 καὶ
886 1246 942 1272 lla-

149 1285 205 1320 τρὶ,
220 1286 267 1312 καὶ
281 1286 364 1312 αὑτὸν
380 1287 437 1318 τοῖς
449 1288 597 1314 πταίσασιν
619 1288 790 1324 ιλεούμενος.
810 1288 877 1318 Ek:
892 1293 940 1318 ὲπ-

150 1332 212 1365 ἀγει
228 1333 242 1358 6
255 1332 328 1364 θεῖος
344 1332 513 1368 ἀρχάγγελος
525 1342 532 1350 ·
549 1334 602 1361 Καί
615 1335 718 1369 γνώσῃ
733 1336 782 1362 καὶ
793 1337 941 1370 συνήσεις

149 1379 210 1406 ἀπὸ
236 1378 345 1411 ἐξόδου
366 1380 465 1414 λόγων
492 1380 545 1407 τοῦ
571 1381 781 1416 ἀποκριθῆναι,
807 1383 857 1410 καί
887 1385 940 1412 τοῦ

149 1425 351 1460 οικοδομῆσαι
376 1425 432 1461 (84)
468 1425 674 1462 Ἰερουσαλήμ.
704 1428 782 1462 Ἕως
810 1430 941 1463 Χριστοῦ

151 1471 321 1506 ἡγουμένου
343 1471 505 1507 ἐϐδομάδες
523 1472 608 1504 ἑπτὰ,
641 1473 691 1500 καί
708 1473 871 1509 ἀϐδομάδες
890 1477 941 1510 ἐξα

152 1517 333 1549 ηκοντιιδύο.
347 1518 381 1543 Ἦ
388 1518 469 1552 ρξατο
481 1517 531 1552 μὲν
544 1515 591 1544 οὖν
604 1519 617 1544 6
632 1518 694 1551 ναὸς
705 1521 751 1547 ἐπὶ
763 1521 855 1556 Κύρου
870 1523 941 1549 οἰκο-

152 1563 306 1598 δομεῖσθαι.
332 1563 424 1599 Κῦρος
443 1564 499 1599 γὰρ
515 1564 624 1600 πρῶτος
643 1566 694 1601 τῆς
716 1567 849 1594 ἐπανόδου
869 1577 941 1604 παρ-

993 332 1137 360 Dominum
1152 334 1297 362 advenisse
1319 335 1467 370 signiﬁcat.
1484 336 1551 368 Quis
1564 337 1639 364 enim
1661 336 1781 365 Sanctus

992 384 1149 406 sanctorum
1165 380 1360 415 appellabitur,
1378 386 1480 416 praeter
1505 382 1651 409 Dominum
1667 387 1695 410 et
1715 382 1780 410 Ser-

991 429 1115 451 vatorem
1139 426 1286 452 nostrum?
1310 427 1361 459 Qui
1378 434 1441 453 cum
1470 427 1531 454 fons
1557 428 1592 455 sit
1616 429 1779 461 sanctitatis.

992 469 1106 504 ungitur
1123 470 1167 496 ille
1181 470 1289 504 quidem
1316 475 1412 497 sancto
1433 471 1539 506 Spiritu
1555 473 1706 500 secundum
1726 473 1779 499 hu-

992 514 1169 547 manitatem,
1199 519 1228 542 ut
1257 515 1342 542 Isaias
1369 517 1564 550 praenuntiavit
1590 518 1632 545 his
1667 519 1778 546 verbis:

992 558 1107 595 Spiritus
1123 561 1228 587 Domini
1251 569 1330 595 super
1352 569 1404 593 me,
1421 562 1592 596 quamobrem
1616 565 1691 590 unxit
1709 572 1749 590 me
1757 565 1778 590 '.

991 605 1025 632 Et
1049 609 1079 633 ut
1096 605 1181 633 David
1206 607 1314 641 cecinit}
1329 607 1380 634 hoc
1410 607 1516 634 modo:
1537 606 1618 634 Unrit
1643 614 1668 635 te
1695 608 1778 639 Deut.

992 652 1140 683 Deustuus,
1156 652 1213 679 oleo
1228 653 1422 684 exsultationis,
1435 661 1491 687 prte
1509 654 1672 680 consortibus
1685 655 1736 681 tuis
1748 655 1779 682 ".

991 698 1024 726 Et
1040 703 1069 725 ut
1083 706 1210 726 summus
1225 699 1412 732 apostolorum
1425 707 1493 734 apex
1506 700 1604 727 Petrus
1614 700 1705 732 docet,
1717 708 1779 728 cum
1831 705 1835 707 '

991 744 1031 771 sic
1046 743 1079 770 de
1093 743 1203 771 Christo
1218 744 1315 771 scribit
1333 753 1340 770 τ
1357 744 1426 771 Nam
1439 746 1514 771 unxit
1523 753 1583 772 eum
1600 746 1668 772 Deut
1677 745 1779 781 Spiritu

988 796 1080 817 sancto
1096 794 1120 817 et
1135 790 1287 825 potentia".
1308 790 1440 826 Obsignal
1456 795 1484 818 et
1504 791 1649 818 conﬁrmat
1672 797 1780 820 veteres

991 835 1160 871 Scripturas,
1189 838 1254 864 dum
1275 837 1341 864 facit
1363 839 1465 870 omnia,
1489 842 1516 865 et
1532 839 1644 872 patitur,
1669 847 1728 873 quae
1752 839 1779 866 in

990 882 1044 910 illis
1058 883 1187 917 praedicta
1201 883 1324 910 fuerunt.
1344 883 1440 917 Expiat
1456 883 1628 917 injustitiatn,
1648 883 1714 910 dum
1731 891 1780 911 eos

991 929 1038 963 qui
1067 929 1245 963 deliquerunt
1273 929 1329 956 Deo
1342 929 1414 956 Patri
1446 929 1631 959 reconciliat.
1661 937 1780 963 eumque

990 975 1080 1010 placat
1106 975 1310 1010 peccatoribus.
1336 974 1440 1002 Deinde
1464 975 1577 1010 subjicit
1602 975 1713 1002 divinus
1732 983 1778 1002 ar-

990 1021 1139 1056 changelus
1154 1030 1160 1048 :
1173 1021 1206 1048 Et
1231 1029 1370 1054 cognosces
1392 1026 1417 1048 et
1439 1022 1569 1057 intelliges
1586 1023 1618 1048 ab
1632 1023 1702 1048 exitu
1720 1029 1779 1048 ser-

991 1075 1106 1099 monum.
1122 1072 1149 1094 ut
1161 1067 1361 1101 separatioﬁat,
1378 1072 1402 1094 et
1410 1067 1574 1101 tediﬁcentur
1583 1067 1778 1103 Hierosolyma,

990 1121 1072 1147 usque
1089 1113 1122 1140 ad
1137 1113 1272 1140 Christum
1299 1113 1391 1139 ducem
1411 1112 1588 1138 hebdomade:
1611 1117 1724 1147 septem,
1754 1117 1779 1139 et

990 1158 1165 1185 hebdomade:
1180 1159 1321 1192 sexaginta
1343 1158 1421 1184 duas.
1440 1157 1530 1192 Coepit
1554 1157 1636 1192 igitur
1649 1157 1779 1185 aediﬁcari

991 1204 1123 1238 templum
1137 1203 1189 1231 sub
1206 1203 1286 1238 Cyro.
1301 1203 1347 1237 qui
1364 1202 1464 1237 populo
1475 1202 1590 1230 Iudaico
1609 1202 1716 1236 primus
1735 1210 1780 1229 re-

990 1250 1077 1278 ditum
1101 1250 1260 1278 concessit:
1279 1249 1428 1276 inhibitum
1445 1253 1537 1275 tamen
1565 1248 1616 1276 sub
1630 1248 1777 1282 Cambyse,

991 1296 1092 1323 invidia
1114 1295 1294 1322 ﬁnitimorum
1308 1295 1484 1328 populorum.
1501 1293 1606 1328 Templi
1624 1301 1707 1327 porro
1734 1294 1776 1320 in-

991 1340 1124 1368 stauratio
1138 1339 1229 1366 denuo
1246 1338 1349 1366 Judteis
1367 1345 1499 1365 concessa
1510 1342 1563 1370 est,
1589 1346 1651 1365 cum
1676 1337 1776 1365 Darius

991 1385 1133 1421 Hystaspis
1147 1385 1220 1412 ﬁlius
1231 1384 1322 1411 Persis
1337 1383 1499 1418 imperaret.
1512 1385 1535 1410 A
1548 1391 1715 1417 quocunque
1729 1391 1780 1410 au-

992 1436 1046 1460 tem
1054 1431 1152 1458 horum
1160 1437 1294 1458 numerus
1313 1429 1470 1460 inchoetur,
1485 1436 1541 1456 non
1551 1429 1605 1455 erit
1616 1429 1722 1463 integer
1734 1436 1780 1456 se-

991 1478 1114 1506 cundum
1143 1477 1302 1512 archangeli
1323 1483 1432 1508 vocem,
1450 1475 1497 1502 sed
1516 1475 1685 1502 redundans.
1701 1475 1748 1501 Sin
1764 1482 1780 1502 a

992 1523 1161 1559 temporibus
1179 1522 1256 1557 regni
1278 1522 1439 1549 Artaxerxis
1455 1521 1617 1556 Longimani
1647 1526 1781 1556 suppute-

993 1574 1047 1600 tur,
1072 1576 1162 1603 neque
1190 1568 1263 1603 plus,
1293 1575 1383 1602 neque
1412 1567 1505 1594 minus
1533 1567 1692 1594 invenietur
1709 1586 1716 1598 .
1745 1566 1780 1594 ab

155 1609 279 1645 εχώρησε
312 1610 351 1644 τῷ
373 1609 515 1637 ἐθνειτῶν
541 1611 687 1645 Ἰουδαίων,
715 1613 773 1639 ἀλλ’
801 1615 936 1650 ἐπεσχέθη

993 1622 1078 1649 eoque
1093 1613 1260 1648 repetendus
1272 1617 1315 1640 est
1331 1621 1338 1639 :
1355 1612 1420 1647 quia
1436 1617 1493 1639 tum
1509 1617 1537 1639 et
1550 1612 1616 1640 urbs
1630 1612 1721 1639 cincta
1737 1617 1781 1639 est

152 1657 228 1690 παρὰ
247 1655 400 1691 Καμϐύσου
416 1656 464 1683 τοῦ
483 1657 575 1692 Κύρου
596 1658 702 1691 παιδὸς,
716 1659 807 1695 φθόνῳ
819 1660 874 1687 τῶν
889 1661 938 1687 αὐ-

150 1703 209 1733 τοῖς
238 1702 411 1737 ὁμορούντων
439 1702 536 1730 ἐθνῶν.
553 1703 713 1741 Ἐπετράπη
737 1706 760 1732 δ’
776 1706 854 1738 αὖθις
882 1708 938 1738 τοῖς

151 1748 290 1780 Ἰουδαίοις
308 1750 325 1784 ή
342 1749 439 1776 τούτου
457 1750 611 1784 ἀνέγερσις,
627 1752 672 1778 ὅτε
685 1753 797 1787 Δαρεῖος
812 1754 826 1779 6
842 1753 938 1780 Ὑστά-

153 1803 224 1822 σπου
240 1795 377 1830 ἐκράτησε
396 1796 446 1830 τῆς
467 1795 607 1830 βασιλείας
627 1797 749 1832 [Ιεροῶν.
768 1798 814 1830 Ἐξ
832 1799 939 1831 οὐδενὸς

151 1841 179 1868 δὲ
194 1840 298 1868 τούτων
311 1841 514 1877 ἀριθμούμενος
527 1842 541 1868 6
552 1843 658 1878 καιρὸς,
673 1844 830 1878 εὑρίσκεται
847 1845 940 1877 σώζων

152 1888 225 1914 κατὰ
239 1888 289 1923 τὴν
304 1888 352 1915 τοῦ
369 1888 541 1923 ἀρχαγγέλου
557 1889 660 1923 φωνὴν,
676 1889 733 1916 ἀλλ’
747 1890 939 1926 ὑπερϐάλλων.

153 1934 183 1961 ΕΙ
196 1933 219 1960 δ’
231 1934 263 1960 ἐκ
279 1934 335 1960 τῶν
347 1934 451 1969 χρόνων
465 1934 515 1969 τῆς
538 1934 720 1970 Ἀρταξέρξου
737 1935 875 1970 βασιλείας
894 1936 940 1962 τοῦ

153 1981 345 2016 Μακρόχειρος
361 1981 374 2006 6
395 1980 491 2016 καιρὸς
507 1980 662 2016 ἀριθμοῖτο,
681 1981 806 2016 εὑρεθείη
825 1982 858 2008 ἂν
878 1981 940 2008 οὕτε

153 2026 324 2061 περιττεύων
332 2025 387 2053 οὔτ’
397 2026 606 2061 ἐλαττούμενος,
617 2027 671 2053 κάκ
686 2026 783 2053 τούτου
796 2027 855 2054 δέον
864 2027 943 2061 ἀριθ-

154 2071 265 2107 μεῖσθαι
274 2072 365 2105 αὐτὸν,
376 2072 416 2098 ὅτι
427 2072 486 2098 τότε
498 2072 545 2098 καὶ
553 2073 587 2107 τῇ
598 2072 675 2098 πόλει
686 2071 855 2107 περιεϐλήθη
863 2072 942 2108 περί-

154 2118 241 2149 ϐολος,
258 2118 306 2145 καὶ
321 2118 360 2152 τῷ
371 2117 429 2152 ναῷ
444 2117 595 2152 προσετέθη
608 2118 642 2144 τὰ
656 2118 794 2150 λείποντα,
806 2119 854 2145 καὶ
868 2119 944 2153 οίκη-

152 2163 265 2198 τάρωνὴ
277 2163 352 2194 πόλις
368 2162 544 2197 πεπλήρωτο.
557 2162 625 2189 Ὅτε
637 2162 771 2198 Νεεμίας,
799 2162 943 2198 οὶνοχεύων

152 2208 191 2243 τῷ
206 2207 385 2243 Ἀρταξέρξῃ.
399 2207 496 2242 ἐδεήθη
510 2207 593 2234 αὑτοῦ
607 2209 795 2243 ἐπιτραπῆναι
806 2207 879 2243 αὐτῷ
894 2209 943 2243 τὴν

153 2245 193 2286 εἰς
209 2255 261 2288 τὴν
278 2254 397 2288 πατρίδα
426 2253 568 2281 ἐπάνοδον.
597 2254 652 2281 Καὶ
675 2254 813 2286 ἀπελθὼν,
837 2254 887 2290 τήν
913 2263 943 2281 τε

993 1660 1140 1691 ιιιωιιίὺυε.
1157 1664 1185 1686 et
1199 1659 1305 1694 adjecta
1324 1658 1426 1693 tetnplo
1437 1666 1498 1693 quze
1513 1658 1647 1690 deerant,
1663 1663 1692 1685 et
1713 1659 1780 1685 urbs

993 1705 1195 1732 habitatoribus
1217 1705 1340 1737 referta,
1365 1711 1428 1731 cum
1461 1704 1588 1731 Neemias
1621 1704 1781 1731 Artaxerxis

993 1751 1145 1786 pincerna,
1170 1751 1318 1785 impetrato
1345 1758 1359 1777 a
1385 1757 1448 1785 rege
1476 1750 1504 1777 in
1528 1751 1645 1784 patriam
1676 1750 1780 1782 reditu,

995 1796 1073 1831 135
1091 1796 1187 1823 urbem
1202 1795 1312 1828 muniit,
1330 1799 1358 1822 et
1372 1795 1479 1822 civibus
1496 1795 1671 1830 frequentem
1689 1795 1783 1822 reddi-

993 1842 1044 1874 dit,
1066 1846 1095 1868 et
1113 1841 1246 1875 templum
1271 1841 1462 1876 imperfectum
1490 1841 1580 1868 adhuc
1602 1841 1732 1868 absolvit.
1746 1841 1774 1868 Si

993 1889 1056 1923 quis
1069 1888 1153 1923 igitur
1172 1896 1188 1915 a
1208 1887 1364 1914 Servatoris
1383 1887 1515 1918 adventu.
1535 1895 1583 1922 per
1596 1895 1677 1921 quem
1693 1888 1782 1914 solum

994 1934 1120 1961 remissio
1140 1937 1317 1968 peccatorum
1334 1933 1396 1960 data
1421 1939 1474 1965 est,
1488 1938 1516 1960 et
1535 1933 1643 1967 justitia
1657 1933 1783 1959 introdu-

995 1984 1049 2011 cta,
1066 1983 1094 2006 et
1112 1979 1308 2013 prophetarum
1326 1979 1439 2006 oracula
1463 1978 1599 2012 completa
1615 1982 1690 2010 sunt,
1709 1983 1785 2005 retro

996 2029 1105 2060 tempus
1133 2029 1262 2051 numeret
1279 2043 1287 2055 .
1305 2024 1333 2050 id
1361 2024 1465 2058 expleri
1491 2023 1681 2058 deprehendet
1706 2031 1779 2050 anno

995 2070 1155 2098 Artaxerxis
1169 2069 1312 2101 vicesimo,
1329 2076 1385 2104 quo
1402 2067 1521 2096 Neemiu:
1545 2075 1708 2095 concessum
1732 2068 1786 2095 fuit

997 2116 1088 2144 redire
1104 2115 1301 2150 Hierosolyma,
1315 2122 1376 2149 quas
1400 2115 1428 2141 in
1446 2114 1568 2141 historia:
1584 2120 1730 2148 progressu
1748 2120 1780 2140 ac

996 2163 1067 2190 serie
1085 2162 1173 2189 fusius
1189 2161 1413 2188 declarabuntur.
1431 2159 1518 2193 Quem
1543 2164 1636 2186 autem
1652 2159 1784 2186 Sanctum

996 2208 1144 2244 appellavit
1171 2207 1274 2234 sanctis
1297 2206 1480 2241 superiorem,
1499 2212 1564 2232 eum
1587 2212 1684 2233 rursus
1706 2204 1789 2232 Chri-

998 2260 1072 2283 stum
1099 2254 1197 2282 ducem
1222 2253 1352 2288 appellat,
1372 2252 1484 2280 nomine
1502 2252 1623 2279 humano
1643 2256 1786 2286 usurpato.

154 2300 234 2326 πόλιν
264 2299 445 2334 περιετείχισε
472 2299 519 2326 καὶ
549 2299 696 2334 συνῴκισε,
725 2300 773 2326 καὶ
800 2299 846 2326 τδν
879 2300 942 2327 ναὸν

998 2300 1116 2328 Utenim
1132 2298 1333 2334 primogenitus
1343 2305 1421 2325 novae
1439 2302 1584 2328 creatura,
1601 2301 1629 2324 et
1645 2296 1786 2331 primoge-

153 2346 238 2381 ὰτελῆ
254 2346 319 2372 ὄντα
333 2346 493 2381 ἀπήρτισεν.
507 2345 540 2372 Εἰ
551 2346 615 2380 γοῦν
632 2346 686 2372 ἀπὸ
697 2346 746 2381 τῆς
757 2347 804 2373 τοῦ
817 2347 944 2382 Σωτῆρος

153 2392 332 2427 ιπιφανείας,
349 2392 382 2419 δι’
398 2389 428 2419 οὗ
446 2397 529 2428 μόνον
544 2393 641 2426 ἄφεσις
658 2393 867 2428 ἁμαρτημάτων
886 2393 944 2420 ἐδό-

155 2440 202 2472 θη,
217 2438 265 2464 κα¹ι
280 2437 439 2473 δικαιοσύνη
458 2439 625 2471 είσήνεκτιιι,
648 2438 697 2464 καὶ
717 2438 773 2464 τῶν
797 2438 946 2474 προφητῶν

155 2487 185 2512 αἱ
201 2487 370 2522 προρρήσεις
392 2487 600 2521 ἴτεπλήρωνται,
618 2485 788 2518 ἀναποδίζων
799 2495 842 2518 τις
869 2485 948 2522 ἀριθ-

159 2533 241 2566 μήσει
267 2532 313 2558 τὸν
326 2532 432 2566 χρόνον,
453 2532 567 2566 εὑρήσει
590 2531 685 2558 τοῦτον
700 2532 947 2567 συμπληρούμενον

155 2578 211 2610 ζως
229 2577 278 2604 τοῦ
300 2578 425 2604 εἰκοστοῦ
447 2577 524 2609 ἔτους
543 2577 594 2611 τῆς
619 2578 759 2613 βασιλείας
781 2577 828 2604 τοῦ
851 2577 948 2612 Ἀρτα-

157 2621 269 2657 ξέρξου,
294 2622 339 2649 ὅτε
360 2622 461 2657 δηλαδὴ
484 2623 499 2649 ὀ
520 2622 644 2658 Νεεμίας
668 2621 881 2657 παραχωρηθεὶς
909 2621 949 2652 είς

995 2346 1071 2372 nitus
1084 2351 1118 2371 ex
1146 2342 1263 2370 mortuis
1290 2342 1403 2375 dicitur,
1424 2341 1464 2369 sic
1489 2343 1571 2368 etiam
1587 2341 1641 2368 dux
1666 2340 1788 2375 appella-

996 2395 1052 2418 tur.
1082 2389 1167 2417 Divus
1191 2389 1275 2415 etiam
1303 2388 1401 2415 Petrus
1423 2387 1563 2422 apostolus
1586 2386 1659 2421 apud
1677 2385 1787 2413 Judaaos

995 2436 1144 2467 disserens,
1161 2435 1338 2462 Servatorcm
1351 2433 1413 2460 vita:
1426 2433 1577 2468 principem
1591 2437 1670 2460 vocat
1689 2439 1788 2466 quem-

997 2481 1176 2510 madmodum
1199 2480 1227 2508 in
1251 2479 1327 2507 Actis
1343 2487 1358 2506 a
1378 2479 1442 2506 divo
1461 2478 1534 2506 Luca
1561 2478 1738 2505 scribitur”.
1752 2476 1788 2504 Ut

1000 2529 1084 2564 igitur
1100 2526 1300 2563 primogenitus
1323 2529 1449 2553 nostrum
1467 2529 1495 2552 et
1524 2526 1652 2559 princeps
1677 2531 1692 2550 a
1722 2523 1788 2549 divo

1001 2574 1087 2601 Paulo
1103 2573 1216 2605 dicitur,
1231 2572 1382 2600 secundum
1408 2570 1621 2600 humanitatem,
1649 2569 1686 2596 ita
1704 2569 1791 2596 etiam

1004 2620 1060 2647 dux
1074 2626 1090 2646 a
1106 2618 1233 2647 Gabriele
1252 2617 1417 2653 archangelo
1431 2616 1602 2643 nominatur.

195 2681 207 2697 '
223 2681 277 2708 lsa.
293 2688 349 2713 ut,
368 2680 392 2708 Ι.
431 2680 454 2696 ¹⁹
465 2679 537 2707 Psal.
556 2687 629 2712 utv,
642 2679 669 2706 8.
708 2678 729 2694 “
743 2678 802 2706 Act.
819 2686 846 2710 Χ,
861 2677 908 2706 58.

993 2677 1047 2704 \ct.
1066 2684 1108 2709 tu,
1129 2676 1172 2704 15.

757 2739 858 2770 Variae
877 2738 1031 2770 lectiones
1054 2741 1084 2769 et
1101 2741 1196 2768 notae.

197 2806 255 2845 ﬁt)
272 2805 327 2832 τοῦ
346 2803 545 2845 ἀεξρκριᾷῆηαι
559 2803 610 2845 καί
629 2800 833 2845 οἰκοδομῆσαιε
853 2801 947 2845 ῥὶς-ιιι

159 2836 234 2869 LXX
247 2836 446 2875 interpretibus
463 2836 572 2874 legitur.
586 2838 640 2875 sed
653 2843 732 2875 vetus
748 2837 891 2875 translatio
903 2836 947 2863 ha-

160 2878 209 2904 het
225 2871 331 2902 tantum
347 2883 354 2903 :
369 2876 406 2902 Ab
419 2871 640 2905 exitu'sermonit.
654 2877 681 2899 ut
697 2874 792 2900 iterum
806 2871 948 2905 wdiﬁcetur

157 2910 342 2939 Hierusalem.
356 2910 476 2938 Castalio
491 2910 637 2941 convertit,
653 2909 685 2934 ab
696 2908 765 2935 edito
779 2907 906 2934 mandato
917 2906 948 2932 de

158 2947 262 2981 reditu,
277 2950 302 2974 et
322 2946 352 2974 de
368 2945 543 2975 instauranda
562 2942 754 2980 Hierosolyma.
768 2942 823 2972 Sed
841 2942 865 2971 si
880 2942 949 2969 ἁπο-

1000 2799 1128 2835 κριθῆναι
1144 2803 1219 2835 recte
1234 2797 1345 2835 legitur,
1355 2797 1419 2835 poni
1435 2796 1546 2835 videtur
1556 2803 1606 2835 pro
1620 2795 1794 2835 χωρισθῆναι

1000 2830 1064 2866 τοὺς
1078 2834 1221 2866 Ἰουδαίους
1240 2830 1275 2866 ἐξ
1285 2830 1452 2867 animum
1474 2832 1536 2858 dum
1551 2831 1637 2858 Juda’i
1658 2839 1674 2857 α
1694 2830 1793 2867 barba-

1002 2870 1038 2896 ris
1056 2865 1228 2904 separentur.
1258 2865 1418 2901 Quanquam
1440 2867 1507 2904 nihil
1531 2871 1615 2904 vetat.
1643 2865 1797 2904 quominus

1003 2900 1154 2968 (sicciwtur
1179 2905 1213 2933 de
1239 2900 1373 2939 responso
1406 2903 1518 2939 regibus
1546 2901 1694 2930 Persarum
1719 2900 1792 2929 dan»

1023 2948 1051 2968 0-
1105 2958 1112 2967 ο

1023 2948 1051 2968 0.
1071 2948 1112 2968 W.
