2041 3147
267 218 324 252 ‘255
901 218 1053 249 JOANNIE

1104 218 1243 248 ONARE
1837 217 1892 249 256

275 278 452 313 Ἰερουσαλὴμ
469 276 637 312 ἐπανῆλθεν·
655 275 674 304 ἃ
691 276 825 311 προϊοῦσα
841 275 903 303 καθ’
918 276 1014 312 ειρμὸν
1034 277 1050 311 ἡ
1068 276 1176 311 inopia.
1195 274 1365 308 πλατύτερον
1384 274 1557 308 διηγῆσεται.
1590 275 1637 300 Ὂν
1655 274 1683 300 δὲ
1704 273 1785 307 ἅγιον
1816 273 1894 301 εἶπεν

268 324 403 358 ἀνώτερον
426 323 523 357 ἁγίων,
549 322 645 348 τοῦτον
665 321 743 354 αὖθις
762 322 878 357 Χριστὸν
902 322 1055 357 ἡγούμενον
1075 321 1198 356 εῐρηκεν,
1233 319 1375 355 ὀνομάζων
1406 319 1487 346 αὑτὸν
1506 319 1578 345 κατὰ
1597 320 1628 345 τδ
1643 319 1825 354 ἀνθρώπινον.
1848 321 1895 352 Ὠς

268 371 322 405 γὰρ
340 370 512 404 πρωτότοκος
525 370 575 405 τῆς
594 372 712 402 κτίσεως
729 370 779 404 τῆς
793 371 900 405 καινῆς,
918 371 964 397 καὶ
979 370 1155 406 πρωτότοκος
1175 370 1207 395 ὲκ
1223 369 1329 403 νεκρῶν
1344 368 1465 402 λέγεται,
1479 367 1551 394 οὕτω
1568 368 1616 394 καὶ¹
1637 367 1789 403 ἡγούμενος
1810 377 1896 403 προσ-

268 418 427 452 ηγόρευται.
440 419 495 445 Καὶ
509 419 523 444 ὁ
533 417 604 448 θεῖος
615 418 643 444 δὲ
655 419 804 450 ἀπόστολος
819 418 922 453 Πέτρος
932 418 1054 454 ἀρχηγὸν
1074 418 1125 452 τῆς
1157 417 1229 452 ζωῆς
1246 416 1374 451 ὠνόμασε
1389 417 1435 442 τὸν
1453 417 1578 451 Σωτῆρα,
1599 417 1654 448 τοῖς
1670 416 1808 449 Ἰουδαίοις
1837 418 1894 445 δια-

267 465 422 499 λεγόμενος,
438 465 475 496 ὡς
488 465 516 491 ὲν
531 466 591 496 ταῖς
606 465 742 500 Πράξεσιν
759 467 773 492 ὁ
787 466 859 496 θεῖος
873 466 981 498 Λουκᾶς
1011 465 1213 500 συνεγράψατο.
1252 465 1357 498 Ὠσπερ
1385 464 1413 490 δὲ
1433 465 1610 499 πρωτότοκος
1626 464 1706 499 ἡμῶν
1735 465 1783 491 καὶ
1818 474 1893 501 πρω-

266 513 354 540 τεύων
386 513 459 540 κατὰ
479 513 524 540 τὸν
555 513 642 549 μέγαν
666 513 772 540 Παῦλον
797 513 905 549 εἴρηται
928 513 1001 540 κατὰ
1023 514 1054 540 τὺ
1073 512 1256 548 ἀνθρώπινον,
1286 511 1358 538 οὕτω
1375 511 1407 546 δὴ
1441 511 1486 538 καὶ
1500 511 1651 546 ἡγούμενος
1669 511 1708 546 τῷ
1727 513 1894 548 ἀρχαγγέλῳ

268 559 390 595 Γαϐριὴλ
411 561 641 596 προσηγόρευται,

302 608 336 635 Χ.
355 608 408 636 Sed
422 608 542 636 dubitari
558 613 652 643 queat,
668 616 721 643 qua
739 609 828 644 gratia
849 609 1010 644 separatim,
1026 613 1053 636 et

1141 607 1170 633 ι’.
1189 605 1353 640 Ἀπορήσειε
1367 605 1391 631 δ’
1407 605 1440 631 ἄν
1461 613 1515 637 τις,
1531 604 1592 631 ὅτου
1609 605 1689 640 χάριν
1703 605 1891 641 διῃρημένως,

268 661 323 681 non
355 655 524 689 conjunctim
541 659 721 682 numerentur
738 654 935 687 hebdomades,
965 655 993 681 in
1010 661 1053 681 se-

1104 652 1162 679 ἀλλ¹
1181 652 1230 687 οὐχ
1245 651 1313 686 ὸμοῦ
1329 652 1357 678 αἱ
1384 651 1530 685 ἐϐδομάδες
1555 650 1732 686 ἠρίθμηνται.
1749 652 1794 683 Et;
1820 652 1892 678 ἑπτὰ

269 704 342 734 ptem
360 699 500 734 sexaginta
523 699 601 732 duas,
617 704 646 726 et
656 707 737 726 unam
755 698 913 726 distinctae?
929 698 988 725 Non
1003 698 1053 725 hoc

1104 698 1132 725 δὲ
1150 700 1196 725 καὶ
1211 697 1397 732 ἑξηκονταδύο
1411 697 1564 733 διῄρηνται,
1580 698 1627 723 καὶ
1640 699 1680 729 εις
1695 698 1760 732 μίαν
1776 698 1889 732 ὲτέρανς

269 750 374 773 temere
391 745 421 772 ﬁt
438 746 472 772 ab
487 745 654 780 archangelo
666 754 675 772 :
693 745 742 772 sed
754 752 803 780 per
823 745 881 772 hzec
895 752 965 771 nova
979 752 1054 779 quaa-

267 791 329 818 dam
343 791 433 825 docet,
466 792 492 818 in
520 795 676 826 temporum
704 791 890 818 divisionibus
906 795 1051 818 eventura.

267 835 336 862 Nam
355 836 392 867 _si
420 836 455 863 ab
484 836 685 863 instauratione
713 835 978 871 Hierosolymorum,
1003 835 1055 863 sub

265 881 376 908 Neemia
398 881 480 915 facta,
503 886 534 908 ut
554 882 661 909 dictum
682 886 734 914 est,
763 886 889 916 tempora
906 889 994 917 usque
1018 881 1052 909 ad

267 927 415 955 Hircanum
431 928 592 963 pontiﬁcem
619 932 813 960 numerentur,
833 929 884 955 sub
909 936 966 963 quo
988 928 1055 955 Asa-

268 981 436 1000 monzeorum
463 981 549 1008 genus
565 974 641 1009 fungi
659 973 745 1001 sacris
766 974 894 1001 destitit:
913 974 1053 1008 sexaginta

267 1018 384 1045 duarum
403 1019 610 1046 hebdomadum
635 1028 768 1048 numerus
784 1021 923 1055 expletur.
954 1021 1021 1048 Nam
1039 1028 1054 1048 a

271 1064 402 1091 vicesimo
417 1073 491 1092 anno
517 1066 594 1100 regni
618 1066 790 1097 Artaxerxis.
805 1067 851 1101 qui
874 1067 993 1094 Neemia:
1009 1074 1054 1093 re-

269 1109 374 1137 deundi
399 1110 586 1146 Hierosolyma
601 1116 766 1146 potestatem
782 1112 868 1144 dedit,
890 1120 905 1139 a
922 1120 978 1147 quo
989 1112 1055 1139 urbs

269 1156 408 1183 mmnibus
424 1157 557 1184 adornata
573 1162 625 1189 est,
646 1165 733 1192 usque
748 1157 782 1184 ad
801 1158 911 1185 Darium
933 1157 1056 1185 Arsamis

269 1201 366 1235 ﬁlium,
383 1210 465 1237 quem
479 1203 580 1230 delevit
595 1204 761 1236 Alexander,
779 1204 843 1231 anni
861 1209 926 1231 sunt
943 1209 1054 1231 centum

268 1252 297 1275 et
309 1249 533 1282 quatuordecim.
550 1250 592 1277 Ab
609 1250 754 1278 eversione
765 1258 849 1285 porro
865 1251 972 1285 imperii
990 1251 1054 1278 Per-

268 1293 329 1326 sici,
341 1302 403 1329 qua:
420 1303 493 1322 anno
508 1301 585 1322 sexto
597 1296 724 1323 Asiatica
736 1296 920 1330 expeditionis
935 1297 1053 1324 Alexan~

266 1339 309 1366 dri
323 1341 448 1376 contigit,
463 1349 551 1375 usque
564 1342 597 1368 ad
612 1341 708 1368 Caium
724 1341 827 1369 Julium
839 1341 986 1372 Ctesarem.
1007 1343 1054 1376 qui

267 1385 374 1419 primus
390 1386 576 1413 Romanorum
591 1387 780 1414 monarchiam
795 1387 940 1422 occupavit
964 1397 971 1415 :
988 1388 1055 1415 anni

265 1431 459 1465 praeterierunt
478 1433 593 1460 ducenti
620 1433 761 1468 octoginta
782 1433 847 1461 duo.
863 1434 907 1461 Ab
927 1434 1053 1469 ejusdem

261 1476 380 1505 Casaris
410 1478 568 1513 principatu
593 1486 680 1513 usque
715 1479 750 1506 ad
777 1487 879 1506 annum
914 1479 1053 1507 decimum

263 1523 393 1557 quintum
409 1523 512 1551 Tiberii
537 1523 664 1557 Ctesaris,
680 1531 736 1558 quo
760 1524 889 1552 Christus
906 1531 922 1552 a
947 1525 1054 1552 Joanne

265 1567 389 1600 Baptista
410 1568 578 1603 baptizatus.
607 1570 740 1597 miracula
755 1570 839 1604 coepit
863 1570 965 1601 edere.
989 1571 1053 1597 anni

266 1613 383 1640 fuerunt
399 1615 572 1649 septuaginta
589 1619 646 1642 tres
663 1624 670 1642 :
686 1619 717 1642 ut
731 1615 790 1642 haec
803 1623 911 1643 summa
926 1617 1054 1644 conliciat

266 1665 356 1685 annos
387 1658 604 1694 quadringentos
636 1664 664 1687 et
690 1661 830 1695 sexaginta
857 1669 981 1688 novem:
1007 1661 1054 1696 qui

267 1703 383 1738 quidem
408 1704 541 1732 Hebraica
575 1706 771 1740 supputatione
807 1707 887 1742 136
916 1715 1052 1735 annorum

268 1749 421 1777 conﬁciunt
431 1758 518 1778 annos
534 1751 752 1787 quadringentos
765 1754 905 1789 octoginta
921 1758 987 1781 tres.
1002 1755 1055 1782 Ne-

264 1803 322 1830 que
333 1795 406 1823 enim
421 1797 653 1831 quemadmodum
665 1806 726 1829 nos,
750 1799 788 1826 ita
800 1804 827 1826 et
842 1799 950 1827 Hebraei
965 1808 1053 1828 annos

267 1845 429 1875 supputaut,
445 1841 494 1869 sed
510 1842 543 1868 ad
567 1849 678 1869 cursum
693 1843 817 1870 lunarem
834 1844 932 1872 diebus
947 1849 1055 1872 trecen—

268 1886 303 1913 tis
319 1891 347 1913 et
361 1887 561 1922 quinquaginta
585 1887 740 1919 absolvunt,
760 1893 789 1915 ut
805 1888 838 1916 de
852 1890 977 1924 quolibet
1004 1897 1054 1917 no.

265 1937 326 1958 stro
338 1939 411 1959 anno
434 1932 494 1959 dies
522 1932 650 1960 undecim
667 1933 842 1961 redundent:
856 1935 903 1969 qui
924 1935 985 1962 dies
1007 1943 1052 1963 re-

265 1977 423 2005 dundantes
446 1978 474 2005 in
502 1986 592 2006 annos
619 1979 734 2012 redacti,
764 1981 876 2015 explent
903 1989 1051 2009 numerum

264 2024 532 2060 quadringentorum
563 2025 702 2060 octoginta
728 2028 810 2054 trium
841 2035 977 2055 annorum
1003 2029 1053 2055 He-

265 2069 432 2097 braicorum.
450 2070 519 2103 Quia
536 2078 603 2098 vero
623 2078 686 2098 cum
702 2071 814 2099 Daniele
832 2072 948 2100 Hebraeo
966 2073 1052 2101 collo-

262 2115 400 2150 quebatur
415 2116 542 2151 angelus,
557 2124 645 2144 annos
662 2117 758 2152 utique
773 2118 812 2144 illi
829 2123 909 2145 notos
930 2119 1052 2146 nomina-

265 2161 314 2188 vit.
331 2161 450 2188 Proinde
465 2169 554 2196 usque
569 2161 603 2188 ad
624 2162 765 2189 interitum
779 2162 889 2190 llircani
902 2163 1050 2198 pontiﬁcis,

264 2213 348 2240 quem
365 2214 414 2233 rex
431 2206 556 2234 Herodes
580 2207 693 2234 sustulit
721 2207 786 2242 (qua
803 2207 838 2234 de
862 2215 892 2234 re
913 2207 1052 2242 copiosius

266 2251 403 2285 agendum
421 2252 499 2284 erit),
523 2253 665 2287 sexaginta
690 2252 751 2280 duae
777 2252 965 2280 liebdomades
987 2257 1052 2280 sunt

266 2296 392 2330 expletur.
408 2296 450 2323 Ab
468 2305 501 2324 eo
521 2301 646 2332 tempore
663 2305 724 2325 cum
744 2298 922 2326 Pontiﬁcatus
934 2306 989 2325 non
1004 2307 1053 2333 per

266 2349 377 2369 omnem
405 2346 515 2370 aetatem
536 2344 562 2370 ei
588 2348 721 2376 maneret,
745 2344 789 2371 cui
815 2345 981 2379 contigerat,
1003 2344 1051 2372 sed

268 2396 361 2415 annuo
385 2392 433 2415 aut
456 2389 540 2416 etiam
560 2389 688 2417 breviore
708 2390 797 2425 spatio
813 2395 908 2418 contra
926 2391 1051 2417 instituta

268 2434 402 2469 majorum
430 2433 718 2467 circumscribi-retur.
745 2440 773 2462 et
797 2436 913 2470 pecunia
937 2436 1053 2463 cuilibet

266 2480 372 2507 venalis
385 2485 468 2511 esset,
488 2480 515 2507 id
528 2481 600 2515 quod
617 2489 631 2508 a
647 2481 768 2516 Josepho
790 2482 921 2513 refertur,
940 2487 1050 2516 septem

1105 745 1161 778 οὐχ
1180 744 1218 775 ὡς
1236 744 1316 778 ἔτυχε
1343 743 1371 770 δὲ
1395 743 1475 770 τοῦτο
1506 742 1656 776 πεποίηκεν
1672 744 1685 769 ὁ
1711 743 1890 778 ἀρχάγγελος,

1105 789 1175 816 ἀλλά
1196 798 1257 815 τινα
1283 788 1364 815 καινὰ
1383 788 1427 814 διὰ
1443 789 1546 814 τούτων
1565 789 1700 815 διδάσκων
1718 789 1746 814 ὲν
1761 790 1821 818 ταῖς
1837 787 1892 813 τῶν

1105 836 1210 870 χρόνων
1227 835 1378 869 διαιρέσεσι
1403 834 1610 868 συμϐησόμενα.
1632 835 1663 861 El
1681 835 1735 869 γὰρ
1763 835 1817 861 ἀπὸ
1842 836 1891 868 τῆς

1105 881 1160 908 τῶν
1184 880 1378 916 Ἱεροσολύμων
1405 880 1552 914 οἰκοδομῆς
1575 881 1624 915 τῆς
1648 881 1694 907 ἐπὶ
1710 881 1839 915 Νεεμίου,
1855 881 1893 912 ὠς

1105 926 1225 961 εἴρηται,
1255 927 1405 960 γενομένης
1435 926 1594 960 ἀριθμοῖντο
1621 927 1645 952 οἱ
1673 927 1764 960 χρόνοι
1793 926 1892 961 μέχρις

1113 972 1247 1007 Ὑρκανοῦ
1274 971 1322 998 τοῦ
1344 972 1506 1007 ἀρχιερέως,
1530 968 1616 1005 ὲφόὖ
1645 971 1673 998 τὸ
1689 972 1743 997 τῶν
1767 972 1894 1006 Ἀσαμω-

1106 1020 1189 1046 ναίων
1209 1018 1287 1052 γένος
1302 1019 1409 1052 ἐπαύοη
1424 1017 1471 1044 τοῦ
1489 1017 1625 1053 ἱερᾶσθαι,
1642 1019 1655 1044 ὸ
1669 1019 1724 1044 τῶν
1746 1018 1893 1053 ἑξηκοντα-

1107 1065 1154 1091 δύο
1178 1064 1334 1098 ὲσδομὰδων
1357 1063 1473 1098 ἀριθμὸς
1502 1063 1730 1098 αυμπεραίνεται.
1756 1064 1823 1089 ’Λπδ
1842 1064 1893 1098 μὲν

1106 1111 1162 1146 γὰρ
1174 1110 1221 1137 τοῦ
1238 1109 1361 1136 εἰκοστοῦ
1377 1109 1454 1141 ἔτους
1471 1109 1522 1144 τῆς
1541 1110 1680 1144 βασιλείας
1695 1111 1893 1144 Ἀρταξέρξου,

1104 1156 1133 1187 ὃς
1150 1156 1188 1190 τῷ
1204 1155 1309 1191 Νεεμίᾳ
1329 1155 1380 1190 τὴν
1399 1156 1439 1186 εἰς
1460 1156 1643 1190 Ἰερουσαλὴμ
1661 1156 1792 1182 ἐπάνοδον
1807 1156 1893 1182 ἔδωκε

1106 1201 1147 1236 τῷ
1162 1201 1264 1235 ταύτην
1288 1201 1450 1235 τειχίσαντι,
1466 1201 1517 1232 ἓως
1536 1202 1650 1236 Δαρείου
1675 1201 1722 1227 τοῦ
1740 1202 1891 1237 Ἀρσάμου,

1105 1247 1135 1273 ὃν
1153 1247 1277 1273 καθεῖλεν
1289 1246 1476 1281 ’Λλέξανδρος,
1490 1247 1586 1273 ἑκατὸν
1607 1247 1655 1282 ἐτη
1668 1248 1722 1274 εἰσὶ
1737 1249 1784 1274 καὶ
1795 1257 1894 1274 τεσσα-

1108 1292 1281 1326 ρεσκαίδεκα.
1298 1292 1347 1318 Ἐκ
1362 1292 1389 1318 δὲ
1406 1292 1456 1325 τῆς
1486 1292 1672 1327 καθαιρέσεως
1687 1294 1736 1327 τῆς
1750 1293 1804 1319 τῶν
1820 1294 1893 1329 Περ-

1106 1337 1161 1363 σῶν
1178 1337 1317 1370 βασιλείας
1332 1339 1361 1364 ὲν
1374 1337 1446 1372 ἕκτῳ
1461 1338 1610 1373 γενομένης
1630 1338 1685 1365 ἔτει
1701 1339 1750 1374 τῆς
1765 1339 1893 1372 Ἀλεξαν-

1105 1385 1168 1420 δρου
1201 1385 1269 1420 πρὸς
1289 1385 1337 1418 τὴν
1362 1385 1457 1411 Ἀσίαν
1482 1385 1627 1420 στρατείας
1654 1386 1752 1421 μέχρις
1777 1387 1891 1414 Ἰουλὶου

1104 1430 1245 1465 Καίσαρος
1261 1431 1354 1461 Γαΐου,
1371 1430 1401 1462 ὃς
1418 1431 1526 1465 πρῶτος
1544 1433 1576 1465 τῆ
1594 1433 1730 1468 μοναρχίᾳ
1745 1432 1799 1458 τῶν
1821 1433 1892 1459 Ῥω-

1098 1476 1194 1509 -μαίων
1223 1475 1447 1510 ἐπικεχείρηκεν,
1477 1475 1524 1511 ἐτη
1555 1477 1734 1511 παρήλθοσαν
1763 1477 1892 1504 διακόσια

1104 1521 1271 1556 ὀγδοήκοντα
1300 1521 1348 1547 καὶ
1376 1521 1432 1548 δύο.
1458 1522 1506 1548 Ἐκ
1530 1522 1560 1548 δὲ
1586 1523 1636 1557 τῆς
1664 1524 1814 1558 αὐταρχίας
1841 1524 1890 1550 τοῦ

1104 1567 1242 1601 Καίσαρος
1257 1566 1309 1597 ἕως
1325 1566 1401 1598 ἔτους
1417 1568 1660 1594 πεντεκαιδεκάτου
1679 1568 1804 1603 Τιὸερίου
1820 1570 1890 1596 Καὶο

1106 1620 1200 1646 σαρος,
1222 1612 1303 1646 ἡνίκα
1320 1613 1332 1638 ὁ
1353 1612 1468 1646 Χριστὸς
1497 1613 1550 1639 ὑπὸ
1568 1613 1693 1640 Ἰωάννου
1722 1615 1888 1650 ἐϐαπτίσθη,

1104 1657 1152 1683 καὶ
1178 1657 1230 1682 τῶν
1251 1657 1372 1691 σημείων
1392 1657 1546 1692 ἀπήρξατο,
1571 1658 1618 1694 ἐτη
1635 1659 1821 1694 ἑϐδομήκοντα
1844 1661 1892 1686 καὶ

1103 1702 1187 1737 τρια’
1210 1703 1247 1733 ὡς
1274 1702 1483 1737 συμποσοῦσοαι
1508 1703 1593 1731 ταῦτα
1611 1705 1650 1735 εἰς
1674 1706 1816 1736 ἐνιαυτοὺς
1843 1707 1892 1732 ἐπὶ

1103 1748 1292 1782 τετρακοσίοις
1313 1748 1447 1783 ἑξήκοντα
1469 1750 1516 1775 καὶ
1542 1750 1631 1776 ἐννέα.
1656 1751 1687 1776 Οἱ
1710 1750 1737 1776 δὲ
1765 1751 1891 1777 τοσοῦτιιι

1104 1794 1224 1820 ἐνιαυτοὶ
1253 1793 1432 1820 ἀποτελοέσιν
1460 1794 1507 1829 ἔτη
1532 1795 1698 1830 τετρακόσια
1722 1796 1890 1831 ὀγδοήκοντα

1103 1838 1178 1872 τρία,
1193 1838 1264 1865 κατὰ
1278 1838 1327 1872 τὴν
1350 1838 1499 1874 Ἐὁραῑκὴν
1512 1841 1663 1876 ἁρίθμησιν
1686 1841 1741 1868 τῶν
1758 1842 1837 1869 ἐτῶν.
1853 1844 1891 1869 Οὔ

1103 1884 1158 1919 γὰρ
1173 1884 1210 1916 ὡς
1228 1885 1309 1919 ἡμεῖς
1324 1885 1350 1912 οἱ
1371 1885 1492 1920 Ἑϐραῖοι
1513 1887 1664 1921 ψηφίςουσι
1687 1887 1733 1914 τὸν
1754 1889 1890 1921 ὲνιαυτὺν,

1104 1930 1171 1956 ἀλλὰ
1188 1931 1259 1957 κατὰ
1285 1931 1446 1966 σεληνιακὸν
1473 1932 1574 1967 δρόμον
1599 1933 1783 1967 ἀριθμοῦντες
1809 1935 1893 1961 αὑτὸν

1103 1976 1266 2010 τριακοσίων
1286 1977 1458 2012 πεντήκοντα
1476 1978 1523 2003 καὶ
1546 1979 1689 2012 τεσσάρων
1707 1980 1831 2014 ἡμερῶν,
1851 1981 1890 2012 ὡς

1104 2023 1275 2056 περιττεύειν
1287 2023 1333 2056 ἀφ’
1342 2023 1459 2049 ἑκάστου
1467 2023 1589 2049 ἐνιαυτοῦ
1601 2025 1708 2059 ἡμέρας
1717 2025 1814 2052 ἕνδεκα
1823 2026 1890 2061 (85').

1104 2069 1158 2095 Καὶ
1180 2069 1282 2095 τούτων
1298 2068 1363 2103 γοῦν
1388 2069 1443 2096 τῶν
1469 2070 1607 2104 περιττῶν
1636 2072 1750 2106 ἡμερῶν
1775 2074 1817 2104 εἰς
1843 2073 1892 2108 ἔτη

1104 2115 1337 2149 συμποσουμένων
1373 2114 1408 2141 τὰ
1444 2116 1609 2150 τετρακόσια
1643 2117 1811 2152 ὀγδοήκοντα
1846 2120 1894 2146 καὶ

1102 2160 1165 2196 τρία
1197 2160 1330 2196 Ἐῦραῖκὰ
1360 2161 1533 2187 συνίστανται
1559 2161 1618 2196 ἐτη.
1652 2162 1771 2198 Ἐδραίῳ
1797 2164 1826 2190 δὲ
1854 2165 1894 2200 τῷ

1102 2207 1201 2241 Δανιὴλ
1217 2207 1231 2233 ὁ
1247 2206 1362 2240 ἄγγελος
1377 2206 1490 2240 ὁμιλῶν,
1506 2207 1615 2239 πάντως
1629 2207 1663 2234 τὰ
1676 2208 1750 2243 αὐτῷ
1765 2209 1894 2245 γνώριμα

1102 2253 1195 2287 ἔλεγεν
1230 2253 1289 2287 ἐτη.
1319 2253 1400 2287 Ἀχρι
1428 2253 1477 2287 μὲν
1503 2251 1549 2279 οὖν
1575 2254 1624 2288 τῆς
1655 2254 1703 2280 τοῦ
1734 2256 1895 2290 ἀρχιερέως

1107 2299 1246 2334 Ὑρκανοῦ
1263 2298 1442 2333 ἀναιρέσεως,
1459 2299 1488 2324 ὃν
1502 2299 1516 2324 ὁ
1531 2298 1658 2333 βασιλεὺς
1676 2301 1782 2327 ἀνεῖλεν
1801 2302 1895 2337 Ἡρώ-

1103 2345 1151 2380 δης
1165 2345 1320 2379 (εἰρήσεται
1337 2343 1365 2370 δὲ
1380 2343 1415 2369 τὰ
1438 2345 1503 2379 περὶ
1530 2345 1628 2372 τούτου
1656 2346 1836 2380 πλατύτερον)
1865 2348 1894 2374 αἱ

1103 2390 1285 2426 ἑξηκονταδύο
1301 2388 1448 2424 ἑϐδομάδες
1464 2389 1700 2426 ἐξεμετρήοησαν.
1723 2393 1840 2419 Ἐκτοτε
1864 2393 1894 2419 δὲ

1101 2437 1152 2471 τῆς
1167 2438 1376 2472 ἀρχιερωσύνης
1390 2437 1420 2463 οὐ
1436 2437 1479 2463 διὰ
1503 2437 1560 2472 βίου
1575 2439 1806 2473 προσπεπηγυίας
1820 2440 1896 2465 κατὰ

1102 2483 1150 2509 τὸν
1166 2483 1250 2517 νόμον
1266 2484 1323 2514 τοῖς
1342 2482 1445 2515 ταύτης
1459 2483 1640 2518 ἀξιουμένοις,
1651 2484 1708 2510 ἀλλ’
1721 2485 1895 2517 ἐνιαυσιαίοις

267 2526 459 2559 praeterieram
477 2526 675 2554 bebdomadcs.
691 2527 769 2560 Quod
799 2527 984 2562 archangcl-us
1010 2527 1053 2554 his

1104 2528 1271 2563 παρανόμως
1284 2527 1465 2562 διδομένης,’,ἢ
1483 2528 1642 2563 βραχυτέρῳ
1654 2529 1743 2564 χρόνῳ
1761 2538 1892 2564 περιορι-

266 2571 358 2599 verbis
373 2572 486 2600 innuit:
504 2572 537 2599 Et
556 2577 614 2607 post
630 2573 802 2600 hebdomadas
824 2574 965 2608 sexaginta
985 2574 1053 2600 duas

1105 2572 1235 2608 ζομένης,
1250 2573 1296 2599 καὶ
1318 2573 1467 2608 χρημάτων
1482 2574 1568 2609 αὐτὴν
1581 2574 1745 2608 ὠνουμένων
1760 2575 1814 2601 τῶν
1830 2576 1897 2610 βου-

267 2619 452 2651 exstirpabitur
467 2620 565 2652 unctio,
582 2627 627 2645 nec
641 2619 760 2650 futurum
776 2623 812 2646 est
828 2621 854 2646 in
868 2627 898 2646 ea
909 2620 1049 2654 judicium,

1104 2619 1234 2653 λομένων.
1251 2618 1265 2644 ὃ
1280 2619 1353 2644 καὶό
1368 2619 1498 2653 Ἰώσηπος
1517 2619 1630 2652 ἱστορεῖ,
1646 2620 1676 2646 αι
1699 2620 1769 2646 ἑπτὰ
1787 2621 1898 2655 παρήλ-

270 2664 322 2690 hoc
333 2669 383 2696 est,
401 2667 496 2693 unctio
510 2666 690 2701 pontiﬁcatus
709 2666 820 2700 peribit,
843 2673 906 2692 cum
923 2665 940 2692 ii
956 2670 1051 2693 contra

1105 2664 1187 2690 θοσαν
1203 2662 1359 2698 ὲῦδομάδες.
1377 2662 1463 2689 Τοῦτο
1483 2663 1510 2688 δὲ
1524 2663 1613 2698 δηλῶν
1639 2663 1735 2696 ὀθείος
1752 2665 1897 2700 ἀρχάγγε-

867 2780 967 2811 Varia:
978 2780 1132 2812 lectiones
1155 2783 1185 2811 et
1200 2782 1294 2810 notae.

307 2898 362 2936 (βεί)
388 2898 644 2936 Ὠςᾼπεριεζεύειν
673 2898 723 2932 ἀφ’
751 2898 881 2936 ἑκάστου
912 2898 1052 2936 ἐνιαυτοῦ

1106 2897 1354 2936 Zonaras,_i_gnoro.
1366 2897 1482 2936 Eationc
1493 2906 1565 2927 nunc
1577 2899 1688 2936 usitata,
1701 2901 1897 2931 redundarent

270 2933 381 2969 ἡμέρας
403 2934 520 2962 ἕνδεκα.
537 2934 622 2967 Quam
645 2935 780 2962 rationein
801 2933 865 2961 anni
886 2937 996 2962 secutus
1015 2933 1052 2961 sit

1105 2933 1165 2961 dies
1179 2933 1296 2967 amplius
1311 2940 1353 2960 xv.
1366 2932 1447 2961 Wolf.
1548 2948 1552 2951 ν
