2041 3147
142 127 188 159 257

758 131 963 163 ANNALIUM
985 116 1059 163 ma.
1082 134 1141 165 III.

1700 142 1757 174 258

139 185 179 215 λος
191 183 281 217 ἔλεγε,
294 183 349 211 Kal
359 182 438 218 μετὰ
452 183 505 217 τὰς
518 185 687 219 ἑϐδομάδας
701 186 756 219 τὰς
770 187 914 222 ἑξηκοντο

964 190 1070 224 λιεεειη
1091 194 1242 224 uagantur,
1267 191 1314 226 qui
1341 191 1421 227 potiti
1449 192 1497 220 illo
1521 193 1635 222 fuerint.
1665 196 1761 231 Neque

138 231 188 257 δύο
214 229 504 263 ἐξολοθρευθήσεται
523 232 649 266 χρίσμα,
676 233 725 259 καὶ
752 233 841 268 κρῖμα
866 236 922 261 οὐκ

137 277 220 303 ἐστιν
235 276 271 302 ἐν
283 275 373 308 αὐτῷ.
387 276 461 303 ’Δντὶ
474 277 531 308 τοῦ,
540 279 763 314 Διαφθαρήσεται
778 279 808 305 τὸ
818 280 922 315 χρίσμα

137 322 182 356 τῆς
197 321 419 355 ἀρχιερωσύνης.
438 321 608 357 Παρανόμως
628 324 682 358 γὰρ
697 325 851 358 χριομένων
867 325 922 352 τῶν

135 367 172 398 εις
188 367 277 401 αὐτὴν
304 367 562 402 προσιδαζομένων,
590 369 653 395 οὐδὲ
677 370 708 395 τὸ
734 371 839 405 χρίσμα
870 371 921 406 τῆν

135 413 236 439 οἰκείαν
246 410 319 447 εἶχεν
334 412 423 447 ἰσχὺν,
436 413 504 439 ἀλλὰ
519 414 749 449 παρεφθαρμένον
762 415 791 442 ὃν
810 416 920 452 ὴμοίρει

134 458 181 492 τῆς
201 457 275 489 θείας
298 458 420 492 χάριτος.
445 458 491 485 Διὸ
517 461 564 485 καὶ
589 461 712 494 ἐπήγαγε
732 461 808 488 ·Καὶ
833 462 920 497 κρῖμα

134 505 183 530 οὐκ
198 504 272 530 ἔστιν
289 504 318 529 ὲν
335 502 423 537 αὐτῷ,
451 503 600 537 τουτέστιν,
617 505 648 530 οὐ
664 505 735 531 κατὰ
759 506 850 541 κρίσιν
873 508 920 533 καὶ

133 550 294 583 δοκιμασίαν
315 550 453 584 γινόμενοι
477 549 598 583 ἔσονται,
615 550 674 577 ἀλλ’
695 551 825 586 ἀκρίτως,
845 551 920 586 ἢδιὰ

135 595 224 629 χάριν,
239 595 255 628 ἢ
268 595 311 621 διὰ
326 597 468 630 χρήματα.
487 595 598 621 Τούτων
620 595 643 621 δ’
669 595 741 622 οὕτω
756 597 918 631 γινομένων,

133 642 177 666 καὶ
191 641 217 666 αι
231 640 302 666 ἑπτὰ
325 640 523 675 παρερῤύησαν
545 641 704 676 εὔξομάδες,
719 642 799 677 μέχρι
813 643 862 677 τῆς
871 643 917 669 τοῦ

133 686 233 720 Κυρίου
249 687 410 721 ἐπιφανείας
428 687 527 722 δηλαδὴ
539 687 732 721 διαρκέσασαι.
752 688 782 714 'H
799 689 850 722 μὲν
869 687 917 716 οὗν

130 733 258 767 διαίρεσις
272 732 327 759 τῶν
340 733 521 768 ἑξηκονταδύο
545 734 700 768 ἑϐδομάδων
723 735 770 761 καὶ
782 735 836 762 τῶν
848 736 918 763 ἑπτὰ

129 778 171 804 διὰ
193 778 281 804 ταῦτα
312 779 435 812 γέγονεν.
452 779 529 806 Ἐπεὶ
558 780 586 805 δὲ
612 779 679 815 πρὸς
704 781 753 812 τὰς
775 781 805 813 ἐξ
829 782 917 816 ἀρχῆς

128 826 276 862 εἰρημένας
305 825 491 861 ἑϐδομήκοντα
518 827 668 861 ὲῧδομάδας
698 827 738 854 ἔτι
762 828 810 862 μία
834 829 915 863 λοιπὴ

129 872 343 907 περιλέλειπται,
353 872 400 897 καὶ
409 871 473 906 περὶ
482 872 592 906 ἐκείνης
602 872 712 906 εἴρηκεν
722 873 736 898 ό
747 861 914 908 ἀρχάγγελος
932 861 952 890 Β

126 917 229 944 ταῦτα·
250 917 305 944 Καὶ
337 917 507 952 δυναμὼσει
535 918 592 952 τὴν·
620 918 767 952 διαθήκην
790 921 916 953 πολλοῖς

127 963 253 997 ἑῦδομὰς
276 963 341 998 μία,
365 963 415 991 καί
437 963 471 990 ἐν
492 963 532 996 τῷ
551 965 654 999 ἡμίσει
675 964 730 998 τῆς
751 965 915 1000 ἑϐδομάδος

125 1011 287 1044 ἀρθήσεται
302 1011 405 1042 θυσία,
426 1011 475 1038 καί
500 1011 633 1046 σπονδὴ.
657 1013 706 1039 καί
727 1013 776 1039 ἐπὶ
799 1014 915 1046 τούτοις

125 1056 173 1082 ἐπὶ
196 1057 229 1083 τὸ
251 1056 332 1090 ἱερὸν
343 1056 502 1092 ,βδέλυγμα
520 1057 572 1090 τῆς
588 1057 774 1092 ἐρημώσεως,
791 1059 840 1085 καὶ
859 1059 915 1092 ἓως

125 1103 303 1136 συντελείας
315 1103 418 1137 καιροῦ
433 1102 595 1131 συντέλεια
620 1104 781 1137 δοθήσεται
795 1105 844 1132 ἐπὶ
856 1105 915 1139 τὴν

125 1149 286 1184 ἐρήμωσιν.
310 1149 343 1176 Ἦ
368 1149 461 1184 λοιπὴ,
476 1150 570 1184 φησὶν,
585 1150 712 1185 ἑὸδομὰς,
733 1151 749 1186 ὴ
773 1152 842 1186 μετὰ
863 1151 913 1184 τὰς

126 1196 259 1230 ἑξήκοντα
281 1195 331 1222 καὶ
357 1196 446 1228 ἐννέα,
470 1196 519 1230 τὴν
540 1195 638 1231 καινὴν
660 1196 793 1231 διαθήκην
809 1197 914 1230 εἰσάξει

127 1242 239 1278 ἰσχυρὰν
255 1242 352 1274 οὕτως,
366 1242 404 1273 ὡς
419 1241 452 1268 δι’
468 1242 554 1277 αὐτῆς
571 1242 697 1277 ἀρθῆναι,
712 1242 865 1274 τουτέστιν,
881 1244 913 1270 εκ

127 1289 208 1323 μέσου
223 1288 350 1321 γενέσθαι
365 1288 414 1319 τὰς
435 1287 542 1320 θυσίας,
564 1288 612 1314 καὶ
625 1288 674 1319 τὰς
693 1289 809 1320 σπονδὰς
829 1290 859 1315 ὲν
874 1289 914 1324 τῷ

124 1333 220 1368 ἡμίσει
235 1333 283 1368 τῆς
297 1333 454 1368 ὲὸδομάδος.
467 1333 546 1360 Μετὰ
558 1332 612 1367 γὰρ
623 1333 653 1359 τὸ
669 1333 810 1368 βάπτισμα
822 1334 836 1359 6
846 1334 913 1369 Χρι-

125 1378 197 1410 στὸς,
212 1378 258 1404 ἐπὶ
271 1378 392 1413 τριετίαν
410 1379 457 1404 καὶ
474 1378 601 1404 ἐπέκεινα
618 1377 738 1410 διδάξας,
749 1377 796 1404 καὶ
810 1380 912 1412 σημεία

123 1423 339 1458 ἐπιδειξάμενος,
355 1423 442 1455 οὕτως
458 1424 505 1450 ἐπὶ
521 1423 550 1450 τὸ
569 1423 653 1454 πᾶθος
666 1421 743 1458 ἦλθε,
761 1425 809 1449 καὶ
825 1424 909 1451 αὑτοῦ

124 1469 250 1501 τυθέντος
262 1469 332 1504 ὑπὲρ
350 1469 397 1496 τοῦ
416 1470 518 1504 κόσμου
542 1469 655 1502 παντὸς,
668 1469 717 1496 τοῦ
738 1469 837 1505 Ἀμνοῡ
861 1470 909 1496 τοῦ

125 1515 193 1541 Θεοῦ
206 1515 254 1541 τοῦ
269 1516 393 1550 αἴροντος
408 1516 458 1551 τὴν
475 1515 614 1550 ἁμαρτίαν
626 1515 673 1542 τοῦ
687 1516 824 1551 χόσμου,ἡ
839 1516 910 1543 κατὰ
921 1525 945 1556 C

125 1561 207 1596 νόμον
224 1561 302 1587 θυσία
321 1561 440 1596 ἐπαύθη,
456 1561 504 1588 καὶ
526 1562 541 1597 ὴ
568 1562 680 1597 σπονδή.
699 1562 756 1588 Καὶ
767 1562 845 1588 ἔθυον
866 1563 912 1588 ἐκ-

123 1615 183 1634 τοτε
200 1607 225 1632 οἱ
249 1607 382 1640 Ἰουδαῖοι,
399 1608 460 1633 ἐπεὶ
479 1608 527 1634 καὶ
550 1607 590 1634 ἔτι
611 1608 706 1634 θύουσι
730 1610 908 1643 παρανόμως,

122 1653 181 1679 ἀλλ’
192 1653 376 1688 ὰπρὸσδεκτος
394 1651 428 1689 ἦν
445 1654 461 1688 ἡ
475 1653 587 1680 ἐκείνων
603 1653 683 1680 θυσία
701 1654 779 1689 καὶὴ
798 1653 908 1689 σπονδή.

122 1700 178 1726 Καὶ
204 1698 291 1730 ἄλλως
316 1699 345 1726 δὲ
369 1700 410 1732 τὺ,
439 1698 602 1734 Δυναμώσει
627 1699 762 1735 διαθήκην
789 1699 909 1732 πολλοῖς,

121 1745 324 1780 ἑκληφθήσεται
343 1745 405 1772 ἀντὶ
426 1744 486 1777 τοῦ,
501 1745 637 1776 Δυνατοὺς
656 1745 719 1776 τοὺς
734 1745 825 1780 ἱεροὺς
839 1745 911 1771 ἁπο-

122 1791 234 1822 στόλους
252 1791 293 1822 εἰς
317 1791 347 1818 τδ
361 1791 496 1826 κήρυγμα
516 1791 532 1826 ὴ
553 1791 672 1826 ἑϐδομὰς
686 1791 778 1826 εκείνη
791 1792 910 1826 ὲργάσε·

121 1847 177 1866 ται.
194 1838 242 1870 Εἰς
259 1837 306 1864 δύο
320 1836 374 1873 γὰρ
394 1837 443 1872 τὴν
460 1837 595 1872 ἑϐδομάδα
617 1837 744 1872 φαίνεται
760 1837 873 1872 διαιρῶν
895 1838 910 1865 δ

123 1883 309 1920 ἀρχάγγελος,
327 1884 366 1915 είς
392 1884 439 1910 τον
469 1883 544 1918 παρὰ
573 1883 618 1910 τοῦ
644 1883 761 1916 Πάθους,
788 1884 835 1910 καὶ
864 1884 910 1911 τὸν

121 1932 194 1966 μετά
208 1931 239 1958 τὸ
257 1930 345 1963 Πᾲθος
365 1930 473 1965 καιρόν.
498 1930 566 1964 Περὶ
580 1930 635 1965 γὰρ
649 1931 683 1956 τὰ
697 1930 761 1966 τρία
776 1929 824 1965 ἔτη
841 1930 910 1965 πρὸς

120 1977 160 2012 τῷ
174 1977 269 2012 ἡμίσει
286 1975 408 2011 κηρύξας
421 1976 435 2002 δ
456 1975 559 2010 Κύριος
574 1976 646 2002 κατὰ
663 1976 693 2001 τὸ
717 1975 766 2002 τοῦ
787 1975 847 2002 υἰοῦ
860 1976 911 2010 τῆς

120 2022 239 2058 βροντῆς
268 2022 445 2056 Εὐαγγὲλιον,
465 2023 512 2047 καὶ
532 2022 664 2056 στηρίξας
683 2022 724 2053 εἰς
753 2022 802 2057 τὴν
826 2022 909 2049 αὑτοῦ

119 2069 213 2095 πίστιν
232 2067 297 2099 τοὺς
313 2067 402 2099 θείους
417 2066 500 2092 αὑτοῦ
522 2066 691 2098 ἀποστόλους
705 2068 739 2102 τῇ
753 2066 808 2093 τῶν
823 2066 910 2100 λόγων

117 2113 235 2149 ἀληθείᾳ
260 2113 309 2140 καὶ
330 2114 363 2148 τῇ
387 2112 442 2139 τῶν
466 2112 626 2147 θαυμασίων
649 2111 738 2147 ἔργων
762 2112 908 2144 ἐπιδείξει·

117 2161 191 2188 οὕτω
207 2160 276 2196 πρὸς
290 2161 321 2187 τὸ
337 2159 426 2191 Πάθος
443 2159 578 2195 ἐχώρησε,
597 2160 644 2186 καὶ
658 2159 704 2186 τὸν
721 2159 838 2194 σταυρὸν
858 2167 909 2186 κα-

973 235 1046 262 euim
1062 234 1154 260 unctio
1174 235 1229 261 vim
1249 243 1327 263 suam
1347 237 1494 269 retinebat,
1510 239 1558 266 sed
1576 245 1606 266 ut
1617 246 1758 275 corrupta,

972 279 1066 314 gratim
1081 279 1181 306 divina:
1196 284 1255 306 erat
1269 288 1379 315 expers.
1396 282 1487 315 Quare
1503 283 1608 318 adjicit,
1622 285 1756 320 judicium

972 332 1026 351 non
1052 332 1113 351 esse
1140 325 1165 350 in
1177 332 1231 352 ea:
1251 327 1301 352 hoc
1323 332 1365 354 est
1379 328 1455 355 nullo
1477 329 1600 363 judicio,
1627 331 1758 366 nullaque

972 370 1161 405 exploratione
1187 371 1312 398 adhibita
1335 374 1482 406 pontiﬁces
1507 381 1630 402 creatum
1649 377 1693 410 iri,
1709 378 1757 404 sed

971 415 1039 442 citra
1056 415 1192 442 delectum
1209 417 1250 442 vel
1279 418 1398 450 ambitu,
1423 420 1464 446 vel
1484 421 1580 454 gratia.
1606 422 1674 449 Dum
1701 423 1758 450 huc

971 460 1080 493 ﬁerent,
1105 462 1187 488 etiam
1216 467 1321 496 seplem
1347 464 1533 493 hebdomach
1557 474 1623 495 sunt
1639 469 1756 503 elapsa,

971 514 1033 533 cum
1057 515 1142 541 usque
1168 507 1201 533 ad
1229 507 1332 535 Christi
1356 509 1505 537 adventum
1533 512 1688 540 durassent.
1718 516 1757 542 Ac

970 552 1110 585 sexaginta
1124 551 1242 578 duarum
1260 557 1288 579 et
1306 558 1411 587 septem
1432 555 1636 583 hebdomadam
1656 558 1757 586 divisio

970 596 1021 624 hac
1042 598 1075 624 de
1101 605 1182 624 causa
1211 598 1335 626 instituta
1353 604 1405 626 est.
1430 600 1498 627 Cum
1534 607 1627 629 autem
1655 611 1757 638 praeter

969 649 1016 668 eas
1033 650 1095 676 qua:
1117 643 1197 669 initio
1223 648 1287 670 sunt
1310 646 1452 678 exposita,
1472 646 1563 674 adhuc
1588 655 1642 674 una
1672 654 1757 676 restet

970 688 1131 720 liebdomus,
1153 689 1187 715 de
1210 696 1240 715 ea
1255 698 1365 724 quoque
1387 691 1573 726 archangelus
1593 693 1633 720 sic
1645 694 1705 721 ait:
1722 695 1756 722 Et

968 733 1132 767 conﬁrmabit
1155 739 1338 762 testamentum
1364 736 1453 763 multis
1469 739 1610 765 hebdoma;
1638 748 1702 771 una,
1731 745 1756 767 et

968 779 994 804 in
1020 780 1127 806 semisse
1147 780 1317 808 hebdomadis
1334 782 1441 808 tolletur
1453 785 1614 817 sacriﬁcium
1635 790 1660 812 et
1686 786 1755 813 liba-

967 825 1012 856 tio,
1033 830 1058 851 et
1080 830 1176 860 prtcter
1200 827 1256 853 [nec
1277 827 1436 855 abaminan’o
1448 831 1584 857 uastittetis
1597 840 1676 866 super
1690 837 1756 858 tem-

966 869 1038 902 plum
1055 879 1064 897 :
1083 874 1107 896 et
1126 879 1206 904 usque
1229 871 1264 897 ad
1291 873 1507 905 complementum
1524 877 1662 910 temporis,
1686 885 1756 903 cont-

965 915 1125 949 plementum
1138 917 1244 944 dabitur
1260 925 1339 952 super
1351 920 1539 946 vastationem.
1557 920 1673 955 Reliqua
1688 942 1694 953 ,
1714 923 1755 949 in-

965 961 1036 995 quit,
1055 961 1218 994 hebdomas,
1232 963 1374 998 sexaginta
1391 971 1488 992 novem
1500 972 1640 1000 secutura,
1654 976 1754 996 novum

967 1010 1166 1035 testamentum
1184 1009 1343 1036 introducet
1366 1010 1437 1037 adeo
1458 1012 1592 1045 validum,
1606 1019 1635 1040 ut
1656 1022 1706 1048 per
1726 1015 1754 1042 id

965 1053 1082 1080 tollatur
1094 1061 1109 1080 e
1126 1054 1217 1081 medio
1232 1056 1398 1082 sacriﬁcium
1421 1061 1450 1084 ct
1473 1058 1572 1086 libatio
1595 1060 1621 1086 in
1639 1061 1755 1088 semisse

965 1098 1157 1128 hebdomadis.
1173 1099 1240 1127 Nam
1262 1109 1324 1129 cum
1351 1111 1412 1138 post
1436 1104 1602 1138 baptismum
1626 1105 1754 1134 Christus

962 1144 1114 1172 triennium
1140 1150 1169 1173 et
1203 1147 1274 1174 ultra
1293 1149 1443 1181 docuisset,
1473 1154 1501 1176 et
1525 1151 1658 1177 miracula
1674 1152 1752 1187 137

965 1190 1117 1223 edidisset,
1147 1193 1181 1219 ad
1204 1195 1371 1228 supplicium
1391 1197 1483 1228 venit,
1503 1203 1592 1231 eoque
1620 1205 1670 1232 pro
1695 1203 1753 1226 toto

966 1236 1068 1264 mundo
1091 1237 1243 1271 immolato,
1258 1240 1306 1274 qui
1320 1246 1363 1268 est
1379 1241 1474 1276 Agnus
1487 1242 1546 1275 Dei,
1573 1244 1674 1270 tollens
1688 1252 1753 1279 pec-

963 1287 1023 1309 cata
1039 1283 1146 1314 mundi,
1168 1284 1334 1312 sacriﬁcium
1348 1291 1376 1313 et
1389 1287 1496 1320 libalio,
1517 1289 1666 1316 constituta
1681 1290 1752 1325 lege,

964 1326 1056 1354 desiit.
1088 1328 1127 1354 Ac
1149 1330 1339 1357 sacrilicarunt
1352 1336 1409 1358 tum
1436 1332 1540 1364 Judzei,
1559 1338 1589 1360 ut
1610 1338 1639 1361 et
1662 1342 1752 1367 nunc,

963 1377 1058 1399 contra
1072 1372 1171 1408 legem.
1186 1381 1275 1408 neque
1292 1383 1389 1402 eorum
1406 1378 1541 1404 sacriﬁcia
1560 1382 1588 1405 et
1601 1379 1751 1407 libationes

963 1424 1081 1452 acceptae
1091 1419 1203 1447 fuerunt
1217 1421 1283 1448 Deo.
1296 1423 1363 1449 illud
1377 1431 1470 1458 porro,
1480 1424 1660 1453 Conlirmabit
1674 1431 1753 1454 testa-

962 1469 1085 1492 mentum
1109 1466 1216 1499 multis,
1236 1467 1320 1494 etiam
1340 1469 1420 1495 aliter
1441 1470 1541 1504 exponi
1565 1476 1663 1505 potest,
1677 1472 1752 1506 quod

961 1515 1071 1537 sanctos
1086 1512 1227 1546 apostolos
1240 1513 1285 1539 illa
1303 1513 1454 1542 hebdomas
1471 1521 1600 1550 potentes
1615 1516 1751 1544 eﬁ‘ectura

962 1556 1040 1583 sitad
1056 1557 1280 1591 prtedicationem
1305 1560 1457 1595 Evangelii.
1472 1562 1542 1588 Nam
1564 1569 1625 1588 eam
1647 1563 1752 1590 heme

962 1601 1070 1629 madent
1083 1602 1209 1637 bipertiti
1225 1605 1337 1632 videtur
1352 1606 1546 1641 archangelus,
1557 1607 1584 1634 in
1600 1607 1628 1634 id
1644 1612 1752 1642 tempus

961 1648 1035 1682 quod
1062 1649 1224 1676 Passionem
1253 1655 1280 1678 et
1304 1652 1444 1678 antecedit
1459 1656 1488 1679 et
1513 1653 1650 1687 sequitur.
1680 1654 1750 1680 Nam

961 1701 1025 1721 cum
1053 1694 1189 1722 Dominus
1214 1696 1330 1723 circiter
1348 1701 1405 1724 tres
1422 1705 1511 1725 annos
1533 1701 1562 1725 et
1585 1698 1751 1732 dimidium,

961 1739 1116 1767 secundum
1132 1740 1316 1776 Evangelium
1343 1742 1392 1769 ﬁlii
1408 1743 1524 1771 tonitrui
1536 1763 1543 1775 ,
1559 1744 1751 1778 pra'dicassct,

960 1788 1042 1819 atque
1063 1786 1136 1820 apud
1165 1791 1276 1814 sanctos
1287 1796 1352 1815 suos
1378 1790 1517 1823 apostolos
1540 1795 1568 1817 et
1594 1798 1752 1818 sermonum

959 1831 1088 1864 veritate,
1118 1837 1147 1859 et
1173 1833 1342 1861 mirabilium
1380 1842 1495 1869 operum
1518 1836 1668 1864 ell‘cctioue
1698 1837 1751 1864 sibi

960 1877 1042 1905 ﬁdem
1055 1879 1247 1912 conciliasset;
1271 1880 1312 1907 sic
1326 1880 1360 1907 ad
1373 1880 1532 1909 Passionem
1545 1882 1686 1917 profectus
1697 1888 1750 1914 est,

959 1928 986 1950 et
1000 1931 1110 1951 crucem
1124 1926 1257 1960 suscepit,
1275 1930 1447 1961 mortemque
1460 1934 1609 1962 perpessus
1625 1934 1678 1956 est.
1698 1929 1751 1956 Rc-

959 1971 1038 2005 liquo
1055 1971 1237 1999 hebdomadis
1254 1977 1378 2007 tempore
1402 1978 1464 2008 post
1488 1976 1722 2002 resurrectionem
1736 1984 1750 2002 a

960 2016 1089 2049 mortuis,
1105 2022 1133 2044 et
1148 2025 1294 2044 ascensum
1311 2019 1339 2045 in
1362 2019 1456 2046 sinum
1477 2019 1636 2051 Paternum,
1662 2028 1677 2047 a
1696 2028 1750 2055 quo

965 2070 1106 2098 nunquam
1119 2067 1264 2097 separatus
1277 2063 1339 2093 fuit,
1355 2067 1383 2091 et
1396 2064 1530 2091 Paracleti
1552 2065 1750 2099 visitationem,

959 2108 1082 2136 divinant
1101 2109 1223 2136 alllatum
1235 2130 1243 2142 ,
1258 2110 1349 2137 sancti
1365 2111 1426 2145 ejus
1438 2110 1582 2144 discipuli,
1603 2119 1666 2138 cum
1678 2111 1751 2139 divi-

960 2163 1028 2182 num
1050 2155 1230 2191 Evangelium
1255 2156 1454 2192 Hierosolymis
1477 2157 1705 2190 annuntiassent,
1722 2164 1751 2186 et

120 2208 257 2240 τεδέξατο,
283 2207 330 2233 καὶ
357 2207 489 2241 ὑπέμεινε
507 2205 634 2232 θάνατον.
660 2203 728 2232 Εἶτα
749 2205 795 2231 τὸν
815 2205 908 2231 λοιπὸν

964 2202 1186 2237 pra'dicationem
1206 2203 1348 2231 miraculis
1361 2203 1585 2236 conﬁrmassent,
1610 2209 1638 2231 ct
1655 2204 1751 2232 turbas

117 2255 169 2290 τῆς
182 2253 334 2288 ὲὸδομάδος
354 2253 450 2288 χρόνον
477 2252 546 2288 μετὰ
565 2251 614 2288 τὴν
626 2253 659 2278 ὲκ
673 2252 778 2287 νεκρῶν
790 2252 910 2278 ἀνάστα-

119 2309 164 2327 σιν
185 2299 233 2326 κσιὶ
258 2300 308 2334 τὴν
333 2299 402 2334 πρὸς
428 2299 492 2329 τοὺς
516 2298 634 2329 κόλπους
665 2298 729 2329 τοὺς
750 2297 910 2333 Πατρικοίις

117 2346 224 2378 ἄνοδον,
242 2342 280 2372 ὧν
298 2345 327 2371 οὐ
349 2343 501 2379 κεχώριστο
516 2343 638 2376 πώποτε,
655 2343 702 2370 καὶ
718 2344 768 2378 τὴν
786 2343 832 2370 τοῦ
852 2344 910 2369 Πα-

120 2390 259 2425 ρακλήτου
277 2389 461 2424 ὲπιφοίτησιν,
478 2389 525 2415 καὶ
540 2389 617 2415 θείαν
628 2388 784 2420 ἐπίπνοιαν,
800 2389 825 2414 οἰ
842 2386 912 2422 ἱεροὶ

117 2435 204 2461 αὑτοῦ
227 2435 348 2470 μαθηταὶ
362 2436 391 2461 ὲν
413 2434 592 2469 Ἰερουσαλὴμ
609 2434 641 2460 τὺ
656 2434 727 2460 θεῖον
738 2433 910 2467 διαγγέλλον-

117 2490 164 2512 τες
187 2481 365 2514 Εὐαγγέλιον,
381 2480 429 2506 καὶ
445 2480 476 2506 τὸ
494 2480 625 2514 κήρυγμα
642 2478 821 2513 πιστούμενοι
843 2478 911 2505 θαύ-

119 2536 200 2563 μασι,
217 2527 265 2553 καὶ
284 2526 376 2560 πλήθη
390 2525 543 2561 ἀνθρώπων
563 2525 752 2560 ἐπισπώμενοι
771 2525 839 2560 πρὸς
861 2525 910 2560 τὴν

116 2575 270 2608 ἐπίγνωσιν
290 2573 338 2599 τοῦ
362 2573 447 2604 ὅντως
474 2572 542 2598 Θεοῦ
558 2592 565 2604 ,
591 2572 783 2607 διεσπάρησαν
808 2572 849 2602 εἰς
876 2572 911 2598 τὰ

115 2622 197 2657 ἔθνη,
214 2623 261 2648 καὶ
282 2621 369 2648 ταῦτα
386 2620 534 2654 ἐφώτισαν.
558 2619 644 2646 Τοῦτο
666 2619 758 2645 τοίνυν
773 2619 787 2645 ό
803 2618 911 2653 ἀρχάγ‹

113 2670 198 2703 γελος
219 2668 361 2703 προδηλῶν
381 2667 418 2702 τῷ
432 2667 561 2703 προφήτῃ
581 2665 691 2700 Δανιὴλ¹
706 2665 783 2698 ἔλεγε
794 2672 801 2680 ν
815 2665 910 2690 Δυνα-

109 2714 214 2749 μώσει
232 2713 381 2747 διαθήκην
392 2712 519 2743 πολλοῖς
537 2710 664 2745 ἑϐδομὰς
678 2710 733 2744 μία
744 2716 751 2722 ·
772 2709 831 2734 ἀντὶ
851 2706 909 2739 τοῦ,

112 2761 242 2795 Δύναμιν
257 2759 408 2793 περιζώσει
424 2758 550 2790 πολλοὺς,
570 2758 633 2787 τοὺς
656 2755 778 2790 μαθητὰς
797 2753 910 2788 δηλαδὴ,

111 2807 163 2833 τόν
178 2814 210 2832 τε
229 2805 284 2840 πρὸ
299 2805 348 2832 τοῦ
364 2805 471 2836 Πάθους
491 2803 539 2829 τοῦ
556 2803 659 2839 Κυρίου
673 2800 781 2836 χρόνον,
801 2799 850 2825 καὶ
864 2799 911 2825 τὸν

112 2853 192 2889 μετὰ
208 2852 239 2880 Ἰδ
263 2851 362 2885 Πάθος,
379 2850 440 2880 καθ’
455 2850 485 2878 δν
497 2850 631 2885 πρότερον
652 2848 701 2884 μὲν
716 2848 745 2874 ὲν
769 2845 909 2880 Ἰερουσα-

962 2247 1104 2274 hominum
1120 2248 1153 2275 ad
1173 2249 1230 2275 veri
1254 2248 1302 2275 Dei
1326 2249 1498 2283 agnitionem
1517 2249 1708 2280 attraxissent.
1723 2252 1751 2278 ili

959 2298 1056 2328 gentes
1080 2294 1196 2328 dispersi
1223 2299 1306 2326 sunt,
1332 2302 1436 2330 easque
1460 2295 1663 2323 illuminarunt.
1692 2296 1751 2324 Hoc

959 2340 1044 2375 igitur
1052 2340 1235 2375 archangelus
1248 2341 1469 2376 prtesigniﬁcans
1483 2341 1591 2368 Danieli
1607 2342 1750 2376 propheta:

960 2386 998 2412 ait
1011 2394 1018 2411 :
1034 2385 1206 2419 Conﬁrmabit
1222 2390 1409 2413 testamentum
1421 2386 1511 2413 multis
1530 2387 1669 2414 hebdoma:
1685 2396 1751 2422 una,

961 2431 1013 2459 hoc
1024 2437 1076 2464 est,
1088 2432 1161 2459 vires
1173 2438 1300 2467 suggeret
1317 2433 1426 2466 multis,
1444 2433 1590 2468 discipulis
1606 2434 1751 2465 nimirum,

963 2483 1073 2512 tempus
1088 2482 1116 2504 et
1129 2484 1318 2512 antegressum
1341 2484 1370 2507 ει
1391 2485 1572 2507 σοηεοευιυιη
1595 2479 1751 2514 passionem

960 2523 1068 2550 Domini
1082 2523 1251 2558 complexus,
1272 2532 1329 2559 quo
1344 2525 1420 2559 prius
1439 2524 1635 2559 Hierosolymis
1651 2524 1751 2558 praedi-

961 2569 1196 2604 cabantapostoli,
1209 2576 1272 2604 post
1289 2571 1372 2596 etiam
1383 2571 1459 2597 orbis
1471 2574 1609 2596 terrarum
1621 2570 1752 2596 extremi-

963 2619 1031 2642 tates
1049 2615 1183 2642 obeuntes
1211 2616 1357 2643 docebant.
1379 2616 1440 2642 Mox
1457 2615 1583 2642 eamdem
1599 2614 1750 2641 hebdoma-

961 2659 1022 2686 dem
1046 2659 1145 2686 dividit
1174 2660 1216 2687 bis
1243 2660 1335 2687 verbis
1363 2668 1369 2686 :
1395 2660 1427 2687 In
1455 2660 1562 2686 semisse
1582 2658 1751 2696 hebdomadis

961 2704 1070 2731 tolletur
1083 2706 1248 2739 sacriﬁcium
1267 2712 1291 2732 et
1317 2705 1421 2732 libatio.
1439 2706 1499 2738 Quo
1522 2705 1645 2732 declarat
1668 2705 1749 2731 linem

962 2751 1067 2778 umbrat
1092 2752 1171 2787 legis.
1197 2753 1302 2780 Deinde
1320 2753 1451 2788 subjicit:
1470 2752 1503 2778 Et
1527 2760 1606 2787 super
1623 2750 1751 2786 templum

962 2799 1125 2826 abominatia
1149 2800 1281 2827 vastitati:
1299 2808 1309 2828 :
1324 2807 1388 2826 nam
1409 2807 1473 2826 cum
1501 2799 1559 2826 hate
1585 2798 1662 2828 ﬁent,
1683 2802 1753 2824 tem-

962 2845 1038 2880 plum
1059 2845 1166 2880 pridem
1189 2851 1318 2873 sanctum
1333 2850 1361 2874 et
1381 2845 1550 2878 venerabile,
1582 2843 1752 2872 abominatio
