2041 3147
142 146 189 180 261

771 145 976 177 ANNALIUI‘I
996 146 1072 179 LIB.
1094 146 1154 178 III.

1715 153 1770 185 262

143 205 191 239 τῆς
205 202 360 238 Αἰγύπτου,
378 202 426 229 καὶ
442 201 545 238 δῃῶσαι
565 201 660 234 αὐτὰς,
681 203 730 228 καὶ
747 201 930 237 ampliﬁcat,

990 207 1043 230 Lum
1062 202 1129 238 ipsis
1142 202 1291 231 Ecbatanis
1310 203 1384 239 regia
1407 204 1482 231 illius
1495 204 1610 239 potitus,
1629 207 1770 241 copiarum

141 251 187 278 καὶ
202 251 242 282 είς
259 250 401 286 ἐρήμωσιν
415 249 541 284 ἀγαγεῖν.
557 248 790 283 Ἀντιταξάμενος
805 247 851 275 οὖν
861 250 928 284 πρὸς

148 295 284 331 ’Δρφαξὰδ
293 295 338 321 τὸν
348 295 450 329 Μῆδον,
461 294 508 320 καὶ
521 294 591 320 κατὰ
602 294 702 329 κράτος
710 293 807 320 τούτου
819 301 931 328 περιγε-

141 342 264 376 νόμενος,
281 340 335 366 τῶν
351 340 441 366 ἄλλων
451 347 479 365 τε
496 338 600 366 πόλεων
614 339 696 365 αὑτοῦ
713 338 865 374 κρατήσας,
885 339 931 365 καὶ

142 387 195 413 τῶν
217 385 391 413 Ἐκῦατάνων
407 384 507 417 αὐτῶν,
527 384 591 411 ἔνθα
604 382 675 420 ἦσαν
690 384 730 420 τῷ
751 384 888 420 ’Δρφαξὰδ
898 384 932 410 τὰ

145 432 279 466 βασίλεια,
289 431 416 459 κάκεῖνον
423 430 491 457 ἑλών
501 439 530 457 τε
542 431 589 457 καὶ
601 430 714 463 ἀνελὼν,
723 430 768 457 τὸν
783 430 934 466 ἀρχιστρά-

144 487 230 514 τηγον
246 478 294 512 τῆς
305 477 408 508 οἰκείας
421 477 562 511 δυνάμεως
575 476 694 508 καλέσας
705 476 878 512 Ὁλοφέρνην,
892 478 934 503 ὲν-

145 524 268 551 ετείλατό
277 525 302 550 οἱ
309 523 354 550 τὸν
362 524 444 559 ὅρκον
451 523 480 550 ὃν
489 523 596 559 ὥμοσεν
608 523 796 558 ἐκπληρῶσαι,
810 523 934 550 καὶκατὰ

145 570 199 597 τῶν
220 569 258 604 μὴ
270 569 443 604 θελησάντων
454 569 635 604 συμμαχῆσαι
649 568 725 604 αὐτῷ
743 569 848 596 ἐπιόντι
865 568 935 596 κατὰ

147 615 199 642 τῶν
215 615 326 649 Μήδων,
341 614 541 650 ἐκστρατεῦσαι
567 615 636 650 μετὰ
652 614 765 649 βαρείας
783 615 934 650 δυνάμεως,

148 660 269 692 καὶτοὺς
290 661 340 696 μὲν
358 660 415 686 ὅσοι
433 660 547 691 ἑαυτοὺς
560 660 638 695 αὑτῷ
657 660 852 693 ὑποτάσσουσι,
878 661 936 687 δια-

147 706 277 741 τηρῆσαι,
293 707 342 734 καὶ
356 706 406 737 τὰς
428 706 522 738 πόλεις
542 706 633 732 αὐτῶν
657 706 829 742 ἀπορθήτους
844 708 935 740 ἐάσαι,

148 753 201 778 τῶν
215 752 239 778 δ’
259 751 446 779 ἀπειθούντων
469 753 506 787 μὴ
524 751 681 786 φείσασθαι,
711 753 779 780 ἀλλὰ
804 754 865 785 τοὺς
888 755 938 789 μὲν

150 797 313 833 ἀνθρώπους
324 797 363 832 τῷ
384 797 457 831 ξίφει
465 798 630 832 ὑπαγαγεῖν,
642 799 691 830 τὰς
701 799 730 825 δὲ
746 799 838 831 πόλεις
848 800 939 828 αὐτῶν

148 843 272 871 ἐκδοῦναι
291 844 332 874 είς
344 844 500 879 διαρπαγὴν
530 845 578 871 καὶ
593 845 632 876 εἰς
645 845 765 880 ὄλεθρον.
789 846 818 872 '0
834 847 883 881 μὲν
891 844 938 873 οὖν

148 890 387 924 Ναθουχοδονόσορ
414 889 529 916 τοιαῦτα
562 890 604 925 τῷ
636 880 936 928 ἀρχισατράπῃναύτοῦ
953 880 974 907 Β

149 936 312 962 ἐνετείλατο.
330 935 497 971 Ὀλοφέρνης
514 936 543 962 δὲ
566 936 780 971 ἐκστρατεύσας,
805 939 852 964 καὶ
881 940 937 970 τοῖς

148 982 238 1008 εθνεσι
255 982 316 1008 καθ’
331 978 369 1009 ὦν
381 982 537 1009 ἀπέσταλτο
547 982 681 1016 ἐπελθὼν,
694 983 756 1015 τοὺς
773 983 823 1018 μὲν
841 984 938 1015 ἄλλους

149 1028 220 1055 κατὰ
239 1028 274 1054 τὰ
287 1027 473 1063 ἐντεταλμένα
488 1028 604 1056 διέθετο.
624 1028 687 1055 Ἐπὶ
701 1029 730 1056 δὲ
744 1030 808 1062 τοὺς
829 1031 938 1066 Ἰσραη-

148 1073 226 1105 λίτας
249 1072 356 1108 μέλλων
372 1073 543 1107 στρατεύειν,
559 1073 608 1100 καὶ
620 1074 690 1101 ὅπλα
714 1077 774 1101 κατ’
789 1075 878 1102 αὐτῶν
893 1077 937 1102 αῖς

151 1128 207 1155 ρειν
223 1118 277 1155 ’(οὺ
304 1119 358 1154 γὰρ
391 1119 549 1155 προσῄεσαν
579 1120 654 1155 αὐτῷ
683 1121 739 1148 οὐδ’
755 1121 936 1156 ὑπέκυπτον),

150 1166 234 1201 ἤρετο
249 1165 322 1196 τίνες
338 1163 422 1199 οὗτοι,
437 1167 484 1193 καὶ
499 1165 553 1201 ὅτῳ
570 1166 734 1202 θαρροῦντες
751 1167 936 1200 ἀνθίστανταις

150 1212 199 1238 καὶ
213 1210 291 1239 εἶπεν
308 1212 382 1247 αὐτῷ
401 1212 503 1248 Ἀχιὼρ
514 1214 528 1240 δ
539 1213 594 1239 τῶν
609 1214 676 1240 υίῶν
693 1212 806 1248 ’Δμμὼν
817 1214 938 1249 ἀρχηγὸς

149 1259 200 1293 τήν
212 1267 243 1284 τε
261 1258 438 1292 γενεαλογίαν
452 1259 554 1292 αὐτῶν,
569 1259 616 1285 καὶ
632 1259 705 1291 ὅπως
725 1260 764 1290 είς
784 1259 833 1290 τὰς
846 1260 938 1291 πόλεις

150 1305 259 1336 ἐκείνας
282 1304 314 1337 ἐξ
342 1305 430 1340 ἀρχῆς
469 1305 690 1341 κατῳκίσθησαν,
714 1306 761 1332 καὶ
784 1305 830 1332 τοῦ
862 1306 939 1340 σφῶν

150 1351 220 1378 Θεοῦ
238 1351 287 1386 τὴν
297 1351 384 1386 ἰσχύν.
403 1349 470 1378 Εἶτα
482 1352 617 1387 ἐπήγαγε·
632 1352 697 1379 Νῦν
711 1349 768 1379 οὖν
779 1351 938 1384 σκεπτέον,

150 1397 200 1424 καὶ
215 1400 242 1424 εἰ
256 1398 315 1432 μὲν
340 1398 385 1430 δὶς
401 1397 454 1424 τὸν
475 1398 550 1424 Θεὸν
578 1397 678 1424 αὐτῶν
704 1396 938 1432 ἁμαρτάνουσιν,

149 1444 375 1478 ἁναϐησόμεθα,
400 1444 449 1471 καὶ
480 1443 730 1478 ὲκπολεμήσομεν
754 1444 865 1476 αὐτούς
881 1451 889 1460 ι
914 1444 939 1470 σι

150 1490 178 1517 δ’
195 1492 232 1518 οὺ
260 1490 361 1524 τοῦτο,
378 1491 548 1525 παρελθέτω
562 1491 579 1517 ό
591 1490 700 1524 Κύριός
716 1498 785 1525 μου,
802 1490 845 1524 μή
868 1497 941 1516 ποτε

151 1538 348 1571 ὑπερασπίσῃ
360 1536 461 1564 αὐτῶν
478 1538 494 1564 d
508 1536 580 1570 Θεὸς
596 1536 706 1566 αὐτῶν.
737 1535 788 1563 καὶ
809 1535 942 1570 ἡττηθῶ·
955 1545 976 1574 c

147 1592 218 1618 μεν.
232 1583 324 1610 Ταῦτα
339 1583 388 1610 τοῦ
402 1583 505 1618 Ἀχιὼρ
520 1583 654 1616 εἰπόντος,
666 1582 680 1608 6
691 1582 854 1618 Ὀλοφέρνης
862 1581 941 1618 θυμῷ

151 1629 266 1665 ληφθεὶς
281 1629 409 1656 ἐκέλευσε
426 1630 486 1660 τοῖς
510 1628 686 1663 παρεστῶσιν
705 1628 780 1663 αὐτῷ
798 1628 882 1663 δῆσαι
896 1630 942 1655 τὸν

157 1675 270 1711 ’Δχιὼρ,
282 1676 331 1702 καὶ
351 1676 519 1709 ἀπαγαγεῖν,
532 1675 580 1701 καὶ⁵
596 1673 765 1708 παραδοῦναι
793 1675 850 1706 τοῖς
874 1675 943 1706 υἱοῖς

157 1722 276 1757 Ἰσραὴλ,
294 1721 337 1748 ἵνα
350 1720 399 1747 σὺν
427 1721 543 1752 ἐκείνοις
558 1720 672 1756 ληφθεὶς
705 1720 837 1756 κολασθῇ.
855 1721 888 1747 Ol.
915 1720 943 1747 δὲ

153 1766 333 1799 συλλαϐόντες
349 1766 396 1793 τὸν
408 1765 492 1801 ἄνδρα
509 1765 655 1802 ἀπήγαγον
689 1766 730 1798 είς
762 1766 942 1794 Βαιτουλουά.

152 1815 212 1842 Καὶ
228 1813 253 1841 οἱ
265 1814 315 1848 τῆς
330 1812 436 1844 πόλεως
457 1812 616 1847 σφενδόναις
634 1813 697 1845 τοὺς
713 1813 877 1848 προσιόντας
895 1813 944 1839 καὶ

153 1860 263 1896 βέλεσιν
279 1859 401 1888 ἐσαλλον.
436 1860 566 1886 Κάκεῖνοι
593 1859 640 1886 τὸν
671 1859 773 1894 Ἀχιὼρ
803 1859 944 1894 δεδεμένον

153 1907 270 1944 ἔρριψαν
283 1906 337 1934 ὑπὸ
367 1907 417 1942 τὴν
441 1905 593 1941 ὑπώρειαν,
616 1905 664 1931 καὶ
701 1905 886 1940 ὑπέστρεψαν.
912 1905 944 1932 Θῑ

153 1953 182 1980 δὲ
210 1952 261 1988 τῆς
285 1952 390 1983 πόλεως
426 1951 523 1987 ἄνδρες
556 1951 739 1983 καταῦάντες,
775 1950 873 1977 ἔλυσαν
899 1950 946 1977 τδν

159 1997 275 2034 Ἆχιὼρ,
293 1995 343 2024 καῖ
354 1999 394 2030 είς
402 1996 452 2032 τὴν
472 1995 608 2031 σφετέραν
628 1995 707 2022 πόλιν
717 1996 874 2030 ἀπήγαγον,
897 1995 946 2021 καὶ

153 2045 181 2072 τί
191 2047 222 2072 τὸ
237 2044 411 2080 ωμσεῦηκὸς
428 2043 674 2076 ἐπυνθάνοντο,καὶ
682 2042 710 2074 ὸς
724 2042 817 2073 αὐτοῖς
833 2036 940 2069 ᾶπαντα

981 256 1093 276 suarum
1110 249 1306 284 imperatorem
1319 250 1523 286 Holoplternem
1533 252 1621 287 jubet,
1631 254 1771 289 sejureju-

982 295 1068 322 rando
1088 295 1168 330 139
1181 303 1236 330 quo
1254 296 1312 329 ipse
1328 304 1388 324 sese
1409 297 1595 325 obstrinxerat
1608 319 1615 331 ,
1636 299 1743 328 solvere
1763 309 1770 328 :

982 345 1010 368 et
1024 349 1085 368 cum
1102 342 1209 376 magnis
1222 343 1311 377 copiis
1324 343 1358 370 iis
1374 344 1475 371 inferre
1488 344 1600 377 bellum,
1615 346 1661 380 qui
1673 346 1771 373 Medici

983 386 1049 413 belli
1064 387 1223 414 societatem
1242 387 1458 421 detrectassent,
1481 392 1653 418 conservatis
1669 392 1701 420 iis
1724 393 1771 428 qui

984 439 1013 458 se
1028 431 1172 464 dederent,
1184 440 1336 467 eorumque
1355 433 1469 461 urbibus
1484 435 1584 468 illaasis,
1601 436 1774 465 contumaci-

984 475 1036 503 bus
1052 484 1118 504 vcro
1133 485 1187 504 non
1201 478 1380 512 parcendum,
1397 479 1444 506 scd
1470 485 1497 507 et
1522 481 1596 515 ipsos
1613 482 1771 515 caedendos,

984 527 1012 549 et
1030 523 1112 550 urbes
1131 530 1226 550 eorum
1241 524 1410 559 diripiendas
1424 533 1456 552 ac
1471 527 1620 554 vastandas
1636 535 1707 555 esse.
1727 528 1774 556 His

986 569 1123 596 mandatis
1135 570 1265 605 acceptis,
1275 569 1467 605 Holophcrnes
1478 577 1591 600 caeteras
1599 579 1695 608 gentes
1717 579 1773 602 tra-

986 614 1070 641 ctavit
1086 619 1117 641 ut
1138 615 1231 650 jussus
1253 620 1322 642 erat.
1339 616 1476 643 lsraelitas
1501 622 1593 644 autem
1619 619 1704 646 armis
1727 627 1774 653 ag-

987 667 1134 694 gressurus
1171 660 1272 696 (neque
1305 662 1379 688 enim
1407 663 1481 689 illius
1494 663 1556 690 ildei
1578 664 1717 698 supplices
1745 673 1775 692 se

987 705 1207 741 committebam)
1223 708 1345 743 rogabat,
1361 709 1472 742 quinam
1490 709 1529 736 illi
1546 715 1641 737 essent
1653 731 1660 742 ,
1679 715 1707 738 et
1721 719 1776 746 qua

988 759 1018 778 re
1046 751 1109 779 freti
1133 752 1314 780 resisterent?
1338 754 1406 781 Tum
1432 755 1534 782 Acbior
1559 756 1774 785 Ammanitarum

988 797 1129 832 princeps,
1154 803 1182 825 et
1204 799 1336 834 originem
1351 808 1447 828 eorum
1465 801 1523 834 illi,
1541 807 1568 829 et
1583 810 1637 837 qua
1667 804 1775 831 ratione

990 843 1075 871 urbes
1091 844 1152 872 illas
1169 845 1248 872 initio
1264 851 1454 881 occupassent,
1471 853 1499 874 et
1510 848 1584 875 vires
1598 849 1645 876 Dei
1665 849 1776 877 illorum

989 895 1125 918 recenset.
1136 890 1184 918 His
1196 892 1308 927 subjicit
1321 901 1328 919 :
1339 892 1415 920 Nunc
1423 894 1506 929 igitur
1516 894 1714 922 deliberandum
1726 900 1774 923 est.

989 935 1058 963 Nam
1069 937 1092 963 si
1107 937 1161 964 Deo
1173 946 1221 964 suo
1234 944 1415 973 peccauerunt,
1431 941 1612 974 ascendemus,
1621 950 1716 977 eosque
1731 945 1777 969 de-

989 981 1146 1010 bellnbimus
1159 991 1168 1010 :
1181 984 1221 1010 sin
1233 985 1332 1019 minus,
1349 990 1489 1020 prrztcreat
1504 986 1630 1014 Dominus
1647 996 1729 1020 metu,
1746 997 1779 1016 ne

988 1028 1057 1063 forte
1072 1028 1125 1056 illis
1150 1038 1166 1057 α
1185 1029 1238 1056 Deo
1256 1039 1303 1057 suo
1323 1031 1446 1066 defensis,
1464 1040 1510 1059 nos
1529 1041 1694 1067 superemur.
1713 1034 1778 1067 Qua:

988 1081 1050 1101 cum
1064 1074 1166 1103 Acbior
1177 1075 1300 1108 dixisset,
1316 1078 1505 1112 Holophernes
1516 1078 1555 1105 ira
1565 1079 1685 1113 percitus
1696 1080 1779 1107 satel-

989 1120 1052 1148 lites
1064 1121 1143 1156 jubet
1157 1122 1304 1150 Acbiorcm
1324 1124 1447 1151 vinctum
1464 1124 1572 1152 tradere
1590 1125 1732 1157 lsraelilis,
1748 1131 1778 1153 ut

989 1174 1052 1194 cum
1066 1167 1222 1203 illiscaptus
1231 1169 1366 1204 supplicio
1378 1170 1542 1198 adiceretur.
1558 1171 1710 1199 Bethuliam
1727 1171 1778 1199 ita-

989 1221 1042 1248 que
1056 1214 1212 1248 perducunt
1234 1215 1384 1247 hominem.
1400 1221 1428 1243 et.
1445 1224 1507 1243 cum
1524 1216 1558 1244 ab
1574 1217 1719 1252 oppidanis
1735 1226 1779 1244 sa-

989 1259 1066 1294 gittis
1080 1264 1108 1286 et
1125 1259 1217 1287 fundis
1233 1265 1403 1295 peterentur,
1420 1262 1539 1289 Acbiore
1555 1263 1646 1290 vincto
1658 1263 1685 1290 in
1700 1272 1778 1290 mon-

992 1305 1025 1332 tis
1043 1305 1182 1332 radicibus
1203 1306 1321 1341 abiecto,
1342 1307 1494 1335 redierunt.
1512 1308 1579 1335 Eum
1596 1309 1727 1344 oppidani
1750 1310 1777 1336 in

991 1351 1086 1377 urbem
1102 1351 1315 1379 introduxerunt
1335 1361 1341 1378 :
1357 1357 1385 1379 et
1397 1353 1504 1388 cognita
1519 1361 1552 1381 ex
1566 1363 1600 1382 eo
1622 1356 1695 1382 Illius
1713 1356 1779 1382 lacti

991 1403 1083 1428 causa,
1102 1396 1188 1423 Deum
1205 1396 1343 1424 vindicem
1360 1397 1534 1425 invocarunt.
1547 1399 1683 1426 Postridie
1696 1400 1779 1427 llolo-

992 1441 1111 1476 phernes
1121 1441 1209 1476 copiis
1216 1441 1250 1468 ad
1264 1441 1417 1469 Betbuliam
1432 1443 1567 1476 adductis,
1581 1444 1703 1479 peditum
1716 1453 1781 1473 cen-

993 1490 1049 1513 lum
1062 1491 1089 1514 et
1100 1489 1283 1522 septuaginta,
1299 1491 1327 1514 et
1340 1488 1464 1523 equitum
1485 1489 1631 1517 duodecim
1646 1490 1779 1524 millibus,

992 1536 1082 1558 castra
1096 1533 1178 1559 locat.
1198 1532 1300 1560 Deinde
1313 1534 1410 1560 statuit
1424 1541 1478 1561 non
1494 1542 1590 1570 gerere
1602 1534 1714 1567 bellum,
1730 1535 1779 1563 sed

992 1577 1082 1604 fontes
1098 1584 1245 1612 orcupare,
1266 1577 1338 1604 unde
1358 1584 1538 1612 aquarentur,
1555 1584 1584 1606 ut
1600 1584 1647 1606 aut
1666 1580 1712 1606 siti
1732 1587 1780 1614 pe-

991 1623 1090 1656 rirent,
1111 1628 1160 1650 aut
1177 1623 1273 1651 urbem
1289 1624 1428 1652 traderent
1444 1633 1450 1651 ε
1467 1630 1628 1660 partemque
1642 1627 1781 1653 exercitus

991 1671 1025 1698 ad
1035 1670 1192 1699 custodiam
1210 1678 1345 1705 aquarum
1362 1671 1457 1698 mittit.
1473 1672 1512 1699 Ita
1532 1680 1593 1700 cum
1612 1673 1712 1700 diebus
1729 1674 1780 1700 tri-

991 1717 1066 1753 ginta
1085 1722 1205 1753 quatuor
1225 1717 1260 1746 ab
1275 1717 1403 1745 hostibus
1416 1719 1693 1751 circumsiderentur,
1709 1727 1780 1754 aqua

992 1764 1117 1791 destituti
1135 1763 1220 1797 cives,
1234 1764 1410 1799 magistratus
1421 1765 1535 1798 adeunt,
1548 1769 1676 1800 petentes
1687 1770 1717 1792 ut
1733 1773 1781 1792 ur-

992 1810 1054 1838 bem
1074 1814 1102 1837 et
1118 1817 1179 1838 sese
1191 1809 1334 1844 dederent,
1356 1815 1385 1837 ut
1407 1815 1454 1838 aut
1475 1811 1629 1839 conservati
1645 1812 1783 1838 servirent

993 1856 1129 1888 hostibus,
1146 1861 1193 1883 aut
1209 1857 1295 1884 occisi
1316 1856 1397 1884 malis
1423 1856 1621 1885 liberarentur.
1636 1857 1716 1885 Ozias
1731 1865 1782 1885 au-

994 1907 1048 1929 tem
1064 1902 1184 1930 civitatis
1200 1902 1330 1938 princeps
1348 1911 1355 1928 :
1374 1903 1496 1935 Fratres,
1514 1904 1613 1938 inquit,
1629 1905 1684 1930 dies
1698 1904 1783 1931 adhuc

993 1950 1107 1985 quinque
1136 1954 1313 1984 exspectemus
1333 1957 1342 1976 :
1364 1949 1434 1984 quod
1455 1950 1479 1976 εἱ
1502 1950 1625 1976 divinitus
1651 1949 1782 1976 auxilium

994 1994 1068 2021 nobis
1081 1994 1198 2021 oblatum
1213 1994 1303 2028 fuerit,
1320 1995 1383 2020 bene
1397 1995 1446 2021 erit
1456 2003 1466 2027 ;
1477 1995 1518 2021 sin
1536 1996 1632 2028 minus,
1645 1995 1784 2022 consilium

995 2045 1110 2067 uestrum
1130 2047 1268 2074 exsequar.

154 2091 317 2126 διηγήσατο.
345 2091 377 2118 οι
405 2091 434 2118 δὲ
445 2091 491 2117 τὸν
508 2091 573 2117 Θεὸν
589 2090 704 2117 ἐκάλουν
714 2090 753 2122 είς
768 2090 887 2124 ἄμυναν.
901 2088 941 2123 Τῇ
957 2087 1056 2122 δ’,ὲξῆς
1071 2086 1236 2122 Ὀλοφέρνης
1254 2084 1324 2121 ἦγεν
1335 2087 1382 2112 ἐπὶ
1398 2086 1565 2113 Βαιτουλουὰ
1579 2086 1629 2121 τὴν
1641 2087 1785 2122 στρατιὰν,

155 2139 280 2175 χιλιάδας
293 2135 376 2165 οὖσαν
392 2137 482 2170 πεζῶν
498 2137 597 2164 ἑκατὸν
615 2137 814 2172 ἐϐδομήκοντα,
830 2136 878 2163 καὶ
895 2136 1002 2163 ἱππέων
1015 2135 1141 2171 χιλιάδας
1155 2133 1272 2167 δώδεκα,
1292 2134 1378 2169 χωρὶς
1395 2134 1449 2161 τῶν
1466 2134 1515 2168 τῆς
1540 2134 1709 2169 ἀποσκευῆς,
1739 2136 1785 2161 καί⁵

155 2187 429 2222 ἐστρατοπεδεύσατο
454 2186 519 2220 παρ’
531 2185 610 2220 αὐτῇ.
638 2183 705 2211 Εἶτα
725 2183 796 2218 έγνω
822 2184 860 2219 μὴ
876 2184 1017 2219 πολεμεῖν,
1034 2183 1102 2209 ἀλλὰ
1126 2183 1161 2209 τὰ
1189 2183 1275 2210 ὕδατα
1291 2181 1523 2218 προκαταλαϐεῖν,
1539 2181 1601 2208 ὅθεν
1630 2181 1787 2217 ὑδρεύοντο,

156 2234 191 2260 ἶν’
202 2233 362 2264 ἐκλιπόντες
377 2234 409 2268 τῇ
426 2232 492 2268 δίψῃ
516 2231 717 2267 διαφθαρῶσιν,
729 2231 746 2266 ἢ
757 2231 806 2266 τὴν
817 2231 896 2257 πόλιν
909 2230 985 2266 αὑτῷ
1001 2230 1207 2267 παραδώσουσι.
1229 2230 1284 2256 Καὶ
1298 2229 1465 2265 περιέστησε
1482 2229 1566 2272 μέρος
1590 2229 1638 2264 τῆς
1655 2230 1786 2264 στρατιᾶς

155 2282 214 2312 τοῖς
229 2279 307 2307 ὕδασι
322 2279 456 2316 φύλακας.
469 2279 534 2305 Ἐπὶ
558 2279 586 2305 δὲ
599 2279 732 2312 τέσσαρσι
749 2279 797 2304 καὶ
810 2278 959 2314 τριάκοντα
973 2277 1093 2313 ἡμέραις
1113 2276 1359 2312 παρακαθημένων
1380 2277 1436 2304 τῶν
1450 2277 1579 2304 ἐναντίων
1594 2277 1705 2310 αὐτοὺς,
1724 2277 1785 2309 ἐξέ-

156 2327 221 2353 λιπε
233 2326 311 2360 σφίσι
323 2326 353 2353 τὺ
371 2325 455 2360 ὕδωρ,
474 2325 522 2351 καὶ
537 2324 670 2359 ἡθροίσθη
686 2325 754 2359 πρδς
769 2325 833 2355 τοὺς
854 2324 988 2359 ἄρχοντας
1003 2323 1017 2349 6
1030 2323 1159 2355 ).αὺς,καὶ
1175 2323 1269 2357 ἠξίουν
1289 2323 1417 2350 ἐκδοῦναι
1426 2323 1474 2358 τὴν
1486 2324 1563 2350 πόλιν
1575 2325 1630 2356 τοῖς
1641 2324 1787 2356 ἐναντίοις,

156 2375 207 2400 καὶ
223 2374 347 2405 ἑαυτοὺς,
362 2372 395 2399 ἵν’
411 2373 428 2408 ἢ
444 2372 625 2399 δουλεύσωσιν
644 2371 771 2403 ἐκείνοις,
788 2372 835 2397 καὶ
850 2371 999 2405 ζήσωνται,
1025 2370 1280 2404 ῆκατασφαγέντες
1298 2370 1476 2404 ἀπαλλαγῶσι
1492 2371 1546 2397 τῶν
1563 2370 1676 2397 ὀδυνῶν.
1693 2370 1787 2402 Ὀζίας

157 2422 185 2448 δὲ
197 2421 212 2446 ὁ
227 2420 283 2446 τῶν
300 2420 349 2453 τῆς
365 2420 468 2450 πόλεως
484 2419 642 2454 πρόκριτος,
655 2418 730 2450 Ἔτι,
745 2416 832 2450 εἶπεν,
849 2417 976 2452 ἀδελφοὶ
994 2417 1145 2452 μείνωμεν
1156 2416 1246 2444 πέντε
1260 2417 1384 2452 ἡμέρας.
1403 2417 1453 2444 καὶ
1469 2418 1495 2444 ει
1506 2417 1564 2452 μὲν
1579 2417 1646 2451 ἣξει
1658 2417 1789 2452 ,βοήθεια

158 2469 192 2495 ὲκ
211 2467 286 2494 Θεοῦ
300 2466 382 2502 ἡμῖν·
393 2468 419 2493 ει
431 2466 459 2492 δ’
471 2465 518 2497 οὒ,
531 2464 650 2498 ποιήσω
664 2465 739 2491 κατὰ
748 2464 805 2498 τὴν
820 2464 1013 2498 συμϐουλίαν
1020 2462 1113 2497 ὑμῶν.

193 2513 312 2544 lB'.'Hv
335 2514 363 2541 δὲ
378 2515 407 2540 ἐν
435 2514 469 2548 τῇ
489 2513 567 2539 πόλει
603 2513 697 2549 ἐκείνῃ
726 2511 830 2550 γυνὴῇ
860 2513 940 2548 ὄνομα

1038 2511 1095 2538 XlI.
1112 2511 1178 2539 Erat
1190 2515 1282 2538 autem
1300 2519 1328 2538 tn
1341 2518 1374 2538 ea
1395 2511 1462 2538 urbe
1482 2511 1564 2538 vidua
1582 2512 1694 2539 nomine
1709 2511 1789 2539 Judi-

159 2561 274 2597 ἰουδὴθ,
302 2561 350 2587 καὶ
381 2559 398 2594 ὴ
432 2559 502 2594 γυνὴ
531 2561 613 2594 χήρα,
640 2560 688 2586 καὶ
718 2559 789 2594 αὓτη
818 2558 940 2594 σώφρων,

1002 2557 1060 2590 ιιιο,
1078 2557 1177 2584 mulier
1195 2557 1327 2589 modesta,
1341 2557 1452 2584 cordata
1471 2561 1499 2584 et
1514 2558 1645 2589 formosa,
1658 2565 1720 2592 qua:
1735 2558 1785 2585 de-

160 2609 209 2635 καὶ
229 2606 338 2642 συνετὴ,
365 2606 413 2632 καὶ
441 2605 529 2640 ὡραία
558 2606 592 2640 τῇ
617 2605 687 2639 ὕψει.
707 2604 863 2632 ’Δκούσασα
891 2606 940 2632 τοί-

1001 2607 1077 2630 creto
1094 2602 1187 2637 populi
1203 2607 1231 2630 et
1244 2603 1454 2637 magistratuum
1476 2603 1582 2634 audito,
1603 2602 1681 2639 ιω
1695 2603 1788 2631 Oziam

160 2662 208 2681 νυν
245 2653 279 2680 τὰ
303 2651 453 2687 δεδογμένα
489 2650 528 2686 τῷ
557 2650 615 2685 λαῷ
655 2650 702 2677 καὶ
727 2652 784 2682 τοῖς
821 2649 940 2686 ἄρχουσι

1001 2654 1168 2682 οωιεγοεᾳυε
1186 2650 1361 2684 magistratus
1376 2649 1524 2676 accersitos
1541 2648 1680 2684 obiurgat,
1696 2651 1787 2683 utqui

161 2699 357 2735 μετεπέμψατο
370 2698 416 2725 τὸν
440 2697 545 2731 Ὀζίαν,
563 2698 610 2723 καὶ
624 2698 686 2728 τοὺς
703 2696 813 2728 λοιποὺς
827 2697 879 2732 τῆς
895 2697 946 2723 πό-

162 2747 231 2778 λεως
252 2746 396 2780 ἄρχοντας.
418 2744 475 2771 Καὶ
495 2744 637 2779 ἐμέμψατο
654 2743 756 2775 αὐτοῖς,
781 2743 819 2774 ὡς
849 2744 948 2779 πειρά-

163 2794 240 2825 ζουσι
254 2793 300 2819 τὸν
317 2792 393 2824 Θεὸν,
409 2791 449 2817 ὅτι
462 2789 540 2818 εἷπον
557 2789 730 2825 παραδώσειν
743 2790 791 2826 τὴν
804 2790 881 2816 πόλιν
893 2791 950 2822 τοῖς

162 2839 297 2869 ἐναντίοις
318 2838 386 2873 μετὰ
403 2838 483 2864 πέντε
506 2837 623 2873 ἡμέρας,
637 2838 661 2863 εί
679 2836 717 2873 μὴ
734 2837 763 2863 ἒν
780 2836 876 2869 αὐταῖς
889 2837 949 2873 ἥξει

162 2895 206 2917 τις
223 2885 315 2916 αὐτοῖς
331 2884 442 2920 βοήθεια
457 2885 488 2910 ἐκ
504 2883 582 2911 Θεοῦ.
599 2883 630 2909 Οἱ
647 2883 674 2909 δὲ
693 2883 783 2915 καλῶς
798 2881 848 2918 μὲν
863 2882 948 2917 αὐτὴν

999 2697 1084 2724 Deum
1097 2700 1244 2728 tentarent,
1260 2704 1322 2723 cum
1334 2696 1470 2728 dicerent,
1485 2696 1536 2723 nisi
1551 2696 1622 2723 intra
1634 2696 1694 2724 dies
1704 2697 1786 2732 quin-

997 2752 1051 2779 que
1068 2743 1199 2770 auxilium
1216 2743 1348 2770 divinitus
1368 2743 1525 2776 otl'erretur,
1542 2751 1570 2771 se
1587 2745 1683 2772 urbem
1698 2745 1786 2772 hosti-

999 2790 1052 2817 bus
1069 2789 1227 2817 tradituros.
1248 2789 1287 2816 Illi
1305 2790 1431 2825 quamvis
1448 2798 1508 2817 eam
1524 2796 1597 2818 recte
1614 2791 1706 2819 dicere
1720 2799 1789 2818 con-

1000 2837 1141 2869 cederent,
1168 2841 1258 2864 tamen
1276 2837 1370 2872 populi
1395 2836 1468 2864 sitim
1486 2842 1514 2864 et
1527 2837 1684 2864 violentiam
1700 2844 1788 2872 oppo-

1002 2884 1115 2912 nebant.
1129 2882 1199 2910 Tum
1221 2883 1265 2909 illa
1277 2902 1285 2916 ,
1301 2889 1348 2910 eos
1362 2890 1411 2917 per
1424 2888 1532 2910 noctem
1546 2883 1620 2910 illam
1640 2882 1674 2910 ad
1693 2887 1790 2917 portas
