2041 3147
234 144 289 177 263

866 141 1029 174 JOANNIS
1050 142 1214 173 ΖΟΝΑΒΑΞ

1810 142 1868 173 264

238 200 317 228 urbis
329 200 480 236 praestolari
496 200 575 236 jubet
594 207 602 226 :
618 207 647 226 se
663 206 725 226 cum
743 198 843 226 ancilla
869 205 921 226 sua
935 198 1022 225 exitu-

1082 198 1225 224 συνέθεντο
1252 197 1351 231 λέγειν,
1374 196 1518 224 ἀντέθεντο
1538 198 1565 224 δὲ
1586 198 1635 233 τὴν
1651 196 1732 231 δίψαν
1751 200 1802 232 τὴν
1818 197 1866 224 τοῦ

237 255 309 278 ram,
323 255 412 281 neque
427 247 561 274 dicturam
577 245 654 280 prius
668 244 734 279 quid
758 244 891 278 ct‘cpisset
905 243 1026 275 consilii,

237 301 320 328 quam
336 301 393 320 rem
407 292 493 326 ipsam
507 295 704 326 perpetrasset.
721 291 802 318 Exitu
819 290 974 325 impetrato.
986 289 1029 316 di-

237 339 339 373 gressis
356 338 418 368 illis,
431 336 464 363 ad
482 343 578 370 preces
594 336 767 362 convertitur
780 344 787 361 :
801 339 830 362 ct
844 334 969 370 deposita
984 334 1027 361 lu-

237 384 316 418 gubri
333 390 367 409 ex
384 382 515 409 viduitate
530 382 644 414 vestitu,
661 382 734 414 lota,
751 386 779 408 et
796 381 944 416 unguentis
959 379 1028 406 deli-

238 429 304 456 buta
315 449 321 460 ,
341 428 473 455 amictum
488 428 604 454 hilarem
621 426 722 459 induit,
738 430 903 454 ornamenta
923 425 1028 456 sumit,

237 480 264 502 et
280 479 411 502 exornata
430 474 464 501 ad
487 474 591 501 amoris
610 474 756 501 illecebras
779 472 886 499 ancilla:
905 471 933 498 in
955 471 1029 498 vasis

235 521 380 548 ferendum
398 520 445 547 dat
461 520 556 547 vinum
580 525 608 547 et
628 520 735 552 oleum,
753 523 781 547 et
803 525 896 553 peram
918 517 1006 555 farina
1019 536 1026 547 ,

237 567 345 594 ficuhus
364 571 392 594 et
416 567 532 601 panibus
556 567 662 601 plenam
683 576 690 592 :
707 570 736 592 et
758 573 789 592 ea
808 565 909 592 comite
930 563 1027 591 urbem

235 620 357 647 egressa,
379 612 406 638 in
431 616 520 638 castra
543 611 717 646 Assyriorum
737 609 846 636 tendit:
864 608 899 635 ab
914 608 1029 635 excubi-

237 659 346 686 toribus
359 658 571 692 comprcltensa,
597 656 632 683 ad
645 656 847 690 Holopherncm
871 655 1027 686 adducitur,

237 705 284 738 qui
307 704 367 738 ejus
382 704 496 730 formam
515 702 678 733 admiratus.
701 709 828 729 securam
852 708 912 728 esse
925 700 1026 735 jussit,

236 750 306 777 nihil
320 750 394 777 enim
409 756 552 784 passuram
568 748 644 776 mali.
658 747 726 775 Tum
743 747 787 774 illa
803 755 811 774 :
828 747 908 778 Audi,
926 746 1026 781 inquit,

235 796 340 822 domine
353 816 360 828 ,
376 796 452 822 verba
470 803 544 827 mea,
565 799 589 821 et
603 803 661 829 quw
673 794 768 821 Acltior
781 794 859 824 dixit,
880 793 969 819 animo
983 798 1027 819 tuo

237 849 291 868 non
308 842 441 868 excidunt.
460 841 556 868 Verum
572 842 642 867 enim
657 844 692 866 est
706 860 713 871 ,
733 839 881 872 Israelitas,
897 840 924 865 ni
937 846 1028 873 pecco—

235 888 329 918 uerint,
344 887 435 922 gladio
448 895 500 913 non
516 890 672 920 superatum
685 885 728 911 iri.
745 885 820 912 Num:
839 889 942 915 autem,
959 884 1023 918 quia

235 932 299 958 cibis
312 937 336 957 et
358 940 427 966 aqua
450 932 640 963 destituuntur,
656 931 709 965 lege
726 930 872 956 interdictis
900 929 980 960 uesci,
1000 932 1026 954 et

235 977 369 1010 primitias
386 977 529 1011 frumenti,
542 977 648 1010 vinique
663 976 778 1002 decimas
789 995 796 1005 ,
812 982 870 1009 qua:
883 973 1026 1001 sacerdoti-

237 1023 283 1049 bus
303 1022 430 1049 attributa
443 1043 450 1054 ,
467 1029 499 1048 ne
520 1022 615 1056 attingi
641 1022 748 1056 quidem
767 1021 799 1047 ab
819 1019 878 1046 aliis
906 1020 946 1054 fas
967 1023 1024 1051 est,

236 1070 370 1096 absumere
388 1068 567 1096 decreverunt.
586 1067 652 1100 Qua:
670 1068 733 1094 dum
750 1071 774 1094 et
793 1065 1026 1101 Hierosolymitani

235 1115 391 1146 statuerint,
409 1114 513 1148 legatos
534 1122 563 1140 eo
582 1114 686 1144 misere,
704 1114 806 1140 veniam
828 1113 885 1147 ejus
902 1111 963 1146 facti
982 1119 1026 1144 pe-

237 1165 330 1188 tentes.
351 1159 395 1187 Sic
408 1161 488 1194 igitur
505 1159 558 1195 lege
571 1159 682 1189 violata.
699 1167 750 1186 non
766 1158 865 1192 defensi
883 1166 900 1184 a
922 1157 987 1187 Deo,
998 1157 1026 1182 in

237 1206 348 1232 exitium
369 1210 457 1232 ruent.
472 1204 572 1237 Quibus
589 1213 634 1240 ego
648 1205 768 1240 cognitis,
783 1212 814 1231 ex
828 1204 892 1231 urbe
907 1201 1024 1238 profugi,

238 1255 265 1277 ut
282 1252 414 1277 interitum
427 1252 515 1283 vitem,
529 1255 553 1277 et
567 1259 637 1277 nunc
649 1252 721 1285 apud
734 1255 758 1277 te
771 1251 889 1282 manebo,
900 1251 1004 1278 domine
1013 1259 1023 1279 :

238 1303 262 1323 et
279 1305 381 1332 egressa
396 1302 472 1324 noctu
488 1297 515 1324 in
534 1297 630 1324 vallem
643 1317 650 1327 .
664 1296 781 1324 adorabo
800 1296 884 1323 Deum
896 1316 903 1328 ,
918 1302 944 1324 ut
964 1306 1024 1324 cum

236 1343 260 1370 is
277 1343 340 1369 mihi
351 1343 459 1374 dixerit,
470 1343 576 1378 quando
585 1342 730 1375 peccarint,
746 1349 792 1377 ego
804 1342 851 1368 tibi
863 1343 1022 1375 renuntiem,

236 1394 260 1416 et
278 1394 302 1416 te
327 1397 373 1424 per
400 1389 525 1416 Judwam
553 1388 735 1423 Hierosolyma
761 1395 843 1421 usque
864 1388 1022 1422 perducam,

236 1435 464 1470 soliumquetuum
473 1435 500 1461 in
508 1435 580 1461 urbi:
590 1434 674 1461 medio
686 1433 821 1461 collocent.
834 1432 1024 1467 Holopbernes

237 1481 289 1508 hac
309 1481 435 1508 oratione
458 1480 624 1512 delectatus,
643 1479 785 1506 introduci
810 1486 871 1506 eam
898 1479 978 1514 jubet
995 1479 1023 1510 in

239 1527 334 1554 cellam
351 1526 489 1554 conclavis
501 1526 555 1557 sui,
572 1531 601 1553 et
616 1525 676 1552 dari
692 1525 764 1560 quod
784 1525 858 1552 edat.
872 1524 907 1552 At
921 1525 978 1557 illa,
994 1533 1024 1552 se

239 1577 321 1607 negat
335 1573 444 1599 illorum
460 1572 532 1599 cibis
547 1579 670 1603 usuram,
686 1579 721 1599 ne
734 1571 786 1598 sibi
802 1571 891 1598 fraudi
905 1575 998 1598 essent
1017 1579 1024 1597 :

227 1619 289 1646 ‘scd
310 1619 344 1646 iis
360 1626 430 1653 quos
455 1626 548 1645 secum
572 1618 721 1650 attulisset,
742 1617 938 1645 victitaturam.
957 1617 1026 1645 Cum

241 1664 430 1698 Holopliernes
439 1668 558 1698 rogaret,
569 1663 614 1690 ubi
626 1663 643 1690 ii
660 1663 836 1694 defecissent,
857 1671 912 1698 quo
921 1664 1027 1693 victura

241 1714 326 1742 esset,
351 1709 499 1743 respondet
520 1709 559 1735 illi
578 1717 583 1735 :
599 1709 641 1736 ita
654 1713 681 1736 tu
694 1710 775 1741 vivas,
791 1710 912 1742 Domine,
928 1715 955 1736 ut
975 1718 1026 1738 non

240 1756 314 1790 prius
328 1755 377 1781 cibi
389 1755 415 1782 hi
432 1763 472 1782 me
486 1755 614 1790 deﬁcient,
631 1765 711 1791 quam
732 1756 800 1784 Deus
819 1765 876 1784 mea
894 1766 975 1785 manu
999 1758 1026 1786 id

240 1800 378 1834 peregerit,
397 1801 466 1836 quod
481 1801 602 1828 decrevit.
616 1801 702 1829 Media
717 1806 797 1829 nocte
813 1803 903 1837 petiit,
926 1807 956 1830 ut
972 1803 1024 1831 sibi

240 1846 268 1872 in
284 1845 380 1873 vallem
397 1846 489 1881 egredi
515 1847 613 1874 liceret
628 1847 661 1874 ad
682 1847 851 1881 precandum
871 1855 877 1874 :
897 1849 1025 1877 concedit

238 1889 434 1926 Holophcrnes.
453 1891 520 1919 Cum
532 1891 608 1927 14],
619 1897 710 1919 autem
728 1893 771 1920 illa
791 1893 913 1920 triduum
929 1894 966 1922 ita
982 1895 1023 1922 fe-

237 1937 330 1969 cisset,
355 1943 454 1973 quarto
475 1938 520 1966 die
544 1939 700 1966 convivium
725 1944 858 1974 apparat,
883 1945 911 1968 et
928 1940 1024 1976 Bagoa:

235 1985 374 2019 eunucho,
386 1986 432 2020 qui
441 1986 568 2014 omnibus
580 1987 640 2022 ejus
653 1986 753 2021 opibus
763 1992 889 2021 praeerat,
900 1987 1022 2021 mandat,

235 2035 266 2057 ut
281 2030 401 2058 Hebraea:
416 2031 525 2059 mulieri
539 2032 734 2067 persuaderet,
752 2037 782 2059 ut
800 2033 835 2060 ad
856 2041 886 2060 se
902 2034 1020 2061 veniret.

233 2075 291 2103 Sibi
310 2077 384 2105 cnim
402 2082 481 2112 turpe
496 2078 565 2111 fore,
582 2078 604 2105 si
618 2078 700 2106 talem
712 2078 842 2105 feminam
858 2078 1020 2111 dimisisset,

1042 876 1063 902 Β

1039 1550 1062 1582 C

1078 243 1156 276 λαοῦ,
1180 244 1228 270 καὶ
1244 243 1295 279 τὴν
1316 243 1377 278 βίαν
1393 243 1442 278 τὴν
1458 242 1488 276 ἐξ
1510 243 1605 270 αὑτοῦ.
1627 244 1750 279 Κάκείνη
1769 244 1869 278 στῆναι

1078 288 1178 319 αὐτοὺς
1191 289 1241 323 τὴν
1256 288 1343 315 νύκτα
1361 289 1407 315 ἐπὶ
1424 287 1473 323 τὴν
1487 287 1575 323 πύλην
1585 288 1633 323 τῆς
1646 288 1748 318 πόλεως
1762 289 1869 315 ὲνετέλ·

1077 334 1148 360 λετο.
1168 334 1242 369 Αὐτὴ
1263 334 1291 360 δὲ
1307 334 1400 368 ἔλεγεν
1416 334 1607 368 ἐξελεύσεσθαι
1625 334 1698 369 μετὰ
1715 333 1763 368 τῆς
1778 334 1868 368 ἅϐρας

1078 382 1174 416 αὐτῆς,
1194 381 1232 416 μὴ
1248 382 1340 416 μέντοι
1354 382 1446 413 αὐτοῖς
1458 382 1532 416 ἐρεῖν
1549 381 1579 408 τὺ
1594 380 1660 416 παρ’
1679 380 1767 414 αὐτῆς
1783 380 1867 415 μελε-

1077 426 1209 461 τώμενον,
1243 427 1294 458 ἕως
1312 424 1344 454 οὗ
1361 427 1429 462 πρὸς
1444 427 1544 462 πρᾶξιν
1557 426 1737 461 κατευθυνθῇ.
1755 426 1810 452 Καὶ
1829 423 1868 452 εἷ-

1079 481 1130 499 πον
1142 473 1223 508 αὐτῇ,
1236 473 1357 508 Πορεύου
1369 482 1376 489 ·
1393 473 1440 501 καὶ
1453 474 1479 500 οἱ
1496 473 1545 508 μὲν
1555 473 1688 508 ἀπῆλθον.
1713 472 1745 499 Ἦ
1758 472 1786 498 δὲ
1798 472 1869 506 πρὸς

1078 519 1257 554 παράκλησιν
1276 519 1384 555 ἐτράπη
1402 519 1452 554 τὴν
1469 519 1538 554 πρὸς
1552 518 1628 545 Θεόν.
1646 516 1711 544 Εἶτα
1729 517 1868 552 ἀποθεμέ-

1078 574 1111 600 νη
1126 566 1176 601 τὴν
1189 565 1312 599 πενθήρη
1328 564 1426 600 στολὴν
1441 565 1491 599 τῆς
1503 564 1672 599 χηρεύσεως,
1689 563 1736 590 καὶ
1747 562 1778 589 τὸ
1787 563 1869 597 σῶμα

1078 611 1271 646 περικλύσασα
1293 611 1381 643 ὕδατι,
1409 611 1458 637 καὶ
1480 610 1559 646 μύρῳ
1580 609 1746 644 χρισαμένη,
1771 608 1869 642 στολὴν

1080 657 1209 692 μετενέδυ
1227 657 1407 690 εὐφρόσυνον,
1431 657 1480 683 καὶ
1493 656 1596 689 κόσμον
1612 656 1696 690 ἑαυτῇ
1709 654 1866 689 περιέθετο.

1079 706 1134 732 Kal
1156 704 1380 731 καλλωπισθιῖσα
1403 703 1471 738 πρὸς
1494 703 1525 729 τδ
1539 702 1761 736 ἐπαγωγότερον,
1782 701 1868 728 ἔδωκε

1078 754 1112 786 τῇ
1125 749 1277 785 οεραιιαίνῃ
1303 751 1397 784 φέρειν
1419 751 1449 776 ὲν
1469 748 1593 782 ἀγγείοις
1614 745 1687 774 οἶνον
1702 747 1749 773 καὶ
1766 746 1867 777 eum,

1079 805 1126 823 και
1141 798 1232 830 πήραν
1248 795 1371 828 ἀλοίτων
1396 795 1499 829 πλήρη,
1524 793 1571 820 καὶ
1587 793 1725 827 παλάθης,
1744 792 1791 818 καὶ
1818 792 1869 826 ἄρ’

1078 849 1144 872 των,
1164 840 1212 866 καὶ
1231 839 1327 873 ἐξῆλθε
1345 840 1395 874 τῆς
1412 839 1515 870 πόλεως
1530 838 1600 873 αὑτὴ
1630 838 1678 864 καὶ
1701 839 1718 872 ὴ
1737 837 1867 870 παιδίσκη

1080 886 1174 920 αὐτῆς.
1197 885 1329 912 Ἀπιοῦσα
1345 885 1412 920 πρὸς
1425 885 1474 920 τὴν
1488 884 1542 911 τῶν
1559 883 1710 918 Ἀσσυρίων
1726 882 1869 918 παρεμϐο-

1080 931 1141 966 λὴν,
1159 931 1207 958 καὶ
1231 931 1380 966 ἐντυχοῦσα
1397 933 1430 966 τῇ
1451 930 1507 957 τῶν
1532 931 1663 957 ἐναντίων
1693 929 1868 964 προφυλακῇ,

1080 977 1243 1012 κατεσχέθη,
1259 978 1307 1003 καὶ
1319 976 1391 1012 ἢχθη
1407 976 1476 1011 πρὸς
1496 975 1671 1011 ’ολοφέρνην.
1693 975 1723 1002 '0
1736 975 1766 1001 δὲ
1780 974 1868 1008 αὐτῆς

1078 1024 1109 1050 τὸ
1127 1024 1224 1054 κάλλος
1241 1023 1392 1058 ἐθαύμασε,
1412 1023 1460 1050 καὶ
1480 1020 1558 1048 εἶπεν
1574 1022 1662 1057 αὐτῇ·
1680 1020 1728 1055 Μὴ
1754 1020 1865 1055 φοϐοῦ,

1080 1070 1164 1103 ἥκεις
1183 1069 1239 1104 τὰρ
1253 1070 1297 1102 εις
1311 1070 1472 1102 σωτηρίαν.
1489 1069 1565 1103 Ἔφη
1581 1068 1616 1095 δὲ
1630 1067 1710 1100 αὐτῷ
1733 1067 1751 1101 ἠ
1769 1066 1847 1101 γυνή
1857 1073 1865 1081 ·

1079 1116 1166 1148 Δέξαι
1181 1116 1252 1150 τοὺς
1267 1116 1380 1150 λόγους
1390 1124 1459 1150 μου,
1476 1116 1575 1149 Κύριε,
1609 1113 1659 1141 καὶ
1680 1115 1697 1140 ό
1717 1114 1811 1147 λότος
1830 1112 1868 1139 ὃν

1079 1163 1233 1197 ἐλάλησεν
1277 1162 1392 1197 Ἀχιὼρ,
1421 1162 1483 1196 ἤτω
1519 1162 1555 1188 ἐν
1580 1161 1617 1195 τῇ
1642 1159 1748 1195 καρδίᾳ
1787 1164 1867 1186 σου”

1078 1210 1144 1236 ἐστι
1170 1208 1225 1242 γὰρ
1254 1207 1385 1241 ἀληθὲς,
1416 1207 1460 1234 ὅτι
1484 1207 1540 1234 ἐὰν
1573 1206 1616 1242 μὴ
1639 1206 1810 1241 ἁμάρτωσιν
1837 1206 1868 1232 οι

1078 1255 1137 1282 υἱοὶ
1179 1254 1315 1288 Ἰσραὴλ,
1364 1254 1400 1281 οὐ
1434 1254 1612 1288 κατισχύσει
1652 1253 1784 1287 ῥομφαία
1811 1251 1865 1278 αὐ-

1077 1298 1147 1325 τῶν.
1160 1298 1226 1325 Νῦν
1247 1298 1282 1324 δὲ
1292 1298 1357 1325 ἐπεὶ
1383 1298 1523 1330 ἐξέλιπεν
1539 1297 1650 1330 αὐτοὺς
1663 1298 1699 1324 τὰ
1710 1297 1865 1332 βρώματα,

1078 1344 1127 1371 καὶ
1140 1344 1173 1371 τὸ
1184 1344 1272 1378 ὕδωρ,
1284 1345 1517 1376 ἐϐουλεύσαντο,
1532 1344 1582 1371 καί
1593 1344 1652 1372 τῶν
1663 1343 1702 1376 τῷ
1714 1344 1794 1378 νόμῳ
1805 1342 1866 1370 ἀπ-

1077 1390 1286 1425 ηγορευμένων
1296 1390 1441 1424 ἅψασθαι,
1457 1391 1506 1416 καὶ
1519 1390 1572 1423 τὰς
1588 1389 1726 1424 ἀπαρχὰς
1736 1388 1790 1416 τοῦ
1814 1389 1865 1416 σι-

1077 1445 1143 1470 του,
1158 1436 1208 1463 καὶ
1222 1436 1275 1469 τὰς
1287 1436 1414 1469 δεκάτας
1429 1435 1481 1463 τοῦ
1497 1436 1582 1462 οἴνου
1595 1437 1648 1468 τὰς
1667 1435 1730 1468 τοῖς
1752 1433 1865 1468 ἱερεῦσι

1078 1481 1292 1516 τετηρημένος,
1317 1479 1361 1508 ὧν
1388 1482 1459 1509 obde
1478 1482 1595 1515 ψαῦσαι
1619 1482 1738 1516 θεμιτὸν
1761 1480 1864 1514 ἑτέρῳ.

1078 1526 1252 1561 δαπανῆσαι
1277 1528 1444 1561 resupinam.
1474 1527 1568 1555 Ταῦτα
1590 1527 1634 1560 δὲ,
1658 1527 1707 1554 καὶ
1726 1526 1786 1553 τῶν
1806 1525 1866 1559 τὴν

1085 1573 1278 1607 Ἰερουσαλὴμ
1293 1574 1456 1600 οἰκούντων
1471 1573 1731 1607 βεϐουλευμένων,
1750 1571 1863 1598 ἐστάλ-

1078 1627 1151 1646 κασι
1167 1620 1242 1654 πρὸς
1255 1618 1313 1653 τὴν
1325 1619 1391 1647 ἐκεῖ
1404 1620 1576 1654 γερουσίαν,
1596 1619 1707 1654 ἄφεσιν
1723 1618 1772 1645 ἐπὶ
1795 1617 1863 1644 τού-

1077 1673 1148 1698 τους
1160 1666 1339 1700 αίτούμενοι.
1353 1665 1416 1693 Κᾶν
1431 1666 1507 1693 οὕτω
1521 1664 1789 1700 παρανομήσωσιν,
1806 1663 1866 1690 οὐκ

1077 1711 1162 1739 ἔσται
1179 1713 1288 1747 σφίσιν
1301 1712 1399 1746 ἄμυνα
1411 1713 1445 1738 ἐκ
1456 1712 1541 1743 Θεοῦ,
1559 1711 1607 1738 καὶ
1619 1713 1663 1744 εις
1679 1711 1805 1743 ὄλεθρον
1815 1709 1866 1736 ἐκ·

1076 1757 1270 1791 δοθήσονται.
1289 1757 1382 1791 Ἀπερ
1401 1757 1477 1791 αὑτὴ
1503 1756 1681 1792 ἐπιγνοῦσα,
1703 1755 1865 1789 ἀποδιδρά-

1076 1811 1140 1830 σκω
1160 1803 1215 1837 τῆς
1237 1803 1364 1836 πόλεως,
1387 1803 1426 1830 ἶν’
1440 1804 1560 1838 ἐκφύγω
1579 1803 1633 1830 τὸν
1653 1802 1789 1836 ὄλεθρον.
1807 1801 1864 1828 Kal

1075 1849 1134 1876 νῦν
1145 1849 1227 1883 μενῶ
1242 1849 1322 1883 παρά
1338 1858 1398 1881 σοι,
1420 1849 1563 1881 δέσποτα,
1588 1849 1638 1876 καὶ
1661 1848 1864 1881 ἐξελεύσομαι

1075 1895 1151 1921 κατὰ
1164 1894 1221 1929 τὴν
1230 1895 1326 1922 νύκτα
1341 1895 1385 1927 είς
1399 1895 1457 1928 τὴν
1469 1894 1616 1929 φάραγγα,
1630 1894 1679 1921 καὶ
1693 1893 1864 1928 προσεύξο-

1073 1949 1126 1975 μαι
1141 1942 1216 1975 πρὸς
1230 1941 1284 1967 τὸν
1297 1941 1382 1973 Θεὸν,
1397 1941 1447 1967 καὶ
1458 1940 1521 1974 ἐρεῖ
1527 1949 1577 1975 μοι
1588 1941 1660 1967 πότε
1673 1939 1861 1975 ἠμάρτοσαν,

1073 1986 1154 2022 κάγώ
1162 1995 1211 2014 σοι
1224 1987 1388 2022 ὰνιιηιελῶ,
1399 1987 1448 2014 καὶ
1461 1987 1523 2018 ᾶεω
1535 1995 1572 2013 σε
1581 1985 1630 2013 διὰ
1638 1985 1693 2020 τῆς
1712 1985 1864 2017 Ἰουδαίας

1072 2032 1128 2065 ἕως
1149 2032 1354 2067 Ἰερουσαλὴμ,
1372 2032 1421 2059 καὶ
1438 2031 1522 2065 θήσω
1544 2032 1598 2058 τὸν
1618 2031 1727 2065 θρόνον
1746 2038 1806 2057 σου
1825 2029 1863 2056 ἐν

1069 2077 1154 2112 μέσῳ
1167 2078 1271 2112 αὐτῆς.
1289 2079 1344 2104 Καὶ
1356 2078 1458 2113 ἤρεσαν
1473 2078 1621 2114 ὀλοφέρνῃ
1635 2078 1660 2104 οἱ
1672 2076 1746 2111 λόγοι
1761 2075 1860 2110 αὐτῆς,

232 2123 307 2149 nulla
325 2124 525 2152 consuetudine
542 2132 604 2151 cum
619 2131 651 2151 ea
666 2124 771 2151 habita.
784 2124 886 2159 Bagoas
900 2124 1021 2152 Juditha'.

1075 2125 1120 2150 καὶ
1135 2124 1278 2150 ἐκέλευσεν
1293 2123 1453 2159 εἰσαχθῆναι
1469 2125 1555 2158 αὐτὴν
1575 2125 1615 2155 είς
1631 2123 1680 2158 τὴν
1692 2123 1796 2157 σκηνὴν
1810 2121 1860 2148 τοῦ

232 2169 294 2195 ait:
318 2167 383 2195 Veni
401 2169 435 2195 ad
456 2169 597 2196 Dominum
615 2178 711 2202 meum,
737 2174 766 2196 ut
793 2169 908 2205 glorioso
931 2172 967 2198 eis
992 2171 1020 2198 in

1075 2170 1188 2203 ταμείου
1208 2169 1304 2201 αὐτοῦ,
1317 2169 1366 2196 καὶ
1380 2170 1490 2204 δοθῆναι
1506 2171 1573 2205 αὐτῇ
1591 2171 1699 2204 φαγεῖν.
1719 2169 1751 2195 Ἥ
1766 2168 1806 2200 δὲ,
1817 2168 1861 2195 Οὐ

232 2218 369 2247 conspectu
389 2214 457 2247 ejus,
482 2219 505 2241 et
523 2215 654 2242 nobiscum
675 2220 834 2250 compotato,
850 2223 880 2242 eo
904 2215 960 2243 loco
980 2216 1020 2251 fu-

1075 2215 1212 2249 ςρὰγομαι,
1238 2215 1302 2249 ἔφη,
1321 2215 1355 2241 ἐκ
1379 2216 1438 2242 τῶν
1452 2215 1623 2249 ἐδεσμάτων
1644 2213 1737 2250 ὑμῶν,
1751 2215 1794 2249 μή
1807 2222 1862 2248 μοι

237 2261 311 2287 tura,
327 2264 377 2291 quo
399 2266 436 2284 ea'
449 2264 526 2291 sunt,
542 2268 600 2294 qua:
615 2262 710 2295 degunt
726 2261 752 2287 in
766 2260 865 2288 azdt'but
880 2260 1019 2287 Nabucho-

232 2302 379 2330 dortosoris.
401 2303 512 2331 Juditba
529 2305 611 2339 igitur
626 2311 757 2334 exornata
769 2306 803 2334 ad
816 2306 1018 2342 Holophcrncm

233 2348 396 2382 ingreditur,
418 2350 565 2382 accumbit,
582 2359 612 2378 ea
628 2352 685 2378 edit
702 2357 730 2380 et
745 2352 825 2385 bibit,
847 2361 907 2388 quae
918 2353 952 2380 ab
967 2361 1018 2380 an-

232 2394 295 2420 cilla
311 2402 360 2421 sua
375 2395 427 2422 sibi
442 2401 535 2430 parata
545 2401 634 2425 erant.
652 2398 839 2433 llolophernes
858 2399 1018 2433 obstupefa-

230 2445 302 2471 ctus.
316 2448 409 2468 amore
424 2442 497 2469 illius
514 2442 698 2470 inﬂammatur
717 2452 724 2470 :
743 2444 932 2479 productoque
953 2452 1019 2472 con-

231 2486 315 2518 vivio,
329 2492 356 2514 et
368 2487 487 2522 plurimo
499 2489 564 2516 vino
579 2490 678 2517 hausto
695 2491 860 2523 inebriatus,
872 2491 899 2517 in
917 2491 1018 2517 lectulo

232 2539 261 2559 se
281 2533 407 2564 reclinat,
429 2542 505 2562 mero
528 2540 639 2570 gravato
654 2537 742 2570 capite
756 2545 763 2569 ;
780 2536 911 2571 digressis
927 2535 1017 2562 omni-

230 2578 290 2608 bus.
307 2579 410 2616 Bagoas
431 2582 580 2608 tentorium
596 2582 710 2613 claudit.
735 2583 792 2610 sola
807 2583 918 2610 Juditha
937 2583 965 2610 in
982 2589 1016 2609 eo

232 2624 337 2652 relicta.
367 2627 506 2656 Mandarat
530 2633 621 2655 autem
653 2629 698 2656 illa
724 2630 840 2662 ancillre,
862 2635 892 2658 ut
912 2631 1016 2659 exitum

230 2677 310 2697 suum
333 2672 500 2707 observaret,
516 2683 688 2710 egressuram
709 2677 782 2703 enim
798 2684 859 2707 esse
876 2677 910 2704 ad
931 2686 1016 2705 oran-

229 2714 305 2742 dum.
332 2716 468 2754 Sedcum
499 2721 700 2755 llolophcrnem
712 2722 776 2750 vino
793 2722 960 2755 demersum,
987 2728 1016 2751 et

230 2761 444 2795 profundissimo
461 2773 557 2794 somno
572 2775 734 2802 oppressum
752 2768 871 2800 videret,
887 2769 1014 2798 invocato

229 2807 295 2838 Deo.
309 2809 405 2837 stricto
421 2811 543 2844 acinace,
560 2813 634 2841 illius
651 2819 734 2849 caput
754 2820 875 2848 resecat;
893 2823 1014 2850 egressa,

226 2853 332 2882 ancilltc
347 2856 431 2885 tradit
450 2866 456 2885 :
471 2857 530 2886 abit
543 2863 573 2886 ut
585 2859 619 2887 de
631 2867 706 2888 more
717 2865 873 2896 precatum.
888 2861 1012 2897 Cumque

1072 2260 1193 2295 γένηται
1209 2260 1397 2292 σκάνδαλον,
1411 2260 1479 2288 ἀλλ’
1491 2260 1525 2292 ἐξ
1540 2258 1583 2288 ὧν
1595 2260 1770 2295 ὲπιφέρομαι
1792 2267 1862 2292 τρα-

1071 2307 1219 2342 φήσομαι.
1232 2306 1287 2334 Καὶ
1299 2303 1378 2333 εἶπεν
1392 2307 1460 2341 αὐτῇ
1482 2307 1644 2342 Ὀλοφέρνης
1654 2315 1661 2322 ·
1680 2308 1714 2334 Et
1728 2306 1762 2332 δὲ
1776 2306 1861 2332 ἐκλί-

1070 2361 1121 2380 ποι
1136 2353 1239 2385 ταῦτα,
1253 2353 1346 2380 πόθεν
1356 2361 1405 2380 σοι
1417 2353 1539 2380 τοιαῦτα
1546 2353 1805 2388 χορηγηθήσετακ
1823 2350 1861 2377 Ἦ

1069 2400 1109 2432 δὲ,
1122 2399 1164 2433 Ζῇ
1185 2401 1204 2434 ἡ
1222 2399 1307 2433 ψυχή
1331 2407 1401 2432 σου,
1425 2399 1512 2433 Κύριέ
1532 2409 1601 2434 μου,
1624 2398 1860 2432 ἀνταπεκρίνατο,

1069 2447 1114 2473 ὅτι
1126 2448 1162 2473 οὐ
1174 2447 1320 2480 πρότερον
1329 2447 1464 2480 ἐκλείψει
1474 2455 1525 2480 μοι
1540 2446 1576 2472 τὰ
1585 2445 1722 2479 ἐδώδιμα,
1735 2444 1807 2478 πρὶν
1818 2443 1859 2470 ἂν

1069 2493 1085 2519 d
1102 2492 1174 2525 Θεὸς
1192 2492 1228 2519 ἐν
1242 2493 1318 2526 χειρί
1330 2501 1393 2527 μου
1413 2494 1526 2526 ποιήσῃ
1543 2491 1561 2517 ἆ
1572 2491 1783 2518 ἐϐουλεύσατο.
1799 2490 1861 2516 iu;-

1069 2537 1170 2573 σούσης
1184 2537 1212 2564 δὲ
1230 2539 1336 2570 νυκτὸς,
1361 2538 1481 2573 ᾐτήσατο
1505 2538 1551 2564 ἐπὶ
1573 2538 1621 2572 τὴν
1639 2538 1770 2572 φάραγγα
1787 2535 1859 2570 πρὸς

1069 2585 1224 2620 προσευχὴν
1246 2583 1375 2616 ἐξελθεῖν,
1397 2584 1445 2610 καὶ
1463 2584 1626 2619 Ὀλοφέρνης
1644 2583 1788 2618 ἐπέτρεψε,
1807 2583 1858 2608 καὶ

1067 2631 1114 2656 ἐπὶ
1134 2631 1209 2665 τρεῖς
1227 2630 1333 2665 ἡμέρας
1357 2629 1444 2661 οὕτως
1469 2629 1567 2657 ἐποίει.
1595 2629 1649 2656 Καὶ
1673 2630 1706 2664 τῇ
1733 2628 1856 2665 τετάρτῃ

1066 2677 1158 2713 ἡμέρᾳ
1183 2677 1264 2703 πότον
1290 2676 1437 2712 ἡτοίμασεν
1461 2675 1636 2712 Ὀλοφέρνης.
1661 2675 1717 2702 Καὶ
1740 2672 1800 2702 εἶπε
1813 2676 1856 2710 τῷ

1066 2724 1187 2759 εὐνούχῳ
1206 2723 1314 2758 Βαγώᾳ,
1330 2719 1358 2754 δέ
1375 2720 1409 2758 ἧν
1429 2723 1588 2758 ἐφεστηκὼς
1612 2723 1658 2748 ἐπὶ
1673 2723 1784 2749 πάντων
1799 2722 1856 2748 τῶν

1065 2768 1157 2796 αὐτοῦ’
1176 2768 1286 2795 Πεῖσον
1301 2767 1339 2801 δὴ
1355 2768 1412 2800 τὴν
1428 2767 1554 2802 γυναῖκα
1566 2767 1623 2801 τὴν
1642 2767 1780 2800 Ἐϐραΐαν
1799 2767 1856 2794 τοῦ

1065 2814 1165 2842 ἐλθεῖν
1184 2813 1260 2848 ,πρὸς
1270 2813 1348 2849 ἡμᾶς
1360 2821 1367 2829 ·
1380 2814 1506 2847 αἰσχρὸν
1521 2813 1576 2847 γὰρ
1589 2812 1671 2848 ἡμῖν,
1683 2814 1709 2840 εί
1724 2813 1857 2847 γυναῖκα

1066 2860 1210 2893 τοιαύτην
1238 2859 1427 2895 παρήσομεν,
1453 2859 1497 2894 μὴ
1525 2858 1602 2893 αὐτῇ
1633 2859 1854 2894 ὁμιλήσαντες.
