2041 3147
195 137 244 169 28!

813 139 1021 170 ANNALIUM
1040 139 1117 169 LIB.
1137 139 1197 170 Ill.

1758 146 1814 179 282

196 202 315 225 turma:
328 194 548 230 ἐπεισπηδῶντες
558 195 685 229 ἐφόνευον
696 205 702 211 ·
716 196 762 223 καὶ
777 197 802 224 σί
814 197 870 224 τῶν
883 197 980 232 Μήδων

1036 202 1160 226 ratorum
1177 206 1278 227 uxores
1285 199 1419 232 viderent.
1428 201 1594 235 exclamant,
1603 206 1631 230 et
1639 208 1821 232 consternatae

195 240 224 266 δὲ
240 241 332 270 ίππεῖς
350 242 390 272 είς
408 242 471 272 τοὺς
493 241 548 268 τῶν
574 243 713 277 πολεμίων
734 244 837 276 ἱππέας
856 245 982 279 ἤλαυνον.

195 287 228 314 Οἵ
238 286 260 312 δ’
277 287 425 318 ἐνέκλινον,
444 287 509 313 ἔνθα
523 287 555 323 δὴ
567 289 613 315 καὶ
627 289 720 316 ἵππων
739 290 860 325 διωγμὸς
875 288 909 325 ἦν
936 292 984 318 καὶ

196 331 315 366 ἀνδρῶν,
329 333 378 360 καὶ
393 334 473 366 φόνος
486 334 515 367 ts
528 334 705 370 ἀμφοτέρων.
728 335 844 363 Ἰδοῦσαι
859 336 886 363 δὲ
895 337 922 363 αἱ
936 345 984 370 γυ-

195 378 292 409 ναῖκες
303 378 359 404 τῶν
381 378 532 414 Ἀσσυρίων
553 381 601 407 καὶ
628 381 683 408 τῶν
705 382 859 418 συμμάχων
886 382 983 414 ταῦτα,

197 423 359 459 ἀνέκραγον,
374 424 423 450 καὶ
435 424 511 452 ἔθεον
531 426 770 462 ἀκπιπληγμέναι,
783 429 830 456 καὶ
853 430 918 461 τοὺς
933 430 984 456 πέο

198 470 280 501 πλους
306 471 542 506 περιρηγνύμεναι
565 473 611 500 καὶ
634 474 831 509 δρυπτόμεναι,
863 476 984 504 ἱκέτευον

196 517 301 548 πάντας
311 517 414 550 ἀμῦναι
425 517 473 544 καὶ
491 519 598 552 αὑταῖς,
617 520 664 547 καὶ
684 521 801 553 τέκνοις,
816 521 864 549 καὶ
891 522 983 557 σφίσιν

196 561 299 592 αὐτοῖς.
316 561 401 589 Ἔνθα
422 562 453 598 δὴ
471 563 518 589 καὶ
530 565 553 590 oi
569 564 689 598 βασιλεῖς
700 566 777 593 αὐτοὶ
797 567 846 593 σὺν
867 567 923 598 τοῖς
934 575 982 593 πι-

196 606 336 638 στοτάτοις
351 607 463 639 στάντες
479 608 527 635 ἐπὶ
552 609 601 640 τὰς
618 609 737 641 είσόδους
761 611 908 646 ἐμάχοντο,
935 612 983 637 καὶ

193 652 251 681 τοῖς
270 651 361 682 ἄλλοις
379 653 602 688 παρεκελεύοντο.
617 655 716 686 Δείσας
733 656 755 681 δ’
771 657 785 682 ὸ
809 656 911 692 κῦρος,
945 657 983 692 μὴ

193 697 281 731 ὀλίγοι
296 698 373 730 ὅντες
387 699 410 725 εἰ
425 699 566 734 βιάσαιντο
575 701 615 732 είς
625 701 654 727 τὸ
669 701 826 737 χαράκωμα
838 702 980 736 είσελθῖῖν,

194 744 247 770 ὑπὸ
266 744 370 771 πολλῶν
385 745 524 780 σφαλεῖεν,
545 747 743 782 παρηγγύησεν
761 749 814 775 ὑπὸ
845 748 917 776 πόδα
936 750 982 775 ἁν-

193 789 273 821 ἀγειν
286 789 339 820 ἔξω
354 789 449 824 βελῶν.
468 791 522 817 Καὶ
535 792 604 826 ταχὺ
616 792 645 818 τὸ
658 792 872 828 κεκελευσμένον
887 794 982 828 εποίη-

194 843 255 861 σαν.
273 833 329 861 Εἶτ’
346 835 473 870 ἀπήγαγε
488 836 552 867 τοὺς
567 837 695 869 οἰκείους,
721 837 784 864 ὅσον
812 837 901 864 ἐδόκει
931 847 980 864 κα-

192 879 247 910 ὶῶς
262 879 345 914 ἔχειν,
361 881 410 907 καὶ
427 882 703 916 ἐστρατοπεδεύσατο.
733 883 765 910 Ol.
786 883 809 909 δ’
842 883 980 919 Ἀσσύριοι

191 927 237 953 καὶ
254 927 412 961 τεθνηκότος
428 927 475 953 τοῦ
489 928 630 962 ἄρχοντος,
649 929 698 956 καὶ
720 929 814 964 σχεδὸν
832 930 881 957 σὺν
906 930 979 966 αὺτῷ

191 973 246 1000 τῶν
258 973 416 1007 βελτίστων,
429 974 562 1009 ἠθύμουν.
593 975 727 1010 Ὀρῶντες
757 976 786 1003 δὲ
807 976 893 1003 ταῦτα
918 977 934 1004 ὃ
949 986 979 1004 τε

191 1019 307 1054 Κροῖσος
323 1021 370 1059 καὶ
386 1021 411 1047 οί
419 1021 493 1047 ἄλλοι
509 1021 648 1057 σέμμαχοι
660 1022 746 1057 σφῶν,
756 1023 858 1055 πάντες
867 1023 978 1059 ἤλγουν.

198 1065 339 1092 Ἐντεῦθεν
349 1058 511 1094 ’ἐκλείπουσι
527 1068 557 1094 τὺ
574 1068 767 1102 στρατόπεδον,
782 1069 830 1096 καὶ
846 1058 981 1105 ἀπέρχον-

191 1122 238 1140 τιι
252 1113 301 1148 τῆς
318 1114 427 1146 νυκτις.
448 1114 493 1146 Ὠς
505 1114 533 1141 δὲ
550 1115 610 1150 μεθ’
631 1116 739 1150 ἡμέραν
764 1116 869 1152 ἔρημον
892 1117 978 1153 ἐφάνη

190 1161 221 1187 τὸ
237 1161 292 1187 τῶν
305 1161 442 1195 πολεμίων
456 1162 620 1197 χαράκωμα,
631 1163 784 1195 διασιδάζει
796 1165 858 1195 τοὺς
870 1165 979 1200 Πέρσας

189 1209 203 1233 ὸ
217 1207 308 1242 Κῦρος
323 1207 459 1243 πρώτους.
473 1206 532 1235 εἶτα
547 1209 595 1235 καὶ
622 1209 647 1235 oi
669 1209 741 1244 ἀμφὶ
767 1210 915 1246 Κυαξάρην
938 1212 979 1238 δι-

191 1254 309 1280 έϐαινον.
331 1254 377 1288 Τῷ
401 1253 450 1290 μὲν
474 1253 521 1281 οὖν
537 1255 622 1291 Κύρῳ
636 1255 742 1282 διώκειν
758 1257 820 1288 τοὺς
835 1257 980 1292 πολεμίους

190 1299 291 1334 ἐδόκει,
309 1300 348 1336 τῷ
361 1300 390 1329 δέ
409 1308 442 1335 τε
456 1300 592 1339 Κυαξάρῃ
607 1302 764 1330 τούναντίον
791 1303 865 1330 ἅπαν
892 1301 927 1339 ἦν
941 1304 980 1330 αι-

193 1345 281 1380 ρετόν.
295 1346 352 1373 Καὶ
370 1348 384 1373 ὁ
399 1346 504 1382 Κῦρος,
521 1348 570 1379 Δὸς
585 1347 617 1382 δή
634 1357 679 1383 μοι
703 1349 757 1376 τῶν
779 1349 890 1384 Μήδων,
914 1349 978 1386 ἔφη,

188 1392 266 1424 τινὰς
280 1393 539 1428 συμπορευομένους
558 1403 615 1429 μοι,
634 1394 755 1426 ἐκείνους
782 1394 824 1430 δὴ,
856 1395 914 1422 ὅσοι
934 1404 980 1430 μοι

190 1438 328 1465 ἰθελονταὶ
339 1438 504 1473 συνέψεσθαι
516 1439 751 1476 προθυμήσονται.
771 1442 850 1469 Καὶό
867 1441 978 1474 Κυαξά-

194 1493 243 1518 ρης
258 1484 355 1520 ἐφῆκε,
370 1485 417 1511 καὶ
432 1485 479 1512 τὸν
493 1486 663 1520 ἀγγελοῦντα
685 1487 773 1514 ταῦτα
794 1489 851 1519 τοῖς
864 1488 977 1523 Μήδοις,

1038 243 1115 278 151
1130 250 1257 278 currunt,
1270 251 1299 273 et
1312 251 1402 274 vestes
1416 247 1570 275 lacerantes
1585 250 1817 285 plangentesque,

1036 291 1111 318 viros
1131 291 1324 324 obtestantur,
1347 298 1377 319 ut
1402 295 1577 329 semetipsos.
1603 299 1632 321 ut
1655 303 1765 328 uxores,
1792 302 1821 323 ut

1035 336 1139 366 liberos
1155 337 1315 365 defendant.
1339 339 1380 366 lbi
1404 347 1480 375 reges
1498 348 1559 368 cum
1584 341 1727 368 fidissi-uis
1742 342 1818 370 aditu

1035 388 1188 411 castrorum
1217 389 1362 419 occupato,
1394 393 1511 420 pugnam
1539 390 1567 413 et
1597 386 1648 420 ipsi
1675 387 1761 420 cient,
1791 392 1820 414 et

1034 433 1149 457 caeteros
1163 430 1350 457 cohortantur.
1371 430 1480 458 Veritus
1494 432 1576 466 igitur
1590 431 1688 467 Cyrus.
1706 441 1740 459 ne
1755 434 1776 460 si
1794 433 1819 460 vi

1035 479 1212 510 penetrarem
1227 475 1254 502 in
1278 475 1378 503 hostile
1394 475 1509 508 vallum,
1523 476 1602 510 pauci
1619 484 1633 503 a
1652 477 1747 504 multis
1761 478 1817 504 cir-

1033 521 1272 554 cumvenirentur,
1293 522 1403 557 signqu
1434 523 1557 557 receptui
1576 523 1634 555 dat,
1661 529 1692 550 ut
1716 524 1818 551 milites

1033 567 1165 602 paulatim
1179 572 1256 595 extra
1272 567 1319 595 teli
1336 568 1440 602 iactum
1462 568 1623 595 recederent
1641 577 1648 595 :
1665 569 1738 604 quod
1754 577 1816 596 cum

1033 613 1162 641 celeriter
1175 613 1316 645 fecissent,
1337 621 1402 640 suos
1419 618 1526 641 tantum
1541 614 1665 646 abducit,
1683 619 1818 649 quantum

1033 663 1139 686 rectum
1169 666 1230 686 esse
1255 659 1412 692 videbatur,
1438 664 1468 686 et
1492 664 1581 687 castra
1605 660 1689 687 local.
1712 662 1817 696 Assyrii

1032 712 1109 736 vero,
1138 712 1200 732 cum
1230 709 1259 731 et
1279 705 1428 739 imperator
1455 710 1483 732 et
1507 705 1677 733 fortissimus
1697 706 1817 741 quisque

1033 750 1188 782 cecidisset,
1216 751 1316 778 animis
1329 751 1402 785 angi,
1425 751 1537 778 Crassus
1562 756 1590 778 et
1617 752 1663 778 alii
1691 751 1818 779 fmderali

1033 796 1138 828 dolere,
1152 797 1304 830 castrisque
1322 801 1404 824 noctu
1422 797 1551 824 desertis.
1563 797 1716 825 disi-edere.
1741 798 1819 825 Mane

1034 849 1096 869 cum
1109 842 1236 868 viderent
1252 842 1352 869 vallum
1370 842 1492 869 hostium
1508 850 1569 870 esse
1584 851 1714 875 vacuum,
1731 843 1819 879 Cyrus

1035 886 1132 913 Persas
1148 886 1250 921 primos
1266 886 1395 918 traducit,
1415 887 1545 921 Cyaxaris
1570 888 1658 922 copiis
1677 890 1819 924 sequenti-

1032 931 1084 958 bus
1102 941 1108 958 :
1125 939 1243 966 cumque
1259 932 1386 966 persequi
1407 931 1501 959 hostes
1521 934 1678 960 consultum
1696 939 1817 968 putaret,

1031 977 1169 1012 Cyaxares
1184 983 1275 1005 autem
1293 978 1403 1013 quidvis
1420 979 1514 1006 mallet
1535 987 1542 1006 :
1572 979 1641 1014 petit
1663 985 1693 1007 ut
1714 980 1818 1010 Medos.

1032 1025 1079 1058 qui
1111 1027 1208 1058 sponte
1234 1024 1313 1058 sequi
1336 1024 1449 1056 vellent,
1477 1024 1529 1051 sibi
1557 1024 1687 1052 traderet.
1714 1026 1819 1053 Annuit

1031 1068 1181 1104 Cyaxares,
1208 1074 1236 1096 et
1263 1076 1418 1104 praeconem
1450 1077 1513 1096 eum
1540 1069 1612 1105 Cyro
1645 1071 1740 1103 mittit,
1771 1071 1819 1106 qui

1031 1115 1118 1143 Medis
1136 1123 1168 1143 ea
1192 1116 1312 1144 nuntiet.
1332 1116 1439 1144 Interea
1455 1117 1546 1143 nuntii
1564 1116 1599 1143 ab
1619 1117 1754 1152 Hyrcanis
1771 1125 1818 1146 ve-

1030 1161 1111 1189 niunt
1126 1170 1133 1188 :
1150 1162 1323 1198 Assyriorum
1339 1162 1367 1190 hi
1388 1162 1472 1189 vicini
1486 1167 1563 1195 sunt,
1580 1170 1648 1198 gens
1661 1164 1697 1191 ob
1720 1164 1818 1198 pauci-

1033 1211 1114 1236 tatem
1131 1208 1254 1243 subjecta
1275 1209 1408 1244 Assyriis.
1428 1209 1476 1244 qui
1494 1210 1530 1236 ita
1550 1208 1592 1236 eis
1609 1209 1770 1242 utebantur,
1788 1215 1819 1237 ut

1030 1262 1082 1282 nec
1104 1255 1132 1282 in
1157 1255 1310 1288 laboribus,
1332 1263 1381 1282 nec
1398 1256 1424 1282 in
1444 1256 1575 1290 periculis
1597 1255 1638 1283 eis
1660 1262 1817 1291 parcerent.

1031 1301 1100 1329 Tum
1129 1306 1222 1329 autem
1245 1310 1343 1336 agmen
1366 1302 1496 1329 claudere
1518 1302 1587 1337 jussi
1603 1306 1693 1335 erant,
1710 1303 1819 1337 equites

1030 1347 1142 1375 circiter
1158 1347 1242 1380 mille,
1262 1352 1292 1374 ut
1307 1348 1329 1375 si
1345 1347 1412 1382 quid
1427 1356 1442 1374 a
1460 1352 1537 1381 tergo
1556 1348 1670 1382 periculi
1688 1352 1772 1379 esset,
1788 1347 1815 1374 id

1031 1394 1059 1421 in
1073 1401 1122 1421 eos
1133 1393 1237 1428 primos
1252 1397 1417 1421 verteretur.
1450 1392 1482 1420 Hi
1509 1393 1593 1427 igitur
1614 1393 1745 1420 aerumnis
1758 1393 1818 1420 suis

1031 1439 1223 1471 consideratis,
1234 1440 1340 1474 legatos
1361 1439 1395 1467 ad
1408 1439 1510 1474 Cyrum
1534 1440 1657 1470 mittunt,
1674 1439 1721 1473 qui
1738 1439 1816 1466 dice-

1031 1489 1092 1512 rent
1106 1485 1232 1520 Assyrios
1255 1484 1307 1511 sibi
1324 1485 1387 1520 jure
1407 1485 1513 1512 invisos
1531 1491 1593 1511 esse
1611 1493 1618 1511 :
1637 1485 1660 1511 si
1678 1484 1770 1514 vellet,
1787 1492 1818 1511 se

189 1530 230 1564 τῷ
243 1529 326 1565 Κύρῳ
334 1530 514 1565 συνέπεμψεν.
525 1530 569 1557 Ἐν
579 1531 700 1566 τοσούτῳ
714 1532 741 1558 δὲ
756 1533 869 1567 ἄγγελοι
884 1533 915 1559 ὲκ
927 1532 980 1560 τῶν

1033 1531 1118 1560 duces
1147 1532 1206 1559 lore
1238 1535 1266 1558 et
1291 1531 1434 1566 adjutores
1465 1531 1499 1558 ad
1523 1538 1572 1558 eos
1599 1530 1818 1565 persequendos.

196 1576 351 1611 Ὑρκανίων
377 1577 518 1611 ἀφίκοντο.
537 1579 569 1605 Οί
597 1578 620 1604 δ’
650 1578 792 1614 Ὑρκάνιοι
817 1579 912 1614 ὅμοροι
925 1579 980 1606 τῶν

197 1623 348 1658 ’Δσσυρίων
367 1625 447 1656 εἰσὶν,
464 1624 540 1656 ἔθνος
561 1625 592 1651 οὐ
611 1625 690 1658 πολὺ,
716 1625 756 1652 διὸ
773 1625 819 1652 καὶ
839 1624 910 1662 ἦσαν
926 1626 980 1653 τῶν

199 1668 350 1704 Ἀσσυρίων
365 1669 499 1704 ὑπήκοοι·
515 1670 634 1706 ἐχρῶντο
644 1671 667 1698 δ’
679 1671 772 1703 αὐτοῖς
794 1671 852 1698 οὒτ’
875 1672 904 1698 ὲν
931 1672 981 1698 πός

192 1723 258 1747 νοις,
278 1714 334 1742 οὔτ’
352 1715 381 1741 ὲν
395 1715 528 1747 κινδύνοις
540 1716 631 1743 αὐτῶν
648 1716 815 1752 φειδόμενοι.
835 1717 891 1744 Καὶ
918 1719 979 1744 τότε

192 1761 220 1787 δὲ
232 1761 362 1796 οὐραγεῖν
377 1763 534 1797 ἐτετάχατο,
553 1764 647 1794 ἱππεῖς
658 1763 736 1795 ὄντες
750 1763 788 1794 ὡς
798 1763 890 1798 χίλιοι,
905 1764 980 1795 ὅπως

193 1807 219 1834 εί
229 1816 256 1834 τι
271 1807 384 1834 ἧπισθεν
400 1809 441 1844 εῖη
460 1808 556 1841 δεινὸν,
581 1808 698 1843 ἐκείνοις
726 1808 801 1835 τοῦτ’
833 1809 979 1845 ὲνσκήψειε

191 1854 244 1888 πρὸ
256 1854 356 1881 αὐτῶν.
371 1854 403 1880 ΟΞ
414 1854 442 1881 δὲ
456 1852 501 1881 cla
519 1855 672 1889 πάσχουσιν
697 1854 879 1890 ιννοούμενοι,
893 1855 979 1891 ἐπεμ-

191 1899 244 1933 ψαν
255 1900 388 1934 ἀγγέλους
402 1900 470 1935 πρὸς
491 1900 592 1936 Κῦρον,
623 1900 766 1935 ἐροῦντας,
793 1900 832 1932 ὡς
859 1903 979 1936 μισοῖντο

191 1945 303 1977 δικαίως
321 1946 388 1981 παρ’
404 1946 494 1973 αὐτῶν
510 1947 535 1972 οἱ
557 1946 712 1981 Ἀσσύριοι·
738 1947 786 1973 καὶ
802 1947 827 1973 εί
857 1946 980 1982 βούλοιτο

193 1990 264 2017 livet
290 1991 336 2018 ἐπ’
353 1992 462 2024 αὐτοὺς,
478 1993 527 2019 καὶ
544 1993 622 2027 σφεῖς
643 1992 747 2018 ἔσοιντο
766 1993 916 2028 σύμμαχοι,
932 1993 980 2019 καὶ

191 2037 386 2070 ήγήσοιντο.”0
399 2037 428 2064 δὲ
445 2038 539 2073 ἤρετο,
558 2039 582 2064 εί
602 2038 788 2073 καταλήψοιτο
800 2038 900 2070 αὐτούς
910 2046 917 2053 ·
932 2039 980 2064 καὶ

191 2083 216 2108 oi
236 2083 377 2118 Ὑρκάνιοι
390 2082 478 2117 εἶπον,
490 2084 530 2110 ὅτι
546 2083 597 2110 κᾶν
613 2083 707 2118 αὒριον
719 2083 804 2110 ἔωθεν
821 2085 980 2119 πορεύοιντο

192 2127 318 2161 εὕζωνοι,
336 2130 535 2165 καταλήψοιντο
553 2131 633 2164 σφᾶς.
653 2130 708 2157 Καὶ
724 2132 737 2157 ὀ
753 2130 844 2165 Κῦρος
872 2131 979 2162 πίστεις

193 2175 263 2210 ᾔτει,
280 2175 317 2207 ὡς
334 2175 502 2210 ἀληθεύοιεν.
517 2176 548 2202 Οἱ
559 2176 587 2203 δὲ
600 2177 720 2212 ὁμήρους
730 2176 876 2203 κατέθεντο
889 2184 979 2211 παρα-

193 2222 278 2256 σχεῖν,
290 2223 315 2248 εἱ
331 2222 377 2248 καὶ
393 2221 473 2254 αὐτὸς
490 2223 583 2254 αὐτοῖς
615 2210 706 2255 δεξιὰν
737 2223 807 2257 δοίη,
827 2224 875 2249 καὶ
895 2210 978 2249 πιστὰ
996 2210 1016 2237 D

192 2266 263 2293 θεῶν
281 2267 436 2302 ποιήσαιτο.
454 2267 509 2294 Καὶ
525 2268 539 2294 6
566 2267 616 2302 μὲν
635 2268 727 2303 Κῦρος
755 2268 862 2295 δίδωσιν
887 2269 978 2301 αὐτοῖς

194 2311 289 2344 πιστὰ,
306 2310 324 2348 ἦ
338 2313 391 2348 μὴν
405 2313 451 2339 ἐὰν
467 2312 485 2339 ἀ
502 2313 625 2346 λέγουσιν
644 2312 850 2347 ἱμπεδώσωσιν,
872 2314 910 2345 ὡς
935 2313 979 2347 φί-

194 2357 252 2389 λοις
266 2357 314 2384 καὶ
332 2358 440 2388 πιστοῖς
457 2357 573 2392 χρῆσθαι
586 2358 691 2390 αὐτοῖς,
707 2358 755 2385 καὶ
779 2359 848 2393 μήτε
865 2359 979 2393 Περσῶν

197 2405 267 2439 μήτε
279 2405 380 2440 Μήδων
393 2405 469 2438 μεῖον
485 2404 558 2438 ἔχειν
573 2412 600 2430 τι
613 2404 679 2439 παρ’
692 2404 780 2440 αὐτῷ.
800 2405 862 2432 Ἐπὶ
873 2405 979 2436 τούτοις

192 2450 207 2475 ό
224 2448 314 2484 Κῦρος
328 2448 369 2476 ἔτι
383 2449 471 2483 φάους
485 2449 561 2480 ὄντος
579 2448 661 2484 ἐξῆγε
680 2449 711 2476 τὺ
737 2449 907 2485 στράτευμα,
931 2449 979 2476 καὶ

192 2495 358 2530 δΤιγράνης
373 2495 443 2530 μετὰ
462 2496 517 2522 τῶν
547 2495 700 2530 ’Λρμενίων
726 2495 820 2530 συνῆν,
842 2496 890 2522 καὶ
915 2495 979 2526 τοὺς

199 2541 364 2577 Ὑρκανίους
379 2542 407 2569 δὲ
422 2541 584 2578 περιμένειν
600 2541 753 2573 ἐκέλευσεν,
772 2541 805 2568 ἵν’
819 2541 877 2576 ἅμα
902 2541 977 2568 ῖοιεν.

194 2585 256 2612 Τῶν
265 2584 295 2612 δὲ
307 2586 408 2620 Μήδων
417 2586 510 2621 σχεδὸν
525 2585 646 2617 ἅπαντες
658 2585 822 2620 συνεξῄεσαν
834 2585 873 2621 τῷ
884 2586 977 2622 Κύρῳ.

1031 1578 1117 1614 Cyrus
1143 1582 1222 1613 rogat
1245 1585 1279 1605 an
1304 1585 1352 1605 eos
1374 1577 1488 1612 adipisci
1513 1577 1619 1612 possit?
1640 1576 1819 1610 Respondent

1033 1625 1159 1660 Hyrcani,
1191 1624 1214 1651 i
1241 1624 1285 1652 vel
1315 1624 1449 1659 postridie
1478 1631 1559 1650 mane
1589 1630 1651 1650 cum
1681 1623 1820 1657 expeditis

1031 1671 1118 1706 copiis
1135 1669 1336 1706 proﬁciscatur,
1349 1675 1541 1697 assecuturum
1553 1669 1625 1697 illos.
1644 1669 1713 1696 Tum
1727 1669 1818 1704 Cyrus

1030 1718 1099 1752 petit
1116 1717 1218 1744 lirmari
1238 1717 1290 1744 sibi
1310 1716 1390 1744 [idem
1406 1717 1440 1743 ab
1459 1716 1501 1743 eis
1517 1724 1524 1743 :
1546 1716 1712 1750 pollicentur
1730 1715 1769 1741 illi
1786 1722 1817 1742 se

1030 1763 1140 1790 obsides
1165 1762 1290 1794 daturos,
1316 1762 1337 1789 si
1361 1762 1484 1789 vicissim
1514 1761 1642 1788 dexteras
1670 1761 1759 1792 daret,
1790 1765 1820 1787 ct

1030 1814 1201 1836 sacramento
1226 1809 1346 1836 ﬁrmaret
1367 1808 1458 1835 ﬁdem.
1485 1808 1589 1834 Annuit
1613 1807 1723 1843 Cyrus:
1739 1807 1814 1841 quod

1030 1855 1051 1882 si
1069 1862 1098 1881 re
1122 1857 1294 1889 praestarent,
1317 1860 1380 1888 quae
1395 1852 1488 1879 verbis
1505 1852 1718 1887 profiterentur,
1732 1859 1762 1878 se
1777 1851 1819 1878 eis

1030 1908 1080 1935 pro
1106 1900 1167 1927 ﬁdis
1193 1900 1291 1926 amicis
1311 1906 1428 1925 usurum
1453 1909 1460 1926 :
1484 1906 1575 1932 neque
1596 1898 1737 1925 deteriore
1757 1898 1819 1924 loco

1030 1946 1147 1978 futuros,
1171 1953 1253 1980 quam
1271 1946 1368 1972 Persas
1389 1950 1437 1972 aut
1452 1944 1555 1972 Medos.
1581 1944 1628 1971 His
1653 1944 1732 1973 actis,
1756 1950 1818 1970 cum

1030 1992 1120 2019 adhuc
1134 1993 1248 2023 luceret,
1261 1991 1354 2018 educit
1370 1990 1533 2020 exercitum,
1550 1989 1668 2023 Tigrane
1687 1995 1750 2015 cum
1766 1988 1818 2014 Ar-

1030 2037 1129 2064 meniis
1154 2037 1303 2064 comitante
1326 2047 1334 2064 :
1359 2041 1387 2063 et
1406 2036 1546 2071 Hyrcanos
1561 2035 1644 2061 etiam
1658 2037 1819 2067 exspectare

1028 2083 1116 2118 jubet,
1134 2087 1164 2110 ut
1177 2090 1230 2110 una
1253 2082 1337 2109 irent.
1356 2082 1430 2109 Medi
1447 2089 1513 2108 vero
1528 2080 1586 2107 fere
1603 2087 1700 2106 omnes
1716 2079 1817 2112 Cyrum

1030 2130 1229 2164 sequebantur.
1265 2128 1349 2157 Jubet
1371 2128 1455 2163 igitur
1482 2127 1624 2161 Hyrcanos
1650 2124 1816 2159 prazeedcre,

1033 2178 1174 2212 multoque
1187 2176 1286 2203 itinere
1306 2174 1442 2204 conlecto,
1460 2179 1556 2199 eorum
1572 2170 1707 2198 exercitui
1719 2177 1817 2204 appro-

1032 2223 1146 2258 pinquat
1163 2231 1169 2248 :
1187 2221 1221 2249 de
1236 2229 1291 2256 quo
1309 2220 1386 2256 152
1403 2228 1417 2247 a
1433 2219 1529 2254 legatis
1543 2217 1710 2247 admonitus,
1726 2215 1816 2251 jubet.

1032 2269 1056 2297 si
1074 2269 1154 2296 amici
1171 2267 1237 2298 sint.
1255 2267 1323 2295 citra
1339 2273 1444 2294 moram
1458 2271 1606 2292 occurrere
1621 2262 1737 2291 sublatis
1751 2261 1818 2288 dex-

1034 2314 1111 2342 teris.
1140 2313 1256 2341 Faciunt
1283 2313 1333 2342 illi.
1360 2317 1390 2340 ut
1411 2311 1481 2346 jussi
1501 2314 1583 2338 erant
1605 2318 1613 2337 :
1637 2316 1707 2344 quos
1729 2307 1819 2342 Cyrus

1033 2359 1151 2394 benigne
1166 2363 1304 2393 acceptos,
1320 2358 1413 2385 dicere
1427 2357 1482 2385 sibi
1503 2357 1592 2392 jubet,
1616 2360 1751 2391 quantum
1768 2354 1814 2381 ab-

1031 2405 1088 2432 sint
1113 2403 1234 2432 bostium
1251 2404 1338 2431 duces
1350 2408 1380 2431 et
1399 2404 1537 2431 universa:
1557 2401 1654 2437 copias.
1671 2401 1740 2428 Cum
1757 2407 1817 2426 res-

1032 2449 1196 2485 ponderent.
1219 2450 1308 2487 paulo
1324 2449 1386 2484 plus
1413 2456 1575 2485 parasanga,
1596 2447 1676 2483 jubet
1702 2446 1816 2475 ducere,

1032 2496 1091 2532 ipse
1103 2504 1165 2523 cum
1179 2496 1271 2524 Persis
1280 2497 1307 2523 in
1318 2495 1409 2524 medio
1418 2495 1616 2531 proﬁciscitur,
1628 2493 1680 2521 alis
1693 2491 1817 2526 equitum

1032 2542 1162 2576 utrinque
1170 2541 1317 2576 adiunctis.
1326 2541 1395 2570 Cum
1402 2540 1651 2573 diluxisset,hostes
1657 2546 1685 2566 re
1697 2536 1816 2572 cognita.

1032 2586 1132 2621 partim
1145 2585 1250 2622 fugere,
1267 2587 1366 2621 partim
1380 2586 1440 2614 sine
1455 2593 1544 2621 pugna
1558 2584 1637 2612 cadi.

199 2631 342 2666 Ἡγεῖσθαι
355 2631 402 2660 οὖν
421 2634 485 2665 τοὺς
505 2632 670 2668 Ὑρκανίους
684 2632 812 2658 ὲκέλευι·
833 2633 881 2659 καὶ
912 2632 1014 2668 πολλὴν
1026 2633 1085 2660 ὁδὸν
1098 2632 1238 2665 διανύσας,
1267 2632 1382 2668 πλησίον
1400 2632 1505 2666 γίνεται
1539 2630 1586 2657 τοῦ
1620 2629 1674 2656 τῶν
1711 2627 1815 2662 ’Υρκαο

193 2679 259 2706 νίων
275 2679 492 2715 στρατεύματος.
508 2678 563 2706 Καὶ
578 2679 603 2705 οι
615 2678 726 2713 ἄγγελοι
742 2678 822 2705 τοῦτο
843 2678 889 2705 τὸν
917 2678 1009 2714 Κῦρον
1041 2679 1191 2710 ὶδὶδασιων,
1225 2679 1273 2706 καὶ
1292 2678 1321 2710 ὃς
1347 2677 1502 2708 ἐκέλευσεν,
1527 2676 1553 2702 εί
1577 2675 1650 2709 φίλοι
1683 2675 1752 2701 εἰσὶν
1774 2673 1816 2704 ὡς

193 2725 312 2761 τάχιστα
338 2726 460 2762 όπαντᾷν
485 2726 534 2758 τὰς
548 2725 638 2758 δεξιὰς
669 2726 874 2758 ἀνατείναντας.
893 2726 948 2753 Καὶ
975 2726 1000 2752 ol
1022 2725 1163 2761 Ὑρκάνιοι
1180 2725 1267 2752 ταῦτα
1280 2725 1486 2759 ἐνωτισάμενοι,
1504 2722 1631 2758 παρῆσαν
1646 2721 1737 2752 εὐθὺς,
1764 2719 1814 2750 τὰς

195 2772 297 2806 δεξιὰς,
314 2772 409 2807 ὥσπερ
434 2773 538 2807 εῖρητο,
557 2771 754 2803 ἀνατείνοντες.
782 2771 977 2807 Δεξιοσάμενος
996 2771 1025 2798 δὲ
1056 2772 1166 2803 αὐτοὺς,
1187 2769 1290 2797 Εἷπατέ
1305 2778 1360 2805 μοι,
1377 2769 1455 2804 φησὶ,
1471 2769 1553 2795 πόσον
1566 2768 1662 2803 ἀπέχει
1696 2767 1812 2793 ὲνθὲνδει

197 2820 260 2847 ἔνθα
275 2820 303 2846 αι
334 2819 417 2854 ἀρχαὶ
437 2819 491 2845 τῶν
510 2818 650 2854 πολεμίων
683 2819 747 2850 είσὶ,
775 2818 824 2844 καὶ
845 2818 876 2844 τὸ
899 2817 998 2852 ἁθρόον
1018 2815 1119 2846 aui-uir):
1133 2817 1157 2843 οἳ
1190 2816 1212 2843 δ’
1239 2816 1353 2849 ἔφασαν,
1366 2815 1449 2849 ὀλίγῳ
1465 2815 1546 2841 πλέον
1571 2814 1588 2848 ἢ
1615 2813 1811 2848 παρασάγγην.

203 2864 345 2899 Ἡγεῖσθαι
365 2863 411 2891 οὖν
428 2865 490 2897 τοὺς
519 2865 680 2899 Ὑρκανίους
708 2865 853 2892 ἐπέταττε·
879 2865 924 2891 καὶ
954 2864 978 2891 οἱ
1000 2864 1049 2900 μὲν
1080 2863 1195 2900 ἡγοῦντο
1217 2871 1222 2876 ’
1241 2861 1322 2892 αὐτὸς
1337 2861 1365 2887 δὲ
1383 2860 1431 2887 σὺν
1446 2861 1502 2892 τοῖς
1526 2859 1646 2895 Πέρσαις
1670 2859 1700 2884 1’;
1728 2859 1816 2892 μέσον
