2041 3147
193 140 253 172 σω

803 141 1005 172 ANNALIUM
1025 141 1098 171 LIB.
1122 141 1181 173 Iff.

1771 143 1830 175 Sid

193 197 358 233 Κυαξάρην,
372 198 420 225 καὶ
444 198 638 233 ἀσπασάμενος
658 192 740 225 αὐτὸν
755 197 840 231 εἶπεν,
856 199 895 226 ὅτι
911 198 983 229 οἶκος

1036 197 1088 230 giis
1120 197 1281 224 muneribus
1311 196 1419 230 affecto,
1449 197 1498 229 ait,
1525 197 1636 225 domum
1672 199 1754 225 ctiam
1786 200 1825 227 illi

193 242 271 276 αὐτῷ
296 245 326 270 ὲν
342 244 485 271 Βαϐυλῶνι
513 245 664 280 ἐξῄρηται·
681 246 728 271 καὶ
750 245 825 280 δῶρα
848 246 985 281 παρέσχεν

193 288 270 323 αὑτῴ
284 289 370 316 πολλὰ
386 290 433 316 καὶ
445 290 524 317 καλά.
545 291 572 317 '0
590 291 618 317 δὲ
632 291 778 326 Κυαξάρης
791 292 986 327 προσέπεμψεν

194 334 270 369 αὐτῷ
282 334 331 369 τὴν
342 334 481 370 θυγατέρα
496 336 628 371 στέφανόν
642 346 671 363 τε
687 337 817 373 χρυσοῦν,
829 339 875 364 καὶ
890 338 986 373 ψέλλια

195 380 343 415 φέρουσαν,
369 382 417 408 καὶ
434 383 578 416 στρεπτὸν,
596 385 643 410 καὶ
663 384 761 419 στολὴν
777 384 904 420 Μηδικὴν
920 385 985 412 κα).-

195 426 311 461 λέστην·
334 429 381 454 καὶ
399 428 414 462 ἠ
436 429 485 463 μὲν
507 430 569 461 παῖς
587 431 739 465 ἐστεφάνου
765 432 811 458 τὸν
837 432 939 467 Κῦρον.
957 433 986 460 ’0

196 471 226 497 δὲ
242 471 385 507 Κυαξάρης
394 480 403 489 ·
416 473 525 507 Δίδωμί
533 481 594 507 σοι,
608 476 670 510 ἔφη,
681 474 705 502 ὦ
717 477 808 510 ’ΚῦρεΙ
826 478 874 504 καί
888 477 987 512 αὐτὴν

195 517 309 549 ταύτην
335 518 473 551 γυναῖκα,
492 520 637 555 θυγατέρα
663 519 761 549 οὖσαν
779 523 856 557 ἐμὴν
869 543 876 555 ,
891 524 986 551 ἐπιδί-

194 561 269 596 δωμι
281 562 315 588 δὲ
338 563 416 597 αὐτῇ
442 564 491 591 καί
516 567 631 599 φερνὴν
644 568 762 602 Μηδίαν
777 568 881 595 πᾶσαν
893 578 899 585 ·
915 570 987 597 οὐδὲ

195 606 251 640 γάρ
267 607 335 634 ἐστι’
346 616 398 642 μοι
411 608 502 642 ἀρῤεν
516 610 587 643 παῖς
614 612 750 644 γνήσιος.
773 612 802 639 Ὀ
823 613 851 639 δὲ
876 613 966 649 Κῦρος
977 623 984 630 ·

195 653 232 678 Τὸ
249 653 299 687 μὲν
315 653 405 687 γένος,
430 652 454 681 ὦ
474 654 616 691 Κυαξάρη,
638 658 750 689 ἐπαινῶ,
780 657 851 690 εἷπε,
873 661 920 686 καὶ
937 661 986 695 τὴν

194 700 290 733 παῖδα,
305 701 352 726 καὶ
373 701 406 727 τὰ
430 701 515 737 δῶρα.
547 703 683 737 Βούλομαι
709 704 736 730 δὲ
753 706 800 732 σὺν
818 705 914 741 γνώμῃ
938 706 985 733 τ.υῦ

194 745 298 779 πατρός
312 753 342 771 τε
356 746 403 772 καὶ
417 748 467 780 τῆς
481 747 584 782 μητρὸς
604 748 692 783 γῆμαι
711 749 806 783 αὐτήν.
825 750 878 775 Καὶ
898 750 985 776 ταῦτα

194 789 290 821 εἰπὼν,
316 791 357 822 εἰς
374 791 482 826 Πέρσας
499 792 659 827 ἐπορεύετο.
684 794 728 820 Ἐν
751 794 780 821 δὲ
798 796 854 826 τοῖς
871 795 985 831 Περσῶν

193 836 278 869 ὁρίοις
289 835 386 869 ἐλθὼν,
399 838 430 863 τὸ
447 838 497 872 μὲν
511 839 669 874 στράτευμα
684 841 743 867 ἐκεῖ
758 840 914 868 κατέλιπεν.
930 842 985 868 Αὑ-

193 881 239 913 ςὸς
252 881 281 908 δὲ
295 882 345 908 σὺν
359 884 416 914 τοῖς
428 884 518 916 φίλοις
533 884 582 919 τὴν
599 885 675 911 πόλιν
690 885 788 921 εἰσῄει,
806 887 827 912 ίε
834 887 892 921 ρεῖα
909 886 984 920 ἄγων

194 928 260 953 πᾶσι
278 928 395 962 Πέρσαις
411 930 490 956 ίχανὰ
517 930 592 957 θύειν
620 932 667 957 καὶ
687 932 846 958 ἑστιᾶσθαι·
861 932 935 967 δῶρα
956 933 984 960 δὲ

193 973 231 1007 τῷ
246 975 332 1010 πατρὶ
344 975 392 1001 καὶ
402 977 434 1011 τῇ
451 977 535 1011 μητρὶ
547 977 645 1011 ἔφερεν
659 976 703 1005 οἷα
718 978 790 1011 size;
807 977 850 1014 ἧν,
867 980 913 1006 καὶ
927 981 983 1012 τοῖς

193 1019 294 1052 φίλοις,
325 1018 369 1047 οἶα
395 1022 418 1048 δ’
442 1022 565 1057 ἔπρεπεν
593 1024 693 1059 ἀρχαῖς
722 1025 769 1051 καὶ
798 1026 981 1061 γεραιτέροις.

195 1066 298 1093 Ἔδωκε
310 1067 339 1093 δὲ
354 1067 400 1094 καὶ
416 1069 483 1095 πᾶσι
499 1069 631 1104 Πέρσαις,
647 1070 715 1096 ἀλλὰ
730 1071 782 1105 μὴν
796 1072 843 1098 καὶ
857 1072 981 1105 Περσίσι,

193 1114 240 1139 καὶ
257 1113 353 1149 χρόνον
376 1116 437 1142 τινὰ
456 1117 512 1147 τοῖς
529 1116 638 1144 τεκοῦσι
657 1118 864 1153 συνδιατρίψας,
885 1120 981 1155 ἀπῄει.

193 1160 247 1186 Καὶ
260 1161 404 1196 γενόμενος
430 1164 458 1189 ὲν
476 1164 591 1198 Μήδοις,
609 1165 737 1198 συνδόξαν
760 1164 797 1200 τῷ
815 1167 911 1201 πατρῖ,
932 1175 982 1200 γα-

194 1207 240 1239 μεῖ
254 1207 304 1241 τὴν
322 1208 465 1242 Κυαξάρου
481 1209 631 1245 θυγατέρα.
655 1211 751 1246 Γήμας
770 1211 792 1238 δ’
812 1213 892 1243 εὐθὺς
913 1213 981 1248 ἔχων

191 1252 276 1286 αὖτὴν
292 1253 481 1286 ἀνεζεύγνυεν.
506 1255 548 1287 Ὠς
566 1256 588 1282 δ’
604 1254 671 1291 ἦκεν
690 1258 729 1288 είς
748 1257 906 1289 Βαῦυλῶνα,
934 1268 981 1285 σα-

189 1298 300 1331 τράπας
318 1300 365 1325 ἐπὶ
385 1300 420 1326 τὰ
437 1303 668 1336 κατεστραμμένα
696 1302 821 1337 ἔπεμπεν
845 1304 920 1337 ἔθνη,
941 1305 981 1335 εις

197 1344 328 1377 Ἀραϐίαν
346 1345 445 1382 δηλαδὴ
463 1347 510 1374 καὶ
526 1347 737 1379 Καππαδοκίαν,
754 1349 794 1379 είς
813 1350 934 1383 Φρυγίαν
951 1359 979 1376 τε

188 1388 238 1422 τὴν
255 1390 387 1425 μεγάλην,
404 1391 443 1422 είς
452 1392 555 1418 Λυκίαν
570 1401 599 1418 τε
614 1393 660 1419 καὶ
673 1393 790 1425 Ἰωνίαν,
806 1395 844 1426 εἷς
863 1395 980 1429 Καρίαν,

189 1436 229 1466 εἰς
255 1436 375 1470 Φρυγίαν
394 1437 443 1472 τὴν
469 1438 536 1473 παρ’
559 1439 765 1474 Ἑλλήσποντον,
795 1441 842 1467 καὶ
858 1442 977 1468 Αἰολίδα.

190 1482 282 1514 Κίλιξι
296 1482 323 1508 δὲ
341 1484 389 1509 καὶ
401 1484 536 1518 Κυπρίοις
550 1485 597 1511 καὶ
613 1485 790 1520 Παφλαγόσιν
804 1487 854 1513 οὐκ
873 1487 980 1522 έπεμψε

1037 241 1174 276 Babylone
1189 241 1355 277 assignatam
1375 250 1445 270 esse.
1472 242 1506 270 At
1523 243 1660 278 Cyamres
1687 243 1770 271 ﬁliam
1792 245 1825 272 ad

1036 295 1098 314 eum
1114 288 1209 319 mittit,
1223 295 1284 314 cum
1299 296 1382 315 aurea
1408 297 1519 320 corona,
1543 290 1668 321 armill's,
1687 295 1784 324 torque
1798 296 1827 318 ct

1036 336 1112 359 veste
1135 332 1239 360 Medica
1268 334 1478 367 pulcherrima;
1502 335 1545 361 illa
1574 335 1674 370 Cyrum
1699 343 1825 363 coronat.

1038 379 1093 405 Rex
1111 386 1176 405 vero
1191 388 1198 406 :
1214 379 1301 412 lianc,
1322 380 1421 414 inquit,
1439 379 1515 416 Cyre,
1534 380 1620 415 ﬁliani
1646 390 1742 414 meam,
1760 391 1825 409 uxo-

1036 431 1092 451 r3m
1114 425 1160 452 tibi
1179 425 1231 457 do.
1258 432 1282 453 et
1308 431 1391 453 tatam
1417 428 1532 453 Mediam
1556 428 1611 454 doti
1638 429 1705 455 dico.
1735 428 1826 464 Neque

1037 475 1106 498 enim
1121 471 1184 498 mihi
1196 476 1257 498 sunt
1269 479 1353 498 mores
1369 471 1442 498 fiberi
1454 472 1584 507 germani.
1598 473 1639 500 Ad
1656 473 1712 500 ha'c
1725 473 1823 508 Cyrus,

1037 525 1066 544 se
1083 523 1110 544 et
1126 525 1213 553 genus
1231 518 1353 550 laudare,
1381 523 1410 545 et.
1434 518 1553 552 puellam
1582 523 1610 546 et
1633 527 1758 552 munera,
1777 520 1824 547 sed

1037 571 1096 590 eam
1114 564 1147 591 de
1171 564 1308 591 sententia
1324 564 1410 599 patris
1427 568 1454 591 et
1479 564 1575 591 matris
1590 564 1736 592 ducturum
1754 574 1825 593 esse.

1037 607 1085 635 His
1108 607 1200 640 dictis,
1229 608 1255 635 in
1280 608 1400 635 Persi-im
1430 608 1590 641 contendit,
1617 609 1770 644 relictoque
1799 610 1825 636 in

1037 653 1356 690 ﬁnibusexercitujpse
1372 662 1435 682 cum
1461 655 1556 681 amicis
1583 655 1678 681 urbem
1705 655 1827 690 ingredi-

1037 704 1092 729 tur.
1108 699 1234 727 victimas
1247 689 1396 731 adducens,
1422 707 1483 735 qua:
1506 704 1533 727 et
1556 699 1591 727 ad
1615 689 1830 728 sacrificandum

1036 751 1064 773 et
1078 745 1111 772 ad
1133 746 1335 774 convivandum
1362 747 1454 774 Persis
1476 746 1606 773 omnibus
1621 747 1688 774 satis
1704 753 1798 775 essent
1818 755 1825 773 :

1036 791 1199 826 parentibus
1218 796 1301 826 atque
1323 792 1420 819 amicis
1437 800 1550 819 munera
1566 792 1656 824 affert,
1672 793 1762 827 qualia
1778 801 1830 828 par

1036 842 1106 868 erat,
1130 841 1159 864 et
1178 837 1269 872 qualia
1285 837 1461 872 magistratus
1485 845 1517 864 ac
1538 838 1663 865 seniores
1680 837 1825 868 decebant.

1036 891 1087 910 nec
1108 890 1164 910 non
1192 883 1283 910 Persis
1309 883 1440 911 omnibus
1460 891 1612 919 eorumque
1638 884 1772 911 uxoribus
1798 890 1826 911 et

1034 923 1141 957 liberis.
1154 930 1322 965 Aliquandiu
1346 931 1417 965 apud
1435 936 1564 965 parenles
1579 936 1777 962 commoratus.
1798 931 1831 958 in-

1034 976 1151 1004 Mediam
1167 976 1317 1004 revertitur
1331 985 1338 1003 :
1363 976 1536 1011 probatoque
1552 984 1567 1004 a
1589 981 1667 1012 patre
1685 978 1824 1012 conjugio,

1033 1022 1162 1057 Cyaxaris
1187 1022 1270 1049 ﬁliam
1288 1021 1376 1049 ducit.
1400 1021 1556 1049 Celebratis
1584 1022 1702 1057 nuptiis.
1732 1023 1824 1050 statim

1033 1076 1096 1096 cum
1108 1077 1139 1096 ea
1156 1068 1322 1104 Babylonem
1339 1067 1536 1103 proficiscitur.
1556 1067 1622 1095 lude
1647 1073 1771 1103 satrapas
1790 1068 1823 1095 ad

1032 1119 1127 1149 gentes
1148 1115 1276 1142 subactas
1294 1114 1388 1146 mittit,
1412 1118 1443 1141 ut
1467 1114 1494 1141 in
1520 1114 1661 1146 Arabiam,
1683 1114 1826 1149 Cappado-

1032 1161 1114 1189 ciam.
1136 1161 1280 1196 Phrygiam
1309 1161 1452 1194 majorem,
1480 1160 1603 1196 Lyciam,
1632 1161 1748 1192 leniant,
1774 1160 1826 1188 Ca-

1033 1207 1111 1238 riam,
1130 1207 1276 1242 Phrygiam
1304 1207 1551 1241 lleflespontiacam
1580 1212 1608 1234 et
1630 1206 1759 1234 Eoliam.
1783 1206 1823 1234 Ad

1031 1252 1130 1279 Cilices
1142 1260 1217 1282 vero.
1235 1252 1350 1287 Cyprios
1372 1257 1400 1279 et
1418 1252 1609 1287 Paphlagones
1623 1257 1746 1287 satrapas
1769 1260 1824 1278 non

1032 1298 1115 1326 misit,
1134 1305 1167 1324 c0
1182 1297 1254 1331 quod
1273 1298 1345 1324 ultro
1370 1305 1399 1324 se
1418 1297 1451 1324 ad
1476 1298 1551 1324 illuxit
1575 1298 1726 1325 contulisse
1749 1297 1826 1324 vide—

1033 1343 1154 1373 bantur;
1172 1341 1353 1368 nihilominus
1369 1346 1460 1368 tamen
1474 1346 1502 1367 et
1523 1341 1551 1368 bi
1577 1342 1680 1369 tributa
1702 1342 1824 1376 pensita-

1034 1388 1109 1415 baut.
1130 1388 1164 1415 Ut
1179 1388 1260 1423 168
1272 1392 1364 1414 autent
1382 1388 1408 1414 in
1425 1392 1500 1415 tanta
1516 1388 1626 1422 imperii
1642 1388 1824 1422 amplitudine

1032 1433 1121 1461 nuntii
1138 1434 1267 1461 celeriter
1289 1434 1322 1461 ad
1349 1442 1378 1461 se
1401 1434 1603 1469 perferrentur,
1625 1434 1824 1466 consideravit,

1031 1484 1164 1515 quantum
1195 1480 1306 1507 itineris
1329 1487 1418 1514 equus
1444 1488 1499 1507 uno
1517 1480 1562 1507 die
1581 1487 1665 1508 cursu
1686 1480 1824 1507 conﬁcere

190 1529 345 1563 σατράπας,
356 1530 397 1556 ὅτι
411 1531 521 1562 ἑκόντες
531 1531 641 1558 ἐδόκουν
653 1532 728 1567 αὐτῷ
738 1534 978 1568 συστρατεύεσθαι

1034 1531 1146 1560 posset:
1173 1533 1204 1554 ac
1225 1531 1301 1553 tanto
1330 1526 1478 1553 intervallo
1511 1526 1641 1553 distincta
1668 1526 1823 1553 diversoria

190 1575 316 1609 Δασμους
331 1576 423 1609 μέντοι
442 1578 489 1603 καὶ
514 1574 587 1605 οὗτοι
604 1579 754 1614 ἀπέφερον.
773 1580 829 1606 Ἵνα
843 1581 882 1613 δὲ,
896 1582 981 1615 μεγα-

189 1620 241 1654 λης
258 1622 333 1656 αὖτῷ
346 1622 396 1657 τῆς
416 1623 504 1658 ἀρχῆς
528 1623 622 1658 οὒσης,
646 1625 752 1660 ταχέως
776 1626 824 1652 καὶ
838 1627 979 1662 πόρρωθεν

189 1664 220 1692 οἵ
233 1667 388 1700 κομίζοιντο
397 1669 535 1702 ἀγγελίαι,
554 1670 689 1704 ἐσκέψατο
713 1671 801 1707 πόσην
814 1672 847 1698 ἂν
863 1673 922 1698 ὁδὸν
936 1673 982 1699 ἴπ-

191 1721 242 1743 πος
257 1713 435 1747 ἐλαυνόμενος
451 1714 531 1750 ἀνύῃ,
545 1715 593 1741 καὶ
617 1715 743 1747 ίππῶνας
755 1717 882 1743 τοσοῦτον
895 1717 979 1752 ἀλλή-

190 1755 246 1782 λων
258 1756 397 1791 διέχοντας
409 1758 567 1794 ἐποιήσατο,
589 1761 636 1787 καὶ
656 1760 756 1792 ἵππους
772 1762 939 1797 κατέστησεν
952 1765 981 1789 ἐν

190 1803 294 1834 αὐτοῖς,
323 1804 447 1835 καὶτοὺς
462 1805 553 1832 αὐτῶν
580 1807 807 1842 ἐπιμελομένους,
826 1809 872 1835 καὶ
896 1809 981 1844 ἄνδρα

190 1848 237 1881 ἐφ’
260 1849 367 1884 ἑκάστῳ
382 1850 460 1881 ἔταξε
490 1851 536 1878 τὸν
553 1853 706 1887 ἐπιτήδειον
730 1855 932 1890 παραδέχεσθαι
948 1857 982 1883 τὰ

191 1895 333 1928 φερόμενα
357 1896 520 1931 γράμματα,
541 1897 586 1924 καὶ
611 1899 798 1934 παραδιδόναι,
828 1902 874 1927 καὶ
891 1910 982 1936 παρα-

191 1939 344 1974 λαμϐάνειν
370 1943 433 1974 τοὺς
457 1944 644 1978 ἀπειρηκότας
669 1945 778 1977 ἵππους,
808 1947 857 1973 καὶ
885 1947 983 1979 ἄλλους

193 1987 317 2021 πέμπειν
339 1988 454 2019 νεαλεῖς.
490 1989 560 2024 Ἤδη
589 1990 617 2017 δὲ
633 1991 814 2025 παρελθόντος
846 1993 982 2026 ἐνιαυτοῦ,

194 2032 340 2066 στρατείαν
354 2035 510 2070 ἐποιήσατο,
533 2037 561 2062 ἐν
615 2037 723 2071 λέγεται
739 2039 983 2073 καταστρέψασθαι

194 2077 285 2103 πάντα
300 2079 333 2105 τὰ
354 2079 430 2114 ἔθνη,
445 2081 495 2107 ὅσα
526 2082 625 2117 Συρίαν
643 2082 766 2109 εἰπϐἀντι
790 2084 869 2115 οἰκεῖ,
887 2084 983 2119 μέχρις

200 2122 335 2157 Ἐρυθρᾶς
350 2124 498 2160 θαλάσσης.
525 2127 603 2153 Μετὰ
614 2127 642 2153 δὲ
655 2128 740 2154 ταῦτα
770 2130 913 2162 στρατεύει
940 2130 983 2155 ἐπ’

192 2169 341 2202 Αἴγυπτον,
357 2171 404 2196 καὶ
424 2172 644 2207 καταστρέφεται
658 2174 705 2199 καὶ
722 2174 818 2209 αὐτὴν,
837 2174 875 2208 ὼς
890 2175 983 2201 ἐντεῦσ

195 2214 243 2242 θεν
259 2215 360 2250 ὁρίζειν
377 2217 460 2243 αὑτοῦ
474 2217 523 2252 τὴν
537 2218 624 2253 ἀρχὴν
639 2219 707 2254 προς
720 2220 759 2246 ἔω
772 2219 821 2255 μὲν
835 2220 884 2256 τὴν
905 2221 984 2256 Ἐρυ-

193 2262 265 2297 θρὰν
281 2263 440 2290 θάλασσαν·
470 2265 538 2299 πρὸς
561 2265 664 2300 ἄρκτον
689 2266 729 2297 δὲ,
749 2267 800 2292 τὸν
822 2267 923 2294 Πόντον
940 2268 985 2293 τὸν

195 2308 322 2341 Εὔξεινον
335 2318 342 2325 ·
359 2310 426 2345 πρὸς
441 2310 465 2336 δ’
481 2311 612 2346 ἑσπέραν,
639 2312 750 2348 Κῦπρον
767 2313 814 2339 καὶ
827 2313 985 2346 Αἴγυπτον·

194 2356 242 2389 τὴν
255 2355 277 2381 δ’
292 2355 436 2382 Αἰθιοπίαν
450 2357 519 2391 πρὸς
535 2358 723 2392 μεσημϐρίαν.
746 2358 831 2389 Αὐτὸς
846 2359 869 2384 δ’
886 2360 914 2384 ὲν
934 2359 985 2392 μέ-

197 2408 235 2434 σῳ
248 2400 351 2427 τούτων
376 2402 560 2436 πεποιημένος
574 2403 623 2438 τὴν
649 2403 764 2437 δίαιταν,
791 2405 820 2430 ἐν
845 2404 985 2430 Βαϐυλῶνι

197 2446 248 2480 μὲν
264 2446 350 2481 μῆνας
367 2447 458 2482 διῆγεν
488 2449 569 2481 ἑπτὰ,
596 2449 642 2476 τὸν
667 2450 763 2484 χρόνον
777 2450 809 2485 δὴ
826 2450 872 2476 τὸν
892 2450 986 2485 χειμέ-

194 2502 253 2530 ριον
266 2501 272 2506 ·
286 2494 394 2528 ἀλεεινὴ
403 2498 456 2528 γὰρ
468 2495 535 2530 αὕτη
551 2497 567 2531 ἡ
583 2495 659 2530 χώρα
671 2504 678 2510 ·
694 2498 768 2529 τρεῖς
780 2496 808 2522 δὲ
823 2497 911 2531 μῆνας
923 2495 985 2527 τοὺς

194 2540 267 2575 ἀμφὶ
282 2540 311 2565 τὸ
325 2540 375 2575 ἔαρ
390 2542 419 2567 ἐν
429 2542 552 2571 Σούσοις.
573 2541 617 2568 Ἐν
629 2543 651 2568 δ’
661 2542 837 2572 Ἐκϐατάνοις
852 2543 899 2569 δύο
909 2543 985 2577 διῆγε

196 2583 286 2617 μῆνας
300 2583 349 2619 τὴν
363 2585 410 2611 τοῦ
424 2584 520 2621 θέρους
538 2586 640 2621 ἀκμήν.
654 2586 732 2613 Οὕτω
749 2587 777 2613 δὲ
793 2586 878 2622 ζήσας
896 2589 909 2613 ὀ
926 2587 966 2614 KG
978 2603 984 2609 -

196 2637 253 2663 ρος,
269 2631 316 2656 καὶ
336 2630 410 2664 μάλα
435 2631 590 2665 πρεσϐύτης
604 2632 761 2666 γενόμενος,
777 2633 933 2666 ἀφικνεῖται
945 2634 984 2665 εἰς

197 2675 307 2709 Πέρσας
323 2676 353 2702 τὸ
367 2676 493 2711 ἕϐδομον,
508 2677 592 2703 πάλαι
608 2677 663 2703 τῶν
675 2678 777 2704 τοκέων
792 2679 985 2713 τετελευτηκό-

194 2729 250 2747 των
262 2721 346 2756 αὐτῷ.
366 2722 419 2747 Καὶ
435 2722 598 2758 κοιμωμένῳ
615 2723 684 2750 κατὰ
699 2725 732 2750 τὰ
748 2723 881 2758 βασίλεια,
895 2724 984 2756 ἔδοξεν

196 2767 271 2802 αὐτῷ
285 2769 345 2794 κατ’
362 2769 428 2803 ὖναρ
445 2777 485 2800 τις
501 2769 662 2804 προσελθεῖν
677 2769 808 2804 κρείττων
824 2770 840 2803 ἢ
855 2771 925 2796 κατὰ
942 2770 984 2797 ἄν·

196 2812 318 2849 θρωπον,
338 2814 425 2848 λέγων
435 2823 441 2829 ⁸
463 2815 663 2848 Συσκευὰζου,
676 2813 700 2842 ὦ
714 2816 800 2850 Κῦρε,
809 2816 866 2850 ἤδη
880 2817 934 2851 γάρ
948 2826 985 2844 σε

193 2861 438 2897 μεταπέμπονται
458 2863 484 2889 οἰ
500 2863 571 2890 θεοί.
592 2862 639 2890 Ἐκ
655 2862 748 2890 τούτου
762 2863 783 2890 δ’
804 2863 923 2898 εῐκαζεν,
943 2865 983 2892 ὅτι

1033 1572 1143 1602 struxit.
1159 1573 1239 1606 equis
1254 1576 1280 1599 et
1295 1572 1478 1606 equisonibus
1492 1571 1518 1598 in
1537 1572 1571 1599 iis
1583 1572 1734 1604 collocatis,
1754 1580 1824 1606 quo-

1033 1626 1091 1644 rum
1106 1618 1205 1652 cuique
1229 1618 1350 1652 przefecit
1363 1618 1452 1645 \‘irutn
1473 1618 1507 1644 ad
1525 1618 1698 1653 recipiendas
1715 1618 1823 1644 litteras

1032 1672 1092 1698 quze
1107 1664 1272 1691 afl'errcntur
1286 1664 1427 1696 idoneum,
1447 1664 1494 1698 qui
1510 1668 1538 1691 et
1557 1664 1680 1691 traderet
1699 1669 1728 1691 ct
1751 1665 1825 1690 acci-

1032 1717 1109 1745 peret
1133 1710 1259 1745 fatigatos
1287 1718 1384 1745 equos.
1412 1716 1440 1737 ct
1460 1710 1530 1738 alios
1546 1710 1668 1737 mitteret
1690 1710 1824 1745 integros.

1032 1757 1110 1783 Anno
1129 1757 1183 1791 jam
1206 1758 1309 1791 elapso.
1332 1757 1538 1791 expeditionem
1566 1756 1700 1790 suscepit.
1727 1756 1823 1788 inqua

1033 1809 1128 1828 omnes
1150 1807 1245 1836 gentes
1271 1810 1333 1837 qua:
1351 1803 1385 1829 ab
1408 1802 1536 1837 ingressu
1564 1802 1651 1837 Syriae
1674 1809 1764 1836 usque
1790 1801 1824 1828 ad

1033 1855 1107 1874 mare
1126 1848 1247 1875 ltubrum
1265 1849 1407 1880 incolunt,
1434 1849 1575 1884 subegisse
1602 1849 1701 1881 fertur,
1723 1848 1829 1875 deinde-

1032 1892 1177 1928 !Egyptum
1191 1895 1284 1927 etiam,
1300 1899 1329 1921 ut
1343 1895 1403 1929 ejus
1413 1895 1560 1929 imperium
1574 1902 1672 1922 versus
1687 1894 1823 1921 orientem

1034 1940 1128 1966 Rubro
1145 1940 1224 1972 mari,
1237 1948 1332 1967 versus
1347 1941 1576 1975 septentrionem.
1591 1941 1678 1968 Ponto
1694 1941 1801 1967 Euxino
1815 1948 1822 1966 :

1034 1985 1068 2011 ab
1084 1993 1195 2015 occasu.
1225 1986 1314 2020 Cypro
1342 1990 1370 2012 et
1394 1985 1530 2021 Egypto.
1559 1994 1657 2013 versus
1680 1986 1823 2013 meridiem

1033 2031 1172 2065 Aitliiopia
1193 2032 1399 2059 terminaretur.
1414 2032 1474 2066 ipse
1493 2033 1519 2059 in
1535 2032 1627 2059 medio
1645 2032 1824 2065 constitutus,

1034 2083 1163 2112 septenos
1177 2084 1286 2104 menses
1305 2078 1423 2105 hiberno
1437 2082 1572 2111 tempore,
1591 2078 1627 2105 ob
1649 2078 1772 2112 regionis
1785 2082 1826 2105 te-

1035 2135 1140 2161 porem,
1165 2127 1302 2162 Babylone
1329 2127 1423 2162 degit:
1454 2133 1548 2156 ternos
1573 2134 1683 2154 menses
1712 2132 1823 2155 vernos.

1035 2172 1112 2199 Susis
1126 2180 1132 2198 ι
1149 2172 1294 2200 Ecbatanis
1310 2173 1389 2200 binos
1407 2173 1503 2201 aestivo
1518 2179 1652 2207 tempore.
1666 2171 1726 2198 Vita
1740 2171 1827 2206 igitur

1002 2220 1021 2246 D
1037 2219 1076 2246 sic
1095 2223 1166 2251 aeta,
1194 2227 1276 2246 senex
1298 2219 1445 2247 admodum
1478 2220 1505 2246 in
1530 2219 1650 2246 Persiam
1677 2218 1824 2252 septimum

1036 2265 1120 2296 venit,
1147 2265 1377 2300 parentibusjam
1396 2265 1461 2292 olim
1475 2265 1626 2292 defunctis.
1645 2264 1684 2291 lbi
1707 2264 1734 2290 in
1751 2262 1824 2297 regia

1036 2311 1194 2344 dormienti,
1214 2311 1290 2339 visus
1304 2316 1347 2339 est
1370 2311 1398 2338 in
1423 2311 1528 2339 somnis
1551 2318 1682 2345 apparere
1707 2310 1749 2336 vir
1763 2308 1825 2343 qui-

1036 2356 1098 2384 dam
1113 2358 1231 2384 humana
1244 2357 1402 2385 conditione
1420 2358 1519 2392 major,
1540 2357 1587 2391 qui
1604 2357 1710 2383 diceret
1726 2364 1733 2382 :
1750 2355 1824 2382 Para

1036 2408 1069 2435 te,
1085 2403 1160 2439 Cyre,
1174 2412 1236 2430 nam
1249 2404 1286 2430 dii
1302 2408 1326 2429 te
1340 2412 1410 2430 nunc
1423 2408 1567 2430 accersunt.
1593 2402 1672 2430 Unde
1691 2402 1825 2436 conjicie-

1036 2450 1092 2481 bat,
1111 2450 1163 2477 sibi
1184 2450 1246 2477 vitae
1272 2450 1354 2477 tinem
1376 2449 1478 2476 instare
1496 2458 1502 2474 :
1525 2457 1557 2476 ac
1580 2449 1662 2475 tertio
1684 2448 1728 2475 die
1751 2452 1823 2481 post,

1038 2496 1100 2522 ﬁliis
1116 2496 1189 2531 (nam
1204 2503 1266 2523 eum
1283 2496 1405 2522 comitati
1427 2496 1560 2527 fuerant),
1577 2495 1674 2522 amicis
1688 2499 1717 2521 et
1729 2494 1825 2521 Persa-

1037 2549 1096 2568 rum
1121 2542 1327 2576 magistratibus
1344 2542 1507 2568 aceersitis:
1534 2541 1609 2573 Mihi,
1636 2540 1736 2574 inquit,
1764 2539 1830 2574 jam'

1036 2590 1095 2615 vita
1108 2588 1168 2622 ﬁnis
1184 2589 1276 2615 instar.
1297 2588 1343 2614 Eat
1359 2592 1446 2615 autem
1462 2587 1664 2619 declarandum,
1685 2587 1728 2613 cui
1745 2586 1825 2613 retin.-

1036 2644 1116 2670 quam
1133 2635 1283 2669 imperium.
1307 2642 1338 2660 ue
1359 2635 1542 2660 controversia;
1563 2633 1595 2659 de
1615 2641 1644 2659 eo
1662 2637 1727 2660 orta:
1753 2633 1824 2659 vobis

1037 2681 1167 2715 negotium
1181 2681 1323 2716 facessunt.
1352 2680 1390 2706 Tu
1409 2680 1498 2714 igitur,
1523 2679 1660 2714 Cambyse,
1686 2678 1731 2713 qui
1755 2682 1820 2704 natu

1038 2726 1123 2759 iunior
1138 2734 1174 2757 es,
1187 2733 1297 2760 regnum
1310 2729 1406 2755 teneto,
1419 2724 1487 2759 quod
1502 2725 1547 2751 libi
1561 2729 1585 2751 et
1607 2733 1622 2751 a
1637 2724 1686 2750 diis
1705 2729 1728 2750 et
1742 2732 1758 2749 ιι
1784 2731 1824 2749 me

1036 2772 1171 2798 tribuitur.
1199 2770 1234 2797 Te
1254 2780 1324 2803 uera,
1347 2771 1516 2802 Tanaoxare.
1534 2775 1673 2805 satrapam
1694 2771 1823 2796 constituo

1037 2816 1185 2848 Medorum,
1202 2817 1388 2843 armeniorum
1411 2819 1435 2841 et
1460 2815 1666 2842 Cadilusiorum.
1692 2814 1754 2841 Haec
1775 2814 1820 2840 tibi

1038 2863 1100 2892 filiis
1121 2863 1273 2898 mandarat,
1294 2862 1433 2897 multaque
1451 2867 1630 2898 praeceperat,
1655 2861 1751 2889 affatus
1775 2869 1823 2888 eos
