2041 3147
261 169 316 201 3i5

896 163 1059 196 JOANNIS
1076 161 1238 192 ZONAR/E

1835 161 1892 194 316

263 231 318 254 tem
340 226 500 261 proclamat.
521 224 590 252 Cum
615 227 706 250 autem
729 222 784 258 iam
811 229 920 249 menses
949 224 1060 254 septem.

1120 226 1182 245 .suv
1198 218 1281 244 πᾶσιν
1303 217 1347 244 ἐπ’
1362 217 1408 252 ἐτη
1425 217 1489 253 τρία
1504 217 1647 252 ἐκήρυξεν.
1668 217 1737 252 Ἤδη
1759 217 1788 244 δὲ
1807 219 1896 253 μῆνας

263 277 415 307 regnasset,
432 272 483 298 boc
504 271 585 297 modo
599 273 642 296 est
654 269 775 303 agnitus.
792 267 892 296 Otaues
910 266 1053 294 nobilitate

264 323 292 345 et
317 318 416 353 opibus
439 317 612 344 Persicorum
635 315 791 350 principum
820 315 897 341 nullo
928 313 1052 344 inferior,

264 365 346 391 tiliam
360 364 478 391 habebat
499 363 695 398 Plnedymiarn,
711 361 839 397 Cambysi
855 365 980 395 nuptam.
1003 359 1055 386 Ea-

263 410 325 437 dem
342 410 446 444 Magus,
465 414 494 436 nt
509 414 537 436 et
551 409 657 437 ueteris
670 408 753 443 regiis
770 407 944 438 concubinis,
961 406 1055 433 uteba-

264 459 319 482 tur.
333 455 374 482 Ab
399 463 430 482 ea
455 460 533 488 pater
550 455 620 482 clam
635 463 686 489 per
712 453 916 482 internuntium
943 451 1053 486 quaerit.

263 508 330 527 num
353 507 417 527 cum
441 500 550 527 Smerdi
574 500 637 536 Cyri
660 501 717 528 tilio
732 500 914 528 concumbat?
940 498 985 525 illa
1012 504 1056 524 re-

264 546 380 581 spondet
410 554 439 574 se
455 554 506 574 nec
518 547 620 574 vidisse
635 547 697 582 Cyri
715 547 863 578 Smcrdim,
883 553 972 580 neque
984 544 1055 571 scire

264 594 329 627 quis
343 593 380 620 sit
396 593 419 620 is
433 600 496 620 cum
513 601 568 627 quo
581 593 712 620 dormiat.
736 593 818 620 Pater
834 592 926 619 denuo
942 591 976 618 ad
995 598 1055 618 eam

265 639 363 671 mittit,
384 644 413 666 ut
428 647 508 666 suum
520 639 680 666 mandatqu
695 639 736 665 vel
756 646 818 665 cum
834 638 958 673 periculo
977 644 1057 664 exse-

266 689 378 718 quatur,
400 685 423 711 si
451 685 487 712 sit
506 692 599 719 opus:
619 692 650 711 ac
677 688 770 711 monet
792 689 833 716 ut,
861 682 973 718 quando
993 689 1056 709 cum

266 738 331 765 rege
357 731 486 763 dormiat,
512 732 572 766 ejus
599 730 763 758 dormientis
789 737 871 757 aures
893 732 1057 756 contrectet.

266 776 335 804 Nam
350 777 372 803 si
389 777 488 804 habeat
503 785 595 809 aures,
615 776 759 804 sciendum
790 782 851 803 eam
864 782 927 802 cum
949 773 1057 802 Smerdi

266 821 329 857 Cyri
349 822 404 849 tilio
427 823 635 850 concumbere:
657 822 699 851 sin
717 822 819 854 minus,
842 821 948 857 lilagnm
966 821 1060 848 Smer-

267 868 325 895 dim
350 869 563 897 existimandum
588 878 660 898 esse.
684 870 766 897 Paret
788 869 943 904 Phaedymia
966 867 1058 903 patri:

1107 266 1194 300 ἄρξας
1224 265 1304 297 ἑπτὰ,
1321 265 1394 296 ὅστις
1411 261 1444 299 ἦν
1460 264 1583 298 ἐγνώσθη
1594 273 1601 280 ·
1616 264 1741 299 ἐγνώσθη
1761 264 1784 290 δ’
1797 263 1895 296 οὕτως.

1114 310 1226 344 Ὀτάνης
1241 308 1275 346 ἦν
1293 310 1366 343 γένει
1383 309 1431 336 καὶ
1449 309 1557 344 πλούτῳ
1574 310 1688 344 Περσῶν
1701 310 1758 341 τοῖς
1776 308 1897 344 πρώτοις

1108 356 1262 390 ἐνάμιλλος.
1288 355 1391 382 Τούτου
1418 355 1558 391 θυγατέρα
1583 356 1736 390 Καμΰύσης
1761 356 1853 391 ἔσχεν,
1878 357 1896 392 ἢ

1107 403 1241 438 Φαιόυμίη
1261 402 1402 437 ἐκέκλητο.
1422 402 1514 438 Ταύτῃ
1535 403 1581 429 καὶ
1599 403 1614 429 ὁ
1633 403 1728 435 Μάγος
1750 403 1895 438 ἐκείρητο.

1108 448 1204 482 ὥσπερ
1226 449 1274 474 καὶ
1297 449 1357 480 ταῖς
1374 448 1482 479 λοιπαῖς
1496 448 1531 480 ἃς
1543 444 1634 483 εὗρεν,
1648 449 1689 480 είς
1708 448 1742 475 τὰ
1762 448 1896 484 βασίλεια.

1110 494 1224 529 Πέμψας
1249 494 1295 520 οὖν
1313 495 1328 520 ὁ
1345 494 1448 528 πατὴρ,
1469 493 1564 529 ἠρώτα
1581 494 1667 530 αὐτὴν
1686 493 1785 529 λάθρα,
1810 496 1834 521 εἰ
1858 494 1898 529 τῷ

1110 541 1203 575 Κύρου
1221 540 1342 576 Σμέρδῃ,
1355 539 1408 566 εἶθ’
1426 540 1514 575 ἑτέρῳ
1529 541 1580 567 τινὶ
1595 540 1792 573 συνευνάζοιτο.
1820 539 1854 567 Ἦ
1869 541 1899 568 δὲ

1112 588 1176 622 μήτ’
1200 587 1302 614 ἰδέσθαι
1328 587 1375 614 τὸν
1399 587 1492 623 Κύρου
1517 588 1643 623 Σμέρδην
1667 588 1900 623 ἀνταπεκρίνατο,

1113 633 1175 668 μήτ’
1190 633 1288 660 εἰδέναι
1313 630 1390 667 ᾧτινι
1420 633 1637 668 συγκοιτάζοιτο.
1659 633 1689 660 ’0
1712 633 1740 660 δὲ
1755 634 1801 660 καὶ
1815 634 1901 660 πάλιν

1112 680 1216 706 στέλλει
1232 680 1299 713 παρ’
1315 679 1412 715 αὐτὴν,
1430 679 1596 706 κινδυνεύειν
1611 679 1680 714 αὐτῇ
1697 679 1899 714 ἐντελλόμενος,

1111 726 1136 752 εἰ
1163 725 1295 760 δεήσειεν,
1314 725 1358 752 ἴνα
1379 725 1513 761 πληρώσῃ
1535 725 1673 761 πατρικὴν
1692 726 1813 761 ἐντολήν.
1846 726 1902 752 Καὶ

1113 773 1262 804 ὑποτιθεὶς,
1289 772 1411 806 ὁπηνίκα
1441 771 1616 806 συγκοιμῷτο
1640 771 1679 806 τῷ
1710 772 1825 806 βασιλεῖ,
1854 772 1903 798 καὶ

1114 817 1289 845 ὑπνώττοντα
1314 818 1396 844 αὑτδν
1415 817 1484 852 γνῷ,
1502 817 1606 852 ψαῦσαι
1626 817 1681 844 τῶν
1703 817 1781 844 ὢτων
1807 818 1902 844 αὐτοῦ.

1115 866 1170 892 Καὶ
1185 866 1210 892 εί
1227 865 1276 900 μὲν
1291 865 1387 899 ἔχοντα
1401 861 1458 891 ὦτα
1472 864 1560 899 γνοίη.
1576 864 1676 891 ειδέναι
1697 864 1736 895 ὥς
1754 865 1793 899 τῷ
1808 865 1904 899 Κύρου

268 921 387 948 eumque
402 922 498 942 carere
518 915 645 948 auribus,
667 916 714 951 qui
739 923 796 943 rem
819 922 913 943 secum
935 914 1061 944 haberet,

1120 912 1224 948 Ξμέρδῃ
1240 912 1398 946 συγγίνεται
1408 920 1415 927 δ
1429 913 1453 938 ιι
1469 912 1496 938 δὲ
1512 911 1548 947 μὴ
1564 912 1632 946 ἔχοι,
1643 911 1689 938 τὸν
1702 912 1798 946 Μάγον
1813 912 1907 947 Σμέρ-

269 959 339 993 patri
353 960 500 995 signiﬁcat.
525 961 691 989 Praeciderat
711 965 803 988 autem
818 961 844 987 ei
866 959 955 993 Cyrus
969 965 1063 989 aures,

270 1006 306 1032 ob
323 1005 454 1033 delictum
473 1007 623 1041 quoddam.
643 1007 746 1035 Otanes
768 1013 900 1034 arcanum
916 1005 984 1032 illud
1000 1012 1063 1031 cum

270 1051 377 1084 amicis,
391 1051 543 1087 Aspathine
557 1058 584 1081 et
598 1053 718 1089 Gubrya,
734 1053 880 1080 Persarum
893 1050 1065 1086 principibus

270 1099 478 1126 communicat:
495 1100 541 1135 qui
560 1108 622 1126 cum
639 1099 710 1126 idem
726 1099 803 1134 prius
815 1102 909 1126 essent
919 1097 1063 1132 suspicati.

271 1144 364 1171 statim
382 1144 462 1172 [idem
477 1145 590 1173 habent.
615 1145 749 1173 Statuunt
773 1145 856 1180 igitur
873 1145 942 1172 alios
955 1151 1065 1179 quoque

271 1190 325 1217 sibi
355 1191 507 1226 adiungere
536 1199 543 1217 ι
574 1193 676 1219 Otanes
706 1192 914 1226 lntaphernem,
944 1191 1066 1226 Gobryas

273 1236 461 1271 Megabyzum,
489 1238 654 1272 Aspatbines
701 1238 856 1273 llydarncm
891 1242 920 1264 et
954 1237 1064 1264 Darium

274 1280 417 1316 Hystaspis
433 1283 528 1314 lilium,
543 1285 591 1318 qui
604 1292 701 1311 recens
718 1292 750 1312 ex
772 1285 864 1312 Persia
886 1285 955 1312 Susa
971 1293 1066 1319 perve-

273 1332 363 1355 nerat.
377 1328 428 1362 Qui
444 1337 507 1357 cum
524 1338 580 1357 rem
599 1331 698 1366 cupide
716 1331 877 1363 audivisset,
893 1332 953 1365 ejus
973 1332 1064 1358 statim

274 1375 465 1409 aggredienda:
494 1377 522 1404 lit
546 1383 663 1405 auctor:
694 1378 767 1413 quod
786 1379 808 1405 si
827 1379 869 1405 vel
894 1378 970 1405 illum
992 1378 1065 1404 diem

275 1419 402 1453 ignarum
418 1421 488 1448 elabi
503 1427 672 1457 paterentur,
690 1431 719 1451 sc
736 1424 849 1450 insidias
872 1424 948 1459 Mago
964 1424 1068 1451 indica-

275 1469 378 1493 turum.
396 1466 519 1495 Consilio
541 1469 602 1503 ejus
621 1475 649 1496 et
673 1470 768 1496 czeteri
790 1470 907 1501 assensi,
925 1470 1066 1503 negotium

275 1517 433 1545 capessunt.
453 1514 520 1540 Nam
544 1519 572 1541 et
598 1515 649 1541 alia
676 1519 791 1542 conatus
813 1516 968 1542 maturandi
985 1523 1067 1542 causa

275 1556 421 1585 inciderat.
450 1559 517 1586 Cum
547 1560 622 1586 enim
647 1561 750 1587 scirent
775 1561 858 1595 magi,
889 1561 1064 1596 Prexaspetn,
1082 1569 1103 1598 ε

277 1603 401 1631 Stnerdis
413 1604 475 1639 Cyri
492 1604 538 1632 lilii
556 1611 727 1640 perpetrasse
742 1606 854 1637 aedem,
875 1611 957 1641 atque
981 1607 1020 1634 ob
1040 1607 1066 1634 id

277 1648 386 1676 facinus
410 1649 482 1677 male
500 1650 597 1677 audire
621 1658 635 1676 ο
660 1651 773 1678 Persis:
804 1651 924 1678 amicitia
942 1659 1005 1678 cum
1033 1660 1068 1679 eo

278 1694 358 1726 inita.
388 1703 540 1730 magnaque
567 1697 694 1731 polliciti,
718 1697 901 1732 jurejurando
927 1698 1067 1726 hominem

279 1740 497 1773 obstrinxerant.
517 1750 551 1770 ne
565 1743 608 1770 cui
632 1748 818 1771 commentum
831 1743 898 1771 illud
916 1744 1068 1779 detegeret.

280 1784 348 1818 Quae
361 1793 423 1812 cum
437 1786 482 1813 ille
502 1787 686 1821 promisisset,
711 1788 924 1822 subjunxerunt,
939 1797 968 1816 se
984 1790 1070 1817 adro-

281 1835 394 1859 caturos
412 1833 545 1867 populum
565 1833 598 1860 ad
624 1833 723 1861 mtenia
741 1833 839 1867 regiae;
853 1835 894 1866 ei,
914 1835 983 1862 turri
1005 1843 1071 1862 con-

282 1884 390 1906 scensa.
418 1879 657 1913 proclamandum,
685 1880 814 1907 omnibus
846 1881 1070 1914 exaudientibus,

282 1923 418 1950 Smcrdim
437 1923 502 1959 Cyri
519 1924 616 1956 ﬁlium,
632 1929 660 1952 et
683 1933 738 1952 non
759 1925 854 1957 alium,
878 1933 939 1953 esse
967 1935 1069 1961 regem.

281 1967 349 1996 Nam
362 1977 391 1996 se
406 1969 444 1996 illi
461 1971 629 2005 pepercisse,
645 1979 697 1998 nec
713 1971 858 2003 occidisse,
875 1977 905 1999 ut
920 1972 1071 2008 Cambyses

279 2015 420 2051 jussisset.
433 2016 501 2044 Cum
513 2021 542 2044 et
563 2017 621 2044 hiec
634 2017 816 2052 promisisset,
833 2023 1002 2045 convocatur
1023 2026 1072 2053 po-

281 2062 383 2097 pulus:
400 2062 553 2097 Prexaspes
574 2062 670 2089 turrim
697 2063 775 2097 172
790 2063 964 2095 conscendit,
985 2064 1071 2092 bene-

281 2109 344 2136 tlcia
355 2116 371 2136 a
385 2108 456 2144 Cyro
470 2109 498 2136 in
515 2108 612 2136 Persas
632 2108 731 2136 collala
751 2116 958 2137 commemorat.
971 2110 1071 2138 Filium

281 2154 343 2190 ejus
368 2154 495 2182 Smerdin
517 2162 547 2181 se
572 2162 586 2181 a
612 2154 746 2190 Cambyse
771 2159 898 2182 coactum
925 2155 1070 2188 occidisse,

282 2208 377 2235 magos
394 2205 486 2228 tenere
505 2200 652 2235 imperium
672 2200 790 2228 allirmat
806 2209 813 2227 :
830 2201 927 2228 Persas
947 2209 1073 2229 exsecra-

1114 958 1163 993 δην
1178 958 1261 985 αὐτὸν
1278 957 1411 993 νομίζειν.
1427 957 1554 984 Πείθεται
1569 957 1608 992 τῷ
1628 957 1713 992 πατρὶ
1727 958 1743 992 ἠ
1756 958 1904 993 Φαιδυμίη,

1115 1006 1162 1030 καὶ
1179 1004 1282 1037 γνοῦσα
1295 1003 1341 1030 τὸν
1360 1004 1428 1039 αὐτῇ
1448 1003 1645 1038 συγγινόμενον
1663 1000 1721 1030 ὦτα
1737 1004 1774 1038 μὴ
1796 1003 1906 1038 ἔχοντα,

1115 1048 1235 1082 ἐσήμηνε
1257 1047 1296 1082 τῷ
1321 1047 1417 1082 πατρί.
1440 1048 1496 1074 03x
1513 1046 1569 1083 εἶχε
1593 1048 1616 1074 δ’
1633 1045 1702 1080 ὦτα,
1726 1049 1767 1075 ὅτι
1784 1049 1799 1074 ὁ
1814 1049 1906 1083 Κῦρῆς

1116 1095 1180 1121 ποτε
1198 1095 1284 1121 ταῦτα
1299 1095 1332 1121 δι’
1347 1095 1501 1130 ἁμάρτημά
1514 1104 1539 1122 τι
1559 1096 1708 1130 ἀπέτεμεν.
1733 1096 1764 1123 '0
1780 1097 1808 1123 δὲ
1828 1097 1908 1123 ’0τέ-

1116 1150 1165 1176 νης
1182 1141 1332 1176 Ἀσπαθὶνη
1351 1142 1396 1168 καὶ
1407 1141 1522 1176 Γωϐρύα
1536 1142 1705 1176 πρωτεύουσι
1721 1143 1775 1169 τῶν
1791 1143 1907 1177 Περσῶν

1117 1189 1164 1214 καὶ
1180 1187 1254 1222 αύτῷ
1270 1188 1455 1222 φιλουμένοις,
1469 1187 1625 1214 mmo-3v“:
1644 1189 1675 1224 δὴ
1690 1189 1719 1215 τὸ
1734 1190 1906 1225 ἀπὸρρητον.

1117 1235 1148 1260 υἱ
1167 1234 1196 1260 δὲ
1212 1235 1260 1261 καὶ
1274 1233 1369 1269 πρώην
1391 1235 1419 1260 ὲν
1444 1234 1547 1269 ὑποψίᾳ
1567 1234 1644 1265 ὄντες
1663 1233 1709 1260 τοῦ
1731 1236 1909 1270 πράγματος,

1116 1282 1197 1312 εὐθὺς
1217 1281 1280 1311 τοὺς
1301 1280 1396 1314 λόγους
1415 1281 1548 1312 ἐδέξαντο.
1569 1280 1679 1313 Ἐδοξεν
1693 1280 1739 1307 οὖν
1749 1281 1843 1312 αὐτοῖς
1859 1283 1908 1308 καὶ

1117 1329 1227 1363 ἑτέρους
1244 1329 1518 1363 προσεταιρίσασθαι.
1533 1329 1586 1355 Καὶ
1607 1330 1722 1362 Ὀτάνης
1741 1329 1791 1364 μὲν
1805 1329 1909 1363 ἐπάγε-

1117 1384 1162 1402 ται
1181 1376 1366 1411 Ίνταρέρνην,
1381 1375 1513 1409 Γωερύας
1532 1375 1560 1401 δὲ
1582 1375 1753 1409 Μεγάϐυζον,
1772 1376 1908 1411 ’Υὸἁρνην

1117 1421 1145 1446 6':
1163 1421 1343 1455 ’Δςπαθίνη;,
1360 1420 1407 1446 καὶ
1434 1421 1540 1455 Δαρείῳ
1565 1420 1593 1446 δὲ
1618 1420 1657 1454 τῷ
1682 1420 1836 1447 ’Υσῖάῖπου
1856 1422 1909 1456 υἱῷ

1119 1465 1182 1500 ἄρτι
1197 1466 1263 1499 πρὸς
1276 1465 1364 1492 Σοῦσα
1382 1466 1414 1491 ὲκ
1430 1465 1561 1500 Περσίδος
1576 1465 1691 1497 ἐλθόντι,
1707 1467 1737 1491 τὸ
1749 1467 1909 1502 ἀπόρρητον

1119 1512 1309 1539 ἐκοινώσαντο.
1329 1512 1359 1538 Ὀ
1378 1512 1407 1538 δὲ
1427 1512 1475 1538 καὶ
1491 1512 1600 1546 ἐδέξατο
1613 1513 1658 1539 τὸν
1672 1513 1762 1547 λόγον,
1778 1515 1825 1540 καὶ
1839 1515 1909 1550 πρ³ς

1120 1559 1168 1593 τὴν
1183 1558 1283 1593 πρᾶξιν
1300 1559 1399 1584 αὐτίκα
1412 1559 1501 1593 ιρμᾷν
1519 1559 1720 1585 συνεϐούλευεψ
1738 1561 1754 1595 ῆ
1773 1561 1824 1595 τῆς
1835 1570 1908 1594 παρ-

1121 1605 1203 1639 ούσης
1222 1605 1327 1639 ἡμέρας
1347 1605 1474 1638 διακενῆς
1492 1605 1711 1640 παρερχομένης,
1731 1606 1810 1638 αὐτὸς
1831 1606 1909 1640 ἔλεγε

1121 1651 1247 1685 γενέσθαι
1268 1651 1306 1686 τῷ
1323 1651 1411 1685 Μάγῳ
1428 1652 1550 1686 μηνυτὴς
1572 1653 1620 1686 τῆς
1643 1653 1799 1687 ἐπιϐουλῆς.
1818 1654 1911 1680 Ἑπεὶ-

1124 1698 1228 1730 σθησαν
1245 1698 1278 1732 τῇ
1292 1698 1433 1732 συμϐουλῇ
1446 1698 1493 1724 τοῦ
1507 1699 1631 1732 Δαρείου,
1647 1699 1695 1725 καὶ
1711 1699 1736 1725 οί
1750 1698 1849 1731 λοιποῖ,
1863 1701 1911 1726 καὶ

1121 1743 1169 1769 τοῦ
1182 1743 1262 1777 ἔργου
1280 1743 1397 1778 εἴχοντοο
1416 1743 1519 1777 Συνέϐη
1541 1744 1568 1770 δέ
1588 1753 1613 1771 τι
1630 1745 1677 1771 καὶ
1696 1745 1802 1781 ἕτερον,
1816 1746 1830 1772 ὃ
1847 1748 1909 1773 ἐπι-

1124 1788 1240 1815 σπεῦσαι
1254 1789 1303 1815 αύτ
1312 1790 1354 1819 ,ὺς
1368 1789 1479 1823 ἠρέθισε
1498 1790 1548 1824 τὴν
1561 1790 1729 1825 ἐγχείρησιν.
1741 1791 1848 1821 Εἰδᾶτες
1857 1792 1913 1827 γὰρ

1123 1835 1147 1861 οἱ
1165 1835 1257 1869 μάγοι,
1269 1835 1309 1861 ὅτι
1329 1835 1499 1870 Πρηξάσπης
1511 1836 1710 1871 ἐχειρούργησε
1727 1837 1772 1863 τὸν
1788 1838 1911 1872 Σμέρδου

1124 1880 1255 1914 φάνοντοῦ
1266 1880 1355 1915 Κύρου
1365 1881 1466 1912 παιδος,
1476 1883 1522 1908 καὶ
1539 1882 1580 1908 ὅτι
1594 1883 1637 1909 διὰ
1644 1883 1724 1909 τοῦτο
1734 1884 1781 1909 καὶ
1791 1885 1820 1910 ἐν
1836 1885 1912 1919 αἰτία

1123 1929 1179 1958 τοῖς
1195 1926 1314 1962 Πέρσαις
1329 1927 1415 1958 ἐστὶν,
1441 1927 1695 1962 προσκαλεσάμενοι
1718 1929 1810 1962 αὑτὸν,
1833 1930 1912 1964 φίλον

1123 1982 1153 2000 τε
1179 1974 1331 2006 ἐποιοῦντο,
1359 1973 1406 2000 καὶ
1430 1974 1523 2008 ὁρκοις
1556 1975 1835 2009 προκατελάμϐανον,
1865 1976 1913 2002 καὶ

1123 2020 1265 2055 λαμπραῖς
1288 2019 1466 2054 θποσχέσεσι,
1495 2019 1533 2054 μή
1557 2028 1613 2046 τινι
1633 2019 1723 2046 αὐτῶν
1744 2021 1866 2055 ἐκφῆναι
1884 2021 1914 2047 τὸ

1126 2067 1259 2101 σόφισμα.
1286 2065 1483 2100 Καταθεμένου
1504 2066 1526 2091 δ’
1541 2065 1646 2092 ἐκείνου
1667 2067 1791 2101 ποιήσειν
1814 2059 1914 2100 ταῦτα,

1126 2115 1301 2148 προσεπῆγον
1315 2111 1495 2146 συγκαλέσειν
1520 2111 1552 2137 τὸ
1575 2111 1678 2146 πλῆθος
1700 2112 1752 2139 ὑπὸ
1772 2112 1804 2138 τὸ
1824 2114 1915 2147 τεῖχος

1125 2158 1180 2185 τῶν
1197 2157 1353 2192 βασιλείων.
1369 2157 1450 2183 αὐτὸν
1467 2156 1490 2183 δ’
1509 2156 1556 2183 ἐπὶ
1583 2156 1688 2190 πύργον
1705 2156 1857 2188 ἀναϐάντα,
1875 2158 1914 2188 είς

1127 2205 1245 2240 ἐπήκοον
1257 2204 1340 2230 πᾶσιν
1355 2203 1495 2237 ἐκϐοῆσαι,
1510 2202 1548 2234 ὡς
1560 2203 1612 2229 ὑπὸ
1623 2203 1745 2238 Σμέρδου
1760 2203 1807 2229 τοῦ
1822 2203 1917 2238 Κύρου

285 2250 342 2278 tur,
353 2246 376 2273 si
387 2246 414 2272 id
426 2246 533 2274 facinus
555 2246 674 2274 inultum
696 2247 798 2273 sinant.
820 2246 868 2273 His
879 2246 971 2279 dictis,
985 2255 1015 2274 se
1039 2247 1067 2274 dt

1126 2250 1208 2280 υἱέος,
1221 2249 1270 2283 οὐχ
1283 2248 1327 2283 ὑφ’
1338 2248 1431 2283 ἐτέρου
1444 2248 1472 2275 δὲ
1484 2247 1682 2283 βασιλεύονται.
1696 2249 1846 2275 Φείσασθιι
1861 2250 1915 2283 γὰρ

286 2296 363 2320 turre
375 2292 567 2327 praecipitavit,
590 2300 622 2320 ac
638 2297 764 2320 mortuus
788 2295 841 2320 est.
864 2292 975 2326 Septem
992 2293 1076 2328 igitur

287 2344 325 2372 illi
339 2351 372 2371 ea
393 2351 422 2370 re
444 2343 549 2374 audita,
570 2343 662 2370 statim
678 2343 712 2370 ad
730 2344 832 2378 regiam
855 2343 993 2376 feruntur,
1019 2352 1075 2371 non

287 2391 500 2428 prohibentibus
515 2391 685 2423 custodibus,
705 2391 867 2425 dignitatem
883 2399 979 2418 eorum
997 2399 1077 2418 reve-

287 2439 358 2466 ritis.
372 2438 513 2473 Progressi
528 2437 554 2464 in
570 2437 673 2470 aulam,
689 2437 716 2464 in
729 2437 882 2469 eunuchos,
899 2437 946 2472 qui
964 2438 1077 2465 nuntios

286 2483 360 2511 ultro
384 2483 510 2516 citroque
526 2481 711 2516 perferebant,
740 2482 875 2510 incidunt.
902 2482 966 2514 Eos,
989 2483 1075 2518 rogati

286 2532 352 2567 quid
374 2531 514 2562 venirent,
539 2533 568 2557 et
594 2529 725 2556 ulteriore
754 2537 902 2564 progressu
931 2530 1076 2564 prohibiti,

286 2578 427 2610 occidunt,
441 2581 471 2604 et
480 2583 599 2612 propere
619 2575 822 2610 ingrediuntur.
839 2575 919 2609 Magi,
941 2575 988 2610 qui
1005 2575 1078 2603 intus

287 2624 479 2651 cunuchorum
493 2623 642 2650 tumultum
663 2625 825 2656 cognorant,
843 2621 876 2648 ad
896 2621 951 2647 vim
965 2621 1076 2656 propul-

288 2670 401 2698 sandam
426 2677 456 2697 se
480 2674 602 2703 parant:
623 2673 706 2702 atque
727 2667 797 2695 alter
817 2667 863 2702 qui
889 2667 994 2694 hastam
1007 2667 1079 2694 arri-

288 2719 399 2753 puerat,
419 2716 598 2749 Aspathinem
624 2715 651 2742 in
676 2713 798 2746 femore,
827 2713 1022 2747 lntaphernem
1051 2713 1078 2740 in

290 2763 360 2791 facie
380 2762 517 2793 vulnerat,
533 2761 607 2788 unde
629 2761 710 2788 laesus
731 2761 756 2788 ei
782 2764 824 2787 est
850 2760 948 2786 oculus
966 2767 974 2786 :
999 2760 1078 2787 alteri

290 2815 372 2836 arcus
392 2807 445 2835 fuit
466 2807 583 2839 inutilis,
607 2814 669 2834 cum
704 2814 748 2834 res
770 2806 895 2834 cominus
926 2810 1078 2841 gereretur.

290 2856 384 2890 Itaque
395 2856 422 2883 in
435 2854 584 2883 thalamum
598 2861 628 2881 se
643 2852 772 2888 proripit,
786 2852 941 2887 insequitur
957 2851 1080 2887 Gobryas

291 2907 319 2930 ct
334 2901 431 2930 Darius
445 2909 451 2927 :
468 2908 499 2929 ac
515 2901 560 2929 ille
576 2906 685 2935 magum
701 2899 875 2934 amplectitur
891 2907 897 2926 :
916 2898 1081 2936 hicyeritus

1127 2296 1222 2329 αὐτοῦ,
1239 2296 1286 2322 καὶ
1302 2295 1339 2330 μὴ
1358 2296 1462 2322 κτεῖναι
1479 2295 1571 2328 αὐτὴν,
1593 2295 1631 2326 ὡς
1648 2297 1661 2322 ὁ
1674 2295 1827 2330 Καμϐύσης
1841 2295 1916 2330 αὐτῷ

1127 2343 1289 2370 ἐνετείλατο.
1307 2342 1477 2376 Συνθεμένου
1489 2342 1517 2368 δὲ
1531 2343 1579 2369 καὶ
1596 2342 1683 2368 ταῦτα
1700 2343 1836 2377 ποιήσειν,
1852 2350 1916 2368 συν-

1126 2391 1195 2425 ῆκτο
1216 2390 1265 2425 μὲν
1276 2389 1307 2416 τὸ
1321 2389 1432 2424 πλῆθος.
1451 2389 1622 2424 Πρηξάσπης
1641 2389 1669 2416 δὲ
1687 2389 1733 2415 ἐπὶ
1750 2389 1795 2415 τὸν
1808 2390 1914 2424 πύργον

1127 2437 1216 2472 ἀνῄει,
1232 2436 1280 2462 καὶ
1307 2435 1397 2467 ἔλεξεν
1422 2435 1472 2461 ὅσα
1497 2436 1553 2466 τοῖς
1583 2436 1703 2470 Πέρσαις
1724 2435 1815 2468 ἀγαθὰ
1840 2435 1917 2469 παρὰ

1128 2483 1219 2518 Κύρου
1243 2482 1382 2516 γεγόνασι,
1416 2481 1579 2515 Προσετίθει
1601 2481 1641 2512 δὲ,
1671 2482 1708 2513 ὡς
1734 2482 1780 2507 τὸν
1810 2482 1916 2507 ἐκείνου

1128 2530 1211 2556 παῖδα
1238 2529 1285 2555 τὸν
1308 2527 1433 2563 Σμέρδην
1455 2527 1537 2554 αὐτὸς
1558 2527 1658 2559 ἀνέλοι,
1686 2527 1733 2554 τοῦ
1763 2527 1916 2562 Καμϐύσου

1129 2575 1283 2610 βιάσαντος.
1316 2574 1386 2605 Τοὺς
1419 2573 1524 2607 μάγους
1555 2573 1584 2600 δὲ
1608 2573 1657 2608 τὴν
1680 2572 1822 2608 βασιλείαν
1843 2573 1917 2607 ἔχειν

1128 2621 1325 2657 ἐπληροφόρει.
1341 2620 1396 2647 Καὶ
1413 2620 1536 2654 ἐπηρᾶτο
1557 2619 1688 2654 Πέρσαις,
1707 2620 1732 2645 εί
1756 2619 1793 2655 μὴ
1816 2619 1916 2649 αὐτοὺς

1129 2668 1259 2694 τίσαιντο.
1277 2666 1371 2692 Ταῦτα
1396 2665 1494 2696 εἰπὼν,
1510 2665 1607 2691 ἑαυτὸν
1628 2665 1842 2700 κατεκρήμνισε,
1871 2665 1918 2691 καὶ

1129 2714 1275 2740 ἀπέθανεν.
1295 2712 1326 2739 Ol
1341 2712 1369 2738 δὲ
1382 2711 1451 2738 ἑπτὰ
1466 2711 1562 2746 ἄνδρες
1581 2712 1608 2737 ἐν
1623 2713 1656 2746 τῇ
1671 2711 1722 2745 ὀδῷ
1734 2711 1768 2737 τὰ
1787 2712 1858 2737 κατὰ
1872 2711 1918 2737 τὸν

1131 2759 1300 2794 Πρηξάσπην
1316 2758 1461 2792 μαθόντες,
1477 2757 1608 2792 ὥρμησαν
1624 2757 1705 2788 εὐθὺς
1719 2756 1765 2783 ἐπὶ
1779 2757 1817 2782 τὰ
1837 2756 1918 2791 βασί-

1130 2804 1202 2836 λεια,
1221 2805 1267 2830 καὶ
1281 2803 1417 2838 εἰσῄεσαν,
1439 2804 1514 2837 παρὰ
1530 2802 1584 2829 τῶν
1604 2801 1732 2835 φυλάκων
1755 2801 1792 2836 μὴ
1813 2801 1918 2828 κωλυό-

1133 2858 1208 2885 μενοι
1221 2857 1227 2864 ·
1243 2848 1355 2884 ᾐδοῦντο
1366 2849 1420 2883 γὰρ
1435 2848 1483 2883 τὴν
1501 2847 1638 2882 ὑπεροχὴν
1650 2847 1705 2874 τῶν
1718 2847 1833 2882 ἀνδρῶν.
1847 2848 1918 2882 Παρ-

1131 2897 1253 2929 amri-i=5;
1267 2896 1288 2923 δ’
1308 2897 1347 2928 εἰς
1360 2896 1408 2931 τὴν
1426 2895 1520 2930 αὐλὴν,
1536 2896 1661 2931 ἐνέτυχον
1677 2897 1732 2927 τοῖς
1751 2894 1917 2930 ἀγγελιαφιί-
