2041 3147
153 149 210 183 317

797 156 1002 187 ANNALIUM
1020 159 1093 190 LIB.
1117 160 1168 195 IV.

1736 162 1788 196 3P8

155 215 216 242 ροις
240 206 392 242 εὐνούχοις,
416 207 441 234 οἳ
460 207 530 242 σφᾶς
558 207 683 243 ἠρώτων,
706 208 769 235 ὅτου
792 209 939 244 χρῄζοντες

995 220 1030 240 ne
1045 214 1162 240 amicum
1187 215 1213 241 in
1236 215 1360 244 tenebris
1385 215 1565 248 interﬁceret,
1582 219 1653 243 astat
1668 217 1786 244 otiosus.

155 253 270 289 ῆκοιεν,
295 254 415 282 ὲκώλυόν
439 263 467 281 τε
491 255 657 290 προσωτέρῳ
677 256 757 282 ίέναι.
781 257 811 283 οι
836 257 866 284 δὲ
883 257 946 288 τοὺς

157 299 209 335 μὲν
232 299 292 326 ἐκεῖ
313 300 502 335 διεχρήσαντο,
519 301 597 327 αὐτοὶ
609 301 637 327 δὲ
650 301 792 337 δρομαίως
805 304 944 339 εἰσῄεσαν.

154 346 188 372 Ol
207 345 289 380 μάγοι
303 345 326 372 δ’
341 346 418 378 ὄντες
433 347 519 379 ἐντὸς,
534 347 580 374 καὶ
596 347 650 374 τῶν
674 348 809 383 εὐνούχων
834 351 944 384 γνόντες

152 391 202 417 τὸν
219 391 345 426 θόρυϐον,
360 392 510 427 ἐτράποντο
528 393 596 428 πρὸς
608 393 706 428 ἀλκήν.
725 395 781 421 Καὶ
798 396 812 421 6
827 396 876 430 μὲν
893 396 944 430 τὴν

997 257 1037 285 0b
1048 265 1108 285 eam
1122 266 1178 286 rem
1198 267 1212 286 a
1226 260 1332 296 Gobrya
1353 261 1524 296 objurgatus.
1535 266 1564 289 et
1583 262 1626 289 vel
1640 266 1788 296 utrumque

996 304 1121 338 trajicere
1151 305 1255 339 jussus,
1289 307 1408 342 pugione
1439 308 1544 343 Magum
1582 309 1656 335 ferit.
1687 308 1786 336 Crateri

994 350 1089 381 etiam,
1112 350 1198 377 altero
1223 352 1325 384 occiso,
1347 354 1436 388 capita
1464 355 1608 388 utriusque
1632 359 1785 389 amputant,

993 402 1081 429 eaque
1099 395 1230 429 ferentes,
1253 397 1357 425 relictis
1373 398 1494 431 duobus,
1521 404 1578 426 tum
1598 400 1634 426 ob
1659 401 1784 427 vulnera.

102 478 106 480 Ἴ
154 481 207 515 μὲν
221 483 253 516 τῇ
269 481 353 517 αἰχμῇ
379 482 545 517 Ἀσπαθίνην
567 482 642 509 παίει
659 483 730 509 κατὰ
746 483 844 519 μηρὸν,
860 485 904 511 τὸν
919 485 943 512 δ’

154 436 270 472 αἰχμὴν,
292 437 306 463 6
321 437 350 463 δὲ
367 437 397 463 τὸ
410 437 487 469 τόξον
507 437 740 472 μετεχειρίσαντο,
764 440 810 466 καὶ
829 439 939 475 θάτερος

995 445 1053 467 tum
1066 441 1099 468 ad
1111 443 1189 477 regia:
1200 443 1364 475 custodiam,
1375 450 1536 476 excurrunt,
1551 455 1682 474 caesorum
1695 448 1786 481 capita

996 487 1088 515 Persis
1107 489 1265 520 ostendunt,
1281 498 1339 516 rem
1360 497 1463 525 gestam
1484 498 1606 520 narrant.
1628 493 1667 520 llli
1690 493 1786 520 fraude

152 527 330 563 ’Ῑνταφέρνην
358 529 419 555 κατ’
443 529 516 563 δψιν,
541 529 603 555 ὅθεν
631 529 735 561 ἐκεῖνος
765 529 867 566 ἐϐλάϐη
896 531 939 558 τὸν

996 532 1146 566 intellecta,
1162 542 1255 570 magos
1268 543 1364 563 omnes
1379 536 1475 564 obvios
1485 537 1624 565 occidunt.

151 571 303 608 ὀφθαλμόν.
320 573 361 600 Τὰ
379 573 444 606 τόξα
461 574 483 600 δ’
504 572 538 609 ἦν
552 574 694 609 ἄπρακτα,
712 574 806 608 χερσὶν
828 575 943 610 ἐγγύθεν
962 576 1056 609 αὐτοῖς
1067 579 1230 614 χρωμένοις.
1252 581 1307 608 Καὶ
1338 583 1352 609 ὁ
1366 582 1453 610 ταῦτα
1466 584 1591 619 κατέχων
1606 584 1695 611 είσέδυ
1716 583 1784 617 πρὸς

153 618 286 654 θάλαμον.
308 621 539 648 Συνεισπίπτουσι
556 622 579 648 δ’
594 623 669 658 αὐτῷ
690 624 821 659 Γωϐρύας
842 632 872 650 τε
905 623 953 650 καὶ
969 624 1094 659 Δαρεῖος.
1119 627 1174 654 Καὶ
1185 628 1199 654 6
1215 627 1265 663 μὲν
1282 630 1440 665 συνεπλάκη
1454 630 1492 665 τῷ
1505 618 1592 666 Μάγῳ
1605 639 1612 646 ·
1627 631 1740 663 Δαρεῖος
1756 629 1785 655 δὲ

151 666 265 700 ἀπορῶν
280 666 324 694 διέι
338 667 445 699 σκότος,
464 669 511 694 καὶ
523 667 617 700 δεδιὼς
633 669 670 705 μὴ
685 670 731 697 τὸν
747 671 856 706 ἑταῖρον
884 670 983 706 πλήξῃ,
1001 672 1094 698 τστατο
1129 673 1282 708 ἄπρακτος.
1318 675 1449 710 Γωῦρύας
1464 676 1492 702 δὲ
1508 676 1591 710 ἤρετο
1613 675 1675 702 ὅτου
1701 676 1783 710 χάριν

152 714 240 750 ἀργὸς
259 715 385 748 locarat;
406 714 444 741 ὅδ’
459 712 519 741 εἷπε
536 715 566 742 τὸ
582 715 685 742 αῐτιονο
704 717 751 744 καὶ
767 717 807 750 ὃς,
823 716 899 743 Ὠθει
931 719 961 744 τὸ
982 717 1058 752 ξίφος
1083 720 1131 746 καὶ
1146 720 1180 747 δι’
1194 721 1306 756 ἀμφοῖν,
1324 722 1422 758 ἔφησε.
1439 723 1494 750 Καὶ
1507 724 1522 750 ὁ
1539 725 1650 758 Δαρεῖος
1671 721 1727 751 ὦσε
1753 723 1785 750 τὸ

149 760 327 796 ἑγχειρίδιον,
340 759 448 786 καὶτοῦ
460 760 556 794 Μάγου
571 761 698 797 ἐπέτυχε.
715 762 878 792 κτείναντες
911 760 958 789 οὖν
977 764 1026 790 καὶ
1056 765 1102 791 τὸν
1126 766 1230 801 ἕτερον,
1252 768 1278 794 oi
1300 769 1390 795 λοιποὶ
1412 769 1510 805 ἔτεμον
1531 770 1581 802 τὰς
1594 770 1716 806 κεφαλὰς
1734 771 1784 798 καὶ

149 809 266 843 ἀμφοῖν,
285 807 331 834 καὶ
353 807 416 837 τοὺς
433 806 484 841 μὲν
498 806 545 834 δύο
569 808 633 840 τοὺς
650 808 826 844 τραυματίας
849 809 940 835 αὐτῶν
959 809 1005 836 διὰ
1039 819 1069 837 τε
1085 811 1121 838 τὰ
1156 813 1314 848 τραύματα,
1336 815 1383 842 καὶ
1406 815 1456 850 τὴν
1471 816 1521 851 τῆς
1542 817 1718 852 ἀκροπόλεως
1731 826 1784 852 φυ-

148 854 250 889 λακὴν,
266 853 414 880 κατέλιπον
429 855 458 880 ἐν
473 853 562 888 αὐτῇ·
575 854 599 880 oi
612 854 641 880 δὲ
652 854 742 881 λοιποὶΙ
770 855 820 885 τὰς
852 854 973 888 κεφαλὰς
993 856 1187 891 ἐπιφερόμενα
1213 859 1268 885 τῶν
1298 860 1405 894 μάγων,
1435 860 1555 895 ἐξέθεον,
1585 862 1633 889 καὶ
1661 864 1782 899 Πέρσαις

148 901 254 931 ταύτας
271 899 420 933 ἐδείκνυον,
440 900 487 926 καὶ
501 899 649 935 ἐξηγοῦντο
666 901 696 928 τὸ
731 900 855 935 γεγονός.
875 900 907 927 οι
928 900 957 928 δὲ
977 901 1026 934 τὴν
1063 903 1173 938 ἀπάτην
1187 905 1331 939 μαθόντες,
1346 907 1468 935 ἔκτεινον
1484 905 1507 943 ᾦ
1520 908 1554 936 ἂν
1568 909 1623 936 τῶν
1635 911 1730 945 μάγων
1742 913 1785 939 ἐν·

149 947 260 982 έτυχον.

187 993 225 1020 I".
246 993 323 1020 Ἐπεὶ
342 993 371 1020 δὲ
396 992 515 1027 κατέστη
537 993 552 1019 6
574 992 700 1028 θόρυϐος,
719 992 768 1020 καὶ
791 993 842 1028 ήδη
868 992 939 1024 τινὲς

1029 994 1075 1022 III.
1090 995 1186 1031 Sopito
1203 1002 1266 1032 post
1278 998 1382 1034 aliquot
1399 999 1458 1027 dies
1475 1002 1604 1035 tumultu,
1619 1002 1653 1030 de
1670 1011 1784 1040 compo-

149 1040 255 1076 ἡμέραι
268 1039 457 1080 παρήλθοσαν,
473 1038 647 1066 ὲὸουλεύοντο
662 1039 727 1074 περὶ
739 1039 790 1074 τῆς
803 1038 857 1065 τῶν
871 1047 942 1074 πρα-

150 1088 267 1122 γμάτων
281 1080 449 1122 οἰκονομίας.
462 1086 517 1112 Kal.
538 1086 654 1121 Ὀτάνης
671 1086 720 1120 μὲν
737 1085 940 1120 δημοκρατείαν

149 1133 262 1159 ἑλέσθαι
279 1131 406 1167 παρῄνει,
418 1132 647 1166 ἁριστοκρατείαν
659 1131 687 1158 δὲ
705 1133 718 1158 6
733 1131 907 1164 Μεγάϐυζος,
925 1131 940 1157 6

149 1178 180 1205 δέ
197 1186 228 1211 γε
244 1178 356 1212 Δαρεῖος
373 1176 514 1211 βασιλείαν
534 1178 582 1203 καὶ
598 1176 675 1208 αὖθις
692 1177 855 1212 αἱρήσεσθαι
878 1187 941 1204 συν-

149 1223 288 1250 εσούλευε.
316 1223 463 1249 Συνὲθεντο
488 1220 535 1248 οὗν
552 1223 584 1258 τῇ
609 1223 704 1249 τούτου
726 1222 824 1258 γνώμῃ
849 1223 896 1249 καὶ
914 1223 939 1248 ot

110 1277 116 1282 '
149 1271 284 1306 τέσσαρες
299 1270 323 1296 oi
343 1269 441 1295 λοιποί.
452 1269 507 1295 Καὶ
521 1269 611 1302 ἔδοξεν
623 1270 726 1302 αὐτοῖς,
742 1268 871 1302 ἐπιϐῆναι
886 1269 939 1295 τῶν

150 1318 256 1349 ἵππων,
276 1316 322 1343 καὶ
345 1317 407 1342 ὅτου
429 1316 462 1342 ἂν
487 1316 501 1342 6
524 1315 618 1348 ἵππος,
635 1315 709 1350 ἡλίου
736 1315 938 1348 ἀνατείλαντος,

148 1362 303 1400 χρεμετίσῃ
327 1363 356 1389 ὲν
383 1361 422 1396 τῷ
447 1361 604 1396 προαστείῳ
636 1361 812 1395 γενομένων,
845 1361 939 1387 τοῦτον

150 1411 225 1445 ἔχειν
241 1409 291 1444 τὴν
312 1408 462 1443 βασιλείαν.
479 1409 591 1442 Δαρεῖος
607 1407 636 1434 δὲ
652 1408 700 1442 τὴν
717 1407 815 1442 βουλὴν
839 1406 878 1440 τῷ
895 1408 939 1433 ἱπ-

149 1457 265 1491 ποκόμῳ
278 1455 361 1481 αὐτοῦ
376 1454 542 1489 ἐξηγήσατο.
556 1452 610 1479 Ἦν
623 1453 651 1479 δὲ
664 1452 745 1487 σοφὺς
759 1454 773 1479 ὁ
786 1453 865 1488 ἀνὴρ,
879 1453 936 1485 καὶ,

149 1503 265 1539 Θάρρει,
284 1499 306 1529 ὦ
331 1501 461 1532 δέσποτα,
475 1500 539 1535 ἔφη,
560 1500 597 1532 ὡς
618 1500 651 1534 σὴ
665 1499 743 1525 ἔσται
765 1499 781 1533 ή
803 1497 937 1534 βασιλεία.

149 1549 304 1584 Γενομένης
327 1547 374 1575 οὖν
396 1547 504 1578 νυκτὸς,
519 1546 632 1582 θήλειαν
649 1546 733 1572 ἵππον
748 1545 839 1572 λαϐὼν
860 1545 894 1581 ἢν
923 1546 938 1572 6

148 1595 266 1631 Δαρείου
295 1595 426 1630 ἔστεργεν
456 1593 551 1625 ἵππος,
584 1593 632 1620 καὶ
655 1592 740 1628 δήσας
765 1593 805 1624 εις
827 1593 938 1627 161:9!)-

149 1643 260 1669 άστειον
274 1641 398 1675 ἐπήγαγε
411 1640 457 1666 τδν
471 1640 565 1672 ἵππον,
577 1639 623 1666 καὶ
639 1639 771 1693 περιῆγεν
790 1639 872 1693 αὑτὲν
889 1639 938 1674 ἀγ·
950 1663 973 1693 C

149 1688 199 1723 χοῦ
211 1689 246 1722 τῇ
259 1685 366 1722 θηλείᾳ,
380 1685 426 1712 καὶ
438 1685 527 1722 τέλος,
539 1685 642 1720 ἐφῆκεν
657 1684 769 1719 ὀχεῦσαι
780 1684 830 1720 τὴν
842 1684 935 1712 ἵππον.

151 1734 258 1762 Ἐωθεν
282 1733 312 1761 δὲ
329 1732 385 1760 τῶν
403 1731 473 1758 ἑπτὰ
493 1731 725 1766 παραγενομένων
748 1731 789 1762 είς
816 1730 846 1757 τὸ
871 1739 937 1766 προ-

149 1781 271 1812 άστειον,
290 1779 337 1806 καὶ
352 1777 577 1811 διεξελαυνόντων
592 1778 622 1804 ἐν
639 1777 725 1811 αὐτῷ,
738 1777 775 1808 ὡς
787 1777 845 1804 ἐκεῖ
856 1776 937 1811 γεγό-

148 1836 229 1854 νασιν
242 1825 363 1860 ἔνθαπερ
384 1825 400 1860 ἡ
419 1824 515 1859 θήλεια
537 1824 620 1855 ἵππος
634 1823 751 1855 ἐδέδετο,
771 1824 811 1854 είς
825 1823 937 1858 μνήμην

143 1874 255 1908 ’ταύτης
271 1873 286 1898 ὀ
299 1871 413 1906 Δαρείου
433 1870 518 1902 ῐππος
534 1869 581 1897 ῑὼν
598 1869 790 1904 ἑχρεμάτισεν,
807 1869 862 1895 κάκ
877 1868 939 1895 τού-

146 1927 197 1946 του
213 1919 254 1954 τῷ
271 1917 378 1953 Δαρείῳ
394 1918 410 1952 ή
428 1916 554 1952 βασιλεία
572 1916 768 1951 προσγέγονεν.
782 1915 813 1942 οι
830 1915 879 1949 μὲν
891 1914 937 1941 οὖν

147 1965 231 1992 τοῦτό
247 1972 314 1999 φασι
334 1961 543 1998 μηχανήσασθαι
563 1961 609 1988 τὸν
635 1961 756 1996 Οὶὸαρέα
777 1960 867 1996 (τοῦτο
883 1959 937 1996 γὰρ

147 2012 189 2045 τῷ
203 2012 252 2039 τοῦ
271 2010 386 2045 Δαρείου
403 2009 549 2044 ἱπποκόμῳ
565 2008 652 2042 ὄνομα
667 2005 723 2044 ἦν)·
736 2008 761 2034 οι
777 2007 800 2034 δ’
818 2008 938 2042 ἑτεροῖον

148 2057 222 2087 εἶναί
251 2066 318 2093 φασι
342 2056 373 2083 τὸ
397 2055 493 2082 τούτου
519 2055 679 2090 μηχάνημα.
697 2054 752 2089 Τῆς
773 2053 827 2088 γὰρ
853 2053 938 2079 ἵππου

149 2105 271 2138 ἐκείνης,
302 2104 336 2139 ἣν
363 2102 378 2128 6
395 2102 511 2136 Δαρείου
532 2101 614 2132 ἵππος
638 2100 735 2135 ἐφίλει,
753 2100 808 2126 τῶν
829 2100 938 2136 ἄρθρων

150 2151 302 2185 ἐπιψαῦσαι
326 2151 359 2184 τῇ
382 2149 454 2184 χειρὶ.
470 2148 516 2175 καὶ
532 2148 582 2182 τὴν
603 2149 681 2182 χεῖρα
698 2146 833 2181 κρύπτειν
856 2147 885 2173 ὲν
904 2146 937 2182 τῇ

148 2197 303 2232 ἀναξυρίδι.
323 2197 393 2231 Ἤδη
407 2196 435 2222 δὲ
452 2195 500 2222 τοῦ
521 2194 597 2230 ἡλίου
618 2194 785 2228 ἀνίσχοντος,
809 2193 855 2219 καὶ
875 2193 938 2223 τοὺς

149 2244 253 2275 ἵππους
281 2242 484 2270 ἀναϐαινόντων
505 2240 560 2267 τῶν
588 2239 658 2265 ἑπτὰ
679 2238 791 2265 ἐκείνων
822 2233 937 2273 ἀνδρῶν,

148 2289 339 2324 προσαγαγεῖν
366 2287 448 2314 αὐτὸν
469 2287 519 2322 τὴν
546 2287 626 2320 χεῖρα
642 2285 700 2317 τοῖς
718 2284 766 2312 τοῦ
788 2286 871 2312 ἵππου
890 2285 937 2312 τοῦ

992 1040 1090 1068 nendis
1100 1042 1183 1070 rebus
1197 1043 1361 1073 deliberant.
1371 1045 1410 1073 Ac
1419 1045 1521 1074 Otanes
1530 1047 1726 1077 democratiam
1740 1051 1783 1078 in-

991 1086 1167 1119 stituendam,
1180 1089 1340 1126 Megabysus
1351 1092 1565 1125 aristocratiam,
1577 1094 1673 1122 Darius
1682 1096 1783 1124 iterum

991 1132 1146 1167 eligendum
1155 1143 1215 1163 esse
1229 1144 1319 1171 rcgem
1329 1143 1435 1165 censet.
1447 1138 1533 1174 Cujus
1543 1141 1690 1168 sententiae
1700 1147 1727 1169 et
1735 1150 1782 1169 c.1-

991 1178 1041 1204 teri
1058 1184 1177 1213 quatuor
1205 1182 1344 1217 principes
1362 1183 1514 1219 suﬂ‘ragati,
1538 1185 1695 1218 decrevere,
1717 1195 1783 1214 con-

990 1225 1162 1253 soendendos
1175 1235 1235 1254 esse
1249 1235 1348 1263 equos:
1363 1234 1391 1256 et
1401 1230 1480 1264 cujus
1492 1238 1591 1265 equus,
1603 1237 1699 1259 exorto
1710 1234 1781 1265 sole,

991 1279 1053 1298 cum
1078 1272 1106 1299 in
1123 1273 1288 1302 suburbium
1309 1277 1502 1309 pervenerint,
1520 1278 1626 1312 primus
1639 1279 1781 1311 hinnierit,

990 1317 1050 1351 ejus
1063 1319 1256 1353 essechgnum.
1270 1320 1297 1347 ld
1313 1321 1455 1348 decretum
1469 1323 1567 1350 Darius
1589 1331 1639 1351 suo
1654 1326 1781 1359 equisoni

990 1363 1093 1395 aperit:
1103 1364 1149 1397 qui
1161 1372 1222 1391 cum
1231 1365 1402 1400 virprudeus
1411 1372 1495 1399 esset,
1505 1368 1577 1395 bono
1591 1369 1683 1396 animo
1693 1370 1783 1397 domi-

990 1415 1055 1434 num
1066 1410 1288 1446 esscjubet,ejus
1295 1412 1369 1439 enim
1380 1421 1493 1448 regnum
1506 1414 1575 1442 fore.
1585 1415 1671 1442 Noctu
1681 1423 1780 1450 equam

989 1460 1004 1479 a
1018 1453 1091 1481 Darii
1109 1462 1181 1489 equo
1196 1456 1347 1484 adamatam
1361 1458 1389 1484 in
1403 1457 1536 1486 suburbio
1552 1459 1660 1494 alligat.
1679 1467 1781 1494 equum

989 1506 1073 1534 prope
1094 1500 1167 1528 illam
1188 1502 1307 1535 adducit,
1317 1511 1350 1531 ac
1360 1503 1479 1539 denique
1491 1505 1524 1532 ad
1537 1506 1640 1533 coitum
1649 1506 1780 1535 admittit.

988 1545 1067 1573 Mane
1083 1553 1144 1573 cum
1159 1552 1264 1582 septem
1275 1549 1326 1576 viri
1343 1550 1371 1576 in
1389 1550 1553 1578 suburbium
1574 1553 1781 1585 convenissent,

988 1598 1097 1626 quaque
1111 1599 1180 1627 equa
1195 1593 1304 1628 alligata
1321 1594 1422 1630 fuerat,
1438 1597 1600 1629 transirent,
1616 1598 1693 1633 173
1708 1599 1782 1626 Darii

988 1644 1076 1672 equus
1095 1638 1168 1666 illius
1183 1640 1472 1669 recordatushinniit:
1486 1642 1580 1678 itaque
1589 1644 1687 1671 Darius
1699 1652 1782 1679 regno

988 1683 1093 1718 potitus
1101 1689 1152 1712 est.
1161 1685 1292 1714 Nonnulli
1300 1686 1384 1722 igitur
1392 1688 1464 1715 Darii
1476 1689 1636 1723 equisonem
1645 1689 1780 1718 OEbarem

989 1728 1042 1756 hoc
1057 1730 1242 1758 machinatum
1256 1740 1317 1759 esse
1328 1732 1430 1766 ferunt,
1444 1734 1489 1761 alii
1501 1734 1640 1762 diversum
1650 1736 1780 1771 quiddam

990 1776 1113 1804 tradunt.
1124 1777 1192 1805 Nam
1206 1786 1307 1814 equaa
1318 1779 1392 1807 Darii
1405 1787 1478 1814 equo
1495 1780 1639 1815 adamata,
1653 1783 1781 1817 genitalia

989 1829 1175 1852 contrectasse
1195 1833 1289 1858 manu,
1305 1833 1392 1862 eaque
1412 1827 1485 1854 intra
1500 1828 1701 1864 subligaculum
1717 1837 1784 1856 con-

989 1870 1057 1903 dita,
1075 1879 1138 1898 eum
1154 1871 1211 1899 sole
1226 1873 1281 1907 jam
1300 1873 1406 1901 oriente
1419 1879 1525 1908 septem
1548 1875 1601 1902 viri
1614 1883 1701 1910 equos
1714 1883 1783 1903 oon-

989 1917 1162 1949 scenderent,
1179 1917 1251 1944 Darii
1264 1918 1326 1952 equi
1339 1926 1420 1946 nares
1431 1920 1556 1954 palpasse
1571 1929 1578 1947 :
1594 1921 1639 1955 qui
1654 1928 1784 1956 percepto

990 1963 1086 1995 odore,
1103 1964 1194 1990 statim
1214 1971 1275 1991 eum
1292 1964 1404 1992 fremitu
1425 1965 1569 1993 binnierit.
1586 1966 1644 1994 Hoc
1660 1967 1719 1994 sive
1735 1968 1783 1999 ita,

989 2009 1050 2036 sive
1072 2009 1154 2036 aliter
1173 2009 1277 2036 factum
1300 2010 1395 2042 fuerit,
1415 2019 1500 2046 regno
1522 2017 1597 2039 certe
1618 2013 1722 2047 potitus
1742 2017 1784 2040 est

989 2054 1088 2082 Darius
1103 2063 1110 2081 :
1129 2055 1175 2089 qui
1194 2055 1317 2089 privatus
1332 2056 1423 2083 adhuc
1439 2062 1532 2084 votum
1550 2057 1654 2084 fecerat
1674 2058 1739 2089 Deo,
1756 2059 1779 2085 si

990 2109 1038 2129 rex
1051 2105 1124 2129 esset
1143 2101 1241 2134 factus,
1259 2109 1288 2129 se
1303 2110 1367 2131 vasa
1391 2103 1578 2138 reliquaque
1592 2103 1683 2131 adhuc
1694 2104 1782 2140 Baby-

989 2148 1052 2175 lone
1065 2152 1168 2180 essent,
1183 2148 1286 2180 omnia,
1305 2149 1333 2176 in
1351 2149 1483 2184 templum
1499 2148 1780 2185 Hierosolymitanum

989 2193 1169 2221 remissurum
1193 2202 1263 2222 esse.
1281 2195 1316 2222 Et
1336 2195 1400 2230 quia
1419 2199 1554 2223 vetustate
1570 2196 1698 2224 amicitia:
1719 2204 1783 2224 cum

990 2240 1161 2268 Zorobabele
1175 2242 1342 2277 coniunctus
1354 2246 1425 2274 erat,
1438 2250 1501 2270 eum
1515 2249 1612 2270 recens
1625 2243 1783 2279 Hierosoly-

991 2286 1043 2313 mis
1063 2287 1215 2322 profectum
1237 2294 1301 2314 cum
1315 2287 1375 2315 aliis
1390 2288 1498 2316 duobus
1514 2287 1548 2315 ad
1564 2288 1718 2316 custodiam
1741 2288 1783 2316 sui

149 2334 267 2370 Δαρείου
286 2333 433 2368 μυκτῆρσι,
449 2333 497 2359 καὶ
512 2332 560 2358 τὸν
575 2332 675 2358 αὐτίκα
694 2331 857 2366 αἰσθόμενον
873 2340 938 2367 φρι-

992 2334 1116 2368 corporis
1131 2333 1306 2361 adhibuerat.
1329 2334 1397 2361 Cum
1413 2338 1504 2361 autem
1529 2334 1618 2368 prium
1642 2333 1686 2361 sui
1706 2334 1783 2369 regni

153 2379 295 2416 ιιὰξασθαί
319 2387 349 2405 τε
374 2379 422 2405 καὶ
446 2377 618 2413 χρεμετίσαι,
635 2377 750 2404 Είθόὗν
772 2377 870 2410 οὕτως,
888 2377 938 2404 εῐτ’

149 2426 276 2457 ἑκείνως,
296 2425 310 2450 ὸ
326 2425 438 2459 Δαρεῖος
461 2424 510 2458 τῆς
532 2422 672 2458 βασιλείας
691 2423 834 2458 ἐπέτυχεν.
855 2419 940 2454 Οὗτος

150 2471 200 2499 οὖν
223 2470 334 2506 ἰδιώτης
362 2470 410 2502 ὢν,
426 2470 528 2505 ηὔξατο
552 2469 591 2504 τῷ
609 2469 679 2505 Θεῷ,
696 2470 720 2495 εί
741 2471 846 2503 γένοιτο
862 2470 940 2504 βασι-

149 2519 227 2551 λεὺς,
242 2518 333 2545 πάντα
344 2517 377 2543 τὰ
390 2516 475 2550 σκεύη
487 2515 534 2542 τοῦ
548 2515 626 2546 Θεοῦ.
640 2516 690 2542 ὅσα
703 2515 735 2552 ἦν
750 2516 791 2543 ἔτι
806 2517 836 2542 ὲν
853 2517 941 2543 Βαὸυ-

146 2564 228 2595 λῶνι,
244 2563 362 2598 πέμψειν
379 2563 420 2593 εἰς
434 2562 479 2588 τὸν
491 2563 520 2588 ὲν
537 2561 739 2596 Ἰεροσολύμοις
752 2563 825 2590 ναόν.
843 2561 897 2589 Ἤν
912 2563 940 2590 δὲ

147 2610 225 2644 αὺτῷ
248 2610 333 2636 πάλαι
360 2609 406 2635 καὶ
426 2608 494 2644 πρὸς
514 2608 561 2635 τὸν
578 2609 733 2643 Ζοροῦάὸελ
748 2609 838 2643 φιλία,
859 2609 893 2636 δι’
906 2610 940 2646 ἣν

148 2656 200 2684 καὶ
222 2655 470 2691 σωματοφυλακεῖν
493 2655 553 2690 μεθ’
567 2655 670 2689 ἐτέρων
684 2654 731 2681 δύο
746 2655 857 2690 ἠξίωτο,
878 2656 941 2691 ἄρτι

148 2703 182 2736 ἐξ
195 2702 394 2737 Ἰεροσολύμων
408 2701 476 2737 πρὸς
492 2701 573 2728 αὑτὸν
587 2701 811 2737 ἀφικόμενος,Τῷ
823 2701 851 2728 6's
863 2703 938 2736 πρώ-

147 2758 190 2784 τῳ
206 2748 262 2775 ἔτει
280 2748 329 2783 τῆς
344 2747 426 2775 αὑτοῦ
446 2747 583 2782 βασιλείας
603 2747 683 2773 πότον
700 2749 757 2778 τοῖς
776 2748 938 2781 μεγιστᾶσιν

146 2794 234 2823 αὐτοῦ
258 2795 371 2830 Δαρεῖος
389 2794 549 2829 ἡτοίμασεν.
569 2793 613 2823 Ὠς
637 2793 660 2819 δ’
676 2793 863 2828 εὐωχηθέντες
889 2794 938 2820 ἀν-

148 2840 264 2872 έλυσαν,
283 2840 330 2866 καὶ
345 2839 426 2870 αὑτὸς
439 2839 486 2866 ἐπὶ
500 2840 533 2874 τῇ
556 2839 634 2873 κον.τῇ
650 2838 797 2874 κατέδαρτε
810 2847 817 2854 ·
839 2839 937 2874 μικρὲιν

147 2885 197 2913 οὖν
215 2886 357 2921 ὑπνώσας,
373 2885 535 2921 ἀφύπνωσε,
552 2886 598 2915 καὶ
616 2885 685 2921 μετᾶ
703 2887 757 2915 τῶν
772 2895 920 2922 σωματοφυ

991 2387 1064 2406 anno
1080 2379 1207 2407 convivio
1219 2384 1360 2415 magnates
1375 2381 1538 2415 excepisset.
1557 2387 1589 2408 ac
1610 2384 1670 2414 post
1686 2387 1783 2407 eorum

991 2426 1105 2457 abitum,
1129 2433 1224 2460 parum
1248 2427 1276 2453 in
1302 2426 1403 2455 lectulo
1417 2426 1575 2460 dormisset,
1592 2430 1781 2461 experrectus,

992 2479 1054 2500 cum
1064 2473 1121 2500 suis
1132 2474 1292 2502 custodibus
1302 2474 1480 2509 colloquitur,
1490 2477 1518 2501 et
1532 2473 1648 2508 singulis
1661 2472 1784 2507 singulas

992 2519 1157 2552 quaestiones
1177 2519 1317 2554 proponit.
1338 2519 1440 2552 Primo,
1456 2527 1491 2546 an
1506 2521 1600 2546 vinum
1617 2518 1710 2545 omnia
1725 2518 1784 2545 vino

993 2564 1053 2591 cat?
1077 2565 1167 2597 alteri.
1193 2573 1228 2593 an
1256 2566 1322 2593 res?
1346 2566 1427 2593 tertio
1442 2566 1476 2602 (is
1493 2565 1646 2593 Zorobabel
1668 2563 1730 2599 fuit)
1747 2571 1782 2591 an

992 2611 1132 2644 mulieres,
1146 2620 1247 2647 easque
1259 2612 1380 2639 veritas?
1394 2612 1533 2647 pollicitus
1547 2611 1643 2638 victori
1657 2609 1781 2645 praemia,

992 2660 1022 2683 ut
1035 2665 1197 2692 purpuram,
1216 2657 1337 2693 cydarim
1361 2657 1509 2693 byssinam,
1531 2661 1559 2684 et
1581 2660 1707 2691 torquem
1730 2663 1781 2682 au-

991 2710 1069 2729 reum
1095 2708 1224 2738 gestaret,
1255 2711 1286 2731 ac
1317 2707 1480 2738 potestatem
1513 2702 1627 2730 haberet
1651 2709 1685 2728 ex
1711 2707 1781 2728 auro

991 2749 1113 2779 bibendi.
1136 2753 1165 2777 et
1189 2749 1217 2776 in
1245 2749 1316 2776 lecto
1345 2756 1429 2776 aureo
1453 2747 1620 2779 dormiendi,
1638 2752 1667 2774 et.
1694 2753 1779 2774 curru

990 2797 1081 2824 aureis
1096 2797 1180 2824 frenis
1195 2795 1311 2823 vehendi
1326 2805 1333 2822 :
1352 2800 1436 2830 utque
1447 2795 1603 2830 proximum
1614 2801 1629 2821 a
1643 2800 1672 2820 se
1687 2793 1778 2820 locum

990 2846 1105 2875 teneret,
1124 2847 1153 2870 et
1169 2850 1236 2870 suus
1256 2845 1389 2877 cognatus
1402 2844 1560 2868 vocaretur.
1585 2839 1662 2866 Mane
1679 2845 1778 2872 proco-

989 2890 1063 2918 ril-us
1088 2889 1241 2922 accersitis,
1263 2895 1399 2934 quemque
1417 2887 1567 2916 satellitum
1593 2884 1774 2921 quastione!!!
