2041 3147
129 142 181 175 321

751 147 957 178 ANNALIUM
980 147 1054 177 LIB.
1074 148 1123 179 IV.

1711 151 1766 182 332

128 201 171 231 εὶς
192 198 382 236 Ἱεροσόλυμα,
397 200 507 234 ἔϐυσαν,
530 202 578 229 καὶ
592 202 643 238 τῆς
661 202 807 238 οἰκοδομῆς
826 204 903 238 ἀπήρ

957 202 1107 234 absoluta,
1122 203 1290 237 sacerdotes,
1303 203 1404 232 Levita-
1415 209 1443 233 et
1459 205 1561 240 Asapbi
1580 205 1660 234 liberi
1678 208 1764 236 Deum

129 245 212 278 ξαντο
227 245 276 271 τοῦ
294 245 373 272 ναοῦ.
386 246 440 272 Καὶ
453 247 467 273 ὸ
485 247 535 282 μὲν
551 248 614 280 ναδς
630 248 727 275 θᾶττον
739 249 819 275 ἔλασε
830 249 917 281 τέλος.

129 290 362 325 Ἀπαρτισθέντος
392 291 414 317 δ’
434 292 484 328 ήδη
509 293 555 320 τοῦ
577 293 663 329 ίεροῦ,
681 295 706 320 οἱ
724 294 807 329 ίερεῖς
825 295 873 321 καὶ
893 295 919 322 ot

128 336 244 362 Λευῖται
254 336 303 362 καὶ
316 337 342 363 οἰ
356 335 445 371 ’Δσὰφ
460 338 556 369 παῖδες
567 338 670 373 ὕμνουν
680 339 724 366 τὸν
733 340 809 367 Θεόν.
819 340 879 366 Τῶν
889 340 918 366 δὲ

129 380 256 415 πατριῶν
269 380 295 407 οί
307 381 488 418 πρεσϐύτεροι
505 383 551 410 τὸν
567 386 631 420 πρὶν
645 384 709 412 ναὸν
719 386 780 417 ταῖς
795 386 918 420 μνήμαις

128 425 343 459 ἀναπολοῦντες,
359 427 407 454 καὶ
421 427 468 454 τὸν
483 429 547 463 ἄρτι
568 430 756 465 γεγενημένον
779 431 918 458 ἐνδεέστε-

130 481 180 506 ρον
204 472 323 507 ὁρῶντες
345 472 394 500 τοῦ
409 474 505 507 πάλαι,
527 475 568 507 είς
596 476 703 511 δάκρυα
730 477 777 504 καὶ
801 477 917 513 θρήνους

128 518 294 552 προήγοντο,
312 519 360 545 καὶ
382 519 398 554 ἡ
417 520 522 547 τούτων
543 523 652 557 οἰμωγὴ
673 522 845 558 ὑπερεφώνει
866 524 917 558 τὴν

131 562 188 588 τῶν
200 562 361 597 σαλπίγγων
374 564 454 599 ὴχήν.
471 565 606 600 Προσίασι
618 566 641 593 δ’
655 567 680 593 oi
696 567 865 603 Σαμαρεῖται
876 568 915 604 τῷ

127 607 293 641 Ζοροόἀὸελ,
313 608 354 635 ἔτι
375 609 422 635 τοῦ
444 610 509 637 ναοῦ
529 612 752 646 ἁνεγειρομένου,
776 614 916 646 ἀξιοῦντες

128 653 352 688 συγκοινωνῆσαι
363 654 456 687 αὐτοῖς
467 655 518 691 τῆς
532 657 676 693 οἰκοδομῆς
690 658 737 685 τοῦ
752 660 829 687 ναοῦ.
847 660 877 687 '0
886 661 915 688 δὲ

126 697 177 732 τῆς
194 697 245 731 μὲν
257 698 403 735 οἰκοδομῆς
417 700 517 733 αὐτοὺς
538 704 685 738 μετασχεῖν
698 704 728 730 οὐ
745 706 912 741 προσήκατο,

127 744 293 774 προσκυνεῖν
305 743 367 770 δ’ὲν
385 745 459 780 αὐτῷ
476 746 570 781 ἔλεγεν
595 749 686 780 αὐτοῖς
701 750 819 784 ἐφιέναι.
844 752 915 786 Πρὸς

126 785 213 812 ταῦτα
229 787 254 812 οί
266 788 435 823 Σαμαρεῖται
447 791 631 828 ἠχθέσθησαν,
642 795 689 820 καὶ
700 795 824 822 πείθουσι
836 785 875 824 tit
885 798 914 822 ὲν

125 832 212 868 Συρὶᾳ
231 833 306 868 ἔθνη,
322 835 453 871 δεηθῆναι
471 837 524 864 τῶν
542 840 701 874 σατραπῶν,
723 842 845 877 ἐπισχεῖν
865 843 911 869 τοῦ

970 249 1121 276 celebrant.
1139 249 1273 277 Tribuum
1290 259 1355 280 vero
1375 252 1509 285 seniores,
1535 253 1649 287 repetita
1663 255 1766 289 prioris

971 293 1064 328 templi
1073 293 1286 329 magniﬁcentia,
1294 297 1367 331 quod
1377 305 1473 325 recens
1482 297 1548 325 illud
1557 299 1637 334 longe
1648 300 1764 330 inferius

969 345 1031 366 esse
1055 345 1214 372 cernerent,
1240 340 1278 368 ita
1309 342 1484 378 illacrymant
1501 349 1583 379 atque
1598 345 1704 380 lugent,
1734 352 1764 374 ut

969 391 1065 412 eorum
1083 385 1202 420 ejulatus
1226 394 1324 415 sonum
1354 389 1482 417 tubarum
1514 397 1667 426 superaret.
1691 393 1760 421 Dum

970 431 1102 465 templum
1142 432 1321 466 conderetur,
1362 435 1525 463 Samaritani
1563 437 1761 466 Zorobabelem

967 474 1081 508 adeunt,
1094 480 1217 511 petentes
1230 478 1296 505 sein
1309 483 1457 507 structura:
1467 482 1627 510 societatem
1638 483 1759 512 admitti.

967 519 996 546 ltl
1017 520 1062 547 ille
1085 526 1193 549 recusat
1207 531 1214 549 :
1227 527 1355 551 caeterum
1370 532 1401 552 ea
1416 525 1553 558 absoluta,
1573 528 1594 555 si
1607 530 1634 555 in
1658 531 1760 564 templo

967 565 1081 593 adorare
1095 567 1192 599 velint,
1212 568 1306 596 licere.
1321 569 1360 596 Ea
1375 571 1483 604 repulsa
1505 571 1630 600 homines
1647 574 1758 607 irritati,

966 611 1051 647 Syria:
1068 613 1196 648 gentibus
1215 620 1343 643 auctores
1358 622 1422 644 sunt
1435 618 1545 651 petendi
1561 627 1577 647 a
1591 621 1717 655 satrapis,
1731 627 1760 648 ut

966 658 1059 692 templi
1077 658 1286 687 aedificationem
1316 661 1490 696 prohibeant.
1514 664 1608 699 Itaque
1631 667 1760 700 pra-sides

966 703 1052 739 Syriae
1082 704 1161 739 175
1182 712 1210 733 et
1237 706 1386 735 Plicenicizn
1414 708 1602 746 Hierosolyma
1629 713 1757 746 profecti,

966 755 1080 784 rogant,
1111 752 1190 786 cujus
1218 760 1351 781 concessu
1385 756 1516 790 templum
1542 756 1628 784 instar
1653 759 1758 786 castelli

964 796 1110 828 aediﬁcent,
1135 802 1164 824 et
1192 798 1286 826 urbem
1318 801 1408 827 muris
1436 802 1594 830 [artissimis
1629 803 1760 838 cingant?

965 840 1117 870 ZOrobabel
1144 848 1172 870 ct
1200 845 1323 878 pontifex
1352 846 1432 874 Jesus
1460 847 1486 874 id
1508 848 1624 882 primum
1645 857 1659 876 a
1675 850 1758 884 Cyro,

125 879 191 905 ναοῦ
203 880 254 913 τὴν
271 881 425 917 ἀνέγερσιν.
434 883 598 917 ’Λναϐάντες
609 886 636 912 δὲ
650 887 690 918 είς
704 886 878 924 Ἱεροσόλυμα
887 890 907 915 oi

964 886 1064 914 deinde
1083 895 1099 915 a
1116 888 1198 916 Dario
1211 890 1294 918 etiam
1313 892 1476 926 permissum
1492 901 1562 926 esse,
1578 895 1756 929 respondent.

125 924 226 960 Συρίας
239 926 407 961 ὲπάρχοντες
416 929 464 956 καὶ
474 930 610 965 Φοινίκης,
622 931 748 966 ἠρώτων,
759 935 831 966 τίνος
845 943 911 969 αυγ-

123 970 301 1005 χωρήσαντος
313 971 351 1004 ὼς
365 973 493 1008 φρούριον
510 975 556 1001 τὸν
580 976 644 1003 ναὸν
665 978 849 1014 ἀνεγείρουσι,
865 980 912 1006 καὶ

123 1016 156 1049 τῇ
172 1015 248 1042 πόλει
268 1016 346 1052 τείχη
373 1019 475 1054 σφόδρα
497 1021 708 1055 περιῦάλλουσιν
726 1024 845 1059 ίσχυρά;
864 1026 912 1051 Ζο-

126 1059 240 1094 ροὸάὸελ
256 1061 283 1087 δὲ
296 1062 343 1088 καὶ
352 1064 366 1089 ὁ
374 1064 520 1099 ἀρχιερεὺς
534 1065 649 1102 Ἰησοῦς,
659 1068 692 1094 ὲκ
702 1067 793 1103 Κύρου
804 1070 912 1105 πρῶτον

123 1107 310 1142 ἐπιτραπῆναι
336 1108 386 1144 τήν
415 1111 559 1146 οἰκοδομὴν
582 1112 697 1146 ἔφασαν,
724 1113 864 1148 εἷοάὗθις
879 1117 911 1143 ἐκ

123 1151 171 1178 τοῦ
185 1154 311 1188 Δαρείου.
326 1155 358 1181 υί
370 1155 392 1182 δ’
405 1155 523 1192 ἔπαρχοι
540 1158 594 1186 τῶν
607 1159 657 1195 τῆς
672 1160 773 1196 Συρίας
790 1163 838 1190 καὶ
851 1163 912 1190 Φοι-

124 1197 204 1233 νίκης
220 1199 328 1234 χωρῶν,
355 1200 405 1237 τὴν
430 1203 480 1237 μὲν
506 1203 561 1230 τῶν
576 1204 665 1240 ἔργων
689 1207 833 1243 οίκοδομὴν
851 1210 910 1235 ἑπι-

126 1243 204 1288 σχεῐν
233 1244 284 1270 οὐκ
299 1244 420 1282 ἔκριναν¹
430 1247 536 1283 Δαρείῳ
549 1248 577 1276 δὲ
589 1252 760 1287 παραχρῆμα
775 1253 909 1288 ἔγραψαν.

124 1287 185 1314 Τῶν
206 1288 235 1315 δὲ
263 1289 400 1318 Ἰουδαίων
420 1295 643 1329 κατεπτηχότων,
669 1297 706 1332 μὴ
724 1287 856 1334 μεταδοξη
871 1299 910 1334 τῷ

125 1333 231 1368 βασιλεῖ
245 1336 309 1371 περὶ
319 1334 356 1364 ὧν
372 1338 559 1375 ᾠκονόμησεν,
571 1341 698 1376 ’Δγγαῖος
711 1344 758 1370 καὶ
773 1333 910 1380 Ζαχαρίας

123 1380 148 1426 at
163 1381 305 1417 προφῆται
323 1383 436 1420 θαρρεῖν
451 1386 550 1418 αὐτοὺς
568 1387 740 1423 παρώρμων,
763 1389 811 1417 καὶ
827 1390 910 1426 μηδιι

124 1424 279 1460 ὑφορᾶσθαι
294 1428 452 1464 ἀϐούλητον.
471 1432 650 1464 Πιστεύοντες
669 1431 716 1461 οὖν
728 1435 784 1466 τοῖς
801 1424 910 1472 προξρή-

123 1479 194 1504 ταις,
211 1473 399 1509 ἐντεταμένως
424 1476 529 1512 εἴχοντο
543 1479 592 1512 τῆς
611 1479 766 1516 οἰκοδομῆς.
796 1483 909 1518 Δαρεῖος

123 1516 150 1563 δε
165 1519 215 1549 τὰς
229 1520 374 1552 ἐπιστολὰς
399 1521 556 1558 δεξάμενος,
573 1525 622 1552 καὶ
634 1525 682 1558 τὰς
698 1527 752 1553 τῶν
768 1516 905 1563 Σαμαρει-

123 1562 176 1589 τῶν
194 1566 374 1601 κατηγορίας,
390 1552 500 1603 ὅτι-τῆν
581 1571 657 1598 πόλιν
673 1552 825 1608 ,ὀχυροῦσιν
842 1552 906 1601 Ἰουι
919 1552 942 1584 C

123 1609 202 1643 δαίοι,
215 1612 262 1638 καὶ
276 1612 323 1639 τὸν
335 1614 398 1640 ναὸν
407 1615 593 1650 οἰκοδομοῦσιν
604 1617 640 1649 ὡς
652 1618 792 1655 φρούριον,
804 1622 850 1647 καὶ
866 1622 906 1648 ὅτι

123 1655 278 1693 Καμὸύσης
302 1658 352 1694 τὴν
367 1660 470 1687 τούτων
497 1661 633 1689 ἐκώλυσεν
650 1665 805 1700 οἰκοδομὴν,
825 1675 907 1701 προσ-

122 1703 217 1737 έταξεν
232 1705 262 1731 ὲν
278 1706 332 1736 τοῖς
347 1706 496 1741 βασιλικοῖς
513 1709 691 1745 ὑπομνήμασι
706 1711 857 1747 ζητηθῆναι
872 1714 906 1740 τὰ

122 1749 184 1784 περὶ
198 1750 303 1783 τούτου,
321 1753 367 1778 καὶ
383 1753 482 1788 εὑρέθη
494 1754 524 1780 ἐν
544 1755 719 1788 Ἐκϐατάνοις
731 1759 763 1793 τῇ
781 1758 859 1794 βάρει
870 1761 903 1795 τῇ

119 1794 148 1820 ὲν
165 1795 260 1831 Μηδίᾳ
276 1798 480 1832 γεγραμμένον,
501 1799 539 1831 ὡς
555 1799 593 1835 τῷ
611 1801 712 1836 πρώτῳ
726 1802 780 1829 ἔτει
790 1805 840 1838 τῆς
854 1794 904 1831 ab;

118 1838 164 1865 τοῦ
180 1839 323 1874 βασιλείας
338 1842 429 1878 Κῦρος
441 1844 569 1871 ικόλευσε
584 1846 631 1874 τὸν
646 1847 708 1873 ναὸν
722 1849 904 1884 οίκοεομηϐῆ-

118 1893 162 1911 ναι
178 1886 224 1912 τὸν
241 1887 271 1913 ὲν
301 1888 510 1925 Ἱεροσολύμοις,
527 1891 572 1918 καὶ
587 1892 617 1918 τὸ
636 1893 837 1929 θυσιαστήριον,
857 1896 904 1922 καὶ

117 1930 166 1966 τήν
180 1931 223 1963 εις
237 1932 324 1960 ταῦτα
335 1933 459 1972 δαπάνην
481 1937 514 1963 ὲκ
529 1937 583 1963 τῶν
600 1937 748 1972 βασιλικῶν
764 1939 903 1972 διετάξατο

116 1978 254 2012 γίνεσθαι,
277 1980 325 2007 καὶ
342 1981 379 2009 τὰ
402 1982 451 2010 τοῦ
466 1983 532 2010 ναοῦ
558 1984 642 2018 σκεύη
663 1985 838 2021 ἀποδοθῆναι,
854 1988 903 2013 καὶ

117 2025 301 2053 συλλασέσθαι
330 2027 399 2063 πρὸς
417 2028 449 2056 τὸ
474 2029 555 2064 ἔργον
578 2031 634 2061 τοῖς
658 2031 747 2057 ἐκεῖσε
772 2031 903 2066 ἄρχουσιν

115 2071 257 2104 ἐκέλευσε,
275 2073 322 2099 καὶ
335 2073 421 2101 τελεῖν
435 2076 492 2108 τοῖς
513 2075 649 2108 Ἰουδαίοις
664 2077 704 2108 είς
721 2076 816 2106 θυσίαν
835 2078 902 2104 ταύ-

116 2126 180 2151 ρους
197 2118 245 2144 καὶ
257 2119 352 2153 κριοὺς
368 2121 415 2146 καὶ
426 2120 511 2156 ἄρνας
527 2122 574 2148 καὶ
585 2122 707 2156 ἐρίφους,
722 2122 863 2158 σεμίδαλίν
872 2132 902 2150 τε

116 2163 164 2189 καὶ
178 2162 251 2190 οἶνον
262 2165 308 2191 καὶ
321 2165 421 2193 ἔλαιον.
438 2165 530 2193 Ταῦτα
543 2167 571 2192 ὲν
584 2169 640 2199 τοῖς
658 2168 836 2204 ὑπομνήμασι
849 2171 902 2196 Δα-

964 933 1023 967 Quo
1038 935 1078 962 illi
1097 936 1201 968 audito,
1217 945 1272 964 non
1292 937 1464 971 impedienda
1478 947 1562 973 opera
1576 946 1757 975 censuerunt,

962 981 1010 1008 sed
1035 981 1117 1009 Dario
1141 983 1234 1010 statim
1251 984 1431 1019 scripserunt.
1446 985 1554 1013 Iudaeos
1577 991 1668 1014 autem
1692 995 1756 1022 per-

964 1026 1074 1054 territos
1094 1035 1125 1056 ac
1148 1033 1314 1062 metuentes,
1329 1037 1363 1057 ne
1384 1037 1474 1065 regem
1491 1031 1666 1059 liberalitatis
1700 1040 1756 1059 sine

961 1071 1118 1105 pteniteret,
1138 1073 1255 1108 Aggaeus
1280 1078 1309 1100 et
1332 1073 1479 1101 Zacharias
1506 1075 1646 1110 prophetae
1676 1075 1757 1103 bonis

961 1116 1061 1144 animis
1073 1125 1133 1146 esse
1154 1119 1264 1154 jubent,
1281 1127 1371 1154 neque
1391 1120 1500 1147 molesti
1515 1121 1668 1156 quidquam
1693 1129 1755 1149 sus-

961 1162 1058 1197 picari.
1089 1163 1174 1199 Igitur
1198 1165 1342 1199 prophetis
1352 1165 1427 1198 freti,
1454 1167 1628 1194 continenter
1652 1167 1755 1196 instant

961 1209 1049 1243 operi.
1082 1209 1180 1237 Darius
1210 1215 1302 1238 autem
1333 1211 1433 1238 litteris
1460 1217 1488 1239 et
1517 1212 1754 1240 Samaritanorum

961 1254 1183 1282 accusationibus
1212 1257 1342 1291 acceptis,
1360 1257 1433 1292 quod
1458 1257 1543 1285 Judaei
1567 1258 1663 1285 urbem
1692 1267 1754 1286 mu-

961 1299 1063 1331 nirent,
1083 1304 1111 1327 et
1127 1301 1257 1335 templum
1271 1302 1375 1329 castelli
1393 1303 1480 1329 instar
1491 1308 1677 1334 exstruerem.
1690 1312 1752 1332 cum

960 1353 1056 1373 eorum
1080 1345 1224 1373 aediﬁcatio
1246 1354 1260 1373 a
1274 1346 1407 1392 Cambyse
1419 1347 1557 1382 prohibita
1578 1349 1670 1381 fuerit,
1696 1350 1752 1377 htec

961 1390 989 1417 in
1005 1390 1088 1426 regiis
1113 1391 1300 1419 monumentis
1316 1390 1418 1427 inquiri
1434 1393 1533 1428 jubet:
1551 1401 1584 1422 ac
1611 1395 1751 1429 inven‘um

960 1440 1002 1462 est
1030 1436 1178 1464 Ecbatanis
1204 1437 1242 1471 (id
1273 1437 1367 1464 Mediae
1393 1439 1535 1466 castellum
1561 1440 1612 1474 est)
1635 1439 1663 1466 in
1683 1440 1753 1467 turri

960 1481 1103 1515 scriptum,
1125 1481 1227 1517 Cyrum
1253 1489 1326 1509 anno
1355 1483 1430 1517 regni
1456 1484 1498 1510 sui
1521 1484 1609 1518 primo
1623 1484 1752 1520 jussisse,

961 1527 1092 1561 templum
1108 1531 1137 1554 et
1158 1527 1309 1555 sacrarium
1326 1528 1603 1564 liierosolymitanum
1624 1532 1729 1558 exstrui
1741 1551 1749 1563 .

957 1575 986 1599 et
1011 1569 1137 1607 sumptus
1176 1573 1211 1599 ad
1235 1580 1295 1599 eam
1321 1581 1380 1600 rem
1407 1581 1441 1601 ex
1467 1574 1543 1609 regia
1567 1575 1749 1610 suppeditari,

959 1618 1107 1653 templique
1129 1626 1193 1646 vasa
1220 1619 1339 1652 restitui,
1368 1624 1397 1646 et
1419 1619 1526 1647 vicinos
1540 1625 1670 1655 praetores
1682 1629 1751 1656 opus

957 1663 1025 1690 illud
1051 1664 1180 1699 adjuvare
1201 1673 1208 1691 :
1229 1667 1257 1691 et
1284 1664 1386 1691 Judaeis
1412 1664 1446 1692 ad
1475 1665 1610 1692 sacriﬁcia
1629 1666 1750 1701 pendere

958 1712 1061 1740 tauros,
1073 1709 1184 1742 arietes,
1198 1717 1283 1744 agnos
1293 1715 1318 1737 et
1339 1709 1442 1743 haedos,
1454 1710 1640 1746 similamque,
1653 1711 1748 1739 vinum

955 1757 984 1780 et
1003 1753 1106 1781 oleum.
1127 1753 1190 1782 Haec
1210 1755 1308 1782 Darius
1322 1763 1384 1782 cum
1400 1755 1426 1781 in
1446 1756 1653 1783 commentariis
1673 1756 1748 1784 inve-

955 1801 1052 1832 nisset,
1070 1800 1233 1835 pmsidibus
1248 1800 1275 1827 in
1297 1800 1369 1828 hanc
1396 1802 1560 1829 sententiam
1582 1802 1746 1838 rescripsit:

955 1844 1114 1879 Exemplum
1129 1845 1198 1872 vobis
1213 1846 1332 1872 mandati
1345 1846 1407 1881 Cyri
1428 1847 1455 1873 in
1470 1848 1644 1875 monumentis
1659 1857 1747 1884 τεμεῖ.

955 1896 1011 1918 tum
1036 1892 1111 1918 mitto
1134 1900 1144 1918 :
1159 1896 1239 1926 atque
1259 1893 1364 1919 omnino
1384 1893 1412 1919 id
1435 1893 1494 1927 ﬁeri
1509 1894 1577 1928 uolo,
1613 1897 1682 1927 quod
1700 1896 1747 1923 illo

954 1937 1110 1964 continetur.
1136 1936 1236 1964 Valete.
1265 1937 1349 1972 Regis
1376 1938 1516 1967 voluntate
1539 1941 1658 1975 cognita,
1679 1948 1745 1975 pro-

954 1981 1105 2009 vinciarum
1117 1982 1225 2009 illarum
1240 1983 1406 2017 praetoribus
1416 1984 1526 2012 Judteos
1536 1985 1744 2020 adjuvantibus,

955 2027 1113 2062 temploque
1125 2028 1205 2055 annis
1216 2034 1320 2063 septem
1330 2029 1467 2063 absoluto,
1481 2030 1610 2058 Israelita:
1618 2031 1745 2059 victimas

954 2072 1140 2106 immolarunt,
1164 2073 1345 2107 pristinorum
1376 2074 1513 2102 bonorum
1542 2077 1740 2104 renovatrices.

952 2118 981 2146 ln
1001 2118 1071 2146 festo
1090 2119 1255 2155 Azymorum
1272 2128 1369 2148 omnes
1389 2128 1404 2148 e
1418 2121 1494 2156 pagis
1510 2122 1539 2149 in
1560 2123 1655 2150 urbem
1675 2130 1742 2150 con-

953 2164 1091 2192 ﬂuxerunt
1116 2175 1123 2192 :
1153 2169 1321 2201 peractoque
1352 2166 1497 2199 sacriﬁcio,
1527 2167 1602 2202 quod
1637 2167 1742 2196 Pascha

115 2209 192 2244 ρεῐος
207 2208 307 2246 εὑρὼν,
321 2211 476 2248 ἀντέγραψε
491 2213 549 2244 τοῖς
561 2213 753 2240 ὲπεσταλκόσι·
771 2215 805 2241 Τὸ
818 2215 900 2242 ἀντί-

957 2210 1066 2243 dicitur,
1082 2210 1259 2239 festivitatem
1281 2212 1520 2240 concelebrarunt.
1537 2213 1590 2247 Qui
1611 2213 1740 2242 Hieroso-

114 2263 232 2289 1170560?
245 2256 316 2290 ὑμῖν
324 2256 378 2290 τῆς
387 2257 563 2292 ἐπιστολῆς,
570 2258 605 2285 ἐν
616 2258 678 2292 τοῖς
687 2260 902 2295 ὑπομνήμασιν

112 2300 212 2334 εὑρὼν
223 2301 284 2334 τοῖς
299 2303 407 2336 Κύρου,
423 2303 612 2337 ἀπέσταλκα,
625 2305 675 2331 καὶ
687 2305 837 2340 ,βούλομαι
853 2315 902 2340 γε·

110 2346 221 2373 γέσθαι
246 2347 356 2381 πάντα,
389 2349 429 2381 ὡς
460 2348 590 2383 περιέχει
615 2350 703 2384 αὐτή.
741 2351 898 2385 Ἐρῤωσθε.

110 2392 228 2423 Γνόντες
242 2392 271 2418 δὲ
287 2392 336 2428 τὴν
355 2393 402 2419 τοῦ
416 2393 548 2428 βασιλέως
564 2393 725 2429 προαίρεσιν
737 2395 761 2422 οἱ
779 2395 832 2422 τῶν
844 2405 899 2430 χω-

112 2437 170 2472 ρῶν
188 2439 301 2465 ἐκείνων
323 2439 561 2474 ἐπιτροπεύοντες,
579 2442 731 2476 συνήργουν
755 2443 812 2473 τοῖς
832 2443 898 2469 Ὶου-

110 2483 209 2514 δαίοις.
227 2484 280 2510 Καὶ
304 2483 465 2521 ᾠκοδομήθη
484 2485 515 2512 ὲν
530 2485 618 2512 ἐτεσιν
635 2487 705 2514 ἑπτὰ
724 2487 737 2513 6
759 2489 832 2522 ναὸς,
851 2489 897 2515 καὶ

110 2530 213 2558 ἔθυσαν
227 2531 252 2558 οί
267 2531 434 2567 Ἰσραηλῖται
445 2531 541 2564 Θυσίας
561 2534 748 2566 ἀνανεωτικὰς
759 2535 813 2562 τῶν
831 2545 897 2571 προ-

108 2578 200 2612 τέρων
214 2578 334 2612 ἀγαθῶν.
350 2579 406 2614 Τῆς
418 2579 446 2606 δὲ
460 2580 515 2606 τῶν
531 2579 657 2615 ’Δζύμων
683 2581 781 2616 ἑορτῆς
805 2583 898 2608 ἐνστά-

109 2632 172 2658 σης,
197 2625 332 2660 συνερρύη
360 2626 415 2657 πᾶς
431 2626 444 2652 ό
460 2625 524 2657 λαὸς
551 2626 583 2653 ὲκ
596 2627 650 2652 τῶν
675 2627 776 2661 κωμῶν
790 2628 828 2659 εἰς
848 2628 896 2663 τὴν

107 2671 201 2702 πόλιν,
219 2672 267 2697 καὶ
276 2672 326 2706 τὴν
338 2671 434 2707 ἑορτὴν
445 2672 559 2706 ἤγαγον,
572 2673 617 2699 καὶ
634 2671 684 2707 τὴν
699 2672 794 2708 Πάσχα
810 2682 895 2709 προσ.

107 2717 315 2751 αγορευομένην
341 2717 436 2744 θυσίαν
466 2717 603 2744 ἐτέλεσαν.
628 2717 801 2753 Καῖῴκησαν
826 2719 849 2745 δ’
865 2720 895 2745 ὲν

114 2761 315 2797 Ἱεροσολύμοις
353 2761 476 2796 πολιτείᾳ
512 2762 650 2797 χρώμενοι
676 2763 892 2800 ἀριστοκρατικῇ

108 2807 180 2842 μετὰ
199 2807 369 2843 ὀλιγαρχίας.
384 2807 415 2833 Οί
431 2808 484 2842 γὰρ
520 2808 602 2841 ἱερεῖς
619 2808 826 2842 προεστήκεσαν
838 2808 892 2835 τῶν

107 2852 293 2888 πραγμάτων,
314 2852 392 2887 ἄχρις
406 2849 436 2879 οὗ
448 2852 510 2885 τοὺς
528 2853 714 2888 ’Λσαμωναίου
728 2854 826 2889 συνέεη
841 2854 890 2889 βα-

952 2256 1032 2291 lymis
1055 2257 1248 2288 consederant,
1273 2256 1390 2286 formam
1417 2258 1575 2293 reipublicae
1592 2264 1740 2288 tenuerunt

950 2309 985 2328 ex
998 2301 1161 2336 optimatum
1185 2306 1213 2330 et
1232 2310 1384 2337 paucorum
1399 2309 1534 2339 potestate
1548 2311 1739 2342 contempera-

951 2351 1017 2374 tam.
1030 2347 1141 2375 Summa
1157 2356 1249 2376 rerum
1261 2349 1335 2377 enim
1352 2357 1439 2385 usque
1452 2351 1485 2378 ad
1496 2359 1610 2387 regnum
1625 2353 1739 2381 Asamo—

949 2401 1073 2421 meorum
1089 2401 1173 2429 penes
1186 2395 1343 2424 sacerdotes
1355 2396 1416 2423 fuit.
1431 2396 1499 2424 Nam
1516 2403 1579 2425 ante
1595 2399 1739 2434 captivita-

952 2444 1004 2467 tem
1026 2440 1136 2475 quidem
1154 2441 1264 2476 regibus
1279 2449 1328 2476 per
1342 2450 1428 2470 annos
1446 2451 1537 2471 anxit
1551 2451 1660 2472 menses
1672 2453 1697 2473 v1
1708 2449 1737 2472 et

949 2486 1008 2513 dies
1035 2495 1052 2514 ι
1081 2492 1241 2522 paruerunt.
1269 2489 1341 2516 Ante
1381 2497 1478 2524 reges,
1505 2490 1681 2526 magistratus
1716 2491 1735 2519 ii

948 2532 1094 2568 praefuere,
1108 2534 1154 2568 qui
1177 2533 1285 2569 judices
1304 2534 1485 2568 vocabantur,
1507 2540 1534 2562 ct
1561 2536 1733 2564 dictatores:

947 2580 999 2604 sub
1027 2578 1128 2613 quibus
1153 2583 1180 2606 et
1203 2579 1269 2614 ipsis
1291 2587 1378 2608 annos
1396 2581 1476 2616 176
1494 2581 1613 2616 amplius
1634 2590 1650 2608 ι)
1673 2587 1736 2616 post

947 2623 1048 2650 Moscm
1068 2628 1096 2650 et
1111 2623 1202 2651 Jesum
1217 2628 1344 2659 egerunt.
1365 2624 1527 2652 Samaritani
1551 2629 1640 2652 tamen
1665 2626 1736 2654 inl'e-

946 2669 980 2696 sti
1009 2669 1121 2702 Judwis.
1149 2671 1233 2698 multa
1268 2671 1340 2698 mala
1376 2671 1521 2698 dederunt.
1548 2671 1731 2705 Quamobrem

946 2715 1096 2743 Zorobabel
1113 2721 1142 2743 et
1153 2716 1199 2743 alii
1215 2725 1240 2743 IV
1251 2725 1284 2744 ex
1296 2717 1501 2752 magistratibus
1513 2725 1574 2745 cum
1586 2725 1619 2745 eo
1634 2718 1731 2746 Hiero-

945 2761 1056 2796 solymis
1082 2761 1164 2796 legati
1189 2762 1224 2788 ad
1250 2762 1361 2789 Darium
1388 2762 1506 2789 iverunt.
1530 2761 1652 2795 Quorum
1681 2771 1730 2790 rex

944 2808 1063 2843 querelis
1073 2807 1198 2842 cognitis,
1217 2808 1250 2834 ad
1267 2809 1411 2843 magistros
1425 2810 1549 2843 equitum
1561 2813 1589 2835 et
1602 2813 1726 2836 senatum

944 2854 1074 2882 Samaria:
1094 2853 1204 2888 scripsit
1228 2862 1236 2881 :
1255 2861 1288 2881 ne
1311 2854 1415 2882 molesti
1435 2860 1526 2882 essent
1546 2855 1657 2888 Judmis,
1679 2855 1727 2882 sed
