2041 3147
235 115 289 147 327

230 171 303 199 vivis
316 169 374 197 suis
388 172 531 196 ostentare
545 166 672 203 cupiens,
694 164 728 192 ad
744 162 901 191 convivium
916 159 1022 188 accersi
1037 160 1061 190 Α

231 219 321 252 jubet.
338 215 384 242 Illa
401 218 559 246 recusante,
575 218 603 240 et
617 211 730 239 nuntios
742 209 901 244 complures
922 206 1024 233 infecta

232 271 264 291 re
288 263 468 290 dimittente:
492 261 591 292 iratus,
618 258 714 286 uxoris
736 254 940 284 contumaciam
963 259 1025 280 cum

235 315 340 344 septem
369 309 514 335 Persarum
550 305 730 333 senatoribus
758 300 974 329 communicat:
998 298 1026 325 hi

235 356 296 391 ejus
311 354 457 390 ejicienda:
478 357 609 380 auctores
625 354 701 378 sunt.
719 349 821 384 Ejectm
838 354 906 374 vero
919 344 1027 372 deside-

237 390 309 429 rium
328 402 424 436 iniquo
437 400 530 427 animo
544 397 657 428 ferenti,
673 395 790 423 suadent
805 393 896 425 amici,
922 395 952 418 ut
970 390 1027 417 for—

236 456 326 476 mosas
338 447 461 482 virgines
473 445 595 480 colligat,
607 449 760 476 carumque
773 437 1027 475 praestantissimam

236 501 351 522 uxorem
368 494 460 520 ducat.
479 492 560 519 Paret
577 489 697 517 consilio
715 495 783 514 rex:
806 485 955 518 multisque
973 483 1030 509 vir-

235 541 348 577 ginibus
370 538 503 570 collectis,
522 537 662 572 Babylone
685 534 787 570 puella,
805 532 899 560 Judzca
916 536 1028 577 genere.

237 575 349 616 inventa
371 590 425 617 est,
448 593 481 611 ex
507 584 579 611 tribu
600 581 791 617 Benjamitica,
811 577 946 614 ambobus
961 575 1029 603 orba

236 633 409 669 parentibus,
442 639 503 665 quae
528 638 543 656 a
568 634 669 664 patruo
702 625 876 654 Mardochteo
905 622 1030 657 principe

236 679 395 707 Iudaeorum
412 677 596 707 educabatur,
614 674 732 701 Esthera
745 672 869 699 nomine.
889 670 954 697 Eam
970 675 1029 700 rex,

236 726 331 759 lepore
354 724 414 759 ejus
439 726 545 757 captus,
573 727 687 747 uxorem
713 717 800 748 ducit,
822 720 850 743 et
875 714 1030 741 diademate

236 774 326 797 ornat.
353 769 471 796 Patruus
495 767 561 794 item
584 766 644 801 ejus
677 763 865 791 ltlardochaaus
892 760 1031 794 Babylone

237 817 306 844 Susa
323 814 525 854 commigravit,
548 818 579 840 ut
604 812 707 847 regiam
733 809 932 844 frequentaret,
950 810 978 833 et
997 805 1031 832 de

237 868 320 897 nepte
341 851 391 889 sua
417 863 640 896 percontaretur.
664 857 760 891 Neque
783 855 858 883 enim
881 853 927 880 illa
955 851 1028 879 unde

237 917 301 939 nata
321 915 405 942 esset,
422 909 558 937 indicarat
578 916 586 935 :
604 913 695 941 neque
723 905 795 939 ipse,
819 902 941 937 aliquam
966 908 1029 928 cum

238 958 284 985 ilia
309 956 544 984 necessitudinem
575 953 627 981 sibi
656 951 830 979 intercedere
855 947 1029 976 ostendebat.

238 1003 352 1031 Tulcrat
372 1006 464 1029 autem
488 1008 536 1028 rex
557 1000 657 1034 legem,
682 1005 717 1025 ne
737 997 800 1031 quis
821 994 855 1022 ad
872 1002 902 1022 se
918 994 946 1021 in
961 993 1031 1020 solio

239 1049 382 1076 sedentem
401 1046 548 1074 accederet
562 1045 709 1072 invocatus
725 1051 732 1069 :
750 1041 798 1076 qui
816 1047 897 1068 secus
910 1039 1031 1071 fecisset,

239 1094 332 1122 statim
352 1093 387 1121 ab
401 1091 610 1127 apparitoribus
623 1088 716 1117 securi
734 1088 878 1118 feriretur,
902 1085 955 1113 nisi
974 1085 1032 1120 ipse

240 1141 345 1175 virgam
367 1146 451 1174 quam
468 1145 552 1165 manu
570 1139 692 1168 teneret,
712 1134 750 1161 illi
767 1133 950 1168 perrexisset:
971 1138 1032 1158 eam

240 1187 316 1214 enim
331 1185 379 1221 qui
394 1185 534 1220 attigerat,
548 1182 686 1210 indemnis
699 1185 769 1208 erat.
783 1179 852 1207 Cum
866 1183 958 1206 autem
977 1177 1033 1204 duo

240 1232 363 1262 eunuchi
384 1232 442 1267 regi
468 1229 585 1258 insidias
611 1230 762 1259 struerent,
790 1225 965 1254 Barnabazus
986 1222 1034 1250 Ju-

242 1280 328 1311 daaus,
356 1285 454 1306 servus
473 1276 588 1304 alterius
609 1273 742 1305 eunuchi,
765 1272 799 1299 iis
822 1269 1032 1300 animadversis.

243 1333 301 1353 rem
317 1325 352 1352 ad
372 1323 573 1351 Mardochaum
591 1320 692 1348 defert.
714 1318 794 1353 179
808 1318 855 1345 Ille
870 1324 919 1352 per
935 1315 1034 1343 Esthe-

243 1378 302 1398 ram
335 1370 368 1397 ad
396 1376 511 1404 regem:
530 1367 579 1402 qui
605 1365 743 1394 eunuchis
769 1364 797 1390 in
820 1369 930 1390 erucem
952 1360 1033 1391 actis.

243 1417 445 1444 Mardochteum
462 1415 489 1442 in
503 1412 717 1442 commentarios
730 1409 857 1440 inscribi,
874 1413 902 1436 et
917 1408 946 1434 in
960 1408 1035 1441 regia

244 1469 357 1490 munere
380 1462 468 1496 jubet.
493 1460 626 1487 Amanem
649 1463 733 1492 porro
755 1455 874 1481 amicum
896 1459 1035 1480 summum

246 1509 330 1543 regis,
346 1515 442 1534 omnes
459 1505 612 1533 adorabant
627 1511 633 1529 :
652 1501 728 1537 quod
750 1507 813 1527 cum
835 1498 1034 1525 Mardochazum
1050 1512 1071 1540 α

247 1559 361 1589 propter
382 1553 471 1587 legem
491 1550 634 1578 Iudaicam
658 1546 870 1583 praetermittere
890 1543 1036 1579 cognovis-

248 1604 301 1630 set,
322 1597 481 1632 indignatus
497 1596 522 1622 ei
545 1595 626 1625 dixit,
646 1601 675 1620 se
691 1601 706 1619 a
722 1592 814 1619 Persis
832 1590 958 1626 ingenuis
971 1590 1037 1616 ado-

250 1644 307 1672 rari
323 1653 329 1671 :
346 1651 397 1671 cur
414 1643 471 1675 ille,
488 1642 534 1676 qui
547 1647 645 1669 servus
660 1644 744 1670 esset,
757 1638 829 1665 idem
848 1644 903 1664 non
917 1636 1038 1664 faceret?

1047 844 1067 871 Β

192 1694 196 1698 ⁵
248 1695 360 1725 totaque
374 1694 456 1725 gente
481 1687 553 1722 apud
575 1693 667 1721 regem
689 1689 830 1716 accusata,
852 1683 932 1719 petiit
953 1687 985 1710 ut
1005 1690 1038 1710 ca

249 1736 375 1765 funditus
398 1735 616 1769 exstirparetur,
630 1732 667 1759 ita
690 1735 720 1758 ut
740 1730 823 1758 nulla:
848 1729 972 1764 reliquiae
992 1736 1039 1756 su-

247 1785 403 1817 peressent.
420 1780 460 1807 Ne
483 1786 549 1805 vero
569 1777 681 1805 tributis
705 1784 752 1804 rex
777 1775 962 1807 fraudaretur,
980 1774 1039 1809 ipse

248 1827 433 1864 quadraginta
456 1825 563 1860 argenti
586 1823 672 1851 millia
697 1830 726 1850 se
750 1821 879 1849 daturum
898 1824 941 1848 est
956 1820 1039 1855 polli-

247 1874 330 1912 citus.
357 1873 415 1900 Rex
430 1871 528 1899 Amani
557 1875 585 1898 et
609 1869 755 1905 pecuniam
776 1873 805 1896 et
828 1868 956 1896 homines
974 1875 1040 1895 con-

249 1921 345 1953 donat,
360 1923 390 1946 ut
405 1926 454 1946 eos
464 1925 515 1946 suo
531 1917 668 1945 arbitratu
686 1920 795 1944 tractet.
814 1915 839 1943 Is
853 1916 937 1951 igitur
945 1915 1039 1943 statim

247 1964 370 1992 edictum
386 1962 499 1991 nomine
521 1962 593 1997 regis
610 1962 638 1988 in
651 1968 748 1988 omnes
764 1960 921 1995 provincias
943 1959 1037 1990 mittit,

249 2011 294 2038 his
318 2010 435 2038 verbis:
457 2008 510 2036 Eos
532 2008 577 2043 qui
603 2008 635 2034 ab
652 2006 736 2033 altero
759 2011 836 2042 patre
860 2014 918 2033 meo
936 2006 1040 2033 Amans

244 2058 413 2093 judicuutur,
436 2063 525 2082 orline:
546 2062 605 2081 cum
626 2053 752 2080 uxoribus
775 2058 800 2080 et
818 2052 905 2079 liberis
927 2052 1040 2085 interﬁci

248 2104 318 2134 uolo.
337 2103 415 2138 idque
430 2101 491 2136 ﬁeri
513 2108 559 2128 xtv
581 2099 625 2127 die
642 2099 739 2126 mensis
762 2106 800 2126 xu
820 2099 867 2125 hoc
887 2106 967 2126 anno.
993 2098 1041 2126 His

251 2148 352 2176 litteris
377 2147 404 2174 in
430 2147 514 2173 urbes
530 2149 557 2173 et
575 2144 733 2180 provincias
747 2144 872 2179 perlatis.
887 2143 1041 2171 internecio

877 91 1040 137 JOANHlS
1059 102 1222 133 zemas

1816 94 1873 126 323

1077 157 1117 189 ξὶν
1140 157 1242 192 ὁμοίως
1263 155 1419 192 συνεκρότει
1436 151 1600 189 συμπόσιον,
1618 150 1651 186 ἢν
1671 148 1766 177 κάλλει
1780 150 1876 181 πάσας

1077 202 1210 235 νικῶσαν,
1226 203 1361 237 ἠθέλησεν
1375 203 1390 229 ό
1406 200 1536 237 βασιλεὺς
1553 199 1611 230 τοῖς
1625 197 1701 232 αὐτῷ
1717 197 1876 232 συμποσιά-

1077 249 1171 281 ζουσιν
1187 248 1336 281 ἐπιδεῖξαι·
1362 248 1410 274 καὶ
1427 246 1543 281 πέμψας
1554 246 1633 280 ἥκειν
1653 243 1739 278 αὐτὴν
1762 243 1876 270 ἐκέλευε

1078 296 1155 330 παρὰ
1170 296 1204 322 τὸ
1220 295 1385 331 συμπόσιον.
1403 294 1436 321 'H
1453 294 1481 320 δέ
1494 293 1545 319 οὐκ
1561 291 1697 324 ἐπείθετο,
1715 291 1763 318 καὶ
1775 290 1879 317 πολλά-

1078 347 1122 370 κις
1135 339 1302 371 στείλαντος,
1320 338 1461 370 ἁνένδοτος
1475 335 1522 373 ῆν.
1552 336 1683 371 Ὧργίσθη
1700 335 1748 362 οὖν
1765 337 1779 363 ό
1796 336 1879 371 βασι-

1078 384 1140 416 λεὺς
1160 385 1206 411 διὰ
1239 385 1290 420 τὴν
1319 384 1475 417 ἀπείθειαν,
1491 383 1538 410 καὶ
1562 382 1703 410 κοινοῦται
1723 384 1781 414 τοῖς
1805 383 1878 409 ἑπτὰ

1077 431 1133 457 τῶν
1143 431 1257 466 Περσῶν
1272 431 1436 466 συμϐούλοις
1446 430 1497 465 τῆς
1506 429 1638 464 γυναικὸς
1651 429 1700 465 τὴν
1717 430 1876 456 ἀπείθειαν»

1080 478 1112 504 Οἱ
1124 477 1145 503 δ’
1160 477 1289 504 ἐκϐαλεῖν
1301 477 1388 512 αὐτὴν
1414 477 1471 503 δεῖν
1486 476 1609 510 ἔκριναν.
1627 477 1681 502 Καὶ
1696 476 1712 511 ἡ
1733 476 1784 510 μὲν
1798 476 1880 502 ἐκϐέ-

1080 523 1164 559 ϐλητο
1176 532 1183 539 ·
1198 526 1212 551 ὁ
1225 524 1247 550 δ’
1263 523 1373 559 ἤχθετο,
1394 523 1463 558 πρὸς
1480 523 1565 558 αὐτὴν
1581 522 1724 557 ἐρωτικῶς
1734 522 1880 557 διακείμε-

1081 579 1135 602 νος.
1149 570 1230 597 Οὓτω
1240 570 1262 596 δ’
1277 570 1367 604 ἔχοντι
1381 569 1577 596 συνεϐούλευον
1592 569 1616 595 οἱ
1627 569 1711 602 φίλοι,
1725 568 1880 602 παρθένους

1078 616 1231 650 ἐὐπρεπεῖς
1248 615 1420 650 πανταχόθεν
1436 615 1613 648 συναγαγεῖν,
1631 615 1679 640 καὶ
1691 615 1740 648 τὴν
1757 621 1880 649 προκρι-

1082 663 1176 690 θεῖσαν
1193 663 1266 695 Ξξειν
1276 664 1405 697 γυναῖκα.
1422 662 1551 689 Πείθεται
1566 664 1599 697 τῇ
1618 662 1759 697 συμϐουλῇ
1775 661 1878 697 ταύτῃ

1082 710 1130 737 καὶ
1146 711 1253 737 πολλῶν
1272 710 1418 746 παρθένων
1437 710 1647 746 ἁθροισθεισῶν,
1665 709 1764 745 εὑρέθη
1780 710 1809 735 ἐν
1824 710 1880 736 Βα-

1083 757 1184 783 ϐυλῶνι
1210 757 1278 793 κόρη
1299 766 1350 791 τις,
1375 757 1492 784 Ἰουδαία
1508 756 1538 783 τὸ
1554 756 1645 790 γένος,
1670 756 1702 782 ἐκ
1723 756 1810 790 φυλῆς
1828 756 1880 790 τῆς

1084 804 1283 839 Βενιαμίτιδος,
1295 804 1402 839 ὀρφανὴ
1415 804 1463 830 καὶ
1480 803 1583 838 ἀμφοῖν
1597 802 1651 829 τῶν
1668 802 1782 836 γονέων,
1800 804 1880 837 παρά

1081 851 1119 884 τῷ
1136 851 1201 885 θείῳ
1225 851 1391 886 Μαρδοχαίῳ
1403 851 1572 885 τρεφομένη,
1589 850 1645 876 τῶν
1659 849 1776 884 πρώτων
1801 849 1879 883 παρὰ

1081 899 1139 929 τοῖς
1150 898 1291 929 Ἰουδαίοις
1301 907 1308 913 ·
1324 896 1426 931 Ἐσθὴρ
1436 894 1470 931 ἦν
1481 897 1514 931 τῇ
1524 896 1594 930 κόρῃ
1607 895 1637 922 τὸ
1652 896 1751 930 δνομα.
1768 895 1881 927 Ἡσθεὶς

1081 942 1129 971 οὖν
1143 944 1231 980 ταύτῃ
1255 943 1269 969 ὁ
1285 943 1426 978 βασιλεὺς,
1441 943 1481 974 είς
1497 944 1616 975 γυναῖκα
1626 942 1731 976 ταύτην
1746 942 1881 976 ἠγάγετο,

1082 990 1130 1015 καὶ
1144 989 1319 1023 περιτίθησιν
1336 989 1406 1022 αὐτῇ
1422 987 1452 1014 τὸ
1468 987 1601 1022 διάδημα,
1619 988 1667 1013 καὶ
1680 989 1694 1014 ὁ
1709 987 1780 1019 θεῖος
1793 988 1882 1022 αὐτῆς

1083 1037 1115 1062 ἐκ
1132 1035 1295 1066 Βαϐυλῶνος
1324 1036 1366 1066 εἰς
1384 1035 1472 1060 Σοῦσα
1492 1035 1648 1070 μετῴκησε,
1665 1036 1730 1068 περὶ
1757 1034 1791 1060 τὰ
1804 1034 1883 1069 βασί·

1083 1082 1143 1108 λεια
1155 1080 1315 1115 διατρίϐων,
1330 1080 1378 1107 καὶ
1394 1081 1459 1115 περὶ
1474 1080 1525 1114 τῆς
1541 1079 1687 1114 ἀδελφιδῆς
1708 1079 1883 1112 πυνθανόμε-

1084 1136 1139 1159 νος.
1157 1126 1228 1154 Οὔτε
1259 1127 1314 1162 γὰρ
1336 1126 1429 1161 ἐκείνη
1459 1126 1540 1161 δῆλον
1565 1125 1597 1152 τὸ
1620 1125 1710 1157 ἔθνος,
1736 1125 1767 1157 ἐξ
1793 1122 1883 1159 οὗπερ

1084 1173 1245 1208 ἐτύγχανεν,
1261 1172 1350 1204 ἐθετο,
1365 1171 1428 1198 οὕτε
1442 1173 1455 1198 ὁ
1468 1171 1641 1206 Μαρδοχαῖος
1654 1171 1704 1205 τὴν
1718 1170 1785 1204 πρὸς
1796 1170 1884 1205 αὐτὴν

1084 1219 1222 1254 ὡμολόγει
1252 1219 1427 1252 συγγένειαν.
1456 1217 1553 1244 Ἕθετο
1568 1218 1596 1243 δὲ
1608 1217 1692 1251 νόμον
1710 1217 1723 1243 ό
1741 1216 1884 1251 βασιλεὺς,

1084 1265 1156 1292 ὥστε
1171 1265 1274 1300 μηδένα
1298 1265 1323 1291 οἱ
1340 1263 1387 1290 ἐπὶ
1402 1262 1449 1290 τοῦ
1475 1263 1573 1298 θρόνου
1601 1262 1750 1298 καθημένῳ
1763 1263 1885 1296 ἄκλητον

1085 1312 1238 1347 προσιέναι,
1251 1311 1267 1346 ἢ
1282 1310 1414 1345 θνήσκειν
1435 1310 1482 1336 τὸν
1500 1308 1572 1335 οὕτω
1589 1309 1739 1344 προσιόντα
1751 1308 1804 1335 ὑπὸ
1828 1308 1886 1334 τᾶν

1086 1358 1162 1392 σύτῷ
1177 1357 1388 1393 περισταμένων
1405 1356 1614 1390 πελεκυφόρων,
1636 1356 1660 1381 εί
1678 1355 1716 1390 μὴ
1733 1356 1838 1386 ἐκεῖνος
1854 1355 1886 1381 ὂν

1086 1406 1116 1431 ἐν
1131 1405 1211 1440 χερσὶ
1226 1404 1338 1438 κατεῖχε
1351 1402 1435 1437 λύγον
1447 1402 1568 1435 ἐξέτεινε
1586 1401 1655 1437 πρὸς
1673 1402 1771 1428 αὐτόν·
1799 1403 1813 1428 ὁ
1829 1402 1886 1436 γὰρ

1086 1451 1134 1478 τοῦ
1148 1451 1231 1485 λύγου
1248 1450 1415 1484 ἁπτόμενος,
1433 1449 1578 1480 ἀκίνδυνος
1590 1446 1635 1484 ἦν.
1652 1448 1887 1474 Ἐπιϐουλευσάν-

1087 1507 1142 1524 των
1160 1498 1189 1524 δὲ
1203 1497 1242 1532 τῷ
1259 1496 1365 1531 βασιλεῖ
1379 1494 1551 1531 ’Δρταξέρξῃ
1563 1495 1618 1521 δύω
1635 1495 1772 1529 εὐνούχων
1788 1494 1885 1527 αὑτοῦ,

1089 1543 1270 1577 Βαρνάϐαζος
1286 1542 1398 1578 οἰκέτης
1412 1542 1460 1568 τοῦ
1473 1542 1579 1577 ἐτέρου,
1603 1541 1635 1568 τὸ
1655 1541 1734 1575 γένος
1760 1540 1798 1567 ὢν
1817 1541 1887 1567 Ἰου-

1089 1591 1175 1622 δαῖος,
1191 1591 1284 1621 συνεὶς
1298 1590 1347 1625 τὴν
1372 1588 1533 1623 ἐπιϐουλὴν,
1549 1588 1590 1623 τῷ
1605 1587 1773 1623 Μαρδοχαίῳ
1791 1588 1887 1622 ἀπήγ-

1089 1637 1177 1672 γειλε,
1190 1637 1239 1663 καὶ
1259 1636 1289 1668 ὃς
1314 1636 1360 1662 διὰ
1372 1636 1422 1670 τῆς
1444 1635 1546 1669 Ἐσθὴρ
1560 1634 1599 1669 τῷ
1615 1634 1723 1669 βασιλεῖ
1744 1636 1808 1665 τοὺς
1821 1635 1886 1660 ἐπι-

1090 1683 1203 1714 ϐούλους
1231 1682 1378 1717 ἐμήνυσεν.
1402 1682 1431 1708 '0
1450 1681 1478 1707 δέ
1494 1681 1557 1712 τοὺς
1586 1681 1636 1715 μὲν
1665 1681 1809 1715 εὐνούχους
1823 1681 1887 1707 ἀνε-

1091 1729 1246 1765 σταύρωσε,
1275 1728 1322 1755 τοῦ
1348 1727 1376 1754 δὲ
1390 1727 1564 1762 Μαρδοχαίου
1577 1726 1607 1753 τὺ
1627 1727 1715 1761 δνομα
1740 1726 1887 1753 ἐκέλευσεν

1090 1775 1264 1811 ἐγγραφῆναι
1293 1774 1350 1805 τοῖς
1365 1774 1559 1809 ὑπομνήμασι,
1576 1773 1623 1799 καὶ
1646 1772 1812 1808 προσμένειν
1828 1774 1888 1804 τοῖς

1092 1822 1241 1858 βασιλείοις
1266 1820 1359 1848 αὐτόν.
1383 1820 1470 1855 Ἀμὰν
1487 1820 1516 1847 δέ
1546 1820 1623 1853 φίλον
1640 1820 1703 1847 ὄντα
1725 1819 1764 1854 τῷ
1780 1819 1887 1855 βασιλεῖ

1093 1870 1122 1902 ἐς
1136 1869 1171 1895 τὰ
1186 1868 1307 1903 μάλιστα
1320 1867 1439 1898 ἅπαντες
1454 1866 1653 1901 προσεκύνουν.
1669 1864 1844 1900 Μαρδοχαίου
1856 1864 1887 1890 δὲ

1093 1916 1131 1952 μὴ
1144 1914 1362 1951 προσκυνοῦντος
1389 1913 1434 1940 διὰ
1461 1913 1507 1939 τὸν
1525 1914 1607 1947 νόμον
1621 1913 1714 1943 αὐτὸν,
1738 1912 1835 1947 μαθὼν
1847 1911 1888 1942 ὡς

1097 1963 1227 1993 Ἰουδαῖός
1242 1962 1327 1993 ἐστιν,
1348 1961 1524 1995 ἠγανάκτησε
1546 1961 1592 1986 καὶ
1608 1958 1685 1986 εἶπεν
1708 1958 1794 1993 αὐτῷ,
1807 1958 1844 1989 ὡς
1860 1958 1887 1984 οι

1093 2009 1143 2044 μὲν
1160 2008 1299 2043 ἐλεύθεροι
1315 2008 1419 2042 Πέρσαι
1432 2006 1634 2042 προσκυνοῦσιν
1649 2005 1740 2036 αὑτὸν,
1754 2005 1767 2031 ὁ
1783 2005 1811 2031 δέ
1825 2004 1890 2030 δοῦ-

1091 2056 1136 2087 λος
1146 2055 1195 2088 ὢν,
1218 2055 1331 2087 ἀπαξιοῖ
1357 2053 1438 2080 τοῦτο
1467 2055 1565 2080 ποιεῖν.
1600 2052 1760 2087 Προσελθὼν
1783 2051 1830 2078 οὖν
1846 2051 1889 2085 τῷ

1094 2101 1201 2137 βασιλεῖ
1220 2101 1371 2135 κατηγόρει
1393 2099 1440 2126 τοῦ
1456 2099 1550 2130 ἔθνους
1571 2099 1681 2132 παντὸς,
1696 2099 1743 2125 καὶ
1760 2097 1819 2133 ᾔτει
1838 2106 1890 2124 κε-

1092 2149 1186 2175 λεῦσαι
1204 2148 1354 2183 πρόρριζον
1371 2147 1521 2173 ἀπολέσθαι
1542 2146 1619 2178 αὐτὸ,
1635 2148 1682 2172 καὶ
1699 2146 1736 2181 μή
1754 2154 1780 2171 τι
1792 2145 1890 2180 λείψα-

250 2193 354 2221 Judaeis
384 2191 543 2227 parabatur.
565 2190 639 2217 Idem
663 2189 741 2217 Susis
767 2190 850 2216 etiam
873 2188 1036 2224 agitabatur.

1094 2203 1139 2221 νον
1151 2180 1235 2220 αὐτού
1247 2180 1421 2219 καταλιπεῖν.
1437 2193 1495 2219 Ὶνα
1512 2193 1563 2227 μέν
1578 2201 1619 2218 τοι
1633 2180 1811 2227 μὴ’ζημιωθῇ
1822 2191 1891 2222 τοὺς

252 2238 442 2266 Μαι-ὐοοιιωυε
459 2241 563 2268 autem,
583 2243 646 2263 cum
662 2235 730 2271 quid
749 2240 841 2263 actum
854 2239 928 2263 esset
941 2242 1029 2270 cogno

253 2284 350 2316 visset,
366 2289 476 2310 saccum
496 2281 622 2315 indutus,
638 2286 665 2309 et
680 2282 794 2316 pulvere
808 2282 920 2316 oppleto
941 2281 1042 2316 capite,

254 2330 409 2360 clamitans,
428 2332 537 2363 gentem
557 2327 727 2362 immeritam
746 2327 844 2360 deleri,
859 2332 924 2355 ante
940 2328 1042 2363 regiam

254 2376 372 2403 astabat.
391 2374 487 2409 Neque
502 2373 577 2401 enim
595 2381 629 2401 eo
647 2374 744 2401 habitu
760 2373 866 2409 ingredi
880 2373 979 2401 decere
997 2382 1043 2401 ar-

253 2422 419 2451 bitrabatur.
437 2420 516 2454 Quod
534 2427 597 2447 cum
617 2420 650 2447 ad
673 2420 795 2456 reginam
815 2420 960 2448 Estheram
977 2428 1043 2455 per-

252 2470 338 2498 latum
356 2472 440 2501 esset,
462 2467 548 2495 misso
569 2466 708 2499 eunucho,
723 2474 834 2494 causam
849 2467 941 2494 luctus
960 2474 994 2494 ex
1010 2474 1044 2493 eo

254 2516 363 2550 quaerit.
379 2515 428 2544 Ille
443 2514 511 2550 quid
526 2514 683 2545 accidisset.
702 2513 832 2541 eunucho
849 2517 954 2546 narrat,
974 2514 1043 2548 petit

257 2566 287 2587 ut
302 2561 347 2588 illa
362 2561 434 2595 apud
450 2567 542 2596 regem
559 2567 611 2595 pro
627 2559 730 2594 populo
746 2558 911 2586 intercedat.
926 2558 976 2586 Cui
994 2558 1043 2586 Es-

256 2607 334 2633 thera
358 2606 477 2634 vicissim
502 2606 622 2638 nuntiat,
641 2605 732 2633 vereri
756 2612 795 2638 se,
818 2605 842 2632 si
863 2605 990 2632 invocata
1010 2604 1044 2631 ad

256 2660 348 2688 regem
362 2653 522 2686 accesserit,
540 2660 575 2680 ne
590 2652 742 2681 occidatur.
758 2651 916 2686 Respondet
933 2650 1042 2678 Mardo-

255 2698 360 2731 chatus,
379 2705 436 2724 non
451 2697 490 2724 illi
504 2697 649 2731 privatam,
671 2695 719 2724 sed
735 2696 826 2731 gentis
840 2695 979 2730 publicam
1002 2702 1045 2721 sa-

256 2744 341 2772 lutem
356 2750 418 2771 esse
434 2742 634 2778 spectandam:
651 2742 679 2770 id
703 2743 756 2770 nisi
781 2742 890 2774 iecerit,
910 2742 1042 2777 populum

257 2789 354 2825 utique
370 2789 505 2817 divinitus
520 2788 554 2816 iri
568 2793 774 2822 conservatum,
794 2788 881 2823 ipsam
899 2796 966 2815 vero
981 2796 1044 2815 cum

257 2841 372 2872 paterna
396 2836 479 2865 domo
503 2835 691 2863 interituram.
719 2835 837 2863 Proinde
863 2835 957 2870 regina
980 2841 1044 2862 eum

1095 2239 1196 2275 φόρους
1215 2238 1317 2270 αὐτῶν,
1333 2237 1416 2268 αὐτὸς
1434 2236 1619 2271 ἐπηγγείλατο
1636 2235 1733 2262 δώσειν
1752 2234 1890 2270 μυριάδας

1095 2284 1229 2320 ἀργυρίου
1243 2284 1391 2319 τέσσαρας.
1411 2282 1442 2310 Ὀ
1458 2282 1508 2318 μὲν
1527 2282 1573 2309 οὖν
1607 2282 1694 2317 Ἀμὰν
1710 2281 1770 2317 ᾔτει
1784 2281 1889 2308 ταῦτα.

1100 2332 1131 2358 '0
1143 2331 1171 2358 δέ
1183 2330 1310 2365 βασιλεὺς
1322 2330 1370 2356 καὶ
1382 2329 1413 2356 τὺ
1431 2329 1565 2364 ἀργύριον
1588 2328 1663 2363 αὑτῷ
1677 2328 1822 2363 χαρίζεται
1840 2327 1891 2353 καὶ

1094 2378 1158 2408 τοὺς
1171 2376 1344 2412 ἀνθρώπους,
1359 2375 1430 2402 ὥστε
1445 2375 1565 2410 χρῆσθαι
1579 2374 1685 2405 τούτοις
1695 2374 1733 2405 ὡς
1749 2374 1889 2409 βούλεται.

1095 2423 1201 2449 Λύτίκα
1211 2420 1257 2449 οὗν
1274 2421 1413 2456 διάταγμα
1429 2420 1506 2454 παρὰ
1526 2420 1573 2446 τοῦ
1595 2419 1680 2454 Ἀμὰν
1698 2418 1828 2453 ἐπέμφθη
1850 2420 1892 2450 εἰς

1095 2469 1186 2496 πάντα
1196 2468 1230 2495 τὰ
1247 2468 1322 2502 ἔθνη,
1339 2468 1377 2498 ὼς
1387 2469 1420 2494 ἐκ
1430 2466 1475 2494 τοῦ
1495 2467 1638 2502 βασιλέως.
1649 2465 1777 2500 περιέχον
1789 2465 1889 2493 ταῦτα·

1097 2516 1171 2548 Τοὺς
1187 2513 1394 2549 δηλουμένους
1421 2514 1482 2542 ὑπὸ
1509 2513 1563 2541 τοῦ
1581 2513 1724 2547 δευτέρου
1749 2521 1809 2547 μου
1832 2521 1891 2539 πα-

1094 2561 1162 2594 τρὸς
1182 2561 1279 2595 Ἀμὰν,
1304 2561 1416 2587 κελεύω
1439 2560 1554 2593 πάντας
1571 2560 1631 2587 σὺν
1647 2560 1763 2594 γυναιξί
1780 2559 1830 2585 καὶ
1844 2558 1891 2584 τέ-

1096 2614 1179 2638 κνοις
1202 2605 1380 2638 ἀπολέσθαι,
1405 2607 1454 2632 καὶ
1482 2606 1570 2632 τοῦτο
1585 2605 1723 2640 γενέσθαι
1736 2605 1890 2638 βούλομαι

1096 2651 1134 2686 τῇ
1149 2652 1271 2686 τετάρτῃ
1282 2652 1331 2679 καὶ
1347 2652 1457 2686 δεκάτῃ
1475 2652 1529 2679 τοῦ
1541 2651 1711 2678 δωδεκάτου
1722 2651 1821 2685 μηνὸς
1833 2650 1889 2677 τοῦ

1095 2697 1261 2730 ἐνεστῶτος
1285 2698 1382 2731 ἔτους.
1399 2698 1501 2725 Τούτου
1527 2697 1707 2733 κομισθέντος
1732 2697 1778 2722 τοῦ
1798 2697 1891 2730 γράμ-

1101 2751 1186 2777 ματος
1208 2744 1248 2774 εἰς
1271 2744 1321 2775 τὰς
1347 2743 1440 2775 πόλεις
1471 2744 1518 2770 καὶ
1533 2744 1582 2775 τὰς
1608 2743 1712 2778 χώρας,
1726 2742 1808 2778 ἡτῶν
1822 2742 1890 2768 Ἰου-

1098 2788 1181 2815 δαίων
1196 2789 1319 2816 ἀπώλεια
1336 2789 1510 2825 ήτοιμάζετο.
1536 2787 1617 2823 Εἶχον
1638 2788 1667 2815 δὲ
1682 2788 1730 2814 καὶ
1749 2789 1772 2814 οἱ
1789 2789 1817 2814 ὲν
1832 2788 1889 2818 τοῖς

1097 2834 1208 2867 Σούσοις
1226 2836 1335 2871 ὁμοίως.
1369 2836 1398 2862 ὐ
1410 2836 1438 2862 δὲ
1458 2835 1632 2871 Μαρδοχαῖος
1651 2834 1745 2870 μαθὼν
1760 2834 1791 2861 τὸ
1814 2833 1889 2868 γενό-
