2041 3147
243 127 296 160 347
880 127 1045 159 JOANNIS

1100 128 1229 159 lNAR/E
1601 150 1605 153 -
1826 127 1890 159 358

244 185 353 220 μητέρα
370 183 518 220 βασιλικῶς
543 184 750 218 κεκοσμημένον
767 183 924 211 ἀπέστειλε.
942 185 993 211 Τὸν
1009 185 1038 210 δὲ
1053 184 1169 218 Βῆσσον,
1183 184 1212 216 δς
1248 184 1352 210 ἐκεῖνον
1376 184 1476 216 ἀνεῖλε,
1496 183 1716 218 διεσφενδόνησε,
1736 183 1798 210 δυσὶ
1829 183 1884 218 βίᾳ

241 231 360 258 κλιθεῖσι
383 231 502 266 δένδροις
523 230 749 266 προσαρτηθῆναι
779 230 911 262 κελεύσας
940 231 1031 263 αὐτὸν,
1048 229 1107 257 εἶτα
1124 230 1247 266 μεθεῖναι
1279 230 1313 257 τὰ
1327 230 1435 265 δένδρα,
1451 230 1499 256 καὶ
1511 230 1583 256 οὕτω
1596 229 1802 264 διασπασθῆναι
1835 230 1889 255 τὸν

243 277 399 313 ἄνθρωπον,
418 277 533 303 ἑκάστου
548 276 603 303 τῶν
616 276 734 312 δένδρων
752 277 822 311 μετὰ
847 277 1028 312 σφοδρότητος
1045 277 1085 308 είς
1118 277 1167 312 τὴν
1184 277 1254 303 κατὰ
1273 277 1355 310 φύσιν
1375 276 1538 311 ὡρμηκότος
1552 276 1695 303 ἀνάτασιν.
1725 277 1773 308 Et;
1816 276 1889 311 ’Υρ-

243 322 341 350 κανίαν
356 322 383 348 δὲ
397 322 486 349 ἀπιὼν
504 323 569 357 περὶ
592 323 622 348 τὸ
643 323 790 358 Ὑρκάνιον
805 323 935 358 πέλαγος,
952 323 966 350 ὂ
988 324 1034 350 καὶ
1053 324 1176 350 Κάσπιον
1206 323 1328 357 λέγεται,
1346 322 1492 358 βαρϐαρων
1509 323 1592 349 τινῶν
1614 322 1661 349 τὸν
1685 322 1768 349 ἵππον
1798 321 1890 349 αὐτοῦ

244 369 291 395 τὸν
318 368 497 402 Βουκεφάλαν
525 369 725 404 ἀφελομένων,
755 369 961 405 έϐαρυθύμησε,
991 370 1039 396 καὶ
1055 369 1168 404 πέμψας
1197 369 1331 404 ἠπείλησε
1349 369 1454 400 πάντας
1469 368 1643 400 ἀποκτενεῖν,
1659 369 1683 395 εί
1714 369 1751 404 μὴ
1766 369 1812 395 τὸν
1838 368 1890 394 ἴπ-

243 424 296 443 πον
310 415 384 449 αὐτῷ
410 415 602 450 ἀναπέμψειαν
616 425 622 431 ·
648 417 672 443 οἱ
688 417 716 443 δὲ
741 419 788 444 καὶ
806 418 852 444 τὸν
869 418 962 449 ἵππον,
989 418 1035 444 καὶ
1053 418 1167 449 ἑαυτοὺς
1186 417 1262 452 αὐτῷ
1278 418 1458 452 ἐνεχείρισαν.

280 460 338 488 XII.
355 461 420 488 Inde
434 461 461 488 in
480 461 637 489 Parthicam
653 468 695 491 est
708 464 858 498 profectus,
872 463 917 490 ubi
930 464 1039 498 primun
1057 467 1078 494 Α

245 506 417 533 barbaricam
437 513 540 535 vestem
560 508 670 540 induit,
693 509 796 536 Medica
817 510 907 537 minus
931 518 1035 544 supcr-

247 554 328 585 bam,
354 554 462 582 Persica
488 555 718 587 insolentiorcm,
747 557 821 591 quod
848 558 1036 592 spectaculum

247 607 381 634 arrogans
395 601 484 628 visunt
496 606 538 629 est
549 602 758 630 Macedonibus.
779 603 798 630 E
814 604 931 638 captivis
945 604 1038 631 tricies

247 646 322 673 tnille
341 655 441 681 pueros
453 648 576 676 delectos
586 670 593 680 ,
606 655 634 676 et
646 649 748 677 Graecis
763 649 864 677 litteris
874 650 995 682 erudiri,
1012 655 1039 678 et

247 695 302 721 ritu
328 694 507 722 Macedonum
535 695 635 722 armari
655 696 748 731 jussit.
775 696 895 724 Roxanae
913 696 1040 724 formosa:

249 740 376 767 mulieris
402 741 544 769 amoribus
560 747 675 768 eatenus
692 742 824 774 indulsit,
845 747 876 769 ut
895 750 956 769 eam
973 742 1042 777 legi-

249 786 318 812 timo
335 786 386 813 sibi
401 787 578 815 matrimonio
591 788 732 824 jungeret.
753 788 793 815 Ex
810 788 907 815 amicis
922 787 1040 823 Hephae-

251 832 369 858 stionem
381 851 389 864 ,
406 832 453 867 qui
469 833 600 860 vestitum
623 834 683 868 ejus
702 833 849 865 laudabat,
867 834 1040 867 similemque

251 881 357 903 vestem
369 882 397 904 et
414 877 471 912 ipse
485 878 624 910 induerat,
639 879 787 906 Alexandri
805 883 958 910 amantem;
976 878 1043 907 Cra-

251 927 340 950 terum
358 931 441 956 vero,
456 925 529 958 quia
543 925 640 960 patriis
658 926 793 952 institutis
808 933 861 952 non
878 925 1023 953 recedebat
1035 945 1042 958 ,

251 970 324 1004 regis
340 973 477 997 amantem
502 971 677 1006 appellabat:
695 972 796 1006 illoque
817 973 889 1007 apud
909 972 1044 999 barbaros

253 1015 399 1046 utebatur,
423 1024 472 1050 per
496 1016 640 1043 Craterum
673 1016 870 1045 Macedonibus
889 1021 918 1044 et
941 1016 1044 1044 Grzecis

252 1061 448 1095 respondebat.
471 1061 607 1089 Philotam
627 1061 818 1090 Parmenionis
834 1062 932 1091 filium.
951 1070 1044 1090 rerum

252 1111 389 1141 gestarum
397 1107 513 1142 gloriam
520 1108 572 1134 sibi
584 1113 611 1135 et
620 1109 689 1143 patri
701 1109 896 1138 vindicantem,
905 1109 1046 1136 etAlexan-

253 1152 334 1178 drum
345 1152 550 1180 adolescentem
561 1154 758 1189 appellantem,
769 1155 950 1190 deprehensis
961 1156 1045 1183 etiam

253 1197 376 1231 insidiis,
389 1200 512 1227 sustulit.
526 1201 633 1227 l‘atrem
645 1209 754 1235 quoque
766 1201 826 1236 ejus
837 1201 1047 1229 Parmenionem

253 1244 283 1271 in
300 1244 388 1272 Media
402 1245 586 1273 occidendum
599 1247 718 1274 curarit.
735 1247 767 1274 Et
788 1248 907 1274 amicum
922 1247 1025 1275 Clitum
1038 1267 1045 1280 ,

255 1298 318 1317 cum
336 1292 363 1318 in
379 1292 508 1319 convivio
527 1297 655 1328 poemata
667 1295 694 1321 in
706 1293 792 1321 duces
802 1294 936 1329 quosdam
949 1302 1046 1322 recens

254 1337 345 1365 victos
359 1345 372 1364 a
389 1338 517 1366 barbaris
538 1339 608 1367 facta
625 1346 809 1372 canerentur,
825 1348 912 1376 caque
927 1341 1045 1368 Alexan-

254 1383 305 1411 der
334 1385 453 1412 libenter
475 1386 598 1419 audiret,
625 1395 680 1422 pra:
694 1387 843 1415 insolentia
863 1392 891 1415 et
912 1387 1048 1416 ebrietate

253 1431 437 1468 refragantem
453 1437 480 1460 et
498 1434 687 1469 indignantem
707 1439 733 1460 et.
755 1434 920 1469 gloriantem
937 1454 943 1463 .
961 1433 1047 1460 male-

256 1478 386 1513 dictaque
407 1480 596 1514 ingerentem,
624 1481 744 1514 primum
767 1480 839 1506 malo
871 1479 962 1514 petiit.
995 1478 1049 1506 Sed

255 1531 318 1551 cum
336 1533 369 1552 ne
382 1526 421 1552 sic
433 1526 545 1560 quidem
561 1525 738 1560 impudentia:
747 1530 775 1552 et
787 1524 910 1552 audacia:
922 1533 977 1552 sua:
994 1532 1053 1551 mo-

258 1570 325 1596 dum
335 1570 380 1598 ille
391 1575 526 1603 slatttens,
539 1571 809 1605 Euripidisiambum
827 1579 835 1597 :

1129 463 1179 492 IB'.
1207 463 1348 490 Ἐντεῦθεν
1373 464 1414 494 εἰς
1430 463 1479 496 τὴν
1509 463 1650 498 Παρθικὴν
1674 463 1891 498 ἀναζεύγνυσιν,

1089 511 1153 537 ἔνθα
1169 510 1276 545 πρῶτον
1293 509 1465 545 βαρϐαρικὴν
1481 509 1577 543 στολὴν
1597 510 1753 543 ἐνεδύσατο,
1772 512 1820 538 καὶ
1836 512 1890 546 τῆς

1090 557 1140 592 μὲν
1158 556 1285 591 Μηδικῆς
1296 557 1481 591 ἀτυφοτέραν,
1497 556 1546 590 τῆς
1564 557 1592 582 δὲ
1606 557 1745 591 Περσικῆς
1760 558 1892 593 σοϐαρω-

1089 603 1181 638 τέραν.
1197 602 1304 629 Ἐδόκει
1316 603 1344 629 δὲ
1359 605 1415 634 τοῖς
1428 603 1568 629 Μακεδόσι
1583 603 1615 629 τὸ
1629 603 1719 638 θέαμα
1743 605 1890 639 φορτικόν.

1095 648 1307 683 Ἐπιλεξάμενος
1336 649 1364 676 δὲ
1388 649 1570 685 τρισμυρίους
1585 651 1685 682 παῖδας
1715 650 1768 677 τῶν
1783 652 1891 685 αἰχμα-

1089 695 1194 727 λώτων,
1212 695 1338 722 ἐκέλευσε
1359 697 1513 731 γράμματα
1541 698 1613 730 σφᾶς
1642 697 1790 732 Ἐλληνικὰ
1814 697 1893 723 έκῗι-

1091 742 1249 773 δάσκεσθαι,
1280 742 1328 768 καὶ
1354 742 1426 768 κατὰ
1454 743 1614 774 Μακεδόνας
1640 743 1815 774 ὁπλίζεσθαι.
1831 743 1892 777 Τῆς

1096 785 1234 821 Ῥωξάνης
1249 786 1278 812 δὲ
1303 786 1409 821 ὡραίας
1432 787 1561 822 ἐρασθεὶς
1579 787 1720 822 γυναικὸς,
1736 788 1787 814 οὐκ
1800 787 1891 818 ἄλλως

1092 832 1160 867 αὐτῇ
1177 832 1356 868 προσῆλθενῆ
1371 835 1441 860 κατὰ
1456 833 1550 868 νόμον.
1572 833 1635 860 Τῶν
1654 834 1682 860 δὲ
1698 834 1785 868 φίλων
1801 833 1891 860 αὐτοῦ

1092 877 1139 904 τὸν
1153 877 1202 912 μὲν
1224 877 1413 912 Ἡφαιστίωνα
1434 878 1600 905 ἐπαινοῦντα
1614 879 1664 915 τὴν
1681 879 1779 914 στολὴν
1793 879 1827 914 ἢν
1844 880 1892 905 ἐν-

1094 923 1150 956 έδυ,
1166 923 1213 950 καὶ
1229 924 1332 958 ὁμοίως
1348 923 1423 959 αὑτῷ
1436 925 1708 959 μεταμφιασάμενον,
1722 923 1890 956 Φιλαλέξαν-

1094 970 1156 1005 δρον
1173 970 1277 1001 ἐκάλει,
1293 970 1339 996 τὸν
1354 970 1498 1006 Κρατερδν
1510 971 1539 997 δὲ
1555 971 1592 1006 μὴ
1607 971 1774 1006 παρεξιόντα
1784 970 1821 997 τὰ
1835 971 1893 997 πά-

1094 1024 1170 1050 τρια,
1185 1015 1365 1041 Φιλοὸασιλέα
1375 1023 1381 1030 ·
1399 1015 1446 1041 καὶ
1461 1015 1491 1041 τὺ
1507 1015 1556 1049 μὲν
1570 1015 1637 1050 πρὸς
1648 1017 1712 1046 τοὺς
1732 1015 1893 1050 βαρϐάρους

1096 1062 1242 1097 ἐκέχρητο,
1265 1061 1308 1088 διὰ
1330 1061 1358 1088 δὲ
1373 1061 1420 1088 τοῖ’)
1447 1062 1591 1096 Κρατεροῦ
1608 1063 1663 1092 τοῖς
1682 1061 1822 1088 Μακεδόσι
1843 1063 1893 1088 καὶ

1096 1109 1153 1138 τοῖς
1168 1107 1300 1140 Ἕλλησιν
1315 1107 1494 1142 ἐχρημάτιζε.
1505 1107 1628 1133 Φιλώταν
1639 1107 1667 1133 δὲ
1684 1107 1729 1133 τὸν
1743 1109 1800 1133 υίον
1816 1107 1894 1141 Παρ-

1099 1154 1230 1188 μενίωνος
1248 1153 1486 1188 μεγαλιαυχοὺντα,
1504 1153 1542 1184 ὡς
1572 1155 1638 1189 παρ’
1663 1154 1747 1180 αὑτοῦ
1777 1154 1825 1180 καὶ
1842 1153 1892 1179 τοῦ

1098 1197 1203 1233 πατρος
1227 1197 1311 1224 αὑτοῦ
1337 1198 1392 1225 τῶν
1422 1198 1646 1234 κατορθωμάτων
1663 1199 1827 1233 γινομένων,
1845 1199 1895 1225 καὶ

1099 1245 1242 1281 μειράκιον
1253 1245 1298 1272 τὸν
1315 1245 1490 1280 Ἀλέξανδρον
1501 1246 1681 1281 ὀνομάζοντα,
1695 1244 1755 1272 εἶτα
1771 1246 1819 1272 καὶ
1834 1247 1895 1272 ἑπι-

1097 1291 1261 1318 6ουλεύοντα
1279 1292 1370 1325 γνοὺς,
1388 1292 1488 1319 ἀνεῖλε.
1516 1292 1630 1327 Πέμψας
1658 1292 1687 1318 δὲ
1703 1292 1742 1323 είς
1773 1291 1894 1326 Μηδίαν,

1097 1338 1145 1364 καὶ
1160 1339 1205 1364 τὸν
1219 1339 1327 1373 πατέρα
1343 1337 1426 1364 αὑτοῦ
1443 1339 1515 1373 (ἐκεῖ
1530 1338 1583 1374 γὰρ
1599 1337 1642 1374 ἦν)
1662 1338 1893 1373 προσαπέκτεινε.

1099 1384 1153 1410 Καὶ
1166 1383 1212 1411 τὸν
1233 1385 1350 1411 Κλεῖτον
1374 1384 1402 1410 δὲ
1427 1384 1482 1410 τῶν
1513 1384 1631 1419 ἑταίρων
1657 1384 1706 1410 ἕνα
1724 1385 1895 1418 τυγχάνοντα

1098 1431 1174 1466 παρὰ
1184 1431 1278 1464 πότον,
1293 1430 1434 1466 ᾀδομένων
1447 1431 1611 1466 ποιημάτων
1628 1430 1668 1461 είς
1683 1439 1761 1461 τινας
1776 1438 1895 1464 στρατη-

1099 1477 1166 1511 γοὺς
1192 1477 1387 1511 πεποιημένων
1414 1477 1543 1512 ἔναγχος,
1563 1477 1730 1512 ἡττηθέντας
1749 1477 1801 1502 ὑπὸ
1825 1475 1893 1510 βαρ-

1100 1523 1205 1559 ῦάρων,
1227 1523 1333 1550 καὶτοῦ
1357 1523 1538 1559 Ἀλεξάνδρου
1557 1523 1642 1558 ἡδέως
1667 1524 1757 1550 αὐτῶν
1776 1523 1893 1549 ἀκούον-

1101 1577 1158 1600 τος,
1173 1567 1377 1603 τραχυνόμενον
1395 1569 1443 1595 καὶ
1456 1568 1665 1602 ἀγανακτοῦντα
1690 1570 1736 1595 καὶ
1753 1567 1895 1603 μεγαλαυο

258 1616 360 1651 χοῦντα
382 1617 435 1643 ὑπὸ
461 1617 605 1648 αὐθαδείας
632 1617 679 1643 καὶ
709 1617 804 1651 μέθης,
833 1617 880 1644 καὶ
896 1616 956 1643 κατ’
984 1615 1067 1643 αὑτοῦ
1085 1614 1314 1649 βλασφημοῦντα,
1347 1615 1455 1650 πρῶτον
1482 1615 1533 1651 μὲν
1558 1614 1636 1650 μήλῳ
1653 1614 1760 1642 ἔϐαλεν.
1789 1615 1852 1640 Ἔτι
1874 1609 1896 1640 δ’

258 1662 468 1697 ἁναιδευόμενόν
481 1671 510 1689 τε
526 1663 573 1690 καὶ
589 1663 802 1698 θρασυνόμενον,
820 1663 869 1690 καὶ
885 1663 919 1689 τὰ
932 1662 980 1689 τοῦ
995 1661 1143 1698 Εὐριπίδου
1160 1660 1273 1696 ἰαμϐεῖα
1287 1661 1404 1695 λέγοντα
1416 1669 1425 1677 ·

296 1731 353 1758 Heu
379 1738 459 1765 quam
480 1738 601 1765 perversa
631 1730 793 1757 consuetudo
813 1730 923 1758 Graecia:
942 1731 1004 1758 est!

259 1801 288 1824 et
309 1796 357 1831 qui
379 1801 551 1830 sequuntur.
574 1801 735 1824 recenseret
752 1806 758 1823 :
775 1797 830 1824 bile
854 1797 1051 1825 cll'errescente

261 1842 339 1869 hasta
356 1842 502 1876 trajectum
516 1841 667 1874 interfecit,
683 1843 779 1878 iraque
797 1851 859 1871 mox
875 1843 976 1878 sopita,
991 1844 1052 1879 ejus

260 1890 394 1917 facinoris
411 1889 558 1923 paenitens.
576 1889 683 1923 sibiipsi
700 1897 799 1917 manus
816 1891 967 1923 attulisset,
996 1891 1050 1918 nisi

260 1944 275 1963 a
288 1935 455 1963 satellitibus
469 1935 611 1962 cohibitus
623 1935 730 1963 fuisset.
742 1936 770 1963 In
781 1936 932 1964 thalamum
949 1937 1050 1969 illatus,

260 1989 320 2009 eam
338 1985 447 2007 noctem
459 1984 487 2007 et
502 1985 625 2008 secutam
641 1981 667 2008 in
683 1981 813 2017 lacrymis
824 1983 890 2017 egit,
906 1983 1051 2017 jacuitque

259 2025 489 2061 Cesperabundus
505 2030 533 2053 et
550 2026 664 2058 tacitus,
687 2030 793 2054 tantum
813 2028 976 2062 gravissime
1002 2036 1051 2055 ευ-

259 2074 379 2109 spirans.
393 2073 490 2108 Neque
508 2073 592 2100 ullius
603 2073 684 2100 amici
700 2074 853 2100 orationem
866 2074 1050 2107 admittebat,

260 2121 349 2147 donec
361 2119 525 2147 Aristander
540 2127 628 2154 augur
639 2127 704 2147 eum
718 2119 836 2147 visionis
847 2120 881 2147 de
893 2120 966 2148 Clito
977 2121 1053 2148 obla-

261 2170 312 2197 tze,
328 2170 356 2192 et
373 2166 408 2192 de
422 2165 563 2193 ominibus
582 2165 748 2200 quibusdam
769 2165 928 2197 admonuit,
951 2166 1053 2200 quibus

262 2211 373 2237 fatalem
395 2211 468 2238 illius
488 2211 567 2245 192
587 2219 681 2238 casum
708 2211 793 2238 fuisse
815 2211 958 2246 arguebat.
983 2212 1052 2240 Tum

264 2255 376 2282 demum
386 2255 460 2282 enim
474 2256 601 2283 minuere
614 2256 718 2283 luctum
733 2257 828 2291 coepit.
841 2257 1052 2292 lmpressiouem

265 2304 293 2331 in
307 2303 412 2329 lndiam
431 2303 567 2336 facturus,
578 2311 639 2331 cum
656 2309 803 2338 apparatos
817 2312 917 2332 currus
931 2306 1052 2338 videret,

265 2350 386 2384 primum
402 2348 477 2382 suis,
495 2348 596 2375 deinde
611 2349 763 2376 amicorum
781 2349 883 2384 injecto
898 2350 975 2385 igne,
992 2358 1055 2385 pos-

265 2399 355 2422 tremo
376 2395 460 2422 etiam
481 2396 661 2423 Macedonum
675 2417 681 2428 ,
702 2396 828 2423 comburi
849 2395 941 2432 jussit.
965 2395 995 2423 1d
1009 2396 1049 2422 fa-
1068 2391 1088 2419 Β

264 2446 339 2469 ctttm
363 2442 458 2476 paucis
486 2442 632 2469 molestum
659 2442 720 2470 fuit.
756 2442 865 2477 Reliqui
885 2450 968 2475 vero,
992 2450 1054 2469 cum

264 2487 397 2521 clamore,
413 2492 441 2516 et
456 2488 536 2523 quasi
552 2487 645 2515 alllatu
660 2488 779 2523 quodam
793 2488 916 2515 numinis
926 2487 1057 2516 concitati

264 2538 368 2565 essent.
387 2533 590 2570 profectionem
605 2533 740 2570 aggressi,
755 2534 941 2562 Alexandrum
959 2534 1053 2562 alacri

265 2581 331 2607 tatis
345 2580 380 2607 all
394 2581 592 2616 capessendam
616 2580 743 2609 militiam
764 2581 960 2616 impleverunt.
988 2581 1058 2608 Cum

267 2633 334 2653 vero
343 2627 398 2662 jam
419 2631 448 2654 et
468 2627 653 2655 formidabilis
672 2630 759 2659 esset,
783 2633 816 2654 ac
831 2626 1059 2661 delinquentibus

267 2672 462 2706 inexorabilis,
480 2674 509 2701 in
526 2675 614 2703 multa
627 2674 750 2710 pericula
775 2673 802 2700 in
825 2673 927 2708 prmliis
942 2672 1057 2706 incidit,

266 2722 296 2747 et
312 2718 430 2753 insignia
448 2720 562 2748 vulnera
579 2721 698 2756 accepit.
711 2720 828 2748 Maxima
843 2725 935 2747 tamen
949 2720 1058 2748 exerci-

268 2764 308 2792 tui
323 2764 462 2800 pernicies
473 2772 489 2792 e
505 2766 622 2800 penuria
633 2770 804 2793 commeatus
824 2769 852 2792 et
872 2765 944 2792 aeris
956 2765 1059 2792 intem-

268 2811 346 2846 perie
359 2811 499 2846 provenit.
521 2811 574 2839 Sed
597 2812 657 2847 ipse
671 2819 702 2839 ea
719 2816 781 2840 erat
794 2811 908 2839 audacia
924 2831 931 2844 ,
943 2814 973 2838 ut
989 2810 1057 2838 nihil

268 2857 338 2889 viris
350 2858 471 2887 fortibus
488 2858 626 2887 obsistere
639 2866 720 2894 posse
733 2880 740 2894 ,
759 2858 829 2887 nihil
843 2858 951 2895 ignavis
966 2862 1056 2885 tutum

1065 1719 1088 1750 C
1141 1727 1177 1754 οι
1188 1735 1240 1761 μοι
1252 1728 1317 1754 καθ’
1344 1727 1464 1754 Ἑλλάδ’
1481 1727 1521 1760 ὡς
1540 1727 1635 1761 κακῶς
1657 1729 1807 1762 νομίζεται
1817 1729 1828 1754 .'

1103 1795 1198 1823 καὶτὰ
1221 1795 1316 1828 λοιπὰ,
1343 1796 1501 1831 ὑπερζέσας
1525 1796 1603 1831 θυμῷ
1619 1797 1633 1823 ὁ
1655 1797 1898 1833 Ἀλέξανδρος,αξ-

1102 1843 1159 1877 χμῇ
1171 1841 1296 1872 διελάσας
1314 1842 1489 1869 ἀπέκτεινεν.
1501 1841 1604 1868 Αὐτίκα
1620 1843 1649 1868 δὲ
1664 1842 1709 1868 τοῦ
1728 1842 1815 1877 θυμοῦ
1831 1852 1898 1868 παι)-

1103 1887 1199 1918 θέντος
1221 1886 1434 1922 μεταμεληθεὶς,
1452 1886 1566 1921 ὥρμησε
1588 1887 1635 1913 καὶ
1653 1887 1748 1913 ἑαυτὸν
1780 1888 1896 1917 ἀνελεῖν,

1102 1932 1237 1968 ἐπεσχέθη
1268 1930 1359 1968 μέντοι
1388 1933 1463 1968 παρὰ
1482 1933 1537 1958 τῶν
1566 1933 1820 1968 σωματοφυλάκων,
1851 1936 1896 1959 καί

1103 1979 1249 2015 εἰσηνέχθη
1265 1980 1333 2015 πρὸς
1360 1979 1494 2013 θάλαμον,
1512 1979 1576 2005 ἔνθα
1593 1980 1641 2014 τὴν
1670 1980 1756 2006 νύκτα
1786 1981 1834 2006 καὶ
1847 1982 1897 2016 ei];

1104 2026 1165 2062 μετ’
1177 2027 1260 2061 αὐτὴν
1273 2027 1384 2061 ἡμέραν
1399 2026 1427 2052 ὲν
1443 2025 1553 2059 θρήνοις
1569 2025 1720 2060 διαγαγὼν,
1735 2027 1898 2062 ἀπειρηκὼς

1103 2075 1203 2107 ἔκειτο,
1219 2074 1345 2106 ἄναυδος,
1362 2073 1464 2100 στένων
1493 2074 1573 2108 μόνον
1599 2073 1751 2108 βαρύτατα.
1772 2075 1827 2100 Καὶ
1844 2074 1900 2100 τῶν

1104 2120 1190 2154 φίλων
1215 2119 1357 2146 εἰσιόντων
1383 2120 1451 2154 προς
1468 2119 1560 2152 αὑτὸν,
1576 2120 1607 2146 οὐ
1624 2120 1752 2154 προσίετο
1773 2120 1836 2152 τοὺς
1853 2120 1900 2146 λό-

1104 2175 1169 2200 γους
1189 2165 1290 2193 αὑτῶν.
1310 2165 1505 2201 Ἀριστάνδρου
1538 2165 1566 2191 δὲ
1592 2165 1638 2192 τοῦ
1668 2166 1790 2200 μάντεως
1811 2166 1900 2200 ὅψεως

1104 2213 1185 2239 αὑτὸν
1199 2213 1416 2247 ἀναμνήσαντος,
1433 2211 1468 2246 ἢν
1483 2209 1537 2237 εἶδε
1554 2212 1618 2245 περὶ
1634 2211 1681 2237 τοῦ
1698 2211 1825 2244 Κλείτου,
1855 2211 1901 2238 καί

1104 2267 1185 2285 τινων
1202 2257 1325 2293 σημείων
1341 2257 1438 2292 ἐκείνῳ
1462 2257 1631 2291 γενομένων,
1650 2257 1698 2282 καὶ
1710 2257 1842 2292 είμαρτὺν
1862 2254 1901 2283 εἷ-

1105 2313 1149 2331 ναι
1163 2304 1192 2330 τὺ
1206 2303 1354 2338 γενόμενον
1381 2302 1518 2336 λέγοντος,
1536 2302 1638 2338 ἤρξατο
1666 2302 1808 2330 ἐνδιδόναι.
1827 2303 1902 2330 Μὲλο

1106 2351 1160 2377 λων
1177 2350 1206 2376 δὲ
1220 2350 1260 2380 εἰς
1274 2349 1322 2385 τὴν
1355 2349 1471 2384 Ἰνδικὴν
1489 2349 1636 2385 ἐμϐάλλειν
1649 2370 1656 2383 ,
1675 2350 1901 2384 συνεσκευασμέ-

1104 2406 1157 2424 νων
1170 2396 1224 2423 τῶν
1237 2395 1362 2431 ἁμαξῶν,
1384 2395 1510 2431 πρώταις
1537 2397 1586 2431 μὶν
1601 2397 1661 2427 ταῖς
1680 2396 1796 2427 οἰκείαις
1822 2397 1901 2429 ἐνῆκε

1105 2443 1171 2478 πῦρ,
1191 2440 1251 2470 εἶτα
1265 2442 1312 2469 καὶ
1327 2442 1388 2473 ταῖς
1402 2442 1457 2468 τῶν
1471 2442 1568 2476 φίλων,
1587 2442 1634 2468 καὶ
1660 2442 1730 2476 μετὰ
1748 2442 1835 2468 ταῦτα
1856 2442 1902 2467 καὶ

1103 2490 1153 2520 τὰς
1166 2489 1220 2516 τῶν
1237 2489 1403 2515 Μακεδόνων
1418 2489 1598 2524 καταπρῆσαι
1614 2488 1753 2515 ἐκέλευσε.
1772 2487 1859 2514 Τοῦτο
1874 2488 1902 2514 δὲ

1105 2534 1228 2569 γεγονὸς,
1244 2533 1354 2568 ὀλίγους
1367 2533 1418 2569 μὶν
1432 2533 1571 2568 ἐλύπησεν
1582 2541 1588 2548 ·
1605 2533 1630 2559 ιιι
1643 2533 1671 2560 δὲ
1683 2533 1774 2559 λοιποὶ
1793 2533 1843 2568 βοῇ
1856 2534 1902 2559 καὶ

1108 2580 1299 2616 ἑνθουσιασμῷ
1329 2580 1398 2616 πρὸς
1425 2579 1455 2607 τὸ
1486 2579 1568 2615 ἔργον
1599 2580 1759 2615 ὡρμήκασι,
1786 2580 1832 2605 καὶ
1858 2580 1902 2605 τὶν

1114 2627 1288 2662 Ἀλέξανδρον
1306 2625 1460 2662 προθυμίας
1475 2627 1543 2661 πρὸς
1556 2627 1606 2662 τὴν
1623 2626 1771 2662 στρατείαν
1788 2626 1903 2660 ἐνέπλη-

1110 2681 1170 2701 σαν.
1189 2674 1258 2706 Ἤδη
1273 2673 1300 2699 δὲ
1316 2673 1364 2700 καὶ
1381 2673 1494 2708 φοϐερὸς
1505 2671 1550 2708 ἦν,
1568 2675 1615 2700 καὶ
1645 2673 1835 2708 ἀπαραίτητος
1856 2682 1902 2700 κο-

1106 2718 1209 2753 λαστὴς
1223 2718 1277 2744 τῶν
1292 2718 1537 2753 πλημμελούντων.
1558 2719 1655 2746 Πολλοὶ
1683 2719 1734 2754 μὲν
1761 2717 1808 2745 οὖν
1829 2719 1900 2745 κατὰ

1108 2765 1157 2796 τὰς
1172 2766 1262 2800 μάχας
1284 2765 1358 2801 αὺτῷ
1377 2765 1528 2792 συνέπεσον
1543 2766 1673 2798 κίνδυνοι,
1693 2767 1740 2792 καὶ
1765 2765 1902 2795 νεανικοῖς

1108 2811 1247 2846 ἀπήντησε
1275 2811 1427 2846 τραύμασι,
1445 2812 1501 2846 Τὴν
1518 2811 1546 2838 δὲ
1574 2811 1705 2846 πλείστην
1722 2810 1826 2846 φθορὰν
1853 2809 1902 2844 τῆς

1110 2857 1242 2893 στρατιᾶς
1272 2858 1385 2894 ἀπορίαι
1412 2858 1466 2886 τῶν
1497 2858 1656 2893 ἀναγκαίων
1672 2858 1719 2886 καὶ
1737 2855 1901 2893 δυσκρασίαι
