2041 3147
241 169 296 203 355

890 164 1051 206 JOANNIS
1071 163 1233 195 zonam

1833 159 1890 192 356

243 227 328 254 etiam
349 225 418 253 illud
432 225 502 253 fuit:
521 230 584 251 cum
598 226 689 250 vestes
707 220 882 256 deposuisset
899 224 928 248 ut
951 228 1038 256 unge-

1091 220 1198 247 ἔπεσον.
1217 219 1336 255 Ἦγγέλη
1353 217 1470 253 δἀὐτῷ,
1487 217 1524 250 ὡς
1549 218 1749 253 Ἀπολλόδωρος
1765 219 1780 245 ὁ
1798 227 1886 254 στρα-

242 275 330 305 retur,
346 275 374 299 et
386 271 440 306 pila
449 269 568 302 luderet,
579 268 783 299 adolescentes,
798 266 952 294 collusores
963 266 1034 302 ejus,

240 320 269 344 et
282 317 335 351 ipsi
349 323 440 343 vestes
464 313 588 346 exuturi,
612 313 710 340 vident
732 311 882 347 quemdam
905 310 934 338 in
962 310 1036 346 regio

241 360 311 387 solio
329 360 409 387 tacite
420 359 576 390 sedentem.
595 358 670 393 regia
685 362 761 384 veste
781 356 921 393 indutum,
937 360 965 383 et
978 356 1038 383 dia-

240 405 351 432 demate
373 409 514 432 ornatum.
535 404 666 437 Quicum
684 408 831 438 rogaretur
856 404 920 438 quis
939 402 1038 430 esset?

240 450 288 478 diu
300 450 376 478 nulla
388 458 456 478 voce
467 450 553 482 edita,
568 450 614 477 vix
627 449 737 477 tandem
755 449 910 484 respondit,
930 456 958 476 sc
971 448 1036 476 Dio-

241 497 350 532 nysium
383 496 488 528 vocari,
518 503 620 531 genere
647 496 824 526 Messeniam,
847 499 876 522 et
899 495 1037 530 captivum

241 543 390 570 adductum
403 550 465 570 esse
479 548 592 578 propter
611 543 719 577 objecta
741 542 858 569 crimina
871 550 877 568 :
891 541 939 568 sed
954 541 1038 568 Sera-

242 590 334 625 pidem
349 591 402 618 sibi
423 591 533 618 vincula
548 590 674 622 solvisse,
687 594 716 616 et
730 589 784 617 huc
802 589 966 624 perductum
978 589 1038 624 jus-

245 637 329 670 sisse,
356 641 433 664 veste
455 641 494 664 et‘
504 636 661 663 diademate
683 635 812 669 sumptis,
831 635 915 661 tacite
932 634 1037 661 sedere.

246 684 287 712 Eo
305 685 418 712 homine
434 684 590 711 Alexander
611 683 645 710 de
657 688 750 710 vatum
769 683 887 710 consilio
908 690 923 710 e
947 682 1039 709 medio

246 731 367 763 sublato,
391 739 462 766 aeger
495 731 600 762 animo,
629 729 766 757 sollicitus
794 734 823 756 et
848 729 1038 764 perturbatus,

245 776 316 803 nihil
347 785 402 804 non
428 777 454 803 in
479 784 560 803 omen
585 776 723 803 vertebat.
755 775 843 802 Lotus
864 775 898 802 ad
922 775 1038 802 Mediam

243 828 430 850 comessatum
453 823 534 855 abiit,
562 822 658 857 ibique
682 827 766 849 nocte
782 822 809 849 in
839 821 948 856 poculis
967 826 1039 853 acta,

244 869 380 903 postridie
409 869 571 896 febricitare
592 869 687 903 cmpit.
718 868 844 903 Cumque
860 868 1040 896 vehementer

244 914 348 946 sitiret,
365 915 465 942 hausto
481 915 545 941 vino
569 915 751 945 phreneticus
774 914 903 941 decessit.
922 913 1039 946 Quidam

243 960 328 993 igitur
342 960 396 987 hoc
411 960 492 987 modo
505 968 568 988 eum
580 960 684 987 obiisse
698 961 819 986 tradunt.
842 959 895 986 Alii
916 966 1040 992 narrant,

242 1013 306 1032 cum
321 1005 380 1033 dies
392 1007 486 1040 plures
500 1006 698 1038 febricitasset,
720 1006 830 1037 lavisse,
844 1006 938 1040 itaque
960 1011 1041 1033 aucto

244 1053 342 1080 morbo
355 1057 460 1079 mutum
474 1053 605 1087 jacuisse.
634 1052 799 1079 Macedones
814 1060 894 1084 vero,
912 1057 1040 1086 tanquam

242 1106 278 1126 eo
292 1103 401 1126 mortuo
410 1099 586 1133 perturbatos
594 1098 759 1126 vociferatos
771 1105 832 1125 esse
842 1103 937 1125 contra
946 1098 1040 1129 duces,

244 1144 336 1172 donec
347 1145 455 1180 apertis
470 1145 577 1172 foribus
586 1144 772 1172 Alexandrum
784 1144 812 1171 in
828 1144 1041 1173 lectoiaccntcm

245 1191 368 1219 viderint
381 1193 444 1226 :qui
457 1197 514 1219 tum
524 1192 635 1219 demum
650 1191 811 1218 decesserit.
823 1191 939 1224 Quidam
965 1192 1042 1218 aiunt

244 1242 339 1271 postea
349 1245 488 1264 rumorem
502 1237 646 1264 exstitisse
656 1244 765 1264 veneno
775 1237 955 1269 exstinctum,
966 1236 1041 1271 quod

244 1290 328 1310 suasu
341 1287 367 1310 et
377 1283 486 1318 ingenio
493 1283 651 1311 Aristotelis
657 1283 762 1318 pararit
770 1282 923 1317 Antipater.
933 1282 1041 1317 Aquam

245 1334 338 1356 autem
351 1337 412 1357 esse
419 1329 536 1363 gelidam
544 1334 573 1357 et
586 1329 727 1364 glacialem
741 1335 756 1356 e
769 1333 846 1364 petra
871 1327 1039 1360 Nonacrina,

251 1375 342 1402 tenuis
355 1376 424 1403 roris
438 1376 525 1403 instar
533 1375 731 1408 exundantem,
745 1382 827 1410 quam
848 1375 948 1409 ungula
970 1375 1041 1402 asini

244 1422 393 1457 excipiant.
408 1422 502 1458 Neque
515 1422 591 1450 enim
607 1423 663 1449 ullo
673 1422 728 1449 alio
738 1429 802 1449 vase
813 1421 963 1454 contineri,
973 1421 1040 1456 quin

244 1468 395 1504 frigiditate
405 1469 592 1496 etacrimonia
608 1469 667 1503 ejus
679 1473 835 1502 rumpatur.
849 1467 902 1494 Sed
916 1467 1041 1501 plerique

248 1514 300 1541 hoc
332 1519 362 1541 ut
390 1514 614 1542 commentitinm
648 1513 802 1539 refellunt:
832 1511 936 1538 indicio
962 1511 1041 1546 197

250 1566 313 1587 esse
339 1560 413 1594 quod
441 1560 559 1586 cadaver
585 1559 657 1593 ejus,
676 1565 740 1584 cum
761 1557 820 1584 dies
840 1556 996 1591 complures
1013 1556 1041 1582 in

246 1606 317 1633 locis
325 1606 423 1632 calidis
434 1606 590 1640 neglectum
604 1605 722 1639 jaceret,
739 1603 858 1630 ducibus
882 1603 954 1629 inter
979 1609 1041 1630 sese

249 1652 414 1684 rixantibns,
427 1652 530 1678 nullam
547 1650 646 1677 veneni
659 1653 752 1677 notam
764 1648 905 1681 habuerit,
923 1648 971 1676 sed
992 1656 1042 1683 pu-

249 1704 310 1724 rum
322 1695 463 1728 manserit,
481 1695 559 1731 quasi
580 1702 677 1722 recens
685 1699 769 1722 esset.
782 1694 893 1727 Fertur,
911 1702 974 1721 cum
999 1694 1041 1720 in-

248 1746 323 1769 stare
342 1741 395 1768 sibi
417 1748 513 1769 necent
526 1741 769 1773 animadverteret,
783 1739 903 1767 voluisse
919 1739 989 1767 clam
1013 1747 1042 1766 se

250 1788 279 1815 in
293 1787 462 1822 Euphratem
481 1787 653 1822 demergere,
668 1792 699 1813 ut
711 1794 727 1814 e
743 1791 894 1821 conspectu
916 1786 1042 1813 sublatus

251 1834 409 1870 opinionem
424 1835 539 1862 aﬂ'erret
557 1834 728 1866 hominibus,
749 1841 789 1868 se,
808 1839 837 1860 ut
860 1833 913 1861 diis
932 1834 1043 1869 genitus

253 1887 339 1914 esset,
356 1881 393 1908 ita
407 1881 441 1909 ad
457 1881 524 1909 deos
538 1881 665 1912 rediisse,
698 1880 746 1908 sed
768 1888 830 1908 cum
845 1881 1043 1913 Roxane.con-

250 1927 313 1954 silio
325 1927 386 1962 ejus
398 1927 520 1962 cognito,
537 1926 704 1958 obstitisset,
721 1933 784 1953 cum
798 1925 902 1960 gemitu
913 1925 1016 1953 dixisse
1035 1935 1042 1952 :

249 1974 353 2002 Invide:
372 1975 445 2006 mihi,
464 1973 735 2009 tnulier,|divinilalis
751 1973 866 2008 gloriam
887 1978 911 2000 et
936 1975 1046 2001 immor-

249 2021 375 2048 talitatis.
389 2020 435 2048 Sic
450 2020 605 2047 Alexander
633 2019 668 2047 ad
691 2023 797 2047 tantum
826 2019 947 2047 fortunae
970 2019 1047 2047 fasti-

1087 266 1172 302 τηγὸς
1186 265 1357 296 Βαϐυλῶνος.
1368 265 1411 299 εἴη
1424 265 1489 300 περὶ
1505 264 1588 290 αὐτοῦ
1606 265 1691 296 θύσας
1701 272 1708 280 ·
1729 265 1777 291 τοῦ
1797 265 1825 291 δὲ
1838 265 1888 291 θύ-

1089 321 1186 344 σαντος
1199 312 1333 346 μάντεως,
1349 311 1377 342 ὃς
1395 311 1560 346 Πυθαγόρας
1572 311 1727 346 ὡνόμαστο,
1743 311 1781 346 μὴ
1798 313 1887 346 ἀρνη-

1089 359 1220 394 σαμένου,
1238 358 1367 394 ἠρώτησε
1383 358 1429 385 τδν
1449 357 1552 393 τρόπον
1565 357 1612 383 τοῦ
1631 357 1766 392 θύματος.
1788 358 1843 384 Τοῦ
1855 357 1888 384 δὲ

1088 406 1235 439 φήσαντος,
1267 404 1365 430 ἆ).οὸον
1399 401 1470 430 εἶναι
1495 403 1525 429 τὸ
1541 401 1632 439 ἧπαρ,
1651 404 1763 435 ﬂuam),
1794 403 1886 436 εἶπεν,

1089 452 1221 487 ἰσχυρὸν
1234 452 1267 478 τὸ
1279 452 1416 486 σημεῖον.
1437 451 1491 477 Καὶ
1502 451 1548 477 τδν
1566 451 1664 486 μάντιν
1680 451 1769 478 ἀθῶον
1779 451 1886 486 ἀφῆκε.

1090 500 1195 535 Σημεῖα
1214 500 1236 526 δ’
1255 498 1331 534 αὺτῷ
1344 499 1391 525 καὶ
1407 498 1476 525 ἄλλα
1488 499 1630 531 γεγόνασι,
1657 499 1705 525 καὶ
1724 499 1807 525 τοῦτο
1833 499 1863 525 δέ
1877 505 1886 513 “

1089 544 1298 579 ἀποδυσαμένου
1316 544 1371 579 γὰρ
1385 544 1454 579 πρὸς
1484 544 1608 579 ἄλειμμα
1633 544 1681 570 καὶ
1698 546 1818 578 σφαῖραν
1836 545 1888 570 αὐο

1090 591 1148 622 τοῦ,
1161 591 1185 616 οἱ
1197 591 1334 617 νεανίσκοι
1350 591 1374 616 οἱ
1391 590 1582 625 σφαιρίζοντες
1607 590 1752 616 ἐκδύεσθαι
1770 591 1888 625 μέλλον-

1090 649 1145 672 τες,
1164 640 1250 676 ὁρῶσι
1265 649 1326 667 τινα
1338 641 1366 666 ὲν
1384 640 1422 675 τῷ
1441 640 1489 666 τοῦ
1506 639 1640 674 βασιλέως
1657 638 1745 674 θρόνῳ
1760 637 1890 671 καθήμεα

1091 697 1134 714 νον
1146 689 1248 722 σιωπῇ,
1265 687 1441 722 ἐνδεδυμένον
1464 688 1514 720 τὴν
1538 686 1636 720 στολὴν
1662 685 1712 719 τὴν
1735 684 1887 718 βασίλειον,

1091 735 1137 760 καὶ
1154 734 1184 758 τὸ
1196 733 1316 768 διάδημα
1343 733 1552 768 περικείμενον.
1584 732 1632 762 Ὀς
1659 730 1886 764 ἀνακρινόμενος,

1091 779 1164 809 ὂττις
1181 779 1234 813 εἰη,
1253 779 1300 804 ἐπὶ
1324 778 1392 804 πολὺ
1408 778 1457 812 μὲν
1476 778 1582 810 ἄφωνος
1607 774 1652 812 ἦν,
1683 776 1760 810 μόλις
1775 776 1804 801 δέ
1822 783 1888 801 ποτε

1091 825 1229 857 Διονύσιος
1256 825 1307 860 ἔφη
1333 824 1490 856 καλεῖσθαι,
1507 824 1537 850 τὸ
1552 824 1579 849 δὲ
1598 823 1677 857 γένος
1689 819 1759 848 εἶναι
1776 822 1889 855 Msa-ax"-

1091 880 1158 902 νιος,
1171 871 1282 906 δέσμιος
1298 871 1321 897 δ’
1337 871 1453 906 ἀχθῆναι
1468 871 1511 897 διὰ
1528 869 1708 904 κατηγορίαν,
1725 867 1808 894 λῦσαι
1823 868 1852 893 δὲ
1863 869 1886 894 εί

1058 908 1077 934 Β
1092 917 1138 944 τὸν
1152 917 1276 951 Σάραπιν
1286 917 1321 943 τὰ
1340 917 1430 952 δεσμὰ
1442 925 1448 932 ’
1464 917 1511 942 καὶ
1529 915 1670 949 ἀγαγόντα
1684 913 1776 949 δεῦρο,
1790 913 1887 939 κελεῦ-

1093 973 1138 990 σαι
1150 964 1200 996 τὴν
1214 964 1311 998 στολὴν
1324 963 1372 990 καὶ
1385 964 1416 989 τὸ
1426 963 1548 996 διάδημα
1561 961 1736 996 περιθέσθαι,
1755 961 1802 986 καὶ
1817 960 1888 985 καο-

1092 1009 1202 1042 ἑζεσθαι
1221 1010 1324 1043 σιωπῇ.
1362 1010 1415 1035 Τὸν
1434 1010 1483 1043 μὲν
1507 1007 1554 1034 οὖν
1570 1008 1715 1041 ἄνθρωπον
1731 1008 1744 1033 ό
1760 1007 1888 1039 Ἀλέξαν-

1092 1057 1164 1092 δρος,
1179 1057 1215 1089 ὡς
1232 1058 1256 1083 οἱ
1274 1057 1387 1091 μάντεις
1407 1056 1563 1088 ὑπετίθουν,
1579 1056 1729 1088 ἠφάνισεν·
1756 1054 1838 1086 ama;
1859 1054 1886 1080 δὲ

1092 1103 1203 1136 ἠθύμει,
1216 1102 1264 1128 καὶ
1276 1101 1407 1136 περιδεὴς
1422 1101 1469 1127 καὶ
1480 1101 1643 1135 ταραχώδης
1665 1100 1825 1133 γενόμενος.
1841 1099 1886 1125 οὐ·

1092 1147 1136 1173 δὲν
1155 1145 1189 1181 ἦν
1204 1147 1218 1173 ὂ
1244 1146 1281 1181 μὴ
1306 1147 1387 1181 τέρας
1414 1146 1557 1181 πεποίητο.
1582 1146 1758 1179 Λουσόιμενος
1780 1145 1821 1176 δὲ,
1839 1145 1886 1170 καὶ

1093 1194 1163 1228 πρὸς
1179 1193 1286 1227 Μηδίαν
1315 1192 1462 1227 πορευθεὶς
1492 1192 1701 1226 κωμασόμενος.
1733 1191 1815 1216 κάκεῖ
1835 1190 1889 1224 τὴν

1092 1240 1178 1266 νύκτα
1189 1238 1328 1273 διαγαγὼν
1343 1240 1373 1265 ἐν
1388 1239 1427 1274 τῷ
1440 1238 1529 1272 κόμῳ,
1548 1239 1595 1264 καὶ
1612 1237 1661 1272 τὴν
1672 1237 1805 1263 ἐπιοῦσαν
1818 1237 1887 1272 ἠμέ-

1093 1295 1153 1322 ρχν,
1170 1286 1273 1320 ἦρξατο
1290 1285 1448 1320 πυρέσσειν,
1479 1284 1624 1319 Πυρέττων
1641 1284 1669 1310 δὲ
1695 1284 1743 1310 καὶ
1767 1284 1888 1318 διψήσας

1093 1333 1227 1367 σψιδρὼς,
1246 1332 1323 1358 ἔπιεν
1346 1330 1429 1363 οἶνον,
1458 1332 1505 1357 καὶ
1531 1332 1715 1366 φρενητιάσας
1737 1330 1884 1356 ἀπέθανεν.

1092 1376 1139 1409 Εἷς
1159 1379 1208 1413 μὲν
1224 1377 1271 1404 οὖν
1296 1378 1310 1404 ό
1329 1377 1381 1412 τῆς
1397 1377 1506 1404 ἐκείνου
1534 1377 1664 1411 τελευτῆς
1687 1376 1767 1409 λόγος
1795 1372 1885 1406 οὗτος.

1093 1424 1206 1459 Ἕτερος
1219 1423 1241 1449 δ’
1257 1423 1325 1458 ἔχει,
1343 1423 1386 1457 ἐφ’
1399 1423 1507 1458 ἡμέρας
1522 1422 1605 1448 αὐτὸν
1617 1422 1763 1457 πυρέττειν
1776 1421 1888 1451 πλείους

1093 1471 1139 1496 καὶ
1155 1470 1292 1502 λούεσθαι,
1308 1469 1380 1496 οὕτω
1398 1469 1426 1496 δὲ
1455 1468 1662 1504 κραταιωθῆναι
1689 1467 1736 1493 τὸν
1754 1467 1886 1502 πυρετὸν,

1093 1517 1130 1547 ὡς
1158 1516 1265 1550 ἄφωνον
1293 1516 1401 1542 κεῖσθαι
1437 1515 1539 1542 αὐτόν*
1567 1515 1631 1546 τοὺς
1664 1514 1694 1540 δὲ
1723 1513 1887 1540 Μακεδόνας

1094 1561 1268 1597 θορυϐεῖσθαι
1299 1561 1336 1593 ὠς
1373 1560 1502 1592 θανόντος
1541 1560 1636 1591 αὐτοῦ,
1663 1560 1712 1586 καὶ
1745 1559 1888 1594 καταδοᾲν

1093 1609 1148 1635 τῶν
1179 1607 1342 1643 ἡγεμόνων,
1373 1607 1426 1638 ἕως
1469 1608 1561 1638 αὐτοῖς
1589 1607 1618 1633 αἱ
1648 1606 1729 1641 θύραι
1757 1604 1889 1640 ἠνοίχθη·

1096 1662 1155 1688 σαν,
1187 1655 1235 1680 καὶ
1259 1654 1304 1680 τὸν
1342 1653 1523 1688 Ἀλέξανδρον
1549 1654 1577 1680 ὲν
1610 1654 1643 1688 τῇ
1679 1652 1758 1687 κλίνῃ
1792 1651 1888 1678 κατεῖ·

1094 1701 1150 1734 δον,
1177 1702 1225 1727 καὶ
1242 1699 1318 1735 ’μετὰ
1334 1700 1421 1727 ταῦτα
1451 1700 1570 1733 ἐξέλιπε.
1586 1699 1656 1726 Φασὶ
1668 1698 1697 1724 δέ
1725 1706 1799 1728 τινες
1820 1705 1887 1732 μετ-

1095 1746 1192 1773 έπειτα
1208 1747 1288 1781 λόγον
1301 1746 1441 1780 γενέσθαι,
1451 1746 1488 1777 ὡς
1503 1746 1554 1772 ὑπὸ
1564 1745 1711 1780 φαρμάκου
1727 1743 1886 1777 διέφθαρτο,

1093 1793 1140 1819 καὶ
1157 1792 1202 1818 τὸν
1225 1792 1402 1827 Ἀριστοτέλη
1435 1791 1608 1824 Ἀντιπάτρῳ
1634 1789 1787 1824 σὺμὸονλον
1810 1787 1889 1822 γενά-

1093 1839 1156 1865 σθαι
1181 1839 1231 1873 τῆς
1257 1839 1396 1874 πράξεως,
1426 1839 1472 1864 καὶ
1487 1837 1520 1864 δι’
1540 1837 1646 1862 ἐκείνου
1675 1835 1842 1870 κομισθῆναι
1855 1834 1888 1860 τὸ

1093 1886 1248 1920 φάρμακον.
1266 1885 1302 1911 Τὸ
1318 1885 1347 1911 δὲ
1375 1884 1448 1919 ὓδωρ
1465 1883 1534 1910 εἶναι
1549 1883 1653 1918 ψυχρὸν
1669 1882 1717 1908 καὶ
1727 1880 1886 1914 παγετῶδες

1093 1932 1148 1958 ἀπὸ
1168 1932 1270 1967 πέτρας
1300 1931 1372 1962 τινὸς
1403 1933 1432 1957 ὲν
1458 1930 1614 1965 Νωνακρίδι
1633 1929 1728 1963 οῡαης,
1751 1927 1766 1953 ὅ
1789 1928 1887 1962 δρόσον

1095 1977 1190 2013 ὥσπερ
1203 1978 1304 2012 λεπτὴν
1318 1977 1570 2011 ἀναλαμῆἁνοντες,
1583 1977 1623 2007 εἰς
1639 1975 1699 2001 δνου
1715 1974 1803 2009 χηλὴν
1817 1973 1888 1999 ἀπο-

1094 2024 1234 2051 τίθενται·
1260 2024 1337 2050 οὐδὲν
1360 2024 1415 2058 γὰρ
1433 2023 1528 2057 ἕτερον
1556 2023 1668 2056 ἀγγεῖον
1699 2021 1792 2054 στέγει
1807 2019 1887 2049 αὐτὸ,

1096 2071 1153 2097 ἀλλ’
1175 2071 1226 2097 ὑπὸ
1251 2071 1424 2106 ψυχρότητος
1441 2071 1490 2096 καὶ
1511 2069 1678 2104 δριμύτητος
1697 2067 1887 2094 διακόπτεται.

247 2080 321 2113 gium
339 2085 462 2111 evectus,
472 2079 602 2106 decessit.

247 2126 280 2152 υἱ
291 2125 321 2151 δὲ
335 2126 447 2157 πλειους
466 2124 624 2151 πεπλάσθαι
641 2123 720 2158 φασὶ,
736 2122 776 2158 τῷ
807 2121 946 2157 φαρμάκῳ
966 2121 1058 2148 θανεῖν
1072 2121 1118 2147 τὸν
1141 2119 1326 2153 Ἁλέξανδρον,
1341 2117 1388 2143 καὶ
1403 2115 1482 2142 τοῦτο
1495 2115 1709 2150 τεκμηριοῦνται
1734 2115 1766 2140 ὲκ
1793 2113 1841 2140 τοῦ
1855 2114 1887 2140 τὸ

248 2171 329 2206 σῶμα
353 2170 395 2205 ἐφ’
408 2171 514 2206 ἡμέρας
529 2170 655 2201 πλείονας
675 2169 805 2203 κείμενον
820 2168 850 2194 ὲν
862 2166 957 2198 τόποις
990 2166 1103 2201 θερμοῖς
1137 2165 1321 2200 ἀτημέλητον,
1352 2163 1408 2190 τῶν
1422 2163 1566 2198 ἡγεμόνων
1583 2163 1649 2196 πρὸς
1661 2160 1792 2196 ἀλλήλους
1820 2169 1887 2186 στα.-

249 2218 412 2247 σιασαντων,
444 2214 528 2248 μηδὲν
552 2214 674 2249 ἐμφῆναι
701 2213 832 2248 τοιαύτης
858 2212 963 2247 φθορᾶς
991 2213 1115 2246 σημεῖον,
1151 2211 1219 2237 ἀλλὰ
1252 2210 1374 2244 καθαρὸν
1389 2209 1536 2243 διαμεῖναι,
1569 2209 1615 2234 καὶ
1638 2207 1727 2233 δοκεῖν
1757 2206 1887 2241 πρόσφα-

249 2270 306 2288 τον.
331 2261 450 2294 Λέγεται
464 2261 503 2293 δὲ,
522 2260 560 2292 ὡς
577 2261 661 2295 γνοὺς
678 2261 728 2295 ἤδη
750 2261 889 2286 ἐκλείπειν
904 2259 978 2294 αὐτῷ
1007 2259 1037 2284 τὸ
1059 2259 1201 2293 βιώσιμον,
1237 2257 1376 2292 ὴῦουλήθη
1405 2257 1434 2288 ἐς
1464 2255 1511 2282 τδν
1538 2254 1686 2288 Εὐφράτην
1706 2254 1887 2280 καταποντῶ-

252 2315 298 2333 σαι
308 2307 440 2341 λαθρηδὸν
452 2307 612 2338 tetatenim
622 2308 768 2341 γενόμενος
779 2306 1039 2341 ἀφανὴς,παρὰσχῃ
1052 2305 1132 2337 δόξαν
1161 2304 1199 2336 ὡς
1230 2305 1269 2336 εἰς
1288 2304 1366 2334 θεοὺς
1398 2302 1592 2338 μετελήλυθεν,
1621 2301 1650 2332 ἐξ
1667 2301 1780 2327 ἐκείνων
1807 2301 1886 2334 γενό-

252 2361 342 2389 μενος.
366 2353 398 2379 Ἠ
412 2353 441 2379 δὲ
458 2353 579 2388 Ῥωξάνη
595 2353 675 2380 τοῦτο
687 2353 801 2386 γνοῦσα,
813 2351 906 2389 εἶργεν
923 2352 998 2386 αὐτῷ
1023 2353 1054 2377 τὸ
1072 2352 1241 2386 ἐγχείρημα.
1274 2350 1304 2377 Ὀ
1318 2350 1346 2376 δὲ
1377 2349 1436 2384 μετ’
1452 2349 1578 2384 οίμωγῆς
1592 2349 1655 2383 ἔφη,
1680 2349 1719 2380 ὡς
1742 2348 1887 2382 ‘13ng-

249 2409 308 2434 σας
323 2400 389 2435 ἄρα,
408 2400 508 2434 γύναι.
525 2408 576 2433 μοι
595 2399 688 2432 δόξης
703 2400 755 2426 τοῦ
775 2398 932 2432 θεωθῆναι,
950 2398 998 2424 καὶ
1017 2397 1060 2432 μὴ
1081 2397 1204 2429 θανεῖν;
1227 2397 1257 2423 ’0
1291 2397 1340 2432 μὲν
1356 2394 1402 2422 οὖν
1433 2394 1607 2429 Ἀλέξανδρος
1631 2394 1718 2424 οὕτως
1747 2395 1788 2426 εἰς
1815 2396 1887 2430 μέγα

247 2446 333 2482 τύχης
350 2444 509 2480 προαχθεὶς,
522 2444 708 2478 ἐτελεύτησεν.

283 2493 341 2520 XV.
359 2492 410 2519 llic
427 2499 512 2527 porro
526 2491 592 2518 dum
609 2490 712 2526 Tyrum
729 2490 887 2523 obsidebat,
905 2491 1040 2526 perlitte—

1131 2488 1181 2516 IE'.
1196 2489 1260 2515 Ὀτε
1280 2488 1308 2514 δὲ
1325 2487 1374 2523 τὴν
1391 2486 1480 2520 Τύρον
1491 2485 1658 2519 ἐπολιόρκει,
1678 2485 1835 2517 ἐπιστείλας
1846 2486 1886 2521 τῷ

251 2548 296 2567 ras
309 2547 324 2566 a
338 2538 470 2573 pontifice
486 2537 644 2565 Iudaeorum
659 2536 751 2572 petiit,
767 2536 868 2564 auxilia
887 2537 941 2564 sibi
958 2537 1040 2568 mitti,

1092 2537 1146 2563 τῶν
1164 2535 1300 2562 Ἰουδαίων
1314 2534 1450 2568 ἀρχιερεῖ,
1463 2532 1540 2567 ἠξίου
1552 2533 1712 2567 συμμαχίαν
1723 2532 1798 2567 αὐτῷ
1814 2534 1886 2568 πέμ-

250 2590 278 2612 et
291 2585 380 2612 forum
396 2583 513 2619 praeberi
530 2582 679 2615 exercitui,
710 2581 820 2616 sibique
837 2590 869 2609 ca
885 2582 954 2614 dari,
981 2590 1042 2617 qua:

251 2631 390 2666 pensitare
404 2629 484 2657 Dario
503 2629 577 2656 soliti
589 2633 693 2655 essent.
709 2627 778 2654 Cum
797 2632 889 2654 autem
915 2628 1038 2662 pontifex

251 2685 282 2705 se
302 2676 485 2712 jurejurando
519 2675 687 2702 obstrictum
714 2681 775 2701 esse
804 2674 896 2706 Dario,
908 2681 942 2700 ne
966 2681 1041 2701 arma

251 2728 348 2751 contra
376 2722 453 2749 illum
483 2721 580 2753 ferret,
608 2721 734 2752 dixisset,
762 2720 846 2754 idque
869 2719 979 2748 vivente
996 2720 1042 2747 illo

251 2769 419 2796 violaturum
435 2772 585 2802 negasset:
613 2765 770 2794 Alexander
786 2766 885 2798 iratus,
912 2773 942 2793 se
971 2766 1042 2793 bello

253 2815 402 2849 petiturum
440 2814 629 2848 Hierosolyma
659 2812 864 2844 comminatur,
909 2817 1043 2847 captaque

259 2860 334 2896 i‘yro.
349 2865 444 2889 contra
462 2859 559 2887 urbem
575 2858 771 2892 proﬁciscitur.
784 2858 819 2885 At
835 2858 958 2893 pontifex
978 2859 1042 2886 Joa-

262 2907 300 2934 ὀε
316 2907 351 2936 ob
367 2907 440 2943 regis
453 2907 521 2944 iram
532 2905 642 2939 anxius,
658 2905 742 2933 Deum
761 2908 832 2938 orat,
848 2912 883 2932 ne
909 2905 1041 2940 populum

1092 2591 1164 2614 πτειν,
1184 2581 1230 2608 καὶ
1248 2580 1352 2615 ἀγορὰν
1373 2579 1412 2615 τῷ
1427 2579 1624 2614 στρατεύματι.
1643 2579 1689 2606 καὶ
1712 2579 1763 2605 ὃσα
1776 2579 1885 2614 Δαρείῳ

1093 2627 1298 2662 ἑδασμοιρόρουν
1323 2625 1398 2660 αὐτῷ
1417 2625 1532 2651 διδόναι.
1551 2624 1605 2650 Τοῦ
1626 2624 1654 2650 δὲ
1666 2624 1818 2659 ἀρχιερέως
1834 2625 1885 2659 ὄρ-

1093 2683 1158 2704 κους
1172 2673 1279 2708 Δαρείῳ
1299 2672 1392 2698 δοῦναι
1412 2672 1561 2706 φήσαντος,
1585 2671 1622 2706 μὴ
1644 2669 1711 2706 ἆραι
1727 2671 1788 2697 κατ’
1799 2670 1885 2698 αὑτοῦ

1092 2721 1172 2750 ὅπλα,
1186 2720 1234 2746 καὶ
1243 2718 1354 2750 τούτους
1366 2718 1466 2750 ζῶντος
1478 2718 1593 2752 Δαρείου
1609 2717 1645 2753 μὴ
1658 2716 1884 2752 παρασήσεσθαι·

1092 2766 1207 2802 όργίσθη
1220 2766 1405 2800 Ἀλέξανδρος,
1427 2765 1474 2790 καὶ
1487 2765 1621 2799 ἠπείλησε
1638 2763 1801 2799 στρατεύειν
1812 2762 1884 2790 κατὰ

1092 2814 1141 2848 τῆς
1158 2813 1301 2842 Ἰουδαίας.
1325 2812 1356 2837 Ἀ
1363 2819 1405 2846 ρτι
1422 2810 1452 2837 δὲ.
1464 2811 1514 2846 τὴν
1527 2810 1616 2845 Τύρον
1631 2809 1822 2845 παρειληφὼς,
1837 2809 1884 2835 ἐπὶ

1093 2862 1126 2886 τὰ
1145 2859 1320 2894 Ἱεροσόλυμα
1343 2857 1484 2892 ὥρμησεν.
1507 2857 1538 2883 '0
1554 2856 1583 2882 δὲ
1597 2856 1744 2891 ἀρχιερεὺς
1756 2855 1834 2882 Ίωὰδ
1854 2856 1884 2881 ἐν

1094 2906 1199 2940 ἀγωνίᾳ
1227 2903 1260 2940 ἦν
1280 2904 1323 2930 διὰ
1339 2904 1389 2938 τὴν
1420 2903 1468 2929 τοῦ
1496 2902 1628 2937 βασιλέως
1656 2901 1751 2937 ὀργὴν,
1767 2902 1816 2929 καὶ
1835 2900 1883 2928 τοῦ
