2041 3147
190 187 240 218 πω

827 184 988 215 ΙΟΛΝΝΙΞ
1007 185 1168 216 ΖΟΝΛΒΑΕ

1767 188 1822 219 368

191 248 279 273 εἴκοσι
309 243 358 278 τῆς
382 244 510 280 εὐηλίοις
529 243 631 278 ταύτης
652 242 806 277 ἁπήλαυσε.
833 242 944 275 Γυναιξὶ
974 241 1003 267 δὲ
1023 241 1098 269 δυεῖν
1128 241 1304 276 συνοικήσας,
1334 241 1366 267 ἐκ
1382 241 1432 277 μὲν
1459 241 1509 277 τῆς
1530 243 1594 277 μιᾶς
1619 243 1716 275 παῖδας
1747 244 1825 279 ἔσχεν

191 299 273 326 επτᾶι,
290 296 322 321 ὲκ
341 293 368 319 δὲ
382 293 429 328 τῆς
444 293 541 327 λοιπῆς
555 291 603 318 ἕνα
623 288 673 326 (ἦν
688 289 710 315 δ’
729 289 799 324 αὕτη
814 289 984 323 ἀδελφόπαις
1004 289 1116 320 αὑτοῦ),
1136 286 1209 325 ᾗπερ
1222 289 1308 320 οὕτως
1325 288 1479 324 συνῴκησε.

226 343 317 371 XVIII.
343 341 411 369 Cum
431 338 628 367 saltatriculam
656 336 805 372 quamdam
831 336 982 371 deperiret,

1071 335 1124 363 III’.
1149 335 1343 371 Ὀρχηστρίδος
1363 335 1473 371 ἠράσθη
1490 335 1575 368 τινος,
1598 336 1647 362 καὶ
1665 336 1705 370 τῷ
1723 338 1826 372 ταύτης

190 397 272 425 atque
290 388 373 416 animi
387 385 576 422 mgritudinem
601 383 679 410 fratri
702 382 873 417 aperuisset;
891 381 934 408 illc
951 387 980 407 se

191 437 294 464 amoris
307 435 461 462 ministrum
476 431 534 458 fore
543 430 695 466 pollicitus,
707 433 789 455 noctu
807 428 889 455 tiliam
902 435 980 454 suam

191 485 224 512 ad
248 490 312 511 cum
328 480 454 509 deduxit.
472 479 532 512 Quo
549 477 651 511 saepius
673 475 763 506 facto,
786 480 868 509 atque
890 481 983 500 amore

192 535 284 560 aucto,
302 533 460 560 arcanoque
475 523 587 558 cognito
599 543 606 555 ,
623 521 716 549 l'ratris
734 521 816 548 ﬁliam
840 519 984 547 matrimo-

192 578 239 604 nio
254 575 306 603 sibi
320 573 422 609 juuxit,
438 579 470 598 ex
480 577 568 604 eaque
580 568 665 595 ﬁlium
684 568 838 603 Hyrcanum
851 565 983 600 suscepit.

192 622 244 655 Qui
259 627 346 647 annos
363 616 497 645 tredecim
511 619 602 646 natus,
623 617 651 640 et
666 612 841 648 prudentiam
861 616 888 638 ct
912 610 984 637 acri-

193 668 313 695 moniam
339 672 416 692 suam
437 660 645 690 demonstravit.
664 659 732 686 Nam
756 659 855 685 missus
871 665 886 684 a
908 661 984 692 patre

192 722 255 741 cum
282 721 330 740 ccc
359 712 439 738 boum
460 708 534 744 iugis
556 708 588 734 ad
620 705 753 740 prmdium
782 702 920 738 quoddam
942 701 984 728 bi-

192 763 277 788 duum
297 757 424 785 dissituni
448 756 547 782 itinere
562 773 569 785 ,
585 750 920 784 rxcolendum,jugorum
944 747 986 774 Io-

194 809 232 835 ris
250 813 304 834 non
321 803 442 838 acceptis
458 809 465 829 :
481 808 542 828 cum
564 798 677 826 bulbuci
694 797 885 826 hortarentur,
909 798 984 822 utea

193 862 243 890 per
259 851 388 880 nuntium
411 858 426 876 a
441 851 517 883 patre
536 849 658 881 peteret,
676 851 774 871 eorum
797 841 914 869 consilio
931 849 984 868 non

192 889 341 935 acquievit,
351 896 398 924 sed
416 903 432 922 x
445 895 529 923 boum
542 893 616 929 jugis
630 890 790 923 immolatis,
801 896 900 916 carnes
913 889 985 914 inter

192 946 336 983 operarios
357 942 510 973 distribuit,
535 945 563 968 ct
587 939 745 975 tergoribus
761 936 880 964 concisis
900 935 985 962 boves

192 981 314 1029 alligavit
336 1001 343 1018 :
362 995 444 1024 atque
460 988 498 1015 ita
513 994 598 1022 opere
620 984 748 1013 confecto
761 983 874 1010 domum
892 981 983 1009 rediit.

1034 380 1154 416 ἔκαμνεν
1168 381 1262 416 ἔρωτι.
1278 381 1386 416 Μηνύει
1407 380 1435 408 δὲ
1454 382 1485 407 τὸ
1506 381 1591 413 πάθος
1606 382 1645 416 τῷ
1666 382 1794 418 ἀδελφῷ·
1812 385 1828 410 ὁ

1033 428 1063 454 δὲ
1079 427 1297 463 διακονήσασθαι
1313 429 1336 454 οἱ
1355 428 1424 462 πρὸς
1447 428 1493 454 τὸν
1513 427 1602 463 ἔρωτα
1619 428 1824 463 ἐπηγγείλατο·

1034 474 1082 500 καὶ
1098 473 1196 505 νυκτὸς
1222 473 1271 508 τὴν
1288 473 1387 500 ἑαυτοῦ
1404 473 1544 508 Θυγατὲρα
1561 474 1630 509 πρὸς
1648 475 1694 501 τὸν
1710 475 1827 510 ἀδελφὺν

1034 518 1148 553 ἀγαγὼν
1171 519 1379 554 συγκατέκλινε.
1399 521 1454 546 Καὶ
1470 521 1564 547 τούτου
1587 522 1736 554 γενομένου
1759 523 1829 548 πολ-

1034 564 1124 596 λάκις,
1142 565 1195 600 ἦρα
1213 565 1404 600 σφοδρότερον.
1415 564 1469 591 Τοῦ
1484 566 1512 592 δὲ
1527 565 1645 600 ἀδελφοῦ
1661 565 1690 592 τὸ
1706 575 1829 601 κεκρυμ-

1036 612 1116 646 μένον
1139 611 1214 647 αὑτῷ
1235 611 1456 647 φανερώσαντες,
1476 612 1619 647 συνῴκησε
1635 614 1668 648 τῇ
1684 612 1826 647 ἀδελφιδῇ

1035 657 1081 684 καὶ
1100 657 1130 689 ἐξ
1144 658 1229 691 αὐτῆς
1251 658 1308 684 υίδν
1323 658 1413 692 ἔσχεν,
1439 658 1574 693 Ὑρκανὸν
1594 659 1714 690 καλέσας
1732 659 1826 686 αὐτόν.

1034 704 1220 739 Τρισκαίιῖεκα
1233 704 1261 731 δὲ
1281 705 1402 739 γεγονὼς
1420 704 1489 731 ἐτῶν
1504 702 1594 737 οὗτος,
1608 705 1659 740 τήν
1671 714 1701 731 τε
1717 705 1828 732 σύνεσ.ν

1035 750 1142 777 ἐδείκνυ
1163 752 1211 778 καὶ
1226 751 1275 787 τὴν
1295 752 1462 788 ἐντρέχειαν.
1491 752 1559 783 Aci);
1576 753 1630 787 γὰρ
1644 752 1718 788 αὐτῷ
1738 754 1752 778 ὁ
1773 760 1828 778 πα·-

1035 797 1087 832 τὴρ
1110 796 1195 832 ζεύγη
1221 797 1292 832 βοῶν
1319 799 1474 833 τριακόσια,
1491 798 1646 834 ἐξέπεμψεν
1671 800 1712 831 είς
1733 798 1827 834 χώραν

1034 843 1108 870 δυεῖν
1121 845 1240 879 ἡμέραιν
1267 845 1433 880 ἀπέχουσαν,
1463 845 1513 882 τὴν
1545 846 1598 881 γῆν
1628 846 1826 881 ἐργασάμενον,

1035 891 1098 922 τοὺς
1112 891 1228 926 ἱμάντας
1239 891 1294 919 τῶν
1306 891 1398 925 ζυγῶν
1411 891 1648 926 παρακατασχὼν.
1657 892 1686 918 Ὁ
1696 892 1737 924 δὲ,
1750 892 1828 925 γενό⁸

1038 946 1117 972 μενος
1138 938 1215 969 ἐκεῖ,
1242 938 1290 964 καὶ
1313 939 1351 973 μὴ
1370 937 1440 972 ἔχων
1458 938 1587 972 ἱμάντας,
1611 937 1667 964 τῶν
1686 937 1828 973 βοηλατῶν

1037 984 1158 1011 στέλλειν
1179 984 1246 1020 πρὸς
1263 984 1310 1010 τὸν
1328 984 1436 1020 πατέρα
1458 985 1522 1016 τοὺς
1543 985 1707 1020 αίτήσοντας
1727 985 1828 1016 αὐτοὺς

193 1043 226 1069 At
241 1024 319 1075 pater
332 1045 392 1065 eam
402 1035 580 1063 calliditatem
592 1032 757 1063 admiratus,
771 1030 848 1057 illum
863 1036 919 1064 prie
931 1035 983 1055 cae-

1037 1031 1091 1057 ΰεῖν
1107 1030 1255 1064 λεγόντων,
1271 1032 1304 1065 τῇ
1327 1031 1377 1066 μὲν
1393 1031 1506 1057 ἐκείνων
1521 1031 1661 1066 συμϐουλῇ
1689 1031 1719 1057 οὺ
1740 1039 1828 1066 προσ-

193 1073 260 1115 teris
276 1085 350 1117 ﬁliis,
371 1090 444 1118 aegre
458 1081 484 1110 id
502 1079 672 1110 ferentibus,
691 1082 719 1105 et
737 1076 839 1104 amavit
853 1080 880 1102 υι
893 1073 984 1110 magni

192 1134 269 1162 fecit.
292 1131 363 1159 Nato
381 1133 474 1156 autem
494 1127 552 1154 ﬁlio
578 1126 736 1154 Ptolemaeo,
756 1122 896 1158 principes
921 1129 985 1157 pro—

194 1180 348 1206 \‘inciarum
374 1176 414 1203 illi
442 1174 599 1210 parentium
627 1170 819 1198 Alexandriam
848 1169 926 1196 ibant
951 1167 985 1194 ad

194 1226 274 1261 203
299 1223 453 1251 natalitiuni
477 1221 576 1248 festum
610 1217 817 1246 celebrandum.
849 1214 986 1249 Iosephus

193 1258 286 1298 autem
302 1268 338 1296 ob
356 1271 464 1295 aetatem
487 1264 598 1296 tardus,
621 1262 740 1297 aliquem
755 1269 788 1288 ex
805 1259 868 1287 ﬁliis
890 1266 923 1286 eo
945 1258 985 1285 ire

190 1315 315 1351 jubebat.
332 1311 446 1340 (laeteris
465 1315 557 1338 autem
576 1306 781 1339 recusantibus,
797 1305 940 1340 Hyrcanus
955 1311 985 1330 se

194 1349 297 1389 iturum
318 1359 427 1393 recipit,
442 1365 474 1384 ac
489 1355 558 1392 patri
575 1360 672 1382 auctor
685 1357 738 1385 est,
756 1359 790 1379 nc
803 1357 918 1378 munera
938 1349 986 1377 illo

194 1409 294 1438 mittat,
310 1405 358 1434 sed
372 1402 558 1432 Alexandrino
571 1397 746 1436 procuratori
763 1397 877 1430 scribat,
895 1400 985 1422 utau-

195 1463 255 1482 rum
267 1453 321 1482 sibi
334 1451 390 1482 det.
401 1457 457 1486 quo
470 1455 586 1476 munera
597 1450 748 1481 comparet.
763 1444 821 1475 Ille,
831 1441 987 1469 collaudato

194 1502 243 1529 Silii
271 1498 400 1528 consilio.
426 1493 600 1531 procuratori
621 1491 734 1522 scribit.
754 1489 802 1524 qui
818 1496 872 1516 non
895 1487 987 1514 minus

195 1547 284 1574 tribus
309 1543 432 1571 millibus
453 1541 587 1568 talentum
615 1535 849 1566 administrabat.
886 1537 916 1560 ut
941 1533 987 1560 det

195 1593 252 1620 tilio
270 1595 405 1626 quantum
420 1588 445 1616 ci
467 1594 537 1622 opus
553 1586 601 1613 sit.
615 1585 709 1619 Neque
728 1589 793 1609 vero
812 1581 926 1616 putabat
944 1579 987 1606 ul-

197 1646 237 1668 tra
252 1647 270 1665 ι
285 1637 385 1664 talenta
402 1635 553 1670 petiturum
575 1631 608 1658 ad
624 1637 740 1657 munera
759 1628 816 1663 regi
833 1627 986 1655 olferenda.

196 1686 256 1716 Illo,
281 1682 404 1717 acceptis
431 1680 544 1710 litteris,
565 1675 760 1705 Alexandriam
780 1679 873 1706 eunte.
889 1673 988 1708 reliqui

196 1729 309 1765 Iosephi
327 1727 408 1755 liberi
428 1724 551 1761 paternis
567 1722 663 1751 amicis
678 1721 820 1753 scribunt,
839 1725 870 1748 ut
887 1720 990 1755 Hyrca-

196 1783 263 1804 num
280 1782 328 1810 per
341 1771 456 1800 insidias
472 1769 589 1798 e'niedio
603 1768 710 1795 tollant.
725 1766 778 1794 Sed
798 1773 866 1801 puer
881 1764 988 1792 reddita

196 1818 370 1857 procuratori
384 1815 512 1852 epistola,
527 1818 595 1850 quot
613 1812 723 1840 talentis
742 1819 811 1847 opus
827 1815 918 1842 esset,
942 1818 988 1837 ro-

196 1872 286 1902 gatus.
305 1873 367 1892 cum
385 1863 460 1891 mille
471 1861 605 1897 petiisset,
624 1867 657 1887 ac
671 1867 688 1886 x
704 1864 809 1886 tantum
823 1857 986 1892 accepisset,

196 1915 286 1942 iratus
297 1911 435 1939 hominem
450 1909 477 1936 in
490 1907 599 1936 vincula
611 1905 733 1941 conjicit.
750 1904 914 1932 Ptolemmus
922 1910 988 1930 vero

195 1961 273 1988 misit
296 1958 330 1986 ad
357 1964 434 1988 eum,
458 1963 543 1990 seque
568 1953 663 1980 mirari
687 1951 765 1983 dixit,
792 1958 841 1978 cur
865 1949 892 1977 in
921 1957 988 1977 con-

194 2012 319 2043 spcctum
331 2012 412 2033 suum
426 2010 482 2030 non
501 2000 632 2032 νεηίεδθι,
655 2006 688 2026 ac
699 2002 844 2033 paICI‘IIUlIl
855 2003 988 2031 procura-

196 2062 282 2082 ιιιΓι-ιιι
300 2050 457 2080 ﬁnxisset?
478 2049 526 2077 Illo
546 2045 750 2082 reSpondente,
775 2051 806 2072 se
820 2044 916 2071 venire
935 2050 988 2069 no-

193 2101 277 2128 luisse
293 2099 382 2126 donec
399 2102 516 2124 munera
535 2097 661 2129 parasset
671 2113 677 2124 ,
693 2099 727 2118 ac
740 2098 852 2119 servum
867 2090 903 2116 ob
917 2096 986 2116 con-

193 2146 341 2174 tumaciam
363 2143 496 2171 multasse
519 2150 527 2168 :
550 2139 612 2167 risit
631 2146 691 2170 rex,
705 2136 786 2172 pueri
806 2133 988 2171 magnanimi-

193 2197 279 2220 tatem
303 2190 466 2218 admiratus.
493 2186 642 2214 Enimvero
663 2186 839 2220 procurator,
859 2188 923 2208 cum
946 2181 988 2207 in-

195 2238 335 2272 telligeret
350 2243 432 2270 opem
448 2233 502 2261 sibi
513 2233 582 2261 ferri
601 2239 617 2259 a
634 2231 756 2263 nemine,
770 2229 842 2257 datis
857 2228 931 2256 mille
944 2231 986 2254 ta-

194 2284 289 2314 lentis,
301 2281 422 2309 vinculis
437 2280 584 2307 liberatur.
595 2277 738 2314 Hyrcanus
748 2280 841 2304 autem
855 2283 870 2303 c
883 2281 986 2310 pueros

1036 1077 1218 1112 έσχεν,αὺτδς
1229 1076 1257 1103 δὲ
1274 1076 1342 1104 δέκα
1353 1077 1439 1112 ζεύγη
1454 1077 1624 1109 καταθύσας,
1642 1078 1676 1104 τὰ
1693 1077 1744 1112 μὲν
1759 1077 1830 1112 κρέα

1035 1125 1091 1156 τοῖς
1115 1124 1248 1159 ἐργάταις
1272 1123 1405 1159 διένειμε,
1433 1125 1483 1155 τὰς
1507 1124 1537 1151 δὲ
1557 1124 1639 1160 δορὰς
1663 1125 1829 1160 κατατεμὼν

1035 1171 1142 1202 τούτοις
1157 1170 1308 1206 προσέδησε
1323 1172 1387 1202 τοὺς
1401 1171 1513 1205 ζυγοὺς,
1527 1171 1575 1197 καὶ
1592 1171 1666 1198 οὕτω
1681 1171 1731 1206 τὴν
1742 1173 1829 1207 ἐργα-

1037 1219 1098 1246 σίαν
1119 1219 1237 1254 ποιήσας
1262 1218 1473 1254 ἐπανελήλυθεν.
1497 1220 1528 1247 '0
1542 1219 1571 1247 δὲ
1584 1221 1687 1255 πατὴρ,
1700 1220 1751 1256 τὴν
1768 1220 1832 1246 ἐπι-

1035 1274 1111 1292 νοιαν
1134 1264 1219 1292 αὑτοῦ
1241 1265 1335 1300 γνοὺς.
1352 1266 1399 1292 καὶ
1418 1265 1577 1301 ἐθαύμασεν
1594 1266 1677 1294 αὐτὴν
1690 1267 1740 1294 καὶ
1761 1267 1833 1302 ἠτά-

1036 1319 1119 1346 πησε,
1141 1312 1256 1338 καὶτῶν
1270 1311 1359 1339 ἄλλων
1376 1312 1513 1347 προετίμα
1529 1313 1609 1340 υίῶνο
1621 1314 1645 1340 οι
1658 1313 1688 1340 δὲ
1701 1313 1829 1348 ἧχῡοντο.

1035 1356 1082 1392 Τῷ
1094 1357 1121 1384 δὲ
1139 1357 1304 1393 Πτολεμαίῳ
1320 1357 1501 1393 γεννηθέντος
1521 1358 1592 1391 υίοῦ,
1612 1359 1637 1386 ot
1653 1358 1757 1395 πρῶτοι
1773 1359 1832 1386 τῶν

1036 1403 1083 1430 ὑπ’
1100 1403 1181 1430 αὑτὸν
1205 1404 1304 1439 χωρῶν
1325 1403 1466 1439 ἑώρταζον
1487 1404 1522 1432 τὰ
1543 1405 1680 1439 γενέθλια,
1700 1405 1832 1438 ἀπιόντες

1036 1450 1078 1480 είς
1108 1449 1325 1483 Ἀλεξάνδρειαν.
1357 1451 1457 1486 Ἰωσὴφ
1475 1451 1514 1484 δὲ,
1539 1451 1578 1486 τῷ
1603 1451 1676 1487 γήρᾳ
1698 1451 1834 1487 δυσκόμιο

1038 1504 1100 1527 στος
1118 1496 1175 1531 (50)
1191 1497 1324 1530 γεγονὼς,
1347 1497 1402 1524 τῶν
1418 1497 1523 1524 παίδων
1544 1498 1594 1525 ἕνα
1621 1499 1680 1524 ἐκεῖ
1698 1498 1832 1526 ἀπελθεῖν

1037 1543 1235 1577 προετρέπετο.
1247 1541 1308 1569 Τῶν
1321 1542 1349 1569 δὲ
1368 1543 1565 1579 πρεσϐυτέρων
1584 1545 1830 1582 παραιτουμένων,

1037 1590 1051 1616 ὁ
1075 1588 1210 1624 Ὑρκανὸς
1233 1590 1365 1616 κατέθετο
1393 1590 1535 1624 ἀπελθεῖν,
1561 1591 1609 1618 καὶ
1634 1591 1830 1619 συνεσούλευσε

1039 1634 1080 1670 τῷ
1108 1633 1194 1669 πατρὶ
1220 1633 1258 1669 μὴ
1281 1634 1401 1670 πέμπειν
1427 1637 1542 1664 αὐτόθεν
1555 1637 1630 1673 δῶρα
1652 1637 1693 1672 τῷ
1711 1638 1829 1672 βασιλεί,

1040 1679 1190 1706 ἐπιστεῖλαι
1207 1679 1235 1706 δὲ
1251 1679 1290 1715 τῷ
1305 1681 1335 1707 ὲν
1359 1681 1549 1718 Ἀλεξανδρείᾳ
1576 1684 1714 1719 οἰκονόμῳ
1738 1693 1832 1720 παρα-

1040 1726 1114 1760 σχεῖν
1136 1726 1212 1760 αὺτῷ
1246 1726 1368 1762 χρυσίον,
1392 1728 1437 1755 ἵνα
1451 1728 1485 1755 δι’
1501 1729 1586 1756 αὐτοῦ
1604 1730 1719 1765 πρίηται
1743 1731 1831 1766 δῶρα.

1044 1771 1075 1797 '0
1096 1772 1136 1803 δὲ,
1155 1771 1202 1799 τδν
1223 1773 1281 1800 υἱὸν
1303 1774 1451 1805 ἐπαινέσας
1472 1775 1523 1810 τῆς
1540 1775 1708 1811 συμϐουλῆς,
1727 1777 1831 1812 γράφει

1038 1816 1077 1851 τῷ
1097 1817 1243 1853 οἰκονόμῳ,
1262 1820 1317 1846 τῶν
1341 1820 1370 1846 ἑν
1398 1820 1590 1858 Ἀλεξανδρείᾳ
1608 1824 1761 1858 χρημάτων
1779 1825 1832 1851 οὐκ

1038 1862 1188 1891 ἐλαττόνων
1212 1865 1297 1892 ὄντων
1321 1866 1483 1902 τρισχιλίων
1511 1868 1663 1902 ταλάντων,
1680 1869 1772 1896 δοῦναι
1790 1870 1832 1905 τῷ

1040 1908 1089 1943 υἱῷ
1111 1909 1240 1944 χρήματα
1263 1911 1335 1937 δσων
1359 1911 1392 1939 ἂν
1414 1912 1510 1949 δεηθῇ.
1538 1914 1653 1947 ἐλπίσας
1682 1916 1720 1951 μὴ
1744 1916 1834 1943 πλείω

1039 1955 1105 1982 δέκα
1123 1955 1235 1983 ἔσεσθαι
1248 1957 1390 1986 τᾶλάντων
1405 1960 1456 1998 τῂν
1470 1959 1518 1987 επὶ
1535 1962 1568 1996 τῇ
1587 1961 1678 1997 δωρεᾷ
1691 1962 1739 1989 τοῦ
1754 1963 1833 1998 βασι-

1039 2002 1108 2034 λέως
1119 2002 1254 2039 δαπάνην.
1281 2004 1379 2032 Λαϐὼν
1392 1996 1440 2033 οὖν
1452 2005 1502 2042 τὴν
1515 1996 1670 2044 ἐπιστολὴν
1684 1996 1830 2044 Ὑρκανὸς,

1038 2049 1122 2085 ἀπῄει
1137 2050 1206 2085 πρὸς
1225 2050 1444 2087 Ἀλεξάνδρειαν·
1464 2053 1488 2079 οί
1507 2053 1536 2080 δὲ
1555 2053 1646 2081 λοιποὶ
1659 2055 1708 2081 τοῦ
1728 2055 1831 2090 Ἰωσὴφ

1039 2095 1135 2126 παῖδες
1150 2096 1288 2131 γράφουσι
1305 2098 1362 2129 τοῖς
1376 2099 1521 2134 πατρικοῖς
1532 2099 1653 2134 ἑταίροις
1673 2099 1833 2126 ἐπιϐουλεῦ-

1041 2149 1085 2168 σαι
1102 2141 1141 2176 τῷ
1163 2141 1301 2178 Ὑρκανῷ,
1328 2143 1376 2170 καὶ
1391 2143 1547 2180 διαφθεῖραι
1568 2145 1662 2172 αὐτόν.
1682 2146 1833 2181 Γενόμενος

1038 2186 1103 2214 δ’ὲν
1125 2187 1328 2224 Ἀλεξανδρείᾳ,
1355 2189 1405 2225 τὴν
1429 2190 1579 2226 ἐπιστολὴν
1596 2191 1644 2218 τοῦ
1667 2192 1772 2226 πατρὸς
1792 2192 1833 2228 τῷ

1039 2233 1175 2269 οἰκονόμῳ
1189 2235 1349 2261 ἐπέδωκεν⁴
1370 2236 1384 2262 ό
1398 2235 1427 2262 δὲ
1447 2236 1530 2272 ἤρετο
1550 2237 1643 2263 πόσων
1661 2237 1759 2272 χρῄζει
1781 2245 1833 2263 τα-

1040 2280 1155 2313 λάντων,
1183 2283 1231 2307 καὶ
1254 2281 1294 2313 ὂς,
1320 2281 1439 2309 Χιλίων·
1462 2284 1476 2310 ὁ
1496 2282 1519 2309 δ’
1529 2284 1671 2318 οἰκονόμος
1692 2284 1722 2310 οὺ
1748 2283 1835 2310 πλείω

195 2327 405 2357 robustissimos
424 2330 452 2353 et
468 2325 624 2352 litterarum
644 2330 744 2358 gnarOs
762 2321 865 2349 talento
889 2320 985 2356 singu-

1039 2326 1105 2352 δέκα
1129 2327 1260 2362 παρεῖχεν
1271 2335 1278 2342 ·
1294 2327 1435 2363 ὀργισθεὶς
1450 2329 1479 2355 δὲ
1492 2329 1507 2355 ὁ
1524 2331 1601 2363 παῖς,
1624 2331 1670 2357 τὸν
1688 2331 1748 2357 οξκο
1765 2331 1833 2366 όμον

196 2375 239 2403 los
251 2374 330 2405 emit.
347 2377 375 2400 et
392 2371 508 2399 totidem
523 2370 644 2406 virgines
660 2368 806 2396 tantidem.
817 2367 887 2395 Aliis
904 2367 989 2400 igitur

197 2421 268 2449 dena
282 2419 383 2447 talenta
400 2417 460 2453 regi
476 2415 670 2449 oﬁ'erentibus,
689 2415 724 2443 iis
737 2421 804 2442 vero
816 2414 865 2449 qui
879 2412 991 2440 muniti-

195 2465 334 2494 centiores
348 2471 410 2492 esse
421 2461 582 2494 studebant,
598 2460 693 2490 vicena
708 2467 764 2488 non
779 2458 968 2495 supergressis
980 2467 988 2486 :

194 2513 337 2549 Hyrcanus
354 2517 457 2546 pueros
469 2513 498 2537 et
520 2507 641 2544 virgines
657 2507 714 2543 regi
729 2510 758 2534 et
770 2505 921 2541 Cleopatrae
937 2504 988 2532 ob-

195 2560 268 2591 tulit.
291 2565 410 2594 quorum
434 2556 554 2592 quilibet
579 2554 688 2590 singula
713 2553 816 2581 talenta
842 2552 988 2580 all'errent.

195 2605 288 2641 Regiis
306 2613 389 2641 porro
414 2603 511 2632 amicis
527 2608 556 2630 ct
571 2601 706 2630 ministris
728 2601 878 2628 multorum
901 2599 990 2627 talen-

195 2657 253 2679 tum
270 2659 385 2679 tnuuera
408 2651 494 2679 dedit.
510 2649 675 2678 Ptolemaeus
695 2653 788 2675 autem
809 2654 924 2682 puerum
940 2646 989 2674 ad-

194 2699 319 2729 miratus,
332 2699 458 2725 hortatus
469 2703 521 2729 cst,
533 2702 564 2724 ut
579 2700 687 2731 peteret
707 2702 767 2730 qua:
784 2693 876 2722 vellet.
888 2693 913 2720 Is
924 2700 990 2720 vero

194 2753 250 2774 non
276 2745 350 2772 aliud
375 2743 466 2780 petiit,
481 2744 534 2770 nisi
560 2747 591 2770 ut
611 2742 684 2778 patri
707 2746 736 2769 et
756 2740 890 2768 fratribus
909 2739 945 2767 de
960 2746 991 2767 se

195 2791 339 2820 scriberet.
354 2791 384 2819 ld
400 2790 465 2818 fecit
479 2789 655 2823 Ptolemazus,
666 2795 786 2824 eumque
798 2786 927 2822 regaliter
940 2786 991 2813 do.

1041 2372 1187 2407 ἐδέσμησε.
1204 2373 1260 2400 Καὶ
1274 2374 1288 2400 6
1311 2374 1491 2410 Πτολεμαῖος,
1510 2376 1620 2408 στείλας
1638 2377 1707 2412 πρὸς
1728 2377 1834 2413 ’Υρκα-

1041 2418 1098 2451 νδν,
1115 2418 1269 2454 θαυμάζειν
1281 2419 1370 2454 ἔλεγε,
1388 2421 1447 2453 πῶς
1460 2421 1522 2448 οὔτε
1532 2422 1611 2458 ὤφθη
1625 2423 1709 2458 αὐτῷ,
1725 2425 1773 2450 καὶ
1785 2431 1834 2450 τ.·’

1041 2463 1090 2491 τοῦ
1118 2464 1223 2500 πατρὸς
1251 2464 1345 2500 ἔδησεν
1381 2467 1537 2503 οἰκονόμον.
1565 2468 1595 2495 '0
1621 2469 1650 2496 δὲ
1678 2469 1716 2505 μὴ
1742 2469 1834 2497 ἐλθεῖν

1043 2508 1107 2544 ἔφη.
1130 2511 1286 2546 περιμένων
1301 2512 1447 2547 ἑτοιμάσαι
1467 2514 1502 2542 τὰ
1528 2514 1620 2550 δῶρα·
1635 2516 1683 2542 τὸν
1695 2516 1723 2542 δὲ
1738 2515 1834 2543 δοῦλον

1043 2555 1170 2589 κολάσαι,
1189 2553 1230 2588 οἷς
1250 2557 1383 2591 ἐπέταξεν
1405 2559 1614 2594 ἀπειθήσαντα·
1631 2560 1676 2587 διὰ
1703 2560 1792 2588 ταῦτα
1818 2563 1834 2589 ὁ

1039 2600 1168 2636 βασιλεὺς
1187 2601 1236 2628 καὶ
1261 2603 1388 2637 ἐγέλασε,
1406 2605 1453 2631 καὶ
1469 2605 1519 2640 τὴν
1534 2604 1582 2632 τοῦ
1596 2606 1692 2638 παιδὸς
1713 2607 1835 2641 μεγαλο-

1040 2646 1179 2682 φροσύνην
1201 2647 1369 2684 ἐθαύμασεν.
1402 2650 1432 2676 '0
1460 2650 1489 2678 δὲ
1518 2651 1619 2687 ’Δρίων
1643 2652 1657 2678 ὁ
1674 2652 1831 2687 οίκοοόμος,

1040 2693 1121 2727 γνοὺς
1136 2693 1174 2725 ὡς
1188 2694 1240 2720 οὐκ
1257 2694 1332 2721 ἔστιν
1347 2695 1422 2732 αὐτῷ
1438 2697 1548 2732 ἀρωγὴν
1559 2697 1621 2729 δοὺς
1641 2697 1676 2724 τὰ
1692 2697 1767 2733 χίλια
1781 2698 1832 2724 τά-

1044 2740 1140 2774 λαντα,
1166 2740 1220 2767 τῶν
1243 2740 1352 2777 δεσμῶν
1373 2743 1468 2779 ἐλύθη.
1487 2743 1517 2771 '0
1537 2744 1712 2780 ’Υρκανδςδὲ
1732 2745 1834 2777 παῖδας

1041 2787 1140 2814 ἑκατὸν
1161 2787 1364 2823 ἀκμαιοτάτους
1387 2791 1435 2819 καὶ
1451 2792 1607 2828 γράμματα
1621 2792 1730 2825 είδότας
1754 2792 1831 2828 ὠνή·

791 2869 892 2901 νοτίδι
907 2868 1062 2901 lectiones
1085 2874 1116 2902 et
1131 2874 1228 2902 notae.

233 2921 288 2958 (50)
302 2923 521 2957 Δυσκόμιστος.
549 2921 662 2950 Phrasis
691 2920 795 2949 nostris
820 2920 933 2955 usitata,
947 2921 993 2956 qui
1013 2921 1117 2949 n‘estoit
1136 2929 1184 2957 pa:
1195 2921 1316 2957 portati/2
