2041 3147
119 179 173 212 409

119 237 247 266 ἐπιϐάντι
272 237 323 272 τῆς
350 236 485 264 Ἰουδαίων
497 236 549 271 γῆς
563 233 621 271 (58)
643 236 814 271 ὑπαντήσας,
841 234 916 270 μάχῃ
929 234 955 264 Α

120 284 242 320 ἐνίκησε,
257 284 306 310 καὶ
320 284 375 310 τῶν
388 283 471 317 ὁρίων
492 282 595 317 ταύτης
613 282 740 315 ἐξέωσεν.
758 281 839 308 Ὂοεν
851 281 915 315 ἀφι-

120 330 237 365 κόμενον
249 330 290 361 εἰς
312 329 488 365 Ἱεροσόλυμα
515 328 665 362 ἐστεφάνου
684 328 698 354 ὅ
722 335 752 354 τε
767 327 851 362 δῆμος
867 326 916 353 καὶ

126 372 262 412 Ὑρκανός
274 384 281 391 ·
295 375 480 410 μνηστεύεάι
495 375 524 402 δὲ
538 376 585 401 καὶ
601 374 651 410 τὴν
675 373 811 409 Ὑρκανοῦ
829 371 916 406 Θυγα-

121 422 228 458 τριδῆν,
248 421 425 456 “high/6an
438 421 467 448 δὲ
481 421 630 456 Θυγατὲρα,
643 421 689 448 τοῦ
707 419 915 455 Ἀριστοϐούλου

123 468 229 500 παιδός.
254 465 318 502 Εἶχε
334 466 362 493 δὲ
388 466 522 502 πρότερον
548 467 645 501 ἑτέραν
661 467 778 500 γυναῖκα
791 465 915 500 δημότιν,

123 514 230 549 Δωρέδα
249 513 431 547 καλουμένην,
447 513 477 545 ἐξ
494 510 529 550 ἦς
544 513 619 548 αὐτῷ
645 514 711 544 παῖς
739 512 917 547 ’Λντίπατρος

123 561 241 594 γίνεται,
267 559 322 586 τῶν
346 559 434 586 ἄλλων
450 559 648 594 πρεσϐύτερος.
664 558 811 585 ’Δντωνίου
826 558 854 585 δὲ
869 558 917 585 καὶ

125 606 270 641 Καίσαρος
285 605 407 632 Κάσσιον
427 607 475 632 καὶ
492 605 609 641 Βροῦτον
629 606 692 641 περὶ
707 605 859 637 Φιλίππους
875 614 918 631 νε-

124 652 288 686 νικηκότων,
313 652 327 678 ὁ
342 652 392 686 μὲν
415 652 461 678 ἐπὶ
479 651 595 684 Γαλλίας
611 651 720 687 ἐχώρει,
746 651 815 687 πρὸς
831 651 919 686 δὲτὴν

130 698 224 726 Ἀσίαν
235 698 391 729 Ἃντώνιος.
404 698 548 734 Γενομένῳ
563 698 585 724 δ’
602 699 630 725 ὲν
643 698 765 733 Βιθυνίᾳ,
782 699 919 733 πανταχό-

124 747 170 773 θεν
186 747 316 782 ἀπήντων
331 746 485 781 πρεσὸεται.
502 746 636 782 Παρῆσαν
664 747 693 774 δὲ
714 747 761 774 καὶ
785 747 917 780 Ἰουδαῖοι,

125 791 346 827 κατηγοροῦντες
364 791 508 827 Φαπαήλου
527 801 556 819 τε
570 793 618 819 καὶ
639 792 772 829 Ἡρώδου.
788 793 920 820 Ἐλοόντα

125 837 153 864 δε
166 837 215 863 τὸν
247 837 373 872 Ἥρώῖην
389 836 434 864 ἐπὶ
457 836 604 873 ἀπολογίᾳ,
618 837 662 864 διὰ
682 838 766 872 τιμῆς
777 835 845 873 ἦγεν
857 837 919 864 Ἀνρ

125 883 232 915 τώνιος.
247 884 302 932 Ιξαὶ
320 884 381 910 οὐδὲ
394 884 474 918 λόγου
490 883 606 919 ἡξίωντο
618 884 643 910 οἱ
661 885 825 920 κατήγοροι,
851 884 919 920 χρή-
932 902 956 932 Β

128 939 196 964 μασι
213 929 300 956 ταῦτα
316 929 362 957 τοῦ
383 930 504 966 Ἡρώδου
519 930 671 967 πριαμένου
685 931 751 966 παρ’
762 931 917 958 Ἀντωνίου.

132 975 253 1002 Ἐλθόντι
283 975 306 1002 δ’
320 976 361 1007 είς
383 977 501 1010 Ἔφεσον
515 977 652 1011 Ἀντωνίῳ
674 977 797 1012 ἔπεμψεν
816 977 919 1013 ’Υρκα-

125 1022 171 1054 νδς
186 1021 322 1056 στέφανον
336 1021 467 1057 χρυσοῦν,
484 1023 532 1049 καὶ
545 1022 622 1057 ἠξίου
637 1023 700 1055 τοῦς
718 1023 862 1054 Ἰουδαίους
871 1022 919 1055 οὓς

125 1067 302 1104 ᾐχμαλώτισε
315 1069 448 1101 Κάσσιος,
464 1069 494 1095 οὐ
516 1069 591 1105 νόμῳ
604 1069 738 1104 πολέμου,
760 1069 920 1105 ἐλευθέρους

125 1114 314 1150 ἀπολυθῆναι,
332 1115 380 1141 καὶ
405 1115 456 1149 τὴν
470 1114 564 1151 χώραν
581 1115 761 1150 ἀποδοθῆναι,
774 1116 808 1152 ῆν
820 1117 919 1148 αὐτοὺς

126 1161 259 1196 ἀφείλετο
274 1161 406 1193 Κάσσιος.
431 1162 547 1189 Δικαίαν
563 1160 609 1190 οὖν
626 1162 696 1190 εἶναι
712 1163 849 1198 κεκρικὼς
871 1163 920 1199 τὴν

127 1208 253 1240 ἀξίωσιν,
272 1208 312 1239 εἰς
333 1207 414 1243 ἔργον
433 1208 548 1244 ἐκϐῆναι
561 1209 724 1244 προσέταξε.
743 1209 819 1236 Μετὰ
834 1209 921 1237 ταῦτα

128 1256 168 1286 εἰς
183 1254 287 1289 Συρίαν
297 1255 515 1290 παραγενομένῳ
528 1255 567 1290 τῷ
585 1255 732 1290 ’Δντωνίῳ,
746 1256 793 1282 καὶ
805 1255 857 1282 ὑπὸ
867 1255 922 1283 τῶν

126 1302 177 1336 τῆς
203 1301 384 1337 Κλεοπάτρας
411 1301 523 1336 ἐρώτων
549 1302 750 1337 κεκρατημένῳ
777 1302 922 1338 προσίασιν

127 1347 226 1383 an:ng
256 1347 366 1378 ἑκατὸν,
389 1346 525 1374 Ἰουδαίων
540 1347 564 1372 οἱ
586 1346 780 1379 δυνατώτατοι,
794 1346 842 1373 καὶ
856 1356 924 1373 κατ-

126 1393 249 1429 ηγόρουν
265 1393 386 1428 Ἡρώδου
401 1393 448 1419 καὶ
461 1393 516 1419 τῶν
532 1392 597 1428 περὶ
611 1393 705 1426 αὑτὸν,
729 1393 863 1428 παρόντος
877 1393 924 1420 καὶ

133 1439 283 1474 Ὑρκανοῦ.
304 1439 447 1469 Ἀντώνιος
465 1439 493 1465 δὲ
517 1439 683 1465 πυνθάνεται
711 1439 856 1474 Ὑρκανοῦ,
873 1440 924 1466 πό-

127 1494 204 1522 τεροι
219 1485 266 1513 τοῦ
291 1485 385 1516 ἔθνους
411 1486 593 1521 προΐστανται
614 1485 742 1521 ἄμεινον·
760 1486 806 1512 καὶ
819 1486 848 1517 ὃς
861 1486 924 1518 τοὺς

130 1533 197 1568 περὶ
220 1532 344 1568 Ἡρώδην
366 1530 454 1564 εἶπεν,
486 1532 523 1559 ὣν
541 1532 615 1567 αὐτῷ
633 1531 779 1567 κηδεστής.
811 1532 841 1558 '0
858 1531 924 1566 γοῦν

136 1578 290 1611 Ἀντώνιος,
310 1578 418 1610 οἰκείως
441 1578 510 1614 πρὸς
533 1579 631 1610 αὐτοὺς
660 1577 730 1613 ἔχων
754 1577 799 1604 διὰ
812 1577 862 1613 τὴν
876 1577 924 1604 τοῦ

130 1624 237 1659 πατρὸς
252 1624 343 1651 αὐτῶν
353 1624 454 1657 ξενίαν,
470 1626 517 1651 καὶ
529 1624 613 1659 ἄμφω
622 1624 775 1659 τετράρχας
784 1624 924 1659 ὠνόμασε,

131 1672 179 1698 καὶ
202 1672 236 1698 τὰ
269 1670 408 1698 Ἰουδαίων
428 1671 520 1702 αὐτοῖς
535 1671 671 1705 ἐπέτρεψε
687 1671 839 1706 πράγματα
851 1679 858 1686 ·
878 1671 925 1698 καὶ

130 1717 199 1745 δέκα
217 1718 304 1752 δήσας
319 1716 374 1744 τῶν
396 1718 572 1752 κατηγόρων,
589 1717 711 1743 εκτεινεν
727 1717 759 1744 ἂν
775 1717 885 1749 αὐτοὺς,
900 1718 924 1744 εἰ

134 1765 172 1799 μὴ
191 1764 217 1790 οι
243 1763 355 1798 ἀδελφοὶ
384 1763 592 1799 παρῃτήσαντο.
623 1761 705 1794 Αὖθις
719 1763 747 1790 δὲ
762 1763 844 1798 χίλιοι
861 1763 926 1799 περὶ

132 1810 221 1845 Τύρον
236 1810 276 1844 τῷ
298 1809 434 1845 Ἀντωνίῳ
449 1810 621 1845 ὑπήντησαν.
650 1809 680 1835 '0
696 1809 724 1836 δὲ
743 1809 842 1843 δώροις
857 1818 925 1845 προ-

132 1857 366 1892 κατειλημμένος,
383 1855 423 1889 τῷ
439 1858 509 1883 κατὰ
520 1856 602 1882 τόπον
612 1855 725 1890 ἄρχοντι
737 1855 852 1883 κολάσαι
863 1857 927 1888 τοὺς

133 1902 281 1933 Ἰουδαίους
292 1902 445 1933 ἐκέλευσεν,
458 1901 495 1933 ὡς
510 1901 726 1937 νεωτερίζοντας.
737 1901 766 1927 ’0
780 1902 808 1927 δὲ
837 1901 928 1937 ’Πρώ-

132 1950 181 1984 δης
199 1949 311 1975 ἀπιέναι
326 1949 395 1983 ταχὺ
408 1949 500 1980 αὐτοῖς
517 1947 722 1980 συνεϐούλευεν,
734 1948 778 1974 ἴνα
791 1948 828 1983 μὴ
843 1948 929 1983 μεγά⁸

132 1995 180 2022 λου
200 1995 372 2031 πειρασθῶσι
387 1995 485 2022 κακοῦ.
505 1994 550 2026 Ὠς
561 1994 583 2020 δ’
599 1995 649 2029 οὐχ
665 1994 814 2028 ὑπήκουον,
831 1994 929 2029 ἐκδρα-

136 2041 237 2076 μόντες
253 2041 278 2066 οἱ
301 2039 443 2075 Ῥωμαῖοι,
457 2039 533 2070 τινὰς
553 2039 602 2074 μὲν
617 2039 794 2072 ἀπέκτειναν,
814 2038 929 2070 πολλοὺς

135 2088 157 2114 δ’
172 2086 382 2122 ἐτραυμάτισαν
392 2095 400 2102 ·
412 2086 460 2112 καὶ
475 2087 500 2112 ot
515 2085 606 2112 λοιποὶ
622 2085 800 2120 διαφυγόντες
823 2085 928 2120 ἡσύχα-

139 2133 196 2166 ζον.
212 2133 268 2160 Τοῦ
281 2133 309 2159 δὲ
322 2133 410 2167 δήμου
427 2131 617 2162 καταόοῶντος
639 2130 771 2167 Ἡρώδου,
795 2131 930 2166 παροξυν-

136 2181 194 2213 θεὶς
217 2182 232 2207 ὁ
250 2180 394 2212 Ἀντώνιος
403 2180 467 2212 τοὺς
481 2179 643 2214 δεδεμένους
655 2179 829 2206 ἀπέκτεινεν.
842 2178 931 2205 Ἀντί-

135 2236 218 2262 γονος
246 2227 274 2253 δὲ
291 2226 409 2261 Πακόρῳ
425 2226 464 2261 τῷ
492 2225 609 2261 Πάρθων
635 2225 742 2260 βασιλεῖ
758 2225 929 2260 ὑπισχνεῖται

135 2274 212 2310 χίλια
231 2273 330 2300 δώσειν
341 2273 470 2305 τάλαντα,
486 2272 533 2299 κα¹ι
548 2272 683 2307 γυναῖκας
695 2271 889 2304 πεντακοσίας,
905 2273 930 2298 εἰ

136 2321 187 2355 τὴν
223 2320 312 2354 ἀρχὴν
343 2318 478 2354 Ὑρκανὸν
507 2318 673 2352 ἀφέλωνται,
706 2319 755 2344 κα)⁵
773 2317 932 2353 παραδῶσιν

136 2365 226 2401 αὐτῷ,
248 2366 295 2392 καὶ
320 2365 384 2396 τοὺς
400 2364 465 2398 περὶ
488 2363 614 2399 Ἡρώδην
627 2363 759 2391 ἀνέλοιεν.
779 2364 829 2390 Διὰ
844 2362 933 2390 ταῦτα

135 2414 183 2439 ἐπὶ
211 2412 263 2448 τὴν
279 2411 411 2438 Ἰουδαίαν
428 2410 594 2445 κατάγοντες
607 2409 762 2444 Ἀντίγονον
788 2410 814 2436 οἱ
831 2409 935 2445 Πάρθοι

136 2459 345 2494 ἐστράτευσαν·
364 2454 405 2489 οἷς
435 2457 565 2488 πολλάκις
580 2457 605 2483 oi
624 2457 687 2492 περὶ
710 2455 836 2492 Ἡρώδην
865 2464 920 2491 συμ

137 2505 269 2540 μίξαντες
301 2504 446 2539 ἐκράτουν.
482 2503 513 2530 '0
549 2503 578 2529 δὲ
609 2503 663 2529 τῶν
694 2502 810 2538 Πάρθων
854 2502 932 2537 βασι-

938 1576 960 1604 C

947 2248 968 2274 D

135 2552 200 2583 λεὺς
215 2551 274 2586 (52))
303 2552 351 2577 σὺν
368 2550 470 2584 ὀλίγοις
489 2549 619 2576 ἱππεῦσιν
644 2550 684 2581 εἰς
698 2550 748 2584 τὴν
759 2549 836 2576 πόλιν
850 2547 928 2584 ἧκεν,

135 2598 174 2629 ὡς
206 2598 281 2632 τάχα
308 2597 484 2624 κατευνάσων
514 2595 563 2631 τὴν
591 2596 697 2627 etiam,
722 2595 753 2621 τὸ
789 2594 811 2620 δ’
830 2594 929 2628 ἀληθὲς

134 2645 176 2676 ὡς
191 2644 341 2678 Ἀντιγόνῳ
363 2642 544 2678 συμπράξων.
570 2642 714 2676 Φασαήλου
731 2641 759 2667 δὲ
777 2640 930 2673 ξενίσαντος

759 175 965 208 ANNALIUM
985 177 1060 207 LIB.
1083 179 1116 209 V.

1707 176 1762 208 ΗΟ

967 242 1104 269 gressum,
1128 237 1224 271 pratlio
1247 237 1348 271 victor,
1372 237 1473 266 ﬁnibus
1499 237 1620 271 regionis
1642 239 1760 273 expulit.

968 282 1046 311 Unde
1060 283 1250 320 Hierosolyma
1266 285 1389 317 veniens,
1405 289 1433 313 et
1447 293 1462 312 a
1478 286 1580 321 popqu
1595 285 1671 312 etab
1692 285 1762 320 llyr-

968 337 1038 357 cano
1053 335 1203 357 coronatur
1220 339 1227 357 :
1244 332 1324 366 cujus
1339 339 1373 358 ex
1396 332 1450 359 tilia
1474 337 1595 368 neptem,
1613 332 1761 359 Alexandri

969 375 1121 402 Aristobuli
1151 374 1198 402 lilii
1220 378 1323 407 natam,
1351 383 1465 403 uxorem
1486 376 1574 407 ducit.
1595 383 1658 403 eum
1684 375 1761 410 prius

968 421 1052 448 etiam
1070 421 1199 448 Doridem
1225 421 1386 456 popularem
1408 429 1485 448 suam
1504 429 1616 448 uxorem
1636 421 1761 452 haberet,

969 476 984 495 e
999 476 1052 504 qua
1066 467 1150 494 ﬁliuni
1166 472 1231 495 natu
1243 468 1392 495 maximum
1402 467 1577 502 Antipatrum
1592 471 1760 503 susceperat.

968 515 1107 542 Antonius
1127 519 1155 542 ct
1175 514 1266 542 Cit-sar
1281 514 1366 541 Bruto
1391 519 1420 541 et
1440 514 1535 542 Cassio
1561 514 1595 540 ad
1620 513 1763 548 Philippos

969 561 1062 594 victis,
1081 561 1152 588 alter
1170 561 1196 588 in
1221 560 1338 588 Galliam
1364 560 1431 593 abit,
1449 560 1587 587 Antonius
1608 560 1634 586 in
1649 560 1762 586 Asiam:

969 609 1096 644 quicum
1116 608 1272 644 Bithyniam
1297 608 1445 643 attigisset,
1470 607 1593 642 undique
1612 606 1764 641 legationes

970 655 1004 682 ad
1023 663 1085 681 eum
1104 659 1252 682 venerunt.
1279 653 1402 681 Aderant
1423 658 1452 680 et
1475 653 1574 684 Judzei,
1601 652 1763 679 Phasaelum

969 706 997 729 ct
1021 700 1159 728 Ilerodem
1190 700 1358 728 accusaturi.
1390 699 1526 727 Ilerodem
1553 706 1618 726 rero
1645 698 1689 725 sui
1717 697 1765 724 de-

971 747 1102 774 fendendi
1125 754 1208 774 causa
1237 754 1271 774 eo
1302 745 1468 781 profectum,
1496 749 1523 772 et
1552 752 1668 772 munera
1698 743 1766 770 οιτο-

970 799 1088 826 rentem,
1105 793 1242 821 Antonius
1269 793 1422 820 honoriﬁce
1449 792 1567 827 excepit,
1593 799 1628 818 ne
1653 790 1764 818 dicendi

970 841 1082 875 quidem
1102 845 1238 875 potestate
1256 840 1319 867 data
1339 840 1560 867 accusatoribus.
1587 838 1652 865 lude
1674 837 1765 872 Ephe-

971 894 1031 914 sum
1056 894 1202 921 progresso
1233 886 1365 918 Antonio,
1384 885 1528 921 Hyrcanus
1556 892 1668 911 auream
1685 882 1767 918 229

971 942 1101 962 coronam
1129 934 1202 962 misit
1217 955 1224 967 ,
1249 938 1360 969 petens,
1389 938 1419 961 ut
1443 933 1573 965 Juda-os,
1604 939 1675 967 quos
1699 930 1767 958 Cas-

970 981 1028 1008 sius
1056 986 1152 1008 contra
1184 981 1248 1008 belli
1275 987 1379 1008 morem
1403 979 1532 1015 cepisset.
1556 979 1686 1006 liberaret
1703 998 1709 1008 .
1738 981 1767 1004 et

970 1034 1051 1063 agros
1065 1027 1100 1054 ab
1115 1027 1212 1055 eodem
1227 1027 1371 1062 ademptos
1384 1026 1555 1053 restitueret.
1572 1024 1658 1060 Cujus
1673 1029 1768 1059 postu-

970 1073 1044 1104 latis,
1073 1073 1120 1108 qui
1146 1081 1178 1100 ea
1203 1081 1281 1107 mqua
1303 1072 1454 1108 iudicaret.
1477 1071 1615 1098 Antonius
1637 1069 1767 1097 satisﬁeri

968 1120 1060 1155 jussit.
1077 1119 1181 1147 Deinde
1199 1119 1226 1147 in
1247 1119 1353 1155 Syriam
1378 1119 1543 1155 profectum.
1570 1123 1599 1146 et
1617 1116 1769 1151 Cleopatra:

971 1173 1066 1193 amore
1091 1170 1214 1201 captum.
1239 1165 1398 1193 Iudaeorum
1426 1170 1537 1192 centum
1563 1163 1614 1190 viri
1631 1161 1768 1198 potentis—

972 1211 1034 1239 simi
1059 1211 1240 1244 conveniunt,
1272 1210 1410 1239 Ilerodem
1438 1216 1468 1239 et
1494 1210 1657 1238 Phasaelum
1685 1216 1768 1236 aecu-

973 1255 1076 1290 sautes,
1092 1257 1219 1293 Hyrcano
1236 1257 1318 1285 etiam
1335 1261 1483 1292 praesente.
1498 1257 1550 1290 Qui
1569 1260 1685 1292 rogante
1711 1254 1769 1282 Au-

974 1305 1060 1336 tunio,
1082 1304 1136 1332 utri
1162 1304 1264 1338 populo
1287 1304 1391 1331 rectius
1421 1306 1582 1338 pmessent,
1610 1301 1768 1337 respondit,

974 1350 1138 1378 Phasaelum
1164 1355 1192 1377 et
1219 1349 1369 1382 Herodem,
1400 1354 1430 1377 ut
1457 1350 1537 1384 cujus
1572 1357 1653 1376 socer
1681 1353 1768 1375 esset.

973 1397 1093 1425 Proinde
1123 1396 1272 1428 Antonius,
1303 1396 1339 1423 ob
1369 1401 1515 1430 paternum
1546 1395 1697 1429 hospitium
1727 1394 1770 1422 eis

975 1442 1090 1474 amicus,
1105 1445 1252 1476 utrumque
1265 1442 1430 1468 tetrarcham
1442 1441 1600 1476 appellavit,
1612 1441 1712 1468 Judzeaa
1720 1439 1754 1467 ad
1761 1454 1771 1461 -

980 1489 1186 1516 ministratione
1200 1488 1254 1515 illis
1270 1487 1398 1515 mandata
1415 1496 1422 1514 :
1444 1495 1476 1515 ac
1492 1488 1585 1514 decem
1605 1495 1638 1514 ex
1657 1493 1768 1514 accusa-

979 1535 1085 1562 toribus
1111 1534 1138 1561 in
1152 1534 1261 1561 vincula
1273 1534 1415 1569 conjectos
1426 1533 1585 1564 occidisset,
1600 1533 1652 1560 nisi
1669 1533 1766 1561 fratres

978 1588 1028 1615 pro
1044 1579 1085 1607 eis
1110 1579 1249 1614 deprecati
1274 1584 1378 1606 essent.
1407 1579 1514 1606 Rursus
1531 1578 1606 1605 mille
1629 1578 1680 1605 viri
1699 1578 1767 1606 circa

976 1625 1078 1660 Tyrum
1103 1625 1224 1652 Antonio
1247 1628 1440 1652 occurrerunt.
1468 1623 1493 1651 is
1517 1631 1582 1650 vero
1609 1623 1769 1650 muneribus

974 1672 1029 1707 jam
1044 1675 1108 1698 ante
1123 1670 1298 1703 conciliatus,
1317 1670 1378 1705 ejus
1401 1669 1454 1697 loei
1471 1669 1603 1704 praefecto
1618 1668 1771 1700 mandavit,

978 1721 1008 1745 ut
1021 1717 1131 1745 Iudaeos
1154 1721 1282 1752 tanquam
1300 1715 1379 1744 novis
1405 1716 1488 1743 rebus
1506 1716 1652 1743 studentes
1666 1715 1770 1749 suppli-

977 1764 1021 1792 cio
1035 1763 1166 1791 alliceret.
1193 1762 1317 1790 Herodes
1339 1770 1405 1790 vero
1427 1770 1476 1790 eos
1500 1763 1618 1794 monuit,
1644 1767 1674 1788 ut
1697 1761 1772 1789 abire

979 1815 1163 1843 maturarent,
1188 1818 1223 1838 ne
1245 1818 1328 1845 grave
1353 1809 1456 1837 malum
1485 1809 1679 1843 experirentur
1698 1817 1704 1834 :
1726 1808 1772 1842 qui

979 1861 1124 1889 eumtnon
1154 1857 1368 1886 auscultassent.
1397 1855 1514 1882 ltomani
1543 1857 1646 1889 impetu
1672 1854 1698 1881 in
1726 1861 1772 1881 eos

979 1903 1052 1930 facto
1077 1901 1211 1936 quosdam
1242 1901 1416 1932 occiderunt,
1447 1900 1550 1926 multos
1580 1899 1775 1930 vuincraruut,

980 1948 1098 1974 niaxima
1115 1954 1182 1974 vero
1195 1954 1259 1981 pars
1275 1947 1379 1973 evitato
1396 1945 1519 1980 periculo
1535 1944 1651 1979 quievit.
1669 1944 1773 1977 Populo

980 1998 1072 2020 autem
1090 1995 1185 2018 contra
1198 1990 1334 2018 Herodem
1351 1989 1532 2022 vociferante,
1548 1989 1674 2016 irritatus
1686 1988 1773 2014 Anto-

980 2039 1053 2070 nius,
1076 2038 1183 2064 vinctos
1206 2036 1355 2064 interfecit.
1375 2036 1523 2063 Enimvero
1548 2035 1702 2069 Antigonus
1726 2034 1774 2060 l’a-

981 2091 1046 2112 coro
1064 2083 1225 2110 l‘arthorum
1250 2082 1307 2116 regi
1333 2082 1407 2109 mille
1433 2081 1535 2108 talenta
1559 2085 1587 2107 et
1610 2089 1625 2107 n
1642 2079 1774 2106 mulieres

981 2130 1131 2166 pollicitus,
1147 2129 1169 2156 si
1185 2128 1370 2164 principatum
1391 2127 1518 2162 Hyrcano
1538 2120 1699 2160 ademptum
1721 2124 1773 2151 sibi

982 2179 1070 2210 daret,
1086 2182 1113 2205 et
1126 2177 1262 2204 Herodem
1277 2183 1339 2203 cum
1357 2175 1415 2202 suis
1429 2173 1539 2201 tolleret
1556 2179 1564 2200 :
1582 2179 1597 2199 a
1616 2170 1727 2198 Parthis
1747 2171 1774 2197 in

981 2224 1102 2252 Judzeam
1124 2222 1254 2250 reductus
1267 2225 1318 2253 est,
1334 2228 1404 2256 quos
1419 2218 1567 2247 lierodiani
1582 2217 1682 2253 sapius
1700 2216 1772 2243 vice-

983 2273 1060 2297 runt.
1086 2268 1139 2296 Sed
1165 2276 1213 2295 rex
1239 2267 1407 2295 Parthorum
1429 2273 1491 2293 cum
1516 2264 1612 2300 paucis
1635 2263 1775 2299 equitibus

983 2317 1080 2343 urbem
1097 2315 1248 2350 ingressus.
1268 2322 1317 2348 per
1337 2313 1458 2348 speciem
1481 2309 1679 2346 componenda
1702 2309 1775 2337 sedi-

983 2363 1078 2394 tionis,
1098 2369 1193 2389 revera
1210 2364 1240 2387 ut
1263 2360 1403 2396 Antigono
1425 2366 1505 2394 opem
1534 2358 1628 2390 ferret,
1646 2355 1777 2384 Phasaelo

982 2408 1087 2444 hospiti
1104 2415 1154 2435 suo
1176 2406 1324 2442 persuadet
1348 2410 1378 2432 ut
1394 2404 1427 2432 ad
1454 2404 1720 2439 Barzapharmanem
1736 2402 1776 2429 le-

981 2459 1060 2490 gatus
1077 2458 1131 2480 eat.
1154 2452 1305 2479 Phasaelus
1324 2455 1352 2478 et
1365 2450 1508 2486 Hyrcanus
1521 2449 1604 2484 legati
1618 2452 1694 2480 eunt,
1708 2447 1778 2473 duce

983 2509 1032 2528 eos
1045 2499 1205 2531 comitante,
1223 2498 1270 2525 sed
1283 2496 1391 2524 llerode
1407 2504 1461 2524 non
1479 2496 1623 2530 probante.
1645 2495 1683 2521 Ae
1699 2494 1777 2528 prin-

984 2547 1058 2582 cipio
1074 2554 1088 2573 a
1112 2545 1349 2580 Barzapharmane
1365 2543 1473 2571 sincere
1488 2541 1605 2576 accepti,
1630 2545 1693 2576 post
1708 2540 1778 2566 insi-

986 2593 1040 2620 diis
1067 2591 1182 2626 appetiti
1210 2595 1286 2622 sunt,
1312 2589 1447 2617 Phasaelo
1472 2592 1623 2622 suspectos
1660 2586 1779 2613 habente

987 2639 1131 2671 barbaros,
1154 2645 1217 2664 cum
1240 2645 1270 2665 se
1293 2641 1380 2664 noctu
1403 2636 1474 2664 clam
1500 2632 1635 2662 custodiri
1654 2632 1778 2659 animad-

736 2731 836 2762 Varize
853 2730 1007 2762 lectiones
1024 2734 1053 2760 et
1070 2732 1162 2760 notae.

174 2817 234 2852 (58)
252 2817 331 2852 Ἀρτι
357 2815 416 2842 τῶν
436 2815 535 2850 ἄκρων
554 2814 689 2852 ἐπιϐάντι
705 2812 759 2846 τῆς
785 2811 934 2852 Ἰουδαίων

133 2847 207 2890 τῆς.
225 2847 556 2890 Ἄκραλιςίνσιηριῖιυηο,
579 2849 636 2877 sive
661 2854 800 2876 extremos
824 2847 892 2875 lines
906 2851 935 2875 et

134 2885 243 2919 limites
260 2885 426 2922 signiﬁcant.
439 2885 482 2914 \V.

175 2925 234 2961 (59)
256 2918 300 2951 '0~
316 2921 351 2949 δὲ
378 2920 437 2949 τῶν
467 2921 591 2956 Πάρθων
616 2919 778 2953 βασιλεύς.
797 2918 934 2955 Iosephus

985 2819 1063 2846 :eque
1079 2810 1216 2838 obscurus
1228 2814 1270 2846 est
1284 2809 1310 2836 in
1326 2809 1379 2846 hac
1397 2807 1526 2846 Parthica
1545 2804 1732 2841 expeditione,
1748 2807 1779 2830 ut

986 2843 1113 2874 videatur
1151 2844 1278 2872 κυκεῶνα
1307 2844 1400 2880 potius
1427 2843 1583 2877 miscuisse,
1611 2846 1694 2876 quant
1719 2845 1779 2866 rem

986 2882 1147 2918 explicassc.
1164 2881 1210 2909 W.
