2041 3147
292 182 347 215 “5

925 184 1047 216 JOANN
1054 184 1090 215 IS
1109 185 1205 215 ZONA
1212 184 1272 216 [LE

1869 183 1925 215 1.16

293 240 401 276 plexus.
419 241 541 269 Sossium
556 240 582 268 ei
600 240 764 276 opitulatum
785 241 825 269 ire
840 241 929 278 jubet.
947 242 1084 278 Iosephus

1147 242 1449 278 ἰαμάρειαδῶρμησεν,
1465 242 1504 274 ὤς
1529 242 1603 278 μάχῃ
1631 241 1833 277 κριθησόμενος
1855 241 1927 276 πρὸς

293 294 361 314 vero
385 287 471 314 frater
484 286 600 314 llerodis
622 286 688 314 dum
715 286 923 315 llierichuntem
945 293 1085 323 properat,

294 332 330 360 ab
343 333 471 367 Antigoni
489 332 624 360 militibus
644 333 671 360 in
688 334 824 369 angustiis
841 339 985 369 exceptus,
1010 335 1088 362 forti-

295 383 337 404 tcr
360 385 485 413 pugnans
508 378 670 409 occumbit,
698 379 773 405 omni
807 379 909 406 amisso
933 381 1058 406 exercitu
1077 388 1085 406 :

294 423 373 457 cujus
385 428 468 458 caput
479 429 650 460 amputatum
662 425 816 460 Antigonus
831 424 908 452 fratri
922 424 996 454 illius
1007 426 1088 460 quin-

1140 289 1309 322 ’Δντίγονον.
1322 289 1368 315 Ἐν
1382 288 1490 321 τούτοις
1506 288 1534 316 δὲ
1547 290 1679 320 πεσόντος
1696 288 1824 323 Πακόρου
1838 288 1865 314 ὲν
1877 296 1928 314 πο-

1135 333 1221 369 λέμῳ,
1242 334 1358 361 καὶτῶν
1375 334 1491 369 Πάρθων
1504 335 1665 370 τραπέντων
1685 335 1737 361 ὑπ’)
1766 334 1927 368 Ῥωμαίων,

1138 380 1241 414 πέμπει
1258 380 1297 415 τῷ
1315 380 1424 416 Ἡρώδῃ
1437 381 1534 416 βοηθὸν
1550 381 1699 416 Μαχαιρᾶν
1713 381 1762 407 σὺν
1784 380 1900 415 στρατιᾷ
1914 380 1928 405 ό

1136 426 1284 458 Βενδὶδιος.
1303 427 1358 452 Καὶ
1380 427 1468 461 τούτῳ
1488 427 1563 462 μὲνδ
1591 427 1718 462 Ἡρώδης
1733 426 1778 453 τὸν
1813 425 1927 459 ἀδελφὴν

294 469 425 505 quaginta
439 471 551 498 talentis
564 471 699 499 vendidit.

1147 473 1238 508 Ιωσὴφ
1257 473 1464 505 καταλέλοιπεν,
1498 473 1688 508 ἐντειλάμενος
1715 472 1754 508 μὴ
1780 472 1928 498 ἀποκινδυ-

295 517 396 552 ιεύῖιν,
426 519 495 555 μηδὲ
522 519 563 555 τῷ
581 519 712 555 Μαχαιρᾷ
731 512 1040 556 meamea-sm;
1071 519 1101 546 δὲ
1122 520 1190 557 πρὸς
1210 521 1354 548 ’Λντώνιον
1377 522 1502 553 ἔσπευδε,
1538 522 1738 557 πολιορκοῦντα
1766 520 1928 555 Σαμόσατα,

295 565 374 594 πόλιν
384 567 439 593 τῶν
454 568 705 603 παρευφρατιδίων.
734 569 779 600 Ὧς
798 568 826 595 δὲ
844 567 960 603 ἠγγιζεν
974 569 988 595 ὁ
1010 567 1145 604 Ἡρώδης,
1178 569 1284 604 πέμπει
1310 569 1340 595 τὸ
1364 569 1523 604 στράτευμα
1543 568 1768 603 ὑπαντησόμενον
1800 566 1878 601 αὐτῷ
1914 565 1928 591 6

295 613 451 646 Ἀντώνιος,
468 615 517 641 καὶ
532 615 654 650 παρόντα
666 615 816 650 ἠσπάζετο,
833 616 880 642 καὶ
911 615 1017 649 Σοσσίῳ
1051 617 1208 650 συμμαχεῖν
1241 615 1316 650 αὖτῴ
1338 615 1493 642 ἐνετέλλετο
1507 622 1515 630 ⁶
1536 615 1582 641 καὶ
1598 615 1627 646 ὃς
1649 615 1679 641 τὸ
1707 612 1926 646 κεκελευσμένον

297 659 427 695 ἐπλήρου.
443 661 542 696 Ἰωσὴφ
567 661 596 688 δὲ
618 661 632 687 ὁ
657 661 773 695 ἀδελφὸς
793 661 926 695 Ἡρώδου,
953 662 999 687 ἐπὶ
1022 660 1189 697 Ἱεριχοῦντα
1204 660 1338 693 σπεύδων,
1371 660 1534 696 περιπίπτει
1555 661 1611 691 τοῖς
1635 659 1807 692 ’Λντιγόνου,
1825 655 1874 682 καὶ
1900 659 1930 687 ἐν

297 707 461 744 δυσχωρίαις
474 708 655 743 ἀποληφθεὶς,
672 708 784 743 θνήσκει
809 710 942 742 γενναίως
960 709 1125 743 μαχόμενος,
1159 710 1206 735 καὶ
1224 709 1295 735 ἅπαν
1314 708 1434 735 ἀπέὁαλε
1455 708 1484 734 τὸ
1501 707 1673 743 στράτευμα.
1706 707 1865 741 Ἀντιγονος
1889 709 1930 742 δὲ,

296 755 347 790 τὴν
362 755 445 781 αὑτοῦ
466 754 558 789 τεμὼν
578 755 712 790 κεφαλὴν,
733 754 772 790 τῷ
805 755 913 790 ἀδελφῷ
934 755 1018 782 αὐτοῦ
1038 754 1153 790 Φερώρᾳ
1167 755 1317 781 ἀποδίδωσι
1331 755 1470 782 ταλάντων
1490 755 1674 789 πεντήκοντα.

334 803 382 831 Kl.
395 803 499 831 ϐειιίιωί
514 811 625 838 quoque
647 811 696 838 per
718 804 903 832 defectionem
917 803 1092 831 llerodianos

298 851 325 877 in
345 850 404 877 lacu
431 850 634 881 demerserunt,
660 851 801 886 multaque
824 851 851 878 in
873 851 965 878 .lmlzea
992 855 1092 878 novata

297 902 372 924 sunt.
383 897 490 931 Quibus
514 898 596 925 rebus
613 906 665 925 una
691 906 753 925 cum
778 899 853 925 caede
874 898 968 925 fratris
994 899 1021 925 in
1039 898 1091 925 Da-

1178 803 1227 831 IA'.
1248 803 1430 834 'Amctdvts;
1444 802 1473 829 δὲ
1487 803 1511 828 οε
1536 801 1682 832 Γαλιλαῖοι,
1699 801 1762 833 τοὺς
1779 802 1814 829 τὰ
1842 803 1933 837 ἸΙρὼ-

1140 850 1184 876 δου
1205 848 1372 883 φρονοῦντας
1387 849 1416 875 ἐν
1430 849 1463 883 τῇ
1482 848 1564 883 λίμνῃ
1577 848 1801 880 κατεπόντωσαν,
1816 849 1866 875 καὶ
1882 851 1932 883 τῆς

1140 896 1273 927 Ἰουδαίας
1302 895 1482 930 ἐνεωτερίσθη
1514 894 1612 922 πολλὰ.
1640 893 1760 930 ῚΙγγὲλη
1788 894 1817 921 δὲ
1845 894 1935 922 ταῦτα

298 944 370 978 phne
383 943 535 972 Antiochia:
554 944 699 975 nuntiatis,
715 944 838 971 llcrodes
856 952 975 979 propere
993 944 1020 971 in
1034 944 1082 971 Ga-

1147 941 1252 978 Ἡρώδῃ
1269 943 1316 969 καὶ
1333 943 1348 976 ἡ
1375 941 1423 968 τοῦ
1443 940 1561 976 ἀδελφοῦ
1582 941 1697 976 τελευτὴ
1723 941 1751 967 ὲν
1768 941 1864 976 Δάφνῃ
1885 941 1935 976 τῆς

298 989 395 1017 lilazam
410 989 560 1025 profectus,
579 990 707 1017 hostibus
723 991 885 1025 profligatis,
906 995 933 1018 et
949 991 975 1018 in
990 991 1089 1018 castel-

298 1037 354 1064 lum
376 1036 513 1071 quoddam
536 1038 697 1072 compulsis,
719 1037 926 1065 llicrichuntem
948 1037 1091 1065 contendit

297 1082 331 1108 a.l
358 1089 454 1109 necem
484 1081 576 1109 fratris
607 1082 805 1110 ulciscendam.
838 1083 993 1117 Antigonus
1026 1089 1092 1110 vero

299 1127 392 1162 Pappo
406 1127 477 1155 duce
492 1135 554 1154 cum
576 1128 664 1162 copiis
689 1127 722 1154 ad
750 1128 902 1155 Samariam
923 1129 1018 1160 misso,
1032 1128 1093 1162 opi-

299 1174 411 1201 nionem
425 1173 553 1201 hostibus
568 1181 629 1201 eam
645 1173 744 1201 afferre
758 1174 855 1207 voluit,
868 1175 947 1209 quasi
965 1174 991 1200 in
1007 1182 1090 1208 opum

299 1219 438 1247 aflluentia
461 1219 564 1248 bellum
588 1225 706 1256 δεινοῖσι.
724 1220 776 1248 Sed
802 1219 924 1248 Herodes
949 1220 1010 1248 illos
1032 1221 1091 1247 acie

299 1267 388 1294 victos
408 1266 435 1293 in
458 1266 549 1294 vicum
574 1272 749 1302 persecutus.
772 1274 868 1294 omnes
895 1266 997 1294 occidit
1022 1274 1093 1301 quos

300 1311 414 1346 adipisci
432 1312 521 1346 potuit
538 1321 545 1339 :
566 1320 685 1347 cumque
702 1312 775 1340 mdes
788 1312 901 1340 armatis
919 1312 1092 1346 compleren-

301 1363 358 1390 tur,
371 1363 399 1386 et
413 1359 490 1386 multi
505 1359 532 1386 in
544 1359 686 1394 superiora
701 1358 891 1394 confugerent.
903 1359 983 1386 tectis
993 1358 1092 1385 aedium

299 1405 460 1438 destructis,
478 1405 617 1440 lapidibus
631 1405 734 1433 milites
748 1407 795 1440 qui
812 1405 882 1432 infra
898 1409 979 1432 erant
991 1405 1092 1431 obruit.

300 1450 339 1477 Ea
361 1457 389 1477 re
413 1450 533 1478 hostium
551 1451 661 1479 animos
680 1451 718 1478 ita
743 1450 835 1486 fregit.
864 1455 894 1477 ut
915 1450 1007 1477 statim
1031 1457 1093 1477 cum

301 1496 424 1523 exercitu
436 1496 624 1532 Hierosolyma
646 1496 751 1523 intrare
771 1495 903 1530 potuerit,
917 1495 968 1522 nisi
987 1500 1094 1530 tempe-

302 1545 374 1567 state
394 1548 490 1575 magna
504 1541 653 1576 impeditus
674 1545 757 1568 esset.
777 1541 811 1568 Et
835 1540 898 1575 quia
921 1540 976 1575 jam
1001 1547 1094 1567 serum

303 1591 373 1618 erat,
400 1586 427 1613 in
450 1586 616 1614 domuncula
649 1587 767 1622 quadam
793 1587 878 1620 lavit,
905 1594 959 1614 uno
989 1591 1094 1613 tantum

304 1640 391 1668 puero
416 1632 592 1661 ministrante

304 1677 409 1713 aliquot
424 1686 457 1706 ex
469 1678 596 1706 hostibus
611 1679 709 1706 armati
723 1686 752 1706 se
767 1679 943 1707 abdiderant.
959 1680 1027 1706 Dum
1047 1679 1098 1714 igi-

305 1727 351 1749 tur
378 1731 425 1750 rex
443 1723 528 1756 lavat,
550 1731 623 1751 unus
652 1725 751 1752 stricto
785 1724 877 1759 gladio
910 1724 1096 1760 progreditur,

306 1768 406 1797 deinde
418 1769 499 1803 alter,
511 1774 572 1805 post
585 1770 665 1806 233
679 1771 761 1802 alius.
775 1772 872 1799 eodem
887 1772 968 1799 modo
980 1771 1095 1799 armati:

306 1821 396 1849 neque
412 1819 501 1843 tamen
519 1823 686 1852 queinquam
711 1821 917 1852 percusserunt,
936 1823 966 1845 ut
981 1818 1007 1845 in
1023 1822 1096 1846 metu

307 1861 422 1889 salutem
450 1863 609 1898 quaesivisse
630 1864 764 1892 contenti.
788 1865 950 1900 Huiusmodi
972 1865 1095 1901 periculo

306 1908 419 1942 evitato,
437 1909 570 1944 postridie
585 1910 669 1951 Pappi
680 1911 736 1946 jam
749 1911 888 1938 interfecti
904 1916 986 1947 caput
1002 1919 1098 1946 ampu-

307 1959 405 1987 tatum,
431 1955 559 1983 Pherorre
591 1956 668 1983 fratri
696 1965 746 1992 pro
761 1957 874 1992 .loscphi
898 1958 987 1992 capite
1011 1957 1096 1989 misit,

306 2001 391 2037 I’appi
413 2003 539 2030 manibus
558 2004 707 2032 interfecti.
729 2004 906 2039 Tempestate
922 2004 1027 2037 sedata,
1051 2011 1098 2031 ca-

305 2048 371 2076 stris
393 2049 516 2084 proxime
540 2049 726 2086 llicrosolyma
749 2051 901 2084 collocatis,
920 2056 947 2079 et
970 2059 1035 2078 cura
1049 2059 1097 2084 pa-

307 2095 400 2122 randa:
421 2095 576 2124 obsidionis
606 2097 689 2125 certis
709 2097 869 2124 hominibus
887 2097 1025 2128 mandata,
1051 2097 1099 2124 Sa-

307 2141 421 2168 mariam
445 2142 514 2176 abit,
531 2146 559 2170 ut
584 2150 647 2170 cuin
671 2143 818 2170 Alexandri
843 2143 898 2170 ﬁlia
924 2151 1022 2177 sponsa
1049 2150 1097 2169 sua

308 2188 514 2216 concumberet.
532 2188 642 2223 Nuptiis
658 2189 803 2222 absolutis,
818 2194 846 2216 et
866 2189 923 2224 ipse
942 2193 970 2216 et
989 2188 1099 2215 Sossius

309 2239 372 2259 eum
391 2234 513 2260 exercitu
532 2234 566 2261 ad
585 2234 838 2270 Hierosolymorum
853 2235 954 2263 moenia
972 2234 1098 2270 profecti,

310 2279 456 2314 aggeribus
478 2280 615 2313 excitatis,
643 2280 825 2316 adductisque
853 2281 989 2309 machinis
1018 2289 1098 2308 muro

310 2324 428 2360 dejecto,
445 2324 479 2352 iis
492 2325 539 2360 qui
560 2325 634 2353 intus
655 2331 733 2354 erant
755 2335 787 2354 ex
804 2326 995 2362 desperatione
1014 2328 1100 2363 magis

310 2377 394 2405 quam
409 2370 524 2398 consilio
544 2371 737 2400 resistentibus
752 2381 759 2399 :
781 2373 899 2408 primum
921 2373 1018 2408 viginti
1035 2374 1099 2401 lecti

310 2417 422 2446 milites.
438 2416 537 2445 deinde
552 2417 635 2445 Sossii
649 2419 826 2447 centuriones
844 2419 945 2448 moenia
966 2427 1102 2447 conscen-

310 2464 387 2492 dere.
404 2465 442 2492 Ac
460 2464 536 2499 prior
551 2473 649 2492 murus
669 2465 770 2493 diebus
790 2466 982 2502 quadraginta,
1010 2470 1102 2500 poste-

311 2512 369 2539 rior
386 2511 543 2546 quindecim
557 2516 600 2539 est
615 2517 796 2547 expugnatus.
818 2513 905 2548 Capto
920 2513 1004 2540 etiam
1027 2518 1102 2540 eue-

312 2560 384 2585 riore
401 2558 514 2594 templo,
528 2558 643 2586 et-urbe
660 2559 803 2591 inferiore,
821 2559 849 2586 in
876 2559 1008 2593 templum
1031 2558 1102 2586 inte-

313 2606 371 2631 rius
386 2609 414 2632 et
429 2605 602 2640 superiorem
615 2605 711 2632 urbem
730 2606 924 2640 confugerunt.
940 2605 975 2633 lis
992 2612 1102 2640 quoque

312 2651 485 2685 expugnatis,
503 2651 626 2678 caulibus
644 2650 745 2678 referta
768 2651 881 2679 fuerunt
902 2651 1005 2678 omnia.
1025 2651 1103 2678 Anti-

314 2703 403 2730 genus
415 2703 480 2723 vero
503 2704 592 2730 neque
608 2697 751 2732 prteseutis
768 2705 856 2732 neque
871 2697 995 2732 pristina:
1016 2697 1098 2723 fortu-

314 2750 358 2769 na:
374 2749 488 2775 memor,
513 2743 582 2769 turri
605 2743 711 2773 relicta.
737 2744 831 2772 8085ἱο
851 2744 965 2778 supplex
992 2744 1101 2771 accidit.

312 2790 402 2822 Quem
422 2789 478 2819 ille,
501 2793 583 2816 tanta:
608 2790 767 2818 mutationis
792 2791 860 2818 nihil
881 2790 1021 2822 misertus,
1040 2797 1102 2817 cuin

316 2836 415 2871 plausu
430 2842 573 2866 manuum.
597 2834 759 2870 Antigonem
779 2837 908 2872 appellat,
932 2841 960 2864 et
981 2836 1102 2863 vinctum

316 2885 346 2912 in
367 2888 444 2910 cush
455 2883 520 2909 li'm
533 2883 626 2910 tradit.
644 2882 765 2911 llerodes
776 2884 866 2917 socios
881 2884 914 2911 ad
933 2883 1063 2918 templum
1077 2887 1104 2910 et

316 2930 430 2959 sacnrii
452 2929 565 2967 adytum
589 2930 766 2966 spectandum
790 2935 980 2968 properantes,
1004 2930 1103 2966 partim

621 1642 629 1660 :
652 1633 679 1660 in
704 1633 782 1669 cujus
807 1632 966 1660 interiorem
988 1628 1093 1668 partem
1109 1626 1130 1653 ε

1142 988 1318 1023 Ἀντιοχείας.
1337 987 1525 1023 Ἐπειγομένῳ
1537 985 1595 1020 οὖν,
1615 987 1654 1018 ὡς
1683 987 1754 1014 κατὰ
1780 987 1935 1014 Γαλιλαίαν

1142 1034 1260 1067 ἐγένετο,
1283 1035 1453 1069 συνήντησαν
1473 1033 1550 1068 αὑτῷ
1568 1034 1594 1059 οἱ
1619 1033 1758 1067 πολέμιοι,
1781 1033 1830 1059 καὶ
1852 1035 1938 1068 ἡττη-

1143 1079 1245 1112 θέντες,
1261 1079 1496 1114 κατεκλείσθησαν
1513 1079 1553 1110 εῐς
1567 1088 1594 1105 τι
1610 1080 1721 1114 χωρίον.
1741 1079 1770 1105 '0
1786 1079 1815 1106 δὲ
1831 1079 1936 1106 ἔσπευ-

1142 1126 1186 1152 δεν
1211 1127 1251 1157 εἰς
1273 1125 1452 1160 Ἱεριχοῦντα,
1479 1125 1692 1160 τιμωρήσασθαι
1717 1124 1803 1151 θέλων
1834 1125 1938 1158 αὐτοὺς

1143 1171 1186 1198 διὰ
1201 1173 1246 1198 τὸν
1263 1171 1386 1205 ἀδελφόν.
1408 1171 1560 1204 Ἀντίγονος
1584 1170 1612 1197 δὲ
1635 1171 1682 1197 ἐπὶ
1698 1171 1747 1206 τὴν
1772 1171 1937 1206 Σαμάρειαν

1143 1219 1250 1253 πέμπει
1277 1217 1434 1253 στρατηγὸν
1463 1218 1580 1244 Πάππον
1610 1217 1697 1251 ὄνομα
1727 1219 1776 1244 σὺν
1806 1217 1937 1253 δυνάμει,

1143 1264 1273 1300 παρέχων
1303 1265 1362 1295 τοῖς
1396 1264 1532 1295 ἐναντίοις
1564 1264 1644 1297 δόξαν
1679 1263 1870 1299 πολεμοῦντος
1907 1265 1937 1290 ἐκ

1145 1313 1316 1350 περιουσίας.
1336 1314 1391 1341 Καὶ
1415 1313 1540 1349 Ἡρώδης
1565 1311 1648 1349 ἦλθεν
1668 1314 1714 1340 ἐπὶ
1737 1313 1782 1340 τὸν
1807 1313 1938 1347 Πάππον,

1143 1361 1191 1387 καὶ
1208 1359 1355 1394 συμῦαλὼν
1382 1361 1439 1392 τοῖς
1468 1359 1609 1394 πολεμίοις
1635 1361 1744 1394 κρατεῖ,
1769 1360 1818 1386 καὶ
1840 1360 1936 1386 εἵπετο

1144 1407 1291 1441 φεύγουσιν
1307 1409 1347 1438 εἰς
1359 1406 1409 1442 τὴν
1422 1405 1531 1441 κώμην,
1542 1405 1656 1433 κτείνων
1670 1406 1718 1438 οὓς
1729 1406 1762 1434 ἄν
1773 1407 1936 1434 καταλάϐοι.

1145 1453 1373 1488 Πεπληρωμένων
1389 1453 1418 1480 δὲ
1435 1452 1489 1479 τῶν
1510 1453 1605 1479 οἰκιῶν
1620 1453 1749 1487 ὁπλιτῶν,
1767 1453 1816 1479 καὶ
1829 1453 1938 1479 πολλῶν

1145 1501 1192 1526 ἐπὶ
1206 1500 1256 1531 τὰς
1281 1500 1383 1534 στέγας
1405 1500 1628 1534 ἀναφευγόντων,
1649 1500 1713 1532 τοὺς
1737 1499 1858 1535 ὀρόφους
1887 1501 1940 1527 τῶν

1145 1545 1228 1572 οἴκων
1249 1545 1401 1581 καθαιρῶν.
1419 1545 1532 1580 ἐκράτει
1560 1545 1673 1572 τούτων.
1700 1545 1939 1582 Καθαιρουμένων

1146 1592 1174 1618 δὲ
1189 1592 1244 1619 τῶν
1252 1592 1370 1627 ὀρόφων,
1392 1592 1498 1624 ἔμπλεα
1513 1592 1639 1626 ἑωρῶντο
1654 1593 1686 1618 τὰ
1703 1593 1780 1619 κάτω
1803 1600 1940 1627 στρατιω-

1147 1637 1214 1669 τῶν,
1231 1637 1278 1670 οὓς
1293 1637 1377 1670 λεθοις
1393 1638 1496 1665 ἄνωοεν
1511 1637 1641 1674 βαλόντες
1658 1638 1790 1665 ἔκτεινον.
1804 1637 1896 1664 Τοῦτο
1909 1638 1940 1664 τὰ

1147 1683 1202 1711 τῶν
1229 1683 1368 1719 πολεμίων
1391 1685 1555 1719 φρονήματα
1589 1683 1724 1718 ἔθραυσε·
1754 1685 1803 1710 καὶ
1818 1681 1891 1719 ἧκεν
1908 1684 1940 1711 ἂν

1148 1729 1188 1760 είς
1207 1729 1382 1766 Ἰεροσόλυμα
1400 1731 1415 1757 ὁ
1432 1730 1556 1766 Ἡρώδης
1573 1731 1643 1766 μετὰ
1659 1731 1708 1766 τῆς
1734 1732 1868 1766 στρατιᾶς
1891 1731 1939 1757 αὖ-

1147 1775 1220 1808 τίκα,
1236 1775 1285 1802 καὶ
1299 1775 1330 1802 τὸ
1343 1777 1397 1803 πᾶν
1411 1776 1603 1813 ἐξειργάσατο,
1619 1776 1644 1802 εἰ
1661 1775 1698 1811 μὴ
1714 1775 1819 1810 χειμὼν
1838 1775 1940 1810 ἐπέσχε

1149 1821 1241 1856 βαθύς.
1251 1822 1317 1848 Τότε
1330 1822 1409 1856 ὀψίας
1417 1821 1511 1856 οὔσης,
1526 1821 1541 1848 ὁ
1556 1821 1683 1856 βασιλεὺς
1700 1821 1840 1856 Ἡρώδης,
1860 1822 1900 1853 εἷς
1915 1830 1939 1848 τι

1147 1866 1282 1901 δωμάτιον
1300 1867 1440 1898 εἰσελθὼν,
1458 1867 1523 1902 περὶ
1538 1866 1652 1902 λουτρὸν
1669 1865 1715 1902 ἦν,
1733 1867 1779 1893 καὶ
1798 1867 1939 1894 ἀποδυσά-

1149 1921 1230 1947 μενος
1248 1912 1365 1943 ἐλούετο,
1393 1913 1453 1944 ἐνὸς
1470 1912 1546 1948 αὺτῷ
1571 1913 1798 1948 ὑπηρετουμένου
1824 1913 1938 1941 παιδός·

1149 1959 1219 1986 κατὰ
1232 1959 1260 1985 δέ
1275 1967 1306 1993 γε
1323 1959 1354 1986 τὸ
1370 1959 1510 1994 ἐνδότερον
1523 1959 1628 1994 οῐκημα
1643 1959 1699 1986 τῶν
1710 1959 1852 1993 πολεμίων
1868 1958 1939 1990 τινες

1150 2006 1374 2040 συμπεφευγότες
1397 2004 1576 2039 ὡπλισμένοι,
1595 2005 1655 2031 ἐκεῖ
1675 2005 1720 2032 διὰ
1751 2004 1834 2039 φόϐον
1861 2004 1940 2040 ὲκρὺ-

1150 2059 1257 2080 πτοντο.
1273 2051 1328 2078 Καὶ
1344 2050 1447 2086 μεταξὺ
1463 2051 1611 2086 λουομένου
1622 2051 1668 2078 τοῦ
1683 2051 1826 2087 βασιλέως,
1845 2048 1887 2083 εἷς
1900 2059 1940 2082 τις

1149 2097 1328 2133 ἔπεξέρχεται
1357 2097 1433 2132 ξίφος
1460 2097 1530 2133 ἔχων
1556 2097 1672 2133 γυμνὸν,
1701 2098 1748 2124 καὶ
1777 2106 1828 2132 μετ
1860 2099 1940 2124 αυτὸν

1150 2143 1240 2177 ἄλλος,
1257 2144 1304 2170 καὶ
1319 2141 1398 2175 αὖθις
1415 2143 1522 2179 ἕτερος,
1535 2144 1636 2178 ὁμοίως
1649 2143 1829 2179 ὠπλισμένοι,
1846 2144 1940 2171 οὐδένα

1150 2189 1301 2224 πλήξαντες
1324 2189 1378 2215 ὑπὸ
1395 2189 1484 2222 δέους,
1501 2189 1667 2223 ἀγαπῶντες
1683 2188 1711 2215 δὲ
1738 2189 1761 2215 εί
1786 2189 1866 2215 αὐτοὶ
1889 2198 1940 2215 σω·

1151 2233 1233 2262 θεῖεν.
1249 2234 1377 2260 Τοιοῦτον
1404 2234 1490 2269 ἔφυγε
1514 2234 1638 2261 κίνδυνον
1659 2233 1675 2261 δ
1700 2234 1836 2270 Ἡρώδης.
1855 2235 1896 2270 Τῇ
1914 2235 1940 2261 δὲ

1151 2279 1286 2316 ὑστεραίᾳ
1307 2280 1357 2315 τὴν
1382 2280 1429 2307 τοῦ
1459 2280 1578 2307 Πάππου
1607 2280 1698 2316 τεμὼν
1723 2281 1860 2315 κεφαλὴν,
1891 2281 1940 2316 ἥδη

1152 2327 1340 2362 ἀνῃρημένου,
1356 2326 1470 2362 ἔπεμψα
1481 2327 1596 2363 Φερώρᾳ
1613 2328 1652 2362 τῷ
1672 2327 1780 2362 ἁδελφῴ
1804 2328 1869 2354 ἀντὶ
1892 2329 1940 2362 τῆς

1152 2373 1198 2400 τοῦ
1211 2373 1313 2408 Ἰωσὴφ
1328 2373 1450 2408 κεφαλῆς
1462 2382 1469 2389 ·
1486 2369 1566 2405 οὗτος
1579 2373 1635 2408 γὰρ
1648 2370 1682 2408 ἦν
1695 2373 1709 2400 δ
1722 2373 1850 2405 Πάππος,
1864 2372 1942 2399 αὑτό-

1151 2428 1213 2455 χειρ
1233 2419 1338 2446 ἐκείνου
1359 2419 1519 2454 γενόμενος.
1535 2418 1675 2454 Λήξαντος
1688 2419 1717 2446 δὲ
1729 2420 1778 2446 τοῦ
1795 2420 1941 2455 χειμῶνος,

1152 2466 1266 2498 ἀφίκετο
1282 2466 1350 2501 πρὸς
1375 2465 1558 2501 Ἰεροσόλυμα,
1575 2466 1621 2492 καὶ
1635 2465 1882 2501 στρατοπεδεύεται
1895 2465 1942 2500 τῆς

1153 2511 1257 2543 πόλεως
1275 2512 1389 2546 ἔγγιστα
1403 2520 1411 2527 ·
1427 2513 1474 2538 καὶ
1489 2511 1650 2538 καταλιπὼν
1663 2512 1722 2538 ἐκεῖ
1737 2512 1800 2543 τοὺς
1823 2511 1859 2537 τὰ
1874 2511 1942 2547 πρὸς

1152 2559 1201 2594 τὴν
1216 2559 1376 2595 πολιορκίαν
1393 2559 1602 2594 ἑτοιμὰσοντας.
1618 2558 1700 2590 αὐτὸς
1724 2558 1765 2590 είς
1781 2558 1941 2593 Σαμάρειαν

1152 2606 1250 2641 ᾤχετο,
1264 2607 1298 2642 τῇ
1315 2605 1494 2640 Ἀλεξάνδρου
1508 2605 1626 2638 θυγατρὶ
1641 2604 1941 2639 συνευνασοησόμενος,

1154 2653 1204 2687 ἤδη
1233 2651 1452 2687 κατεγγυηθείσῃ
1476 2651 1562 2685 αὐτῷ,
1588 2651 1626 2686 ὡς
1643 2651 1795 2686 ἱστόρηται.
1821 2650 1899 2677 Μετὰ
1915 2649 1941 2676 δὲ

1154 2699 1217 2729 τοὺς
1235 2698 1340 2732 γάμους
1364 2698 1479 2732 ἀφίκετο
1505 2699 1536 2724 ὲκ
1555 2697 1724 2733 Σαμαρείας.
1745 2694 1819 2723 Ἧκε
1841 2696 1869 2723 δὲ
1896 2697 1942 2723 σὺν

1155 2745 1270 2779 στρατιᾷ
1285 2745 1328 2770 καὶ
1340 2745 1354 2770 ὁ
1366 2743 1489 2775 Σόσσιος,
1501 2743 1548 2769 καὶ
1563 2744 1630 2779 προς
1643 2743 1674 2769 τὸ
1685 2743 1776 2778 τεῖχος
1790 2742 1845 2769 τῶν
1862 2743 1939 2776 Ίερο

1156 2789 1282 2825 σολύμων
1299 2789 1471 2824 ἡθροίζοντο,
1489 2790 1536 2815 καὶ
1560 2788 1678 2824 χώματα.
1703 2789 1872 2824 ἐγείραντες,
1897 2788 1941 2814 καὶ

1156 2835 1369 2870 πολιορκητικᾱς
1401 2833 1528 2868 μηχανὰς
1561 2834 1761 2868 προσάγοντες,
1793 2833 1824 2860 τὸ
1854 2834 1941 2868 τεῖχος

1157 2881 1309 2908 κατέσειον.
1328 2881 1384 2907 Καὶ
1405 2880 1430 2906 ot
1447 2881 1523 2911 ὲντὺς
1542 2880 1569 2906 δὲ
1588 2880 1703 2915 ἀπονοίᾳ
1721 2880 1822 2914 μᾶλλον
1840 2880 1856 2914 ἢ
1871 2888 1941 2914 προ-

1158 2930 1216 2966 νοίᾳ
1244 2927 1471 2958 ἀντικαθίσταντο
1495 2927 1748 2964 στρατηγούμενοι·
1765 2927 1941 2955 ἀναεαίνουσι
