  <div class='ocr_page' id='page_1' title='image "/cluster/home/n/w/nwhite01/storage/ocr_20150623/134/njp.32101077773099/285.png"; bbox 0 0 2041 3147; ppageno 0'>
   <div class='ocr_carea' id='block_1_1' title="bbox 267 150 322 182">
    <p class='ocr_par' dir='ltr' id='par_1_1' title="bbox 267 150 322 182">
     <span class='ocr_line' id='line_1_1' title="bbox 267 150 322 182; baseline 0.018 -1"><span class='ocrx_word' id='word_1_1' title='bbox 267 150 322 182; x_wconf 71' lang='grc'><strong>423</strong></span> 
     </span>
    </p>
   </div>
   <div class='ocr_carea' id='block_1_2' title="bbox 263 195 1091 242">
    <p class='ocr_par' dir='ltr' id='par_1_2' title="bbox 263 195 1091 242">
     <span class='ocr_line' id='line_1_2' title="bbox 263 195 1091 242; baseline -0.01 -9"><span class='ocrx_word' id='word_1_2' title='bbox 263 208 456 242; x_wconf 86' lang='lat' dir='ltr'><strong>percuntatur.</strong></span> <span class='ocrx_word' id='word_1_3' title='bbox 470 203 518 230; x_wconf 84' lang='lat' dir='ltr'><strong>Illa</strong></span> <span class='ocrx_word' id='word_1_4' title='bbox 533 202 637 230; x_wconf 82' lang='lat' dir='ltr'><strong>crimen</strong></span> <span class='ocrx_word' id='word_1_5' title='bbox 662 200 794 235; x_wconf 79' lang='lat' dir='ltr'><strong>cjcraute,</strong></span> <span class='ocrx_word' id='word_1_6' title='bbox 814 199 928 226; x_wconf 84' lang='lat' dir='ltr'><strong>remissa</strong></span> <span class='ocrx_word' id='word_1_7' title='bbox 944 195 1054 226; x_wconf 74' lang='lat' dir='ltr'><strong>iraéun-</strong></span> <span class='ocrx_word' id='word_1_8' title='bbox 1069 203 1091 230; x_wconf 78' lang='grc' dir='ltr'><strong>Α</strong></span> 
     </span>
    </p>
   </div>
   <div class='ocr_carea' id='block_1_3' title="bbox 264 245 1054 281">
    <p class='ocr_par' dir='ltr' id='par_1_3' title="bbox 264 245 1054 281">
     <span class='ocr_line' id='line_1_3' title="bbox 264 245 1054 281; baseline -0.011 -1"><span class='ocrx_word' id='word_1_9' title='bbox 264 253 310 280; x_wconf 85' lang='lat' dir='ltr'><strong>dia</strong></span> <span class='ocrx_word' id='word_1_10' title='bbox 327 252 417 279; x_wconf 83' lang='lat' dir='ltr'><strong>vietus</strong></span> <span class='ocrx_word' id='word_1_11' title='bbox 428 257 533 280; x_wconf 88' lang='lat' dir='ltr'><strong>amore,</strong></span> <span class='ocrx_word' id='word_1_12' title='bbox 552 254 631 274; x_wconf 87' lang='lat' dir='ltr'><strong>suum</strong></span> <span class='ocrx_word' id='word_1_13' title='bbox 646 254 709 281; x_wconf 72' lang='lat' dir='ltr'><strong>erga</strong></span> <span class='ocrx_word' id='word_1_14' title='bbox 733 245 808 272; x_wconf 81' lang='lat' dir='ltr'><strong>illam</strong></span> <span class='ocrx_word' id='word_1_15' title='bbox 822 245 951 272; x_wconf 83' lang='lat' dir='ltr'><strong>affectum</strong></span> <span class='ocrx_word' id='word_1_16' title='bbox 967 249 1054 272; x_wconf 80' lang='lat' dir='ltr'><strong>testa-</strong></span> 
     </span>
    </p>
   </div>
   <div class='ocr_carea' id='block_1_4' title="bbox 264 291 1054 327">
    <p class='ocr_par' dir='ltr' id='par_1_4' title="bbox 264 291 1054 327">
     <span class='ocr_line' id='line_1_4' title="bbox 264 291 1054 327; baseline -0.009 -1"><span class='ocrx_word' id='word_1_17' title='bbox 264 304 319 326; x_wconf 88' lang='lat' dir='ltr'><strong>tur.</strong></span> <span class='ocrx_word' id='word_1_18' title='bbox 337 298 383 324; x_wconf 87' lang='lat' dir='ltr'><strong>llla</strong></span> <span class='ocrx_word' id='word_1_19' title='bbox 399 303 466 322; x_wconf 86' lang='lat' dir='ltr'><strong>vero</strong></span> <span class='ocrx_word' id='word_1_20' title='bbox 482 292 641 327; x_wconf 82' lang='lat' dir='ltr'><strong>respondet,</strong></span> <span class='ocrx_word' id='word_1_21' title='bbox 659 291 818 318; x_wconf 85' lang='lat' dir='ltr'><strong>mandatum</strong></span> <span class='ocrx_word' id='word_1_22' title='bbox 841 291 908 318; x_wconf 87' lang='lat' dir='ltr'><strong>illud</strong></span> <span class='ocrx_word' id='word_1_23' title='bbox 922 299 977 318; x_wconf 89' lang='lat' dir='ltr'><strong>non</strong></span> <span class='ocrx_word' id='word_1_24' title='bbox 993 299 1054 319; x_wconf 85' lang='lat' dir='ltr'><strong>esse</strong></span> 
     </span>
    </p>
   </div>
   <div class='ocr_carea' id='block_1_5' title="bbox 263 337 1055 376">
    <p class='ocr_par' dir='ltr' id='par_1_5' title="bbox 263 337 1055 376">
     <span class='ocr_line' id='line_1_5' title="bbox 263 337 1055 376; baseline -0.009 -5"><span class='ocrx_word' id='word_1_25' title='bbox 263 344 392 374; x_wconf 81' lang='lat' dir='ltr'><strong>amantis,</strong></span> <span class='ocrx_word' id='word_1_26' title='bbox 406 349 462 376; x_wconf 87' lang='lat' dir='ltr'><strong>quo</strong></span> <span class='ocrx_word' id='word_1_27' title='bbox 487 341 509 367; x_wconf 88' lang='lat' dir='ltr'><strong>si</strong></span> <span class='ocrx_word' id='word_1_28' title='bbox 537 339 603 374; x_wconf 89' lang='lat' dir='ltr'><strong>quid</strong></span> <span class='ocrx_word' id='word_1_29' title='bbox 628 338 679 373; x_wconf 85' lang='lat' dir='ltr'><strong>ipsi</strong></span> <span class='ocrx_word' id='word_1_30' title='bbox 702 338 849 366; x_wconf 87' lang='lat' dir='ltr'><strong>accidisset</strong></span> <span class='ocrx_word' id='word_1_31' title='bbox 876 337 911 365; x_wconf 85' lang='lat' dir='ltr'><strong>ab</strong></span> <span class='ocrx_word' id='word_1_32' title='bbox 934 338 1055 365; x_wconf 88' lang='lat' dir='ltr'><strong>Antonio</strong></span> 
     </span>
    </p>
   </div>
   <div class='ocr_carea' id='block_1_6' title="bbox 264 384 1053 425">
    <p class='ocr_par' dir='ltr' id='par_1_6' title="bbox 264 384 1053 425">
     <span class='ocr_line' id='line_1_6' title="bbox 264 384 1053 425; baseline -0.008 -9"><span class='ocrx_word' id='word_1_33' title='bbox 264 389 385 425; x_wconf 73' lang='lat' dir='ltr'><strong>gravius,</strong></span> <span class='ocrx_word' id='word_1_34' title='bbox 406 395 435 414; x_wconf 86' lang='lat' dir='ltr'><strong>se</strong></span> <span class='ocrx_word' id='word_1_35' title='bbox 465 393 577 421; x_wconf 85' lang='lat' dir='ltr'><strong>quoque</strong></span> <span class='ocrx_word' id='word_1_36' title='bbox 605 385 722 412; x_wconf 85' lang='lat' dir='ltr'><strong>interﬁci</strong></span> <span class='ocrx_word' id='word_1_37' title='bbox 741 385 879 420; x_wconf 85' lang='lat' dir='ltr'><strong>jussisset.</strong></span> <span class='ocrx_word' id='word_1_38' title='bbox 901 384 927 412; x_wconf 86' lang='lat' dir='ltr'><strong>id</strong></span> <span class='ocrx_word' id='word_1_39' title='bbox 950 385 1053 411; x_wconf 81' lang='lat' dir='ltr'><strong>dictum</strong></span> 
     </span>
    </p>
   </div>
   <div class='ocr_carea' id='block_1_7' title="bbox 267 431 1056 467">
    <p class='ocr_par' dir='ltr' id='par_1_7' title="bbox 267 431 1056 467">
     <span class='ocr_line' id='line_1_7' title="bbox 267 431 1056 467; baseline -0.009 -5"><span class='ocrx_word' id='word_1_40' title='bbox 267 435 404 463; x_wconf 80' lang='lat' dir='ltr'><strong>Herodem</strong></span> <span class='ocrx_word' id='word_1_41' title='bbox 423 433 459 460; x_wconf 85' lang='lat' dir='ltr'><strong>ita</strong></span> <span class='ocrx_word' id='word_1_42' title='bbox 487 431 616 467; x_wconf 76' lang='lat' dir='ltr'><strong>perculit,</strong></span> <span class='ocrx_word' id='word_1_43' title='bbox 639 436 669 458; x_wconf 89' lang='lat' dir='ltr'><strong>ut</strong></span> <span class='ocrx_word' id='word_1_44' title='bbox 683 431 861 461; x_wconf 79' lang='lat' dir='ltr'><strong>exclamaret,</strong></span> <span class='ocrx_word' id='word_1_45' title='bbox 888 437 921 457; x_wconf 82' lang='lat' dir='ltr'><strong>ex</strong></span> <span class='ocrx_word' id='word_1_46' title='bbox 936 438 969 457; x_wconf 85' lang='lat' dir='ltr'><strong>eo</strong></span> <span class='ocrx_word' id='word_1_47' title='bbox 989 437 1056 456; x_wconf 89' lang='lat' dir='ltr'><strong>cou-</strong></span> 
     </span>
    </p>
   </div>
   <div class='ocr_carea' id='block_1_8' title="bbox 264 474 1054 511">
    <p class='ocr_par' dir='ltr' id='par_1_8' title="bbox 264 474 1054 511">
     <span class='ocr_line' id='line_1_8' title="bbox 264 474 1054 511; baseline -0.009 -4"><span class='ocrx_word' id='word_1_48' title='bbox 264 487 338 508; x_wconf 85' lang='lat' dir='ltr'><strong>stare</strong></span> <span class='ocrx_word' id='word_1_49' title='bbox 366 479 400 505; x_wconf 89' lang='lat' dir='ltr'><strong>de</strong></span> <span class='ocrx_word' id='word_1_50' title='bbox 434 477 548 511; x_wconf 81' lang='lat' dir='ltr'><strong>Joscphi</strong></span> <span class='ocrx_word' id='word_1_51' title='bbox 573 484 638 511; x_wconf 79' lang='lat' dir='ltr'><strong>erga</strong></span> <span class='ocrx_word' id='word_1_52' title='bbox 657 476 730 502; x_wconf 85' lang='lat' dir='ltr'><strong>illam</strong></span> <span class='ocrx_word' id='word_1_53' title='bbox 751 483 855 502; x_wconf 84' lang='lat' dir='ltr'><strong>amore.</strong></span> <span class='ocrx_word' id='word_1_54' title='bbox 872 474 966 509; x_wconf 80' lang='lat' dir='ltr'><strong>Neque</strong></span> <span class='ocrx_word' id='word_1_55' title='bbox 981 474 1054 501; x_wconf 90' lang='lat' dir='ltr'><strong>enim</strong></span> 
     </span>
    </p>
   </div>
   <div class='ocr_carea' id='block_1_9' title="bbox 264 520 1056 558">
    <p class='ocr_par' dir='ltr' id='par_1_9' title="bbox 264 520 1056 558">
     <span class='ocr_line' id='line_1_9' title="bbox 264 520 1056 558; baseline -0.008 -6"><span class='ocrx_word' id='word_1_56' title='bbox 264 533 394 553; x_wconf 81' lang='lat' dir='ltr'><strong>arcanum</strong></span> <span class='ocrx_word' id='word_1_57' title='bbox 408 524 492 551; x_wconf 80' lang='lat' dir='ltr'><strong>fuisse</strong></span> <span class='ocrx_word' id='word_1_58' title='bbox 508 523 695 558; x_wconf 86' lang='lat' dir='ltr'><strong>proditurum,</strong></span> <span class='ocrx_word' id='word_1_59' title='bbox 711 521 763 548; x_wconf 86' lang='lat' dir='ltr'><strong>nisi</strong></span> <span class='ocrx_word' id='word_1_60' title='bbox 781 528 895 555; x_wconf 74' lang='lat' dir='ltr'><strong>magnus</strong></span> <span class='ocrx_word' id='word_1_61' title='bbox 911 527 960 547; x_wconf 88' lang='lat' dir='ltr'><strong>eos</strong></span> <span class='ocrx_word' id='word_1_62' title='bbox 986 520 1056 547; x_wconf 80' lang='lat' dir='ltr'><strong>aﬂ&#39;e-</strong></span> 
     </span>
    </p>
   </div>
   <div class='ocr_carea' id='block_1_10' title="bbox 262 565 1056 606">
    <p class='ocr_par' dir='ltr' id='par_1_10' title="bbox 262 565 1056 606">
     <span class='ocr_line' id='line_1_10' title="bbox 262 565 1056 606; baseline -0.009 -7"><span class='ocrx_word' id='word_1_63' title='bbox 262 578 324 599; x_wconf 85' lang='lat' dir='ltr'><strong>ctus</strong></span> <span class='ocrx_word' id='word_1_64' title='bbox 337 571 505 606; x_wconf 83' lang='lat' dir='ltr'><strong>enpulassct.</strong></span> <span class='ocrx_word' id='word_1_65' title='bbox 525 569 564 597; x_wconf 84' lang='lat' dir='ltr'><strong>Ac</strong></span> <span class='ocrx_word' id='word_1_66' title='bbox 582 569 674 595; x_wconf 84' lang='lat' dir='ltr'><strong>statim</strong></span> <span class='ocrx_word' id='word_1_67' title='bbox 690 575 803 594; x_wconf 73' lang='lat' dir='ltr'><strong>uxorem</strong></span> <span class='ocrx_word' id='word_1_68' title='bbox 828 566 984 599; x_wconf 69' lang='lat' dir='ltr'><strong>occidisset,</strong></span> <span class='ocrx_word' id='word_1_69' title='bbox 1002 565 1056 593; x_wconf 85' lang='lat' dir='ltr'><strong>nisi</strong></span> 
     </span>
    </p>
   </div>
   <div class='ocr_carea' id='block_1_11' title="bbox 263 612 1057 647">
    <p class='ocr_par' dir='ltr' id='par_1_11' title="bbox 263 612 1057 647">
     <span class='ocr_line' id='line_1_11' title="bbox 263 612 1057 647; baseline -0.009 -2"><span class='ocrx_word' id='word_1_70' title='bbox 263 625 358 645; x_wconf 86' lang='lat' dir='ltr'><strong>amore</strong></span> <span class='ocrx_word' id='word_1_71' title='bbox 373 617 449 644; x_wconf 91' lang='lat' dir='ltr'><strong>illius</strong></span> <span class='ocrx_word' id='word_1_72' title='bbox 465 615 596 643; x_wconf 86' lang='lat' dir='ltr'><strong>subactus</strong></span> <span class='ocrx_word' id='word_1_73' title='bbox 612 613 718 641; x_wconf 77' lang='lat' dir='ltr'><strong>fuisset.</strong></span> <span class='ocrx_word' id='word_1_74' title='bbox 735 613 884 647; x_wconf 82' lang='lat' dir='ltr'><strong>Josepltum</strong></span> <span class='ocrx_word' id='word_1_75' title='bbox 901 617 977 640; x_wconf 86' lang='lat' dir='ltr'><strong>certe</strong></span> <span class='ocrx_word' id='word_1_76' title='bbox 994 612 1057 647; x_wconf 89' lang='lat' dir='ltr'><strong>qui-</strong></span> 
     </span>
    </p>
   </div>
   <div class='ocr_carea' id='block_1_12' title="bbox 264 656 1057 697">
    <p class='ocr_par' dir='ltr' id='par_1_12' title="bbox 264 656 1057 697">
     <span class='ocr_line' id='line_1_12' title="bbox 264 656 1057 697; baseline -0.01 -6"><span class='ocrx_word' id='word_1_77' title='bbox 264 665 338 697; x_wconf 83' lang='lat' dir='ltr'><strong>dem,</strong></span> <span class='ocrx_word' id='word_1_78' title='bbox 358 671 410 690; x_wconf 87' lang='lat' dir='ltr'><strong>nec</strong></span> <span class='ocrx_word' id='word_1_79' title='bbox 427 663 455 689; x_wconf 92' lang='lat' dir='ltr'><strong>in</strong></span> <span class='ocrx_word' id='word_1_80' title='bbox 467 664 645 696; x_wconf 85' lang='lat' dir='ltr'><strong>conspectum</strong></span> <span class='ocrx_word' id='word_1_81' title='bbox 656 667 736 686; x_wconf 89' lang='lat' dir='ltr'><strong>suum</strong></span> <span class='ocrx_word' id='word_1_82' title='bbox 754 658 916 690; x_wconf 85' lang='lat' dir='ltr'><strong>admissum,</strong></span> <span class='ocrx_word' id='word_1_83' title='bbox 938 656 1057 684; x_wconf 87' lang='lat' dir='ltr'><strong>interﬁci</strong></span> 
     </span>
    </p>
   </div>
   <div class='ocr_carea' id='block_1_13' title="bbox 265 703 1058 746">
    <p class='ocr_par' dir='ltr' id='par_1_13' title="bbox 265 703 1058 746">
     <span class='ocr_line' id='line_1_13' title="bbox 265 703 1058 746; baseline -0.011 -9"><span class='ocrx_word' id='word_1_84' title='bbox 265 710 368 746; x_wconf 72' lang='lat' dir='ltr'><strong>jussit:</strong></span> <span class='ocrx_word' id='word_1_85' title='bbox 385 708 579 738; x_wconf 81' lang='lat' dir='ltr'><strong>Alexandrum,</strong></span> <span class='ocrx_word' id='word_1_86' title='bbox 597 709 626 732; x_wconf 91' lang='lat' dir='ltr'><strong>ut</strong></span> <span class='ocrx_word' id='word_1_87' title='bbox 652 705 787 732; x_wconf 85' lang='lat' dir='ltr'><strong>malorqu</strong></span> <span class='ocrx_word' id='word_1_88' title='bbox 812 703 935 731; x_wconf 87' lang='lat' dir='ltr'><strong>omnium</strong></span> <span class='ocrx_word' id='word_1_89' title='bbox 960 707 1058 729; x_wconf 77' lang='lat' dir='ltr'><strong>aucto-</strong></span> 
     </span>
    </p>
   </div>
   <div class='ocr_carea' id='block_1_14' title="bbox 268 747 1060 786">
    <p class='ocr_par' dir='ltr' id='par_1_14' title="bbox 268 747 1060 786">
     <span class='ocr_line' id='line_1_14' title="bbox 268 747 1060 786; baseline -0.009 -3"><span class='ocrx_word' id='word_1_90' title='bbox 268 763 339 786; x_wconf 87' lang='lat' dir='ltr'><strong>rem,</strong></span> <span class='ocrx_word' id='word_1_91' title='bbox 365 755 393 782; x_wconf 92' lang='lat' dir='ltr'><strong>in</strong></span> <span class='ocrx_word' id='word_1_92' title='bbox 409 754 519 782; x_wconf 85' lang='lat' dir='ltr'><strong>vincula</strong></span> <span class='ocrx_word' id='word_1_93' title='bbox 548 752 700 786; x_wconf 74' lang='lat' dir='ltr'><strong>conjectum</strong></span> <span class='ocrx_word' id='word_1_94' title='bbox 732 749 896 777; x_wconf 84' lang='lat' dir='ltr'><strong>asservavit.</strong></span> <span class='ocrx_word' id='word_1_95' title='bbox 922 747 1060 776; x_wconf 80' lang='lat' dir='ltr'><strong>Antonius</strong></span> 
     </span>
    </p>
   </div>
   <div class='ocr_carea' id='block_1_15' title="bbox 268 795 1060 836">
    <p class='ocr_par' dir='ltr' id='par_1_15' title="bbox 268 795 1060 836">
     <span class='ocr_line' id='line_1_15' title="bbox 268 795 1060 836; baseline -0.009 -8"><span class='ocrx_word' id='word_1_96' title='bbox 268 809 352 836; x_wconf 86' lang='lat' dir='ltr'><strong>porro</strong></span> <span class='ocrx_word' id='word_1_97' title='bbox 373 807 479 831; x_wconf 78' lang='lat' dir='ltr'><strong>amore,</strong></span> <span class='ocrx_word' id='word_1_98' title='bbox 495 806 527 826; x_wconf 84' lang='lat' dir='ltr'><strong>ac</strong></span> <span class='ocrx_word' id='word_1_99' title='bbox 553 797 645 833; x_wconf 84' lang='lat' dir='ltr'><strong>potius</strong></span> <span class='ocrx_word' id='word_1_100' title='bbox 671 795 813 824; x_wconf 80' lang='lat' dir='ltr'><strong>veneficiis</strong></span> <span class='ocrx_word' id='word_1_101' title='bbox 832 795 983 830; x_wconf 63' lang='lat' dir='ltr'><strong>Cleopatra:</strong></span> <span class='ocrx_word' id='word_1_102' title='bbox 997 802 1060 822; x_wconf 85' lang='lat' dir='ltr'><strong>eor-</strong></span> 
     </span>
    </p>
   </div>
   <div class='ocr_carea' id='block_1_16' title="bbox 267 840 1056 881">
    <p class='ocr_par' dir='ltr' id='par_1_16' title="bbox 267 840 1056 881">
     <span class='ocr_line' id='line_1_16' title="bbox 267 840 1056 881; baseline -0.008 -8"><span class='ocrx_word' id='word_1_103' title='bbox 267 851 378 881; x_wconf 84' lang='lat' dir='ltr'><strong>ruptus,</strong></span> <span class='ocrx_word' id='word_1_104' title='bbox 395 843 595 879; x_wconf 88' lang='lat' dir='ltr'><strong>cupiditatibus</strong></span> <span class='ocrx_word' id='word_1_105' title='bbox 619 842 694 869; x_wconf 83' lang='lat' dir='ltr'><strong>illius</strong></span> <span class='ocrx_word' id='word_1_106' title='bbox 711 841 859 868; x_wconf 78' lang='lat' dir='ltr'><strong>serviebat.</strong></span> <span class='ocrx_word' id='word_1_107' title='bbox 876 841 915 868; x_wconf 84' lang='lat' dir='ltr'><strong>Ea</strong></span> <span class='ocrx_word' id='word_1_108' title='bbox 932 840 1056 872; x_wconf 87' lang='lat' dir='ltr'><strong>fratrem,</strong></span> 
     </span>
    </p>
   </div>
   <div class='ocr_carea' id='block_1_17' title="bbox 267 874 1095 927">
    <p class='ocr_par' dir='ltr' id='par_1_17' title="bbox 267 874 1095 927">
     <span class='ocr_line' id='line_1_17' title="bbox 267 874 1095 927; baseline -0.01 -7"><span class='ocrx_word' id='word_1_109' title='bbox 267 874 398 927; x_wconf 53' lang='lat' dir='ltr'><strong>all-quem</strong></span> <span class='ocrx_word' id='word_1_110' title='bbox 421 874 535 926; x_wconf 65' lang='lat' dir='ltr'><strong>regnum</strong></span> <span class='ocrx_word' id='word_1_111' title='bbox 562 888 730 924; x_wconf 86' lang='lat' dir='ltr'><strong>pertinebat,</strong></span> <span class='ocrx_word' id='word_1_112' title='bbox 753 895 860 915; x_wconf 75' lang='lat' dir='ltr'><strong>\‘cneno</strong></span> <span class='ocrx_word' id='word_1_113' title='bbox 884 887 1056 920; x_wconf 73' lang='lat' dir='ltr'><strong>sustulerat;</strong></span> <span class='ocrx_word' id='word_1_114' title='bbox 1075 874 1095 901; x_wconf 73' lang='grc' dir='ltr'><strong>Β</strong></span> 
     </span>
    </p>
   </div>
   <div class='ocr_carea' id='block_1_18' title="bbox 267 933 1057 969">
    <p class='ocr_par' dir='ltr' id='par_1_18' title="bbox 267 933 1057 969">
     <span class='ocr_line' id='line_1_18' title="bbox 267 933 1057 969; baseline -0.009 -3"><span class='ocrx_word' id='word_1_115' title='bbox 267 945 389 966; x_wconf 81' lang='lat' dir='ltr'><strong>sororem</strong></span> <span class='ocrx_word' id='word_1_116' title='bbox 400 936 547 964; x_wconf 82' lang='lat' dir='ltr'><strong>Arsinoem</strong></span> <span class='ocrx_word' id='word_1_117' title='bbox 565 941 613 969; x_wconf 88' lang='lat' dir='ltr'><strong>per</strong></span> <span class='ocrx_word' id='word_1_118' title='bbox 624 934 774 961; x_wconf 84' lang='lat' dir='ltr'><strong>Antonium</strong></span> <span class='ocrx_word' id='word_1_119' title='bbox 788 933 928 960; x_wconf 85' lang='lat' dir='ltr'><strong>occiderat</strong></span> <span class='ocrx_word' id='word_1_120' title='bbox 943 941 952 961; x_wconf 72' lang='grc' dir='ltr'><strong>ε</strong></span> <span class='ocrx_word' id='word_1_121' title='bbox 971 933 1057 959; x_wconf 80' lang='lat' dir='ltr'><strong>Anto-</strong></span> 
     </span>
    </p>
   </div>
   <div class='ocr_carea' id='block_1_19' title="bbox 269 978 1059 1017">
    <p class='ocr_par' dir='ltr' id='par_1_19' title="bbox 269 978 1059 1017">
     <span class='ocr_line' id='line_1_19' title="bbox 269 978 1059 1017; baseline -0.005 -7"><span class='ocrx_word' id='word_1_122' title='bbox 269 984 346 1011; x_wconf 90' lang='lat' dir='ltr'><strong>nium</strong></span> <span class='ocrx_word' id='word_1_123' title='bbox 376 983 466 1017; x_wconf 86' lang='lat' dir='ltr'><strong>ipsum</strong></span> <span class='ocrx_word' id='word_1_124' title='bbox 484 988 582 1016; x_wconf 76' lang='lat' dir='ltr'><strong>cogere</strong></span> <span class='ocrx_word' id='word_1_125' title='bbox 597 980 746 1012; x_wconf 85' lang='lat' dir='ltr'><strong>nitebatur,</strong></span> <span class='ocrx_word' id='word_1_126' title='bbox 769 983 797 1006; x_wconf 88' lang='lat' dir='ltr'><strong>ut</strong></span> <span class='ocrx_word' id='word_1_127' title='bbox 821 979 874 1006; x_wconf 80' lang='lat' dir='ltr'><strong>sibi</strong></span> <span class='ocrx_word' id='word_1_128' title='bbox 892 978 1014 1006; x_wconf 75' lang='lat' dir='ltr'><strong>Judaeam</strong></span> <span class='ocrx_word' id='word_1_129' title='bbox 1029 982 1059 1006; x_wconf 88' lang='lat' dir='ltr'><strong>et</strong></span> 
     </span>
    </p>
   </div>
   <div class='ocr_carea' id='block_1_20' title="bbox 267 1024 1060 1059">
    <p class='ocr_par' dir='ltr' id='par_1_20' title="bbox 267 1024 1060 1059">
     <span class='ocr_line' id='line_1_20' title="bbox 267 1024 1060 1059; baseline -0.008 -3"><span class='ocrx_word' id='word_1_130' title='bbox 267 1029 397 1056; x_wconf 81' lang='lat' dir='ltr'><strong>Arabiam</strong></span> <span class='ocrx_word' id='word_1_131' title='bbox 421 1027 597 1055; x_wconf 80' lang='lat' dir='ltr'><strong>attribueret.</strong></span> <span class='ocrx_word' id='word_1_132' title='bbox 612 1025 665 1059; x_wconf 85' lang='lat' dir='ltr'><strong>Qui</strong></span> <span class='ocrx_word' id='word_1_133' title='bbox 686 1030 717 1052; x_wconf 94' lang='lat' dir='ltr'><strong>ut</strong></span> <span class='ocrx_word' id='word_1_134' title='bbox 741 1030 769 1053; x_wconf 91' lang='lat' dir='ltr'><strong>et</strong></span> <span class='ocrx_word' id='word_1_135' title='bbox 792 1024 968 1052; x_wconf 76' lang='lat' dir='ltr'><strong>manifestam</strong></span> <span class='ocrx_word' id='word_1_136' title='bbox 984 1024 1060 1059; x_wconf 84' lang='lat' dir='ltr'><strong>inju-</strong></span> 
     </span>
    </p>
   </div>
   <div class='ocr_carea' id='block_1_21' title="bbox 271 1068 1058 1105">
    <p class='ocr_par' dir='ltr' id='par_1_21' title="bbox 271 1068 1058 1105">
     <span class='ocr_line' id='line_1_21' title="bbox 271 1068 1058 1105; baseline -0.008 -4"><span class='ocrx_word' id='word_1_137' title='bbox 271 1075 341 1102; x_wconf 84' lang='lat' dir='ltr'><strong>riam</strong></span> <span class='ocrx_word' id='word_1_138' title='bbox 355 1068 472 1105; x_wconf 70' lang='lat' dir='ltr'><strong>velaret,</strong></span> <span class='ocrx_word' id='word_1_139' title='bbox 486 1077 514 1099; x_wconf 89' lang='lat' dir='ltr'><strong>et</strong></span> <span class='ocrx_word' id='word_1_140' title='bbox 538 1071 664 1098; x_wconf 78' lang='lat' dir='ltr'><strong>mulieris</strong></span> <span class='ocrx_word' id='word_1_141' title='bbox 678 1071 821 1098; x_wconf 81' lang='lat' dir='ltr'><strong>amoribus</strong></span> <span class='ocrx_word' id='word_1_142' title='bbox 836 1077 869 1097; x_wconf 83' lang='lat' dir='ltr'><strong>ac</strong></span> <span class='ocrx_word' id='word_1_143' title='bbox 883 1070 974 1104; x_wconf 87' lang='lat' dir='ltr'><strong>potius</strong></span> <span class='ocrx_word' id='word_1_144' title='bbox 988 1076 1058 1104; x_wconf 64' lang='lat' dir='ltr'><strong>pra-</strong></span> 
     </span>
    </p>
   </div>
   <div class='ocr_carea' id='block_1_22' title="bbox 270 1115 1060 1154">
    <p class='ocr_par' dir='ltr' id='par_1_22' title="bbox 270 1115 1060 1154">
     <span class='ocr_line' id='line_1_22' title="bbox 270 1115 1060 1154; baseline -0.008 -7"><span class='ocrx_word' id='word_1_145' title='bbox 270 1119 360 1154; x_wconf 78' lang='lat' dir='ltr'><strong>stigiis</strong></span> <span class='ocrx_word' id='word_1_146' title='bbox 372 1118 540 1153; x_wconf 72' lang='lat' dir='ltr'><strong>indulgeret,</strong></span> <span class='ocrx_word' id='word_1_147' title='bbox 554 1117 652 1144; x_wconf 86' lang='lat' dir='ltr'><strong>ablatis</strong></span> <span class='ocrx_word' id='word_1_148' title='bbox 664 1116 699 1144; x_wconf 90' lang='lat' dir='ltr'><strong>ab</strong></span> <span class='ocrx_word' id='word_1_149' title='bbox 711 1120 826 1150; x_wconf 87' lang='lat' dir='ltr'><strong>utraque</strong></span> <span class='ocrx_word' id='word_1_150' title='bbox 840 1115 982 1150; x_wconf 84' lang='lat' dir='ltr'><strong>provincia</strong></span> <span class='ocrx_word' id='word_1_151' title='bbox 995 1123 1060 1150; x_wconf 88' lang='lat' dir='ltr'><strong>par-</strong></span> 
     </span>
    </p>
   </div>
   <div class='ocr_carea' id='block_1_23' title="bbox 271 1161 1060 1197">
    <p class='ocr_par' dir='ltr' id='par_1_23' title="bbox 271 1161 1060 1197">
     <span class='ocr_line' id='line_1_23' title="bbox 271 1161 1060 1197; baseline -0.005 -5"><span class='ocrx_word' id='word_1_152' title='bbox 271 1166 366 1197; x_wconf 88' lang='lat' dir='ltr'><strong>tibus,</strong></span> <span class='ocrx_word' id='word_1_153' title='bbox 392 1164 576 1192; x_wconf 81' lang='lat' dir='ltr'><strong>insatiabilem</strong></span> <span class='ocrx_word' id='word_1_154' title='bbox 603 1163 680 1189; x_wconf 85' lang='lat' dir='ltr'><strong>illius</strong></span> <span class='ocrx_word' id='word_1_155' title='bbox 703 1162 884 1197; x_wconf 78' lang='lat' dir='ltr'><strong>cupiditatem</strong></span> <span class='ocrx_word' id='word_1_156' title='bbox 915 1161 1060 1197; x_wconf 75' lang='lat' dir='ltr'><strong>mitigavit.</strong></span> 
     </span>
    </p>
   </div>
   <div class='ocr_carea' id='block_1_24' title="bbox 270 1207 1061 1242">
    <p class='ocr_par' dir='ltr' id='par_1_24' title="bbox 270 1207 1061 1242">
     <span class='ocr_line' id='line_1_24' title="bbox 270 1207 1061 1242; baseline -0.006 -3"><span class='ocrx_word' id='word_1_157' title='bbox 270 1212 391 1239; x_wconf 83' lang='lat' dir='ltr'><strong>Antonio</strong></span> <span class='ocrx_word' id='word_1_158' title='bbox 399 1211 427 1237; x_wconf 94' lang='lat' dir='ltr'><strong>in</strong></span> <span class='ocrx_word' id='word_1_159' title='bbox 438 1208 596 1236; x_wconf 83' lang='lat' dir='ltr'><strong>Armeniam</strong></span> <span class='ocrx_word' id='word_1_160' title='bbox 606 1208 724 1236; x_wconf 88' lang='lat' dir='ltr'><strong>ducente</strong></span> <span class='ocrx_word' id='word_1_161' title='bbox 733 1208 900 1238; x_wconf 80' lang='lat' dir='ltr'><strong>exercitum.</strong></span> <span class='ocrx_word' id='word_1_162' title='bbox 917 1207 1061 1242; x_wconf 83' lang='lat' dir='ltr'><strong>Cleopatra</strong></span> 
     </span>
    </p>
   </div>
   <div class='ocr_carea' id='block_1_25' title="bbox 270 1254 1061 1286">
    <p class='ocr_par' dir='ltr' id='par_1_25' title="bbox 270 1254 1061 1286">
     <span class='ocr_line' id='line_1_25' title="bbox 270 1254 1061 1286; baseline -0.005 -2"><span class='ocrx_word' id='word_1_163' title='bbox 270 1260 299 1284; x_wconf 93' lang='lat' dir='ltr'><strong>in</strong></span> <span class='ocrx_word' id='word_1_164' title='bbox 316 1257 407 1284; x_wconf 86' lang='lat' dir='ltr'><strong>reditu</strong></span> <span class='ocrx_word' id='word_1_165' title='bbox 427 1263 490 1283; x_wconf 90' lang='lat' dir='ltr'><strong>eum</strong></span> <span class='ocrx_word' id='word_1_166' title='bbox 508 1254 616 1282; x_wconf 69' lang='lat' dir='ltr'><strong>Herode</strong></span> <span class='ocrx_word' id='word_1_167' title='bbox 645 1255 673 1282; x_wconf 92' lang='lat' dir='ltr'><strong>in</strong></span> <span class='ocrx_word' id='word_1_168' title='bbox 690 1255 812 1282; x_wconf 69' lang='lat' dir='ltr'><strong>Judazam</strong></span> <span class='ocrx_word' id='word_1_169' title='bbox 835 1254 921 1286; x_wconf 84' lang='lat' dir='ltr'><strong>venit.</strong></span> <span class='ocrx_word' id='word_1_170' title='bbox 941 1254 1061 1281; x_wconf 85' lang='lat' dir='ltr'><strong>familia-</strong></span> 
     </span>
    </p>
   </div>
   <div class='ocr_carea' id='block_1_26' title="bbox 271 1300 1061 1332">
    <p class='ocr_par' dir='ltr' id='par_1_26' title="bbox 271 1300 1061 1332">
     <span class='ocr_line' id='line_1_26' title="bbox 271 1300 1061 1332; baseline -0.005 -1"><span class='ocrx_word' id='word_1_171' title='bbox 271 1304 355 1331; x_wconf 83' lang='lat' dir='ltr'><strong>ritate</strong></span> <span class='ocrx_word' id='word_1_172' title='bbox 371 1303 397 1330; x_wconf 88' lang='lat' dir='ltr'><strong>in</strong></span> <span class='ocrx_word' id='word_1_173' title='bbox 414 1306 521 1329; x_wconf 84' lang='lat' dir='ltr'><strong>tantum</strong></span> <span class='ocrx_word' id='word_1_174' title='bbox 538 1306 628 1332; x_wconf 82' lang='lat' dir='ltr'><strong>aucta,</strong></span> <span class='ocrx_word' id='word_1_175' title='bbox 645 1305 675 1328; x_wconf 92' lang='lat' dir='ltr'><strong>ut</strong></span> <span class='ocrx_word' id='word_1_176' title='bbox 691 1308 754 1328; x_wconf 90' lang='lat' dir='ltr'><strong>eum</strong></span> <span class='ocrx_word' id='word_1_177' title='bbox 767 1300 850 1328; x_wconf 83' lang='lat' dir='ltr'><strong>etiam</strong></span> <span class='ocrx_word' id='word_1_178' title='bbox 865 1300 899 1328; x_wconf 90' lang='lat' dir='ltr'><strong>ad</strong></span> <span class='ocrx_word' id='word_1_179' title='bbox 912 1301 1004 1328; x_wconf 86' lang='lat' dir='ltr'><strong>cubile</strong></span> <span class='ocrx_word' id='word_1_180' title='bbox 1017 1300 1061 1327; x_wconf 90' lang='lat' dir='ltr'><strong>in-</strong></span> 
     </span>
    </p>
   </div>
   <div class='ocr_carea' id='block_1_27' title="bbox 272 1347 1062 1382">
    <p class='ocr_par' dir='ltr' id='par_1_27' title="bbox 272 1347 1062 1382">
     <span class='ocr_line' id='line_1_27' title="bbox 272 1347 1062 1382; baseline -0.004 -5"><span class='ocrx_word' id='word_1_181' title='bbox 272 1350 378 1382; x_wconf 87' lang='lat' dir='ltr'><strong>vitarit,</strong></span> <span class='ocrx_word' id='word_1_182' title='bbox 402 1348 461 1376; x_wconf 84' lang='lat' dir='ltr'><strong>sive</strong></span> <span class='ocrx_word' id='word_1_183' title='bbox 484 1355 518 1376; x_wconf 80' lang='lat' dir='ltr'><strong>ex</strong></span> <span class='ocrx_word' id='word_1_184' title='bbox 537 1347 671 1376; x_wconf 77' lang='lat' dir='ltr'><strong>eﬂrenata</strong></span> <span class='ocrx_word' id='word_1_185' title='bbox 698 1347 825 1379; x_wconf 84' lang='lat' dir='ltr'><strong>libidine,</strong></span> <span class='ocrx_word' id='word_1_186' title='bbox 853 1347 910 1375; x_wconf 86' lang='lat' dir='ltr'><strong>sive</strong></span> <span class='ocrx_word' id='word_1_187' title='bbox 925 1355 959 1374; x_wconf 80' lang='lat' dir='ltr'><strong>ex</strong></span> <span class='ocrx_word' id='word_1_188' title='bbox 986 1347 1062 1374; x_wconf 81' lang='lat' dir='ltr'><strong>illius</strong></span> 
     </span>
    </p>
   </div>
   <div class='ocr_carea' id='block_1_28' title="bbox 268 1393 1060 1430">
    <p class='ocr_par' dir='ltr' id='par_1_28' title="bbox 268 1393 1060 1430">
     <span class='ocr_line' id='line_1_28' title="bbox 268 1393 1060 1430; baseline -0.005 -6"><span class='ocrx_word' id='word_1_189' title='bbox 268 1403 364 1425; x_wconf 84' lang='lat' dir='ltr'><strong>amore</strong></span> <span class='ocrx_word' id='word_1_190' title='bbox 379 1415 387 1428; x_wconf 97' lang='lat'><strong>,</strong></span> <span class='ocrx_word' id='word_1_191' title='bbox 407 1395 465 1422; x_wconf 87' lang='lat' dir='ltr'><strong>sive</strong></span> <span class='ocrx_word' id='word_1_192' title='bbox 487 1394 561 1430; x_wconf 88' lang='lat' dir='ltr'><strong>quod</strong></span> <span class='ocrx_word' id='word_1_193' title='bbox 586 1394 758 1429; x_wconf 81' lang='lat' dir='ltr'><strong>probabilius</strong></span> <span class='ocrx_word' id='word_1_194' title='bbox 780 1399 833 1426; x_wconf 88' lang='lat' dir='ltr'><strong>est,</strong></span> <span class='ocrx_word' id='word_1_195' title='bbox 850 1398 880 1421; x_wconf 94' lang='lat' dir='ltr'><strong>ut</strong></span> <span class='ocrx_word' id='word_1_196' title='bbox 895 1393 1060 1428; x_wconf 81' lang='lat' dir='ltr'><strong>principium</strong></span> 
     </span>
    </p>
   </div>
   <div class='ocr_carea' id='block_1_29' title="bbox 270 1439 1060 1474">
    <p class='ocr_par' dir='ltr' id='par_1_29' title="bbox 270 1439 1060 1474">
     <span class='ocr_line' id='line_1_29' title="bbox 270 1439 1060 1474; baseline -0.005 -5"><span class='ocrx_word' id='word_1_197' title='bbox 270 1442 434 1469; x_wconf 88' lang='lat' dir='ltr'><strong>insidiarum</strong></span> <span class='ocrx_word' id='word_1_198' title='bbox 471 1448 504 1468; x_wconf 77' lang='lat' dir='ltr'><strong>ex</strong></span> <span class='ocrx_word' id='word_1_199' title='bbox 536 1439 584 1467; x_wconf 91' lang='lat' dir='ltr'><strong>illo</strong></span> <span class='ocrx_word' id='word_1_200' title='bbox 611 1447 760 1474; x_wconf 78' lang='lat' dir='ltr'><strong>congressu</strong></span> <span class='ocrx_word' id='word_1_201' title='bbox 791 1444 888 1466; x_wconf 85' lang='lat' dir='ltr'><strong>contra</strong></span> <span class='ocrx_word' id='word_1_202' title='bbox 921 1439 1060 1466; x_wconf 86' lang='lat' dir='ltr'><strong>hominem</strong></span> 
     </span>
    </p>
   </div>
   <div class='ocr_carea' id='block_1_30' title="bbox 270 1483 1060 1521">
    <p class='ocr_par' dir='ltr' id='par_1_30' title="bbox 270 1483 1060 1521">
     <span class='ocr_line' id='line_1_30' title="bbox 270 1483 1060 1521; baseline -0.004 -8"><span class='ocrx_word' id='word_1_203' title='bbox 270 1487 352 1521; x_wconf 73' lang='lat'><strong>238</strong></span> <span class='ocrx_word' id='word_1_204' title='bbox 368 1490 502 1520; x_wconf 79' lang='lat' dir='ltr'><strong>captaret.</strong></span> <span class='ocrx_word' id='word_1_205' title='bbox 516 1484 570 1512; x_wconf 83' lang='lat' dir='ltr'><strong>Sed</strong></span> <span class='ocrx_word' id='word_1_206' title='bbox 584 1483 716 1515; x_wconf 77' lang='lat' dir='ltr'><strong>llerodcs,</strong></span> <span class='ocrx_word' id='word_1_207' title='bbox 742 1483 836 1511; x_wconf 80' lang='lat' dir='ltr'><strong>verbis</strong></span> <span class='ocrx_word' id='word_1_208' title='bbox 867 1483 941 1510; x_wconf 88' lang='lat' dir='ltr'><strong>illius</strong></span> <span class='ocrx_word' id='word_1_209' title='bbox 964 1483 1060 1515; x_wconf 80' lang='lat' dir='ltr'><strong>elusis,</strong></span> 
     </span>
    </p>
   </div>
   <div class='ocr_carea' id='block_1_31' title="bbox 901 142 1244 174">
    <p class='ocr_par' dir='ltr' id='par_1_31' title="bbox 901 142 1244 174">
     <span class='ocr_line' id='line_1_31' title="bbox 901 142 1244 174; baseline 0 -2"><span class='ocrx_word' id='word_1_210' title='bbox 901 142 1065 174; x_wconf 71' lang='lat' dir='ltr'><strong>JOANNIS</strong></span> <span class='ocrx_word' id='word_1_211' title='bbox 1083 143 1244 173; x_wconf 67' lang='lat' dir='ltr'><strong>ZONARE</strong></span> 
     </span>
    </p>
   </div>
   <div class='ocr_carea' id='block_1_32' title="bbox 1107 195 1900 234">
    <p class='ocr_par' dir='ltr' id='par_1_32' title="bbox 1107 195 1900 234">
     <span class='ocr_line' id='line_1_32' title="bbox 1107 195 1900 234; baseline -0.005 -9"><span class='ocrx_word' id='word_1_212' title='bbox 1107 199 1154 226; x_wconf 74' lang='grc' dir='ltr'>καὶ</span> <span class='ocrx_word' id='word_1_213' title='bbox 1178 197 1348 234; x_wconf 77' lang='grc' dir='ltr'><strong>ζηλοτυπῶν,</strong></span> <span class='ocrx_word' id='word_1_214' title='bbox 1372 197 1425 233; x_wconf 77' lang='grc' dir='ltr'>ἰδίᾳ</span> <span class='ocrx_word' id='word_1_215' title='bbox 1448 197 1498 230; x_wconf 80' lang='grc' dir='ltr'>τὴν</span> <span class='ocrx_word' id='word_1_216' title='bbox 1516 195 1633 231; x_wconf 67' lang='grc' dir='ltr'>Μαριὰμ</span> <span class='ocrx_word' id='word_1_217' title='bbox 1657 195 1810 231; x_wconf 76' lang='grc' dir='ltr'>ἀνέκρινεν.</span> <span class='ocrx_word' id='word_1_218' title='bbox 1828 195 1900 225; x_wconf 67' lang='grc' dir='ltr'><strong>Ἀπ-</strong></span> 
     </span>
    </p>
   </div>
   <div class='ocr_carea' id='block_1_33' title="bbox 1106 241 1900 281">
    <p class='ocr_par' dir='ltr' id='par_1_33' title="bbox 1106 241 1900 281">
     <span class='ocr_line' id='line_1_33' title="bbox 1106 241 1900 281; baseline -0.006 -9"><span class='ocrx_word' id='word_1_219' title='bbox 1106 245 1263 281; x_wconf 83' lang='grc' dir='ltr'>ομνυμένης</span> <span class='ocrx_word' id='word_1_220' title='bbox 1288 244 1311 271; x_wconf 86' lang='grc' dir='ltr'>δ’</span> <span class='ocrx_word' id='word_1_221' title='bbox 1329 244 1448 278; x_wconf 77' lang='grc' dir='ltr'><strong>ἐκείνης,</strong></span> <span class='ocrx_word' id='word_1_222' title='bbox 1473 243 1560 277; x_wconf 73' lang='grc' dir='ltr'>ῖχάλα</span> <span class='ocrx_word' id='word_1_223' title='bbox 1585 242 1634 277; x_wconf 85' lang='grc' dir='ltr'>τὴν</span> <span class='ocrx_word' id='word_1_224' title='bbox 1657 242 1755 277; x_wconf 79' lang='grc' dir='ltr'>ὀργὴν,</span> <span class='ocrx_word' id='word_1_225' title='bbox 1780 241 1900 268; x_wconf 76' lang='grc' dir='ltr'>καὶτοῦ</span> 
     </span>
    </p>
   </div>
   <div class='ocr_carea' id='block_1_34' title="bbox 1106 287 1900 327">
    <p class='ocr_par' dir='ltr' id='par_1_34' title="bbox 1106 287 1900 327">
     <span class='ocr_line' id='line_1_34' title="bbox 1106 287 1900 327; baseline -0.008 -9"><span class='ocrx_word' id='word_1_226' title='bbox 1106 291 1208 327; x_wconf 79' lang='grc' dir='ltr'>ἔρωτος</span> <span class='ocrx_word' id='word_1_227' title='bbox 1223 291 1335 326; x_wconf 75' lang='grc' dir='ltr'>ἥττητο,</span> <span class='ocrx_word' id='word_1_228' title='bbox 1356 290 1403 316; x_wconf 74' lang='grc' dir='ltr'><strong>καὶ</strong></span> <span class='ocrx_word' id='word_1_229' title='bbox 1426 289 1477 324; x_wconf 79' lang='grc' dir='ltr'>τὴν</span> <span class='ocrx_word' id='word_1_230' title='bbox 1493 289 1532 320; x_wconf 86' lang='grc' dir='ltr'><strong>είς</strong></span> <span class='ocrx_word' id='word_1_231' title='bbox 1553 288 1639 323; x_wconf 76' lang='grc' dir='ltr'>αὐτὴν</span> <span class='ocrx_word' id='word_1_232' title='bbox 1652 287 1797 315; x_wconf 77' lang='grc' dir='ltr'>ἑπιστοῦτο</span> <span class='ocrx_word' id='word_1_233' title='bbox 1819 287 1900 322; x_wconf 62' lang='lat' dir='ltr'><strong>gulo-</strong></span> 
     </span>
    </p>
   </div>
   <div class='ocr_carea' id='block_1_35' title="bbox 1107 332 1900 371">
    <p class='ocr_par' dir='ltr' id='par_1_35' title="bbox 1107 332 1900 371">
     <span class='ocr_line' id='line_1_35' title="bbox 1107 332 1900 371; baseline -0.004 -8"><span class='ocrx_word' id='word_1_234' title='bbox 1107 337 1246 371; x_wconf 80' lang='grc' dir='ltr'>στοργιαν.</span> <span class='ocrx_word' id='word_1_235' title='bbox 1267 336 1299 363; x_wconf 86' lang='grc' dir='ltr'><strong>Ἡ</strong></span> <span class='ocrx_word' id='word_1_236' title='bbox 1316 335 1355 367; x_wconf 82' lang='grc' dir='ltr'>δὲ,</span> <span class='ocrx_word' id='word_1_237' title='bbox 1373 336 1411 362; x_wconf 83' lang='grc' dir='ltr'><strong>Οὐ</strong></span> <span class='ocrx_word' id='word_1_238' title='bbox 1429 335 1589 370; x_wconf 68' lang='grc' dir='ltr'><strong>στέργοντας</strong></span> <span class='ocrx_word' id='word_1_239' title='bbox 1603 332 1680 361; x_wconf 76' lang='grc' dir='ltr'>εἶπεν</span> <span class='ocrx_word' id='word_1_240' title='bbox 1694 332 1765 361; x_wconf 75' lang='grc' dir='ltr'>εἶναι</span> <span class='ocrx_word' id='word_1_241' title='bbox 1780 334 1810 361; x_wconf 74' lang='grc' dir='ltr'><strong>τὸ</strong></span> <span class='ocrx_word' id='word_1_242' title='bbox 1823 333 1900 368; x_wconf 81' lang='grc' dir='ltr'><strong>κάμὲ</strong></span> 
     </span>
    </p>
   </div>
   <div class='ocr_carea' id='block_1_36' title="bbox 1107 381 1901 416">
    <p class='ocr_par' dir='ltr' id='par_1_36' title="bbox 1107 381 1901 416">
     <span class='ocr_line' id='line_1_36' title="bbox 1107 381 1901 416; baseline -0.001 -7"><span class='ocrx_word' id='word_1_243' title='bbox 1107 382 1256 410; x_wconf 71' lang='grc' dir='ltr'><strong>ἀπολέσθαι</strong></span> <span class='ocrx_word' id='word_1_244' title='bbox 1273 381 1454 412; x_wconf 79' lang='grc' dir='ltr'>ἐντείλασθαι.</span> <span class='ocrx_word' id='word_1_245' title='bbox 1472 382 1499 408; x_wconf 83' lang='grc' dir='ltr'><strong>εί</strong></span> <span class='ocrx_word' id='word_1_246' title='bbox 1514 381 1546 416; x_wconf 83' lang='grc' dir='ltr'><strong>γέ</strong></span> <span class='ocrx_word' id='word_1_247' title='bbox 1560 390 1600 408; x_wconf 88' lang='grc' dir='ltr'><strong>σοι</strong></span> <span class='ocrx_word' id='word_1_248' title='bbox 1614 382 1679 416; x_wconf 84' lang='grc' dir='ltr'>παρ’</span> <span class='ocrx_word' id='word_1_249' title='bbox 1688 382 1832 409; x_wconf 81' lang='grc' dir='ltr'>Ἀντωνίου</span> <span class='ocrx_word' id='word_1_250' title='bbox 1846 390 1901 416; x_wconf 89' lang='grc' dir='ltr'>χα-</span> 
     </span>
    </p>
   </div>
   <div class='ocr_carea' id='block_1_37' title="bbox 1107 425 1900 464">
    <p class='ocr_par' dir='ltr' id='par_1_37' title="bbox 1107 425 1900 464">
     <span class='ocr_line' id='line_1_37' title="bbox 1107 425 1900 464; baseline 0 -9"><span class='ocrx_word' id='word_1_251' title='bbox 1107 429 1191 456; x_wconf 77' lang='grc' dir='ltr'>λεπόν</span> <span class='ocrx_word' id='word_1_252' title='bbox 1206 437 1232 455; x_wconf 87' lang='grc' dir='ltr'><strong>τι</strong></span> <span class='ocrx_word' id='word_1_253' title='bbox 1244 428 1391 463; x_wconf 80' lang='grc' dir='ltr'>ἐπενεχθῇ.</span> <span class='ocrx_word' id='word_1_254' title='bbox 1407 425 1492 459; x_wconf 65' lang='grc' dir='ltr'>Οὗτος</span> <span class='ocrx_word' id='word_1_255' title='bbox 1509 428 1524 454; x_wconf 87' lang='grc' dir='ltr'><strong>ό</strong></span> <span class='ocrx_word' id='word_1_256' title='bbox 1539 428 1619 461; x_wconf 79' lang='grc' dir='ltr'>λόγος</span> <span class='ocrx_word' id='word_1_257' title='bbox 1631 427 1678 454; x_wconf 78' lang='grc' dir='ltr'>τὸν</span> <span class='ocrx_word' id='word_1_258' title='bbox 1699 427 1822 464; x_wconf 66' lang='grc' dir='ltr'>Ἡράδην</span> <span class='ocrx_word' id='word_1_259' title='bbox 1832 428 1900 455; x_wconf 69' lang='grc' dir='ltr'><strong>ἑτά-</strong></span> 
     </span>
    </p>
   </div>
   <div class='ocr_carea' id='block_1_38' title="bbox 1108 474 1901 510">
    <p class='ocr_par' dir='ltr' id='par_1_38' title="bbox 1108 474 1901 510">
     <span class='ocr_line' id='line_1_38' title="bbox 1108 474 1901 510; baseline -0.004 -8"><span class='ocrx_word' id='word_1_260' title='bbox 1108 475 1246 510; x_wconf 70' lang='grc' dir='ltr'>ρσξε,’καὶ</span> <span class='ocrx_word' id='word_1_261' title='bbox 1266 474 1343 505; x_wconf 77' lang='grc' dir='ltr'>ἐϐόα,</span> <span class='ocrx_word' id='word_1_262' title='bbox 1370 474 1465 509; x_wconf 78' lang='grc' dir='ltr'>σαφῶς</span> <span class='ocrx_word' id='word_1_263' title='bbox 1482 475 1514 500; x_wconf 79' lang='grc' dir='ltr'>ὲκ</span> <span class='ocrx_word' id='word_1_264' title='bbox 1528 474 1625 500; x_wconf 84' lang='grc' dir='ltr'>τούτου</span> <span class='ocrx_word' id='word_1_265' title='bbox 1645 474 1826 509; x_wconf 71' lang='grc' dir='ltr'>πεφωρᾶσθαι</span> <span class='ocrx_word' id='word_1_266' title='bbox 1851 474 1901 500; x_wconf 73' lang='grc' dir='ltr'><strong>τὸν</strong></span> 
     </span>
    </p>
   </div>
   <div class='ocr_carea' id='block_1_39' title="bbox 1107 519 1902 556">
    <p class='ocr_par' dir='ltr' id='par_1_39' title="bbox 1107 519 1902 556">
     <span class='ocr_line' id='line_1_39' title="bbox 1107 519 1902 556; baseline 0 -10"><span class='ocrx_word' id='word_1_267' title='bbox 1107 521 1155 547; x_wconf 80' lang='grc' dir='ltr'>τοῦ</span> <span class='ocrx_word' id='word_1_268' title='bbox 1169 520 1271 555; x_wconf 73' lang='grc' dir='ltr'>Ἰωσὴφ</span> <span class='ocrx_word' id='word_1_269' title='bbox 1289 520 1358 556; x_wconf 75' lang='grc' dir='ltr'>πρὸς</span> <span class='ocrx_word' id='word_1_270' title='bbox 1368 520 1454 556; x_wconf 81' lang='grc' dir='ltr'>αὐτὴν</span> <span class='ocrx_word' id='word_1_271' title='bbox 1466 519 1566 555; x_wconf 76' lang='grc' dir='ltr'>ἔρωτα.</span> <span class='ocrx_word' id='word_1_272' title='bbox 1583 519 1621 546; x_wconf 84' lang='grc' dir='ltr'><strong>Οὐ</strong></span> <span class='ocrx_word' id='word_1_273' title='bbox 1639 520 1694 555; x_wconf 77' lang='grc' dir='ltr'><strong>γὰρ</strong></span> <span class='ocrx_word' id='word_1_274' title='bbox 1711 520 1743 547; x_wconf 70' lang='grc' dir='ltr'><strong>ἂν</strong></span> <span class='ocrx_word' id='word_1_275' title='bbox 1760 520 1851 552; x_wconf 69' lang='grc' dir='ltr'>ἐξεῖπε</span> <span class='ocrx_word' id='word_1_276' title='bbox 1867 521 1902 547; x_wconf 70' lang='grc' dir='ltr'>τὸ</span> 
     </span>
    </p>
   </div>
   <div class='ocr_carea' id='block_1_40' title="bbox 1108 566 1901 602">
    <p class='ocr_par' dir='ltr' id='par_1_40' title="bbox 1108 566 1901 602">
     <span class='ocr_line' id='line_1_40' title="bbox 1108 566 1901 602; baseline 0 -9"><span class='ocrx_word' id='word_1_277' title='bbox 1108 567 1274 602; x_wconf 67' lang='grc' dir='ltr'>ἀπόρρητον,</span> <span class='ocrx_word' id='word_1_278' title='bbox 1286 567 1392 601; x_wconf 74' lang='grc' dir='ltr'>ἔλεγεν,</span> <span class='ocrx_word' id='word_1_279' title='bbox 1401 567 1427 593; x_wconf 83' lang='grc' dir='ltr'>ει</span> <span class='ocrx_word' id='word_1_280' title='bbox 1440 566 1477 602; x_wconf 82' lang='grc' dir='ltr'>μὴ</span> <span class='ocrx_word' id='word_1_281' title='bbox 1490 566 1613 601; x_wconf 80' lang='grc' dir='ltr'><strong>μεγάλης</strong></span> <span class='ocrx_word' id='word_1_282' title='bbox 1623 566 1782 602; x_wconf 81' lang='grc' dir='ltr'>συναψάσης</span> <span class='ocrx_word' id='word_1_283' title='bbox 1797 567 1901 598; x_wconf 74' lang='grc' dir='ltr'>αὐτοὺς</span> 
     </span>
    </p>
   </div>
   <div class='ocr_carea' id='block_1_41' title="bbox 1107 611 1900 648">
    <p class='ocr_par' dir='ltr' id='par_1_41' title="bbox 1107 611 1900 648">
     <span class='ocr_line' id='line_1_41' title="bbox 1107 611 1900 648; baseline 0 -9"><span class='ocrx_word' id='word_1_284' title='bbox 1107 612 1265 644; x_wconf 73' lang='grc' dir='ltr'><strong>διαθέσεως.</strong></span> <span class='ocrx_word' id='word_1_285' title='bbox 1284 613 1339 639; x_wconf 83' lang='grc' dir='ltr'><strong>Καὶ</strong></span> <span class='ocrx_word' id='word_1_286' title='bbox 1360 613 1520 640; x_wconf 78' lang='grc' dir='ltr'>ἀπέκτεινεν</span> <span class='ocrx_word' id='word_1_287' title='bbox 1535 611 1569 639; x_wconf 74' lang='grc' dir='ltr'><strong>ἂν</strong></span> <span class='ocrx_word' id='word_1_288' title='bbox 1583 612 1634 648; x_wconf 69' lang='grc' dir='ltr'>τὴν</span> <span class='ocrx_word' id='word_1_289' title='bbox 1647 614 1765 646; x_wconf 84' lang='grc' dir='ltr'>γυναῖκα</span> <span class='ocrx_word' id='word_1_290' title='bbox 1784 613 1900 646; x_wconf 82' lang='grc' dir='ltr'>αὐτίκα,</span> 
     </span>
    </p>
   </div>
   <div class='ocr_carea' id='block_1_42' title="bbox 1107 657 1902 694">
    <p class='ocr_par' dir='ltr' id='par_1_42' title="bbox 1107 657 1902 694">
     <span class='ocr_line' id='line_1_42' title="bbox 1107 657 1902 694; baseline 0 -10"><span class='ocrx_word' id='word_1_291' title='bbox 1107 659 1132 684; x_wconf 81' lang='grc' dir='ltr'><strong>εί</strong></span> <span class='ocrx_word' id='word_1_292' title='bbox 1148 658 1185 693; x_wconf 81' lang='grc' dir='ltr'>μὴ</span> <span class='ocrx_word' id='word_1_293' title='bbox 1199 658 1238 694; x_wconf 86' lang='grc' dir='ltr'>τῷ</span> <span class='ocrx_word' id='word_1_294' title='bbox 1250 658 1335 693; x_wconf 82' lang='grc' dir='ltr'>αὐτῆς</span> <span class='ocrx_word' id='word_1_295' title='bbox 1346 658 1495 685; x_wconf 86' lang='grc' dir='ltr'>διδούλωτο</span> <span class='ocrx_word' id='word_1_296' title='bbox 1506 657 1599 693; x_wconf 71' lang='grc' dir='ltr'>ἔρωτι.</span> <span class='ocrx_word' id='word_1_297' title='bbox 1614 658 1667 684; x_wconf 75' lang='grc' dir='ltr'><strong>Τιν</strong></span> <span class='ocrx_word' id='word_1_298' title='bbox 1678 657 1777 693; x_wconf 69' lang='grc' dir='ltr'>Ἰωσὴφ</span> <span class='ocrx_word' id='word_1_299' title='bbox 1789 658 1828 690; x_wconf 68' lang='grc' dir='ltr'>δὲ,</span> <span class='ocrx_word' id='word_1_300' title='bbox 1843 667 1902 693; x_wconf 81' lang='grc' dir='ltr'>μη-</span> 
     </span>
    </p>
   </div>
   <div class='ocr_carea' id='block_1_43' title="bbox 1109 702 1900 738">
    <p class='ocr_par' dir='ltr' id='par_1_43' title="bbox 1109 702 1900 738">
     <span class='ocr_line' id='line_1_43' title="bbox 1109 702 1900 738; baseline 0 -9"><span class='ocrx_word' id='word_1_301' title='bbox 1109 703 1132 729; x_wconf 81' lang='grc' dir='ltr'>δ’</span> <span class='ocrx_word' id='word_1_302' title='bbox 1143 704 1183 735; x_wconf 82' lang='grc' dir='ltr'><strong>είς</strong></span> <span class='ocrx_word' id='word_1_303' title='bbox 1201 703 1263 738; x_wconf 67' lang='grc' dir='ltr'>(ίψιν</span> <span class='ocrx_word' id='word_1_304' title='bbox 1277 702 1361 730; x_wconf 83' lang='grc' dir='ltr'>αὐτοῦ</span> <span class='ocrx_word' id='word_1_305' title='bbox 1376 702 1501 737; x_wconf 85' lang='grc' dir='ltr'>ἀγαγὼν,</span> <span class='ocrx_word' id='word_1_306' title='bbox 1518 702 1668 738; x_wconf 76' lang='grc' dir='ltr'>προσέταξε</span> <span class='ocrx_word' id='word_1_307' title='bbox 1682 702 1900 738; x_wconf 72' lang='grc' dir='ltr'>διαχρήσασθαι,</span> 
     </span>
    </p>
   </div>
   <div class='ocr_carea' id='block_1_44' title="bbox 1109 749 1903 785">
    <p class='ocr_par' dir='ltr' id='par_1_44' title="bbox 1109 749 1903 785">
     <span class='ocr_line' id='line_1_44' title="bbox 1109 749 1903 785; baseline 0.001 -10"><span class='ocrx_word' id='word_1_308' title='bbox 1109 749 1157 776; x_wconf 81' lang='grc' dir='ltr'>καὶ</span> <span class='ocrx_word' id='word_1_309' title='bbox 1171 749 1221 785; x_wconf 84' lang='grc' dir='ltr'>τὴν</span> <span class='ocrx_word' id='word_1_310' title='bbox 1241 749 1418 785; x_wconf 74' lang='grc' dir='ltr'><strong>¹Δλεξάνδριιν</strong></span> <span class='ocrx_word' id='word_1_311' title='bbox 1432 749 1469 780; x_wconf 82' lang='grc' dir='ltr'><strong>ὡς</strong></span> <span class='ocrx_word' id='word_1_312' title='bbox 1487 749 1613 778; x_wconf 78' lang='grc' dir='ltr'>ἁπάντων</span> <span class='ocrx_word' id='word_1_313' title='bbox 1629 749 1719 777; x_wconf 78' lang='grc' dir='ltr'>αίτιαν</span> <span class='ocrx_word' id='word_1_314' title='bbox 1734 750 1818 785; x_wconf 80' lang='grc' dir='ltr'><strong>δήσας</strong></span> <span class='ocrx_word' id='word_1_315' title='bbox 1830 750 1903 783; x_wconf 76' lang='grc' dir='ltr'><strong>ἐφύ-</strong></span> 
     </span>
    </p>
   </div>
   <div class='ocr_carea' id='block_1_45' title="bbox 1109 793 1903 830">
    <p class='ocr_par' dir='ltr' id='par_1_45' title="bbox 1109 793 1903 830">
     <span class='ocr_line' id='line_1_45' title="bbox 1109 793 1903 830; baseline 0.003 -10"><span class='ocrx_word' id='word_1_316' title='bbox 1109 794 1215 821; x_wconf 87' lang='grc' dir='ltr'>λαττεν.</span> <span class='ocrx_word' id='word_1_317' title='bbox 1238 794 1381 826; x_wconf 74' lang='grc' dir='ltr'>’Δντώνιος</span> <span class='ocrx_word' id='word_1_318' title='bbox 1395 793 1424 820; x_wconf 75' lang='grc' dir='ltr'>δὲ</span> <span class='ocrx_word' id='word_1_319' title='bbox 1439 793 1477 829; x_wconf 86' lang='grc' dir='ltr'>τῷ</span> <span class='ocrx_word' id='word_1_320' title='bbox 1492 795 1671 830; x_wconf 73' lang='grc' dir='ltr'>Κλεοπάτρας</span> <span class='ocrx_word' id='word_1_321' title='bbox 1689 795 1782 830; x_wconf 73' lang='grc' dir='ltr'>ἔρωτι,</span> <span class='ocrx_word' id='word_1_322' title='bbox 1796 795 1903 829; x_wconf 69' lang='grc' dir='ltr'>μᾶλλον</span> 
     </span>
    </p>
   </div>
   <div class='ocr_carea' id='block_1_46' title="bbox 1109 839 1902 875">
    <p class='ocr_par' dir='ltr' id='par_1_46' title="bbox 1109 839 1902 875">
     <span class='ocr_line' id='line_1_46' title="bbox 1109 839 1902 875; baseline 0 -8"><span class='ocrx_word' id='word_1_323' title='bbox 1109 840 1137 867; x_wconf 71' lang='grc' dir='ltr'>δὲ</span> <span class='ocrx_word' id='word_1_324' title='bbox 1156 840 1342 875; x_wconf 70' lang='grc' dir='ltr'><strong>φαρμακείαις</strong></span> <span class='ocrx_word' id='word_1_325' title='bbox 1361 839 1570 875; x_wconf 68' lang='grc' dir='ltr'>διεφθαρμένος,</span> <span class='ocrx_word' id='word_1_326' title='bbox 1582 842 1644 872; x_wconf 82' lang='grc' dir='ltr'>ταῖς</span> <span class='ocrx_word' id='word_1_327' title='bbox 1660 840 1768 875; x_wconf 69' lang='grc' dir='ltr'>ἐκείνης</span> <span class='ocrx_word' id='word_1_328' title='bbox 1784 841 1902 875; x_wconf 80' lang='grc' dir='ltr'>θελήσε-</span> 
     </span>
    </p>
   </div>
   <div class='ocr_carea' id='block_1_47' title="bbox 1110 883 1903 922">
    <p class='ocr_par' dir='ltr' id='par_1_47' title="bbox 1110 883 1903 922">
     <span class='ocr_line' id='line_1_47' title="bbox 1110 883 1903 922; baseline 0.003 -11"><span class='ocrx_word' id='word_1_329' title='bbox 1110 895 1152 912; x_wconf 91' lang='grc' dir='ltr'><strong>σιν</strong></span> <span class='ocrx_word' id='word_1_330' title='bbox 1166 886 1336 912; x_wconf 75' lang='grc' dir='ltr'><strong>ἐδεδούλωτο.</strong></span> <span class='ocrx_word' id='word_1_331' title='bbox 1351 886 1387 912; x_wconf 83' lang='grc' dir='ltr'><strong>Ἦ</strong></span> <span class='ocrx_word' id='word_1_332' title='bbox 1399 887 1445 913; x_wconf 82' lang='grc' dir='ltr'><strong>τὸν</strong></span> <span class='ocrx_word' id='word_1_333' title='bbox 1460 887 1510 921; x_wconf 77' lang='grc' dir='ltr'><strong>μὲν</strong></span> <span class='ocrx_word' id='word_1_334' title='bbox 1523 887 1647 920; x_wconf 72' lang='grc' dir='ltr'>ἀδελφὺν,</span> <span class='ocrx_word' id='word_1_335' title='bbox 1660 883 1682 920; x_wconf 78' lang='grc' dir='ltr'>ᾧ</span> <span class='ocrx_word' id='word_1_336' title='bbox 1695 887 1712 922; x_wconf 79' lang='grc' dir='ltr'><strong>ἡ</strong></span> <span class='ocrx_word' id='word_1_337' title='bbox 1727 886 1851 922; x_wconf 77' lang='grc' dir='ltr'>βασιλεὶα</span> <span class='ocrx_word' id='word_1_338' title='bbox 1861 889 1903 913; x_wconf 77' lang='grc' dir='ltr'>δι-</span> 
     </span>
    </p>
   </div>
   <div class='ocr_carea' id='block_1_48' title="bbox 1109 931 1899 968">
    <p class='ocr_par' dir='ltr' id='par_1_48' title="bbox 1109 931 1899 968">
     <span class='ocr_line' id='line_1_48' title="bbox 1109 931 1899 968; baseline 0.003 -11"><span class='ocrx_word' id='word_1_339' title='bbox 1109 931 1203 966; x_wconf 75' lang='grc' dir='ltr'>έφερε,</span> <span class='ocrx_word' id='word_1_340' title='bbox 1226 931 1366 966; x_wconf 73' lang='grc' dir='ltr'>φαρμάκῳ</span> <span class='ocrx_word' id='word_1_341' title='bbox 1387 931 1544 967; x_wconf 69' lang='grc' dir='ltr'>διέφθειρευ</span> <span class='ocrx_word' id='word_1_342' title='bbox 1560 931 1611 968; x_wconf 88' lang='grc' dir='ltr'><strong>τὴν</strong></span> <span class='ocrx_word' id='word_1_343' title='bbox 1629 932 1651 958; x_wconf 85' lang='grc' dir='ltr'>δ’</span> <span class='ocrx_word' id='word_1_344' title='bbox 1669 932 1786 967; x_wconf 75' lang='grc' dir='ltr'>ἀδελφὴν</span> <span class='ocrx_word' id='word_1_345' title='bbox 1805 932 1899 967; x_wconf 79' lang='grc' dir='ltr'>’Δρσι-</span> 
     </span>
    </p>
   </div>
   <div class='ocr_carea' id='block_1_49' title="bbox 1108 976 1902 1013">
    <p class='ocr_par' dir='ltr' id='par_1_49' title="bbox 1108 976 1902 1013">
     <span class='ocr_line' id='line_1_49' title="bbox 1108 976 1902 1013; baseline 0.004 -11"><span class='ocrx_word' id='word_1_346' title='bbox 1108 976 1184 1010; x_wconf 75' lang='grc' dir='ltr'>νόην,</span> <span class='ocrx_word' id='word_1_347' title='bbox 1201 976 1235 1002; x_wconf 83' lang='grc' dir='ltr'>δι’</span> <span class='ocrx_word' id='word_1_348' title='bbox 1251 977 1396 1003; x_wconf 82' lang='grc' dir='ltr'>Ἀντωνιου</span> <span class='ocrx_word' id='word_1_349' title='bbox 1407 977 1553 1004; x_wconf 83' lang='grc' dir='ltr'>ἀπέκτεινε</span> <span class='ocrx_word' id='word_1_350' title='bbox 1563 987 1570 993; x_wconf 93' lang='grc'><strong>·</strong></span> <span class='ocrx_word' id='word_1_351' title='bbox 1588 977 1635 1004; x_wconf 74' lang='grc' dir='ltr'><strong>τὸν</strong></span> <span class='ocrx_word' id='word_1_352' title='bbox 1651 979 1742 1013; x_wconf 74' lang='grc' dir='ltr'>μέντοι</span> <span class='ocrx_word' id='word_1_353' title='bbox 1755 979 1902 1006; x_wconf 71' lang='grc' dir='ltr'>’Λντώνιον</span> 
     </span>
    </p>
   </div>
   <div class='ocr_carea' id='block_1_50' title="bbox 1109 1023 1905 1061">
    <p class='ocr_par' dir='ltr' id='par_1_50' title="bbox 1109 1023 1905 1061">
     <span class='ocr_line' id='line_1_50' title="bbox 1109 1023 1905 1061; baseline 0.003 -11"><span class='ocrx_word' id='word_1_354' title='bbox 1109 1023 1232 1056; x_wconf 72' lang='grc' dir='ltr'>ἐϐιάζετο</span> <span class='ocrx_word' id='word_1_355' title='bbox 1248 1024 1296 1058; x_wconf 84' lang='grc' dir='ltr'>τὴν</span> <span class='ocrx_word' id='word_1_356' title='bbox 1310 1024 1440 1051; x_wconf 75' lang='grc' dir='ltr'><strong>Ἰουδαίαν</strong></span> <span class='ocrx_word' id='word_1_357' title='bbox 1455 1024 1524 1060; x_wconf 75' lang='grc' dir='ltr'>αὐτῇ</span> <span class='ocrx_word' id='word_1_358' title='bbox 1538 1025 1584 1052; x_wconf 78' lang='grc' dir='ltr'><strong>καὶ</strong></span> <span class='ocrx_word' id='word_1_359' title='bbox 1597 1025 1647 1060; x_wconf 82' lang='grc' dir='ltr'>τὴν</span> <span class='ocrx_word' id='word_1_360' title='bbox 1671 1025 1804 1061; x_wconf 76' lang='grc' dir='ltr'>’Δραὸίαν</span> <span class='ocrx_word' id='word_1_361' title='bbox 1815 1034 1905 1060; x_wconf 79' lang='grc' dir='ltr'>προσ-</span> 
     </span>
    </p>
   </div>
   <div class='ocr_carea' id='block_1_51' title="bbox 1109 1070 1905 1108">
    <p class='ocr_par' dir='ltr' id='par_1_51' title="bbox 1109 1070 1905 1108">
     <span class='ocr_line' id='line_1_51' title="bbox 1109 1070 1905 1108; baseline 0.005 -13"><span class='ocrx_word' id='word_1_362' title='bbox 1109 1071 1214 1105; x_wconf 86' lang='grc' dir='ltr'>νεῖμαι.</span> <span class='ocrx_word' id='word_1_363' title='bbox 1231 1070 1261 1096; x_wconf 85' lang='lat'><strong>&#39;0</strong></span> <span class='ocrx_word' id='word_1_364' title='bbox 1278 1071 1318 1103; x_wconf 86' lang='grc' dir='ltr'>δὲ,</span> <span class='ocrx_word' id='word_1_365' title='bbox 1334 1071 1365 1098; x_wconf 71' lang='grc' dir='ltr'><strong>τὸ</strong></span> <span class='ocrx_word' id='word_1_366' title='bbox 1381 1071 1520 1106; x_wconf 66' lang='grc' dir='ltr'>προφανὲς</span> <span class='ocrx_word' id='word_1_367' title='bbox 1534 1073 1583 1106; x_wconf 81' lang='grc' dir='ltr'>τῆς</span> <span class='ocrx_word' id='word_1_368' title='bbox 1597 1072 1704 1104; x_wconf 80' lang='grc' dir='ltr'>ἀδικίας</span> <span class='ocrx_word' id='word_1_369' title='bbox 1721 1073 1905 1108; x_wconf 73' lang='grc' dir='ltr'>δυσωπούμε-</span> 
     </span>
    </p>
   </div>
   <div class='ocr_carea' id='block_1_52' title="bbox 1111 1115 1903 1154">
    <p class='ocr_par' dir='ltr' id='par_1_52' title="bbox 1111 1115 1903 1154">
     <span class='ocr_line' id='line_1_52' title="bbox 1111 1115 1903 1154; baseline 0.005 -13"><span class='ocrx_word' id='word_1_370' title='bbox 1111 1124 1166 1148; x_wconf 86' lang='grc' dir='ltr'>νος,</span> <span class='ocrx_word' id='word_1_371' title='bbox 1186 1115 1277 1151; x_wconf 68' lang='grc' dir='ltr'>ἐκείνῃ</span> <span class='ocrx_word' id='word_1_372' title='bbox 1300 1125 1329 1142; x_wconf 91' lang='grc' dir='ltr'><strong>τε</strong></span> <span class='ocrx_word' id='word_1_373' title='bbox 1344 1117 1505 1152; x_wconf 76' lang='grc' dir='ltr'>χαρίζεσθαι</span> <span class='ocrx_word' id='word_1_374' title='bbox 1519 1117 1563 1144; x_wconf 66' lang='grc' dir='ltr'>διὰ</span> <span class='ocrx_word' id='word_1_375' title='bbox 1579 1118 1642 1150; x_wconf 83' lang='grc' dir='ltr'>τοὺς</span> <span class='ocrx_word' id='word_1_376' title='bbox 1664 1118 1769 1154; x_wconf 71' lang='grc' dir='ltr'>ἔρωτας</span> <span class='ocrx_word' id='word_1_377' title='bbox 1785 1119 1833 1145; x_wconf 76' lang='grc' dir='ltr'>καὶ</span> <span class='ocrx_word' id='word_1_378' title='bbox 1851 1119 1903 1150; x_wconf 73' lang='grc' dir='ltr'>τὰς</span> 
     </span>
    </p>
   </div>
   <div class='ocr_carea' id='block_1_53' title="bbox 1110 1162 1904 1200">
    <p class='ocr_par' dir='ltr' id='par_1_53' title="bbox 1110 1162 1904 1200">
     <span class='ocr_line' id='line_1_53' title="bbox 1110 1162 1904 1200; baseline 0.006 -13"><span class='ocrx_word' id='word_1_379' title='bbox 1110 1162 1238 1197; x_wconf 80' lang='grc' dir='ltr'><strong>γοητείας</strong></span> <span class='ocrx_word' id='word_1_380' title='bbox 1265 1163 1498 1197; x_wconf 76' lang='grc' dir='ltr'><strong>ἀναγκαζόμενος,</strong></span> <span class='ocrx_word' id='word_1_381' title='bbox 1519 1163 1548 1197; x_wconf 76' lang='grc' dir='ltr'><strong>ἑξ</strong></span> <span class='ocrx_word' id='word_1_382' title='bbox 1569 1164 1709 1200; x_wconf 70' lang='grc' dir='ltr'>ἑκατέρων</span> <span class='ocrx_word' id='word_1_383' title='bbox 1730 1165 1784 1192; x_wconf 82' lang='grc' dir='ltr'><strong>τῶν</strong></span> <span class='ocrx_word' id='word_1_384' title='bbox 1802 1166 1904 1200; x_wconf 80' lang='grc' dir='ltr'>χωρῶν</span> 
     </span>
    </p>
   </div>
   <div class='ocr_carea' id='block_1_54' title="bbox 1112 1208 1905 1246">
    <p class='ocr_par' dir='ltr' id='par_1_54' title="bbox 1112 1208 1905 1246">
     <span class='ocr_line' id='line_1_54' title="bbox 1112 1208 1905 1246; baseline 0.004 -12"><span class='ocrx_word' id='word_1_385' title='bbox 1112 1208 1184 1243; x_wconf 88' lang='grc' dir='ltr'>μέρη</span> <span class='ocrx_word' id='word_1_386' title='bbox 1204 1209 1422 1243; x_wconf 75' lang='grc' dir='ltr'>ἀποτεμόμενος,</span> <span class='ocrx_word' id='word_1_387' title='bbox 1445 1209 1550 1241; x_wconf 79' lang='grc' dir='ltr'>τούτοις</span> <span class='ocrx_word' id='word_1_388' title='bbox 1573 1210 1659 1246; x_wconf 71' lang='grc' dir='ltr'>αὐτῆς</span> <span class='ocrx_word' id='word_1_389' title='bbox 1675 1210 1725 1246; x_wconf 82' lang='grc' dir='ltr'>τὴν</span> <span class='ocrx_word' id='word_1_390' title='bbox 1747 1211 1905 1246; x_wconf 75' lang='grc' dir='ltr'><strong>ἀπληστίαν</strong></span> 
     </span>
    </p>
   </div>
   <div class='ocr_carea' id='block_1_55' title="bbox 1112 1253 1905 1292">
    <p class='ocr_par' dir='ltr' id='par_1_55' title="bbox 1112 1253 1905 1292">
     <span class='ocr_line' id='line_1_55' title="bbox 1112 1253 1905 1292; baseline 0.004 -12"><span class='ocrx_word' id='word_1_391' title='bbox 1112 1254 1337 1289; x_wconf 72' lang='grc' dir='ltr'><strong>παρεμυθήσατο.</strong></span> <span class='ocrx_word' id='word_1_392' title='bbox 1361 1255 1391 1282; x_wconf 89' lang='lat'><strong>&#39;0</strong></span> <span class='ocrx_word' id='word_1_393' title='bbox 1409 1255 1457 1290; x_wconf 76' lang='grc' dir='ltr'>μὲν</span> <span class='ocrx_word' id='word_1_394' title='bbox 1473 1253 1520 1282; x_wconf 83' lang='grc' dir='ltr'>οὖν</span> <span class='ocrx_word' id='word_1_395' title='bbox 1535 1255 1677 1286; x_wconf 79' lang='grc' dir='ltr'>’Δντώνιος</span> <span class='ocrx_word' id='word_1_396' title='bbox 1694 1257 1734 1289; x_wconf 79' lang='grc' dir='ltr'><strong>εἰς</strong></span> <span class='ocrx_word' id='word_1_397' title='bbox 1754 1257 1905 1292; x_wconf 67' lang='grc' dir='ltr'>Ἀρμενίαν</span> 
     </span>
    </p>
   </div>
   <div class='ocr_carea' id='block_1_56' title="bbox 1111 1301 1905 1338">
    <p class='ocr_par' dir='ltr' id='par_1_56' title="bbox 1111 1301 1905 1338">
     <span class='ocr_line' id='line_1_56' title="bbox 1111 1301 1905 1338; baseline 0.004 -11"><span class='ocrx_word' id='word_1_398' title='bbox 1111 1301 1293 1335; x_wconf 70' lang='grc' dir='ltr'><strong>ἐστράτευσεν</strong></span> <span class='ocrx_word' id='word_1_399' title='bbox 1304 1310 1311 1317; x_wconf 73' lang='grc' dir='ltr'><strong>ο</strong></span> <span class='ocrx_word' id='word_1_400' title='bbox 1330 1303 1347 1337; x_wconf 80' lang='grc' dir='ltr'><strong>ἠ</strong></span> <span class='ocrx_word' id='word_1_401' title='bbox 1364 1301 1403 1335; x_wconf 79' lang='grc' dir='ltr'>δὲ,</span> <span class='ocrx_word' id='word_1_402' title='bbox 1421 1302 1643 1337; x_wconf 77' lang='grc' dir='ltr'>ὕποστρέφουσα,</span> <span class='ocrx_word' id='word_1_403' title='bbox 1658 1304 1698 1334; x_wconf 83' lang='grc' dir='ltr'><strong>εἰς</strong></span> <span class='ocrx_word' id='word_1_404' title='bbox 1710 1303 1905 1338; x_wconf 76' lang='grc' dir='ltr'>τὴνῚουδαίαν</span> 
     </span>
    </p>
   </div>
   <div class='ocr_carea' id='block_1_57' title="bbox 1112 1347 1906 1385">
    <p class='ocr_par' dir='ltr' id='par_1_57' title="bbox 1112 1347 1906 1385">
     <span class='ocr_line' id='line_1_57' title="bbox 1112 1347 1906 1385; baseline 0.005 -13"><span class='ocrx_word' id='word_1_405' title='bbox 1112 1347 1234 1381; x_wconf 82' lang='grc' dir='ltr'>ἐγένετο,</span> <span class='ocrx_word' id='word_1_406' title='bbox 1253 1347 1432 1382; x_wconf 75' lang='grc' dir='ltr'><strong>συντυχόντος</strong></span> <span class='ocrx_word' id='word_1_407' title='bbox 1445 1348 1515 1384; x_wconf 80' lang='grc' dir='ltr'>αὐτῇ</span> <span class='ocrx_word' id='word_1_408' title='bbox 1528 1348 1576 1376; x_wconf 77' lang='grc' dir='ltr'>τοῦ</span> <span class='ocrx_word' id='word_1_409' title='bbox 1598 1348 1730 1385; x_wconf 79' lang='grc' dir='ltr'>Ἡρώδου.</span> <span class='ocrx_word' id='word_1_410' title='bbox 1751 1349 1906 1385; x_wconf 73' lang='grc' dir='ltr'>Συνηθείας</span> 
     </span>
    </p>
   </div>
   <div class='ocr_carea' id='block_1_58' title="bbox 1110 1393 1905 1430">
    <p class='ocr_par' dir='ltr' id='par_1_58' title="bbox 1110 1393 1905 1430">
     <span class='ocr_line' id='line_1_58' title="bbox 1110 1393 1905 1430; baseline 0.001 -10"><span class='ocrx_word' id='word_1_411' title='bbox 1110 1393 1139 1420; x_wconf 71' lang='grc' dir='ltr'>δὲ</span> <span class='ocrx_word' id='word_1_412' title='bbox 1155 1393 1224 1428; x_wconf 81' lang='grc' dir='ltr'><strong>αὑτῇ</strong></span> <span class='ocrx_word' id='word_1_413' title='bbox 1241 1393 1309 1428; x_wconf 71' lang='grc' dir='ltr'>πρὸς</span> <span class='ocrx_word' id='word_1_414' title='bbox 1332 1393 1453 1428; x_wconf 69' lang='grc' dir='ltr'>Ἡρώῖην</span> <span class='ocrx_word' id='word_1_415' title='bbox 1465 1394 1627 1430; x_wconf 53' lang='grc' dir='ltr'>γενομένῳ,</span> <span class='ocrx_word' id='word_1_416' title='bbox 1644 1394 1841 1430; x_wconf 76' lang='grc' dir='ltr'>προσεκαλεῖτο</span> <span class='ocrx_word' id='word_1_417' title='bbox 1853 1395 1905 1421; x_wconf 77' lang='grc' dir='ltr'><strong>αὖ-</strong></span> 
     </span>
    </p>
   </div>
   <div class='ocr_carea' id='block_1_59' title="bbox 1111 1438 1902 1475">
    <p class='ocr_par' dir='ltr' id='par_1_59' title="bbox 1111 1438 1902 1475">
     <span class='ocr_line' id='line_1_59' title="bbox 1111 1438 1902 1475; baseline 0.003 -10"><span class='ocrx_word' id='word_1_418' title='bbox 1111 1438 1157 1465; x_wconf 81' lang='grc' dir='ltr'><strong>τδν</strong></span> <span class='ocrx_word' id='word_1_419' title='bbox 1168 1439 1209 1470; x_wconf 82' lang='grc' dir='ltr'><strong>είς</strong></span> <span class='ocrx_word' id='word_1_420' title='bbox 1224 1439 1315 1474; x_wconf 82' lang='grc' dir='ltr'>εὐνὴν,</span> <span class='ocrx_word' id='word_1_421' title='bbox 1327 1439 1454 1474; x_wconf 81' lang='grc' dir='ltr'>ἀκρατῶς</span> <span class='ocrx_word' id='word_1_422' title='bbox 1466 1439 1533 1475; x_wconf 78' lang='grc' dir='ltr'>πρὸς</span> <span class='ocrx_word' id='word_1_423' title='bbox 1549 1439 1622 1474; x_wconf 77' lang='grc' dir='ltr'>μίξιν</span> <span class='ocrx_word' id='word_1_424' title='bbox 1638 1440 1809 1475; x_wconf 78' lang='grc' dir='ltr'>διακειμένη,</span> <span class='ocrx_word' id='word_1_425' title='bbox 1827 1441 1902 1475; x_wconf 80' lang='grc' dir='ltr'>τάχα</span> 
     </span>
    </p>
   </div>
   <div class='ocr_carea' id='block_1_60' title="bbox 1111 1485 1904 1523">
    <p class='ocr_par' dir='ltr' id='par_1_60' title="bbox 1111 1485 1904 1523">
     <span class='ocr_line' id='line_1_60' title="bbox 1111 1485 1904 1523; baseline 0.003 -11"><span class='ocrx_word' id='word_1_426' title='bbox 1111 1485 1140 1512; x_wconf 82' lang='grc' dir='ltr'><strong>δέ</strong></span> <span class='ocrx_word' id='word_1_427' title='bbox 1155 1494 1182 1512; x_wconf 91' lang='grc' dir='ltr'><strong>τι</strong></span> <span class='ocrx_word' id='word_1_428' title='bbox 1203 1486 1251 1512; x_wconf 77' lang='grc' dir='ltr'>καὶ</span> <span class='ocrx_word' id='word_1_429' title='bbox 1265 1485 1388 1512; x_wconf 77' lang='grc' dir='ltr'>παθοῦσα</span> <span class='ocrx_word' id='word_1_430' title='bbox 1406 1486 1475 1522; x_wconf 67' lang='grc' dir='ltr'>πρὸς</span> <span class='ocrx_word' id='word_1_431' title='bbox 1490 1487 1594 1513; x_wconf 76' lang='grc' dir='ltr'>ἐκεῖνον</span> <span class='ocrx_word' id='word_1_432' title='bbox 1609 1486 1753 1522; x_wconf 70' lang='grc' dir='ltr'>ἐρωτικὸν,</span> <span class='ocrx_word' id='word_1_433' title='bbox 1773 1487 1790 1523; x_wconf 77' lang='grc' dir='ltr'>ἢ</span> <span class='ocrx_word' id='word_1_434' title='bbox 1808 1487 1838 1514; x_wconf 82' lang='grc' dir='ltr'><strong>τὺ</strong></span> <span class='ocrx_word' id='word_1_435' title='bbox 1854 1495 1904 1514; x_wconf 82' lang='grc' dir='ltr'>πι-</span> 
     </span>
    </p>
   </div>
   <div class='ocr_carea' id='block_1_61' title="bbox 271 1528 1059 1571">
    <p class='ocr_par' dir='ltr' id='par_1_61' title="bbox 271 1528 1059 1565">
     <span class='ocr_line' id='line_1_61' title="bbox 271 1528 1059 1565; baseline -0.005 -6"><span class='ocrx_word' id='word_1_436' title='bbox 271 1532 433 1559; x_wconf 86' lang='lat' dir='ltr'><strong>muneribus</strong></span> <span class='ocrx_word' id='word_1_437' title='bbox 461 1532 597 1565; x_wconf 82' lang='lat' dir='ltr'><strong>placatam</strong></span> <span class='ocrx_word' id='word_1_438' title='bbox 629 1529 656 1555; x_wconf 92' lang='lat' dir='ltr'><strong>in</strong></span> <span class='ocrx_word' id='word_1_439' title='bbox 682 1528 830 1564; x_wconf 72' lang='lat' dir='ltr'><strong>Algyptum</strong></span> <span class='ocrx_word' id='word_1_440' title='bbox 863 1528 987 1556; x_wconf 80' lang='lat' dir='ltr'><strong>deduxit.</strong></span> <span class='ocrx_word' id='word_1_441' title='bbox 1013 1528 1059 1555; x_wconf 86' lang='lat' dir='ltr'><strong>Sc-</strong></span> 
     </span>
    </p>
   </div>
   <div class='ocr_carea' id='block_1_62' title="bbox 1110 1528 1904 1571">
    <p class='ocr_par' dir='ltr' id='par_1_62' title="bbox 1113 1531 1904 1570">
     <span class='ocr_line' id='line_1_62' title="bbox 1113 1531 1904 1570; baseline 0.004 -13"><span class='ocrx_word' id='word_1_442' title='bbox 1113 1531 1280 1567; x_wconf 78' lang='grc' dir='ltr'>θανώτερον,</span> <span class='ocrx_word' id='word_1_443' title='bbox 1309 1532 1396 1567; x_wconf 81' lang='grc' dir='ltr'>ἀρχὴν</span> <span class='ocrx_word' id='word_1_444' title='bbox 1426 1532 1536 1568; x_wconf 73' lang='grc' dir='ltr'>ἐνέδρας</span> <span class='ocrx_word' id='word_1_445' title='bbox 1562 1532 1612 1568; x_wconf 79' lang='grc' dir='ltr'>τὴν</span> <span class='ocrx_word' id='word_1_446' title='bbox 1639 1533 1683 1559; x_wconf 70' lang='grc' dir='ltr'><strong>ἐπ’</strong></span> <span class='ocrx_word' id='word_1_447' title='bbox 1698 1533 1767 1570; x_wconf 80' lang='grc' dir='ltr'>αὐτῇ</span> <span class='ocrx_word' id='word_1_448' title='bbox 1791 1533 1904 1568; x_wconf 77' lang='grc' dir='ltr'>ὁμιλίαν</span> 
     </span>
    </p>
   </div>
   <div class='ocr_carea' id='block_1_63' title="bbox 272 1574 1062 1612">
    <p class='ocr_par' dir='ltr' id='par_1_63' title="bbox 272 1574 1062 1612">
     <span class='ocr_line' id='line_1_63' title="bbox 272 1574 1062 1612; baseline -0.004 -8"><span class='ocrx_word' id='word_1_449' title='bbox 272 1578 360 1612; x_wconf 84' lang='lat' dir='ltr'><strong>ptimo</strong></span> <span class='ocrx_word' id='word_1_450' title='bbox 389 1576 506 1604; x_wconf 82' lang='lat' dir='ltr'><strong>Herodis</strong></span> <span class='ocrx_word' id='word_1_451' title='bbox 522 1582 595 1610; x_wconf 63' lang='lat' dir='ltr'><strong>anno</strong></span> <span class='ocrx_word' id='word_1_452' title='bbox 627 1574 721 1601; x_wconf 67' lang='lat' dir='ltr'><strong>Iudaea</strong></span> <span class='ocrx_word' id='word_1_453' title='bbox 746 1578 823 1600; x_wconf 82' lang='lat' dir='ltr'><strong>tanto</strong></span> <span class='ocrx_word' id='word_1_454' title='bbox 848 1578 1003 1601; x_wconf 73' lang='lat' dir='ltr'><strong>termiuotu</strong></span> <span class='ocrx_word' id='word_1_455' title='bbox 1020 1577 1062 1601; x_wconf 82' lang='lat' dir='ltr'><strong>est</strong></span> 
     </span>
    </p>
   </div>
   <div class='ocr_carea' id='block_1_64' title="bbox 273 1620 1062 1656">
    <p class='ocr_par' dir='ltr' id='par_1_64' title="bbox 273 1620 1062 1656">
     <span class='ocr_line' id='line_1_64' title="bbox 273 1620 1062 1656; baseline -0.001 -7"><span class='ocrx_word' id='word_1_456' title='bbox 273 1630 417 1654; x_wconf 87' lang='lat' dir='ltr'><strong>concussa,</strong></span> <span class='ocrx_word' id='word_1_457' title='bbox 447 1625 551 1655; x_wconf 85' lang='lat' dir='ltr'><strong>quanto</strong></span> <span class='ocrx_word' id='word_1_458' title='bbox 587 1627 727 1654; x_wconf 87' lang='lat' dir='ltr'><strong>nunquam</strong></span> <span class='ocrx_word' id='word_1_459' title='bbox 757 1620 913 1647; x_wconf 69' lang='lat' dir='ltr'><strong>alias:nt~e</strong></span> <span class='ocrx_word' id='word_1_460' title='bbox 938 1621 1062 1656; x_wconf 84' lang='lat' dir='ltr'><strong>jumenta</strong></span> 
     </span>
    </p>
   </div>
   <div class='ocr_carea' id='block_1_65' title="bbox 271 1664 1059 1700">
    <p class='ocr_par' dir='ltr' id='par_1_65' title="bbox 271 1664 1059 1700">
     <span class='ocr_line' id='line_1_65' title="bbox 271 1664 1059 1700; baseline -0.001 -6"><span class='ocrx_word' id='word_1_461' title='bbox 271 1670 405 1694; x_wconf 75' lang='lat' dir='ltr'><strong>duntaxat</strong></span> <span class='ocrx_word' id='word_1_462' title='bbox 433 1666 518 1693; x_wconf 87' lang='lat' dir='ltr'><strong>multa</strong></span> <span class='ocrx_word' id='word_1_463' title='bbox 541 1666 695 1700; x_wconf 87' lang='lat' dir='ltr'><strong>perierunt,</strong></span> <span class='ocrx_word' id='word_1_464' title='bbox 724 1664 772 1692; x_wconf 85' lang='lat' dir='ltr'><strong>sed</strong></span> <span class='ocrx_word' id='word_1_465' title='bbox 798 1669 827 1692; x_wconf 93' lang='lat' dir='ltr'><strong>et</strong></span> <span class='ocrx_word' id='word_1_466' title='bbox 854 1665 997 1693; x_wconf 89' lang='lat' dir='ltr'><strong>hominum</strong></span> <span class='ocrx_word' id='word_1_467' title='bbox 1025 1666 1059 1693; x_wconf 88' lang='lat' dir='ltr'><strong>ad</strong></span> 
     </span>
    </p>
   </div>
   <div class='ocr_carea' id='block_1_66' title="bbox 276 1710 1063 1745">
    <p class='ocr_par' dir='ltr' id='par_1_66' title="bbox 276 1710 1063 1745">
     <span class='ocr_line' id='line_1_66' title="bbox 276 1710 1063 1745; baseline -0.003 -5"><span class='ocrx_word' id='word_1_468' title='bbox 276 1721 330 1740; x_wconf 64' lang='lat' dir='ltr'><strong>xxx</strong></span> <span class='ocrx_word' id='word_1_469' title='bbox 342 1712 426 1740; x_wconf 85' lang='lat' dir='ltr'><strong>millia</strong></span> <span class='ocrx_word' id='word_1_470' title='bbox 443 1711 530 1738; x_wconf 88' lang='lat' dir='ltr'><strong>ruinis</strong></span> <span class='ocrx_word' id='word_1_471' title='bbox 542 1710 722 1738; x_wconf 70' lang='lat' dir='ltr'><strong>aediﬁciorum</strong></span> <span class='ocrx_word' id='word_1_472' title='bbox 737 1715 803 1737; x_wconf 90' lang='lat' dir='ltr'><strong>sunt</strong></span> <span class='ocrx_word' id='word_1_473' title='bbox 817 1717 958 1745; x_wconf 82' lang='lat' dir='ltr'><strong>oppressa.</strong></span> <span class='ocrx_word' id='word_1_474' title='bbox 975 1710 1063 1739; x_wconf 81' lang='lat' dir='ltr'><strong>Hero—</strong></span> 
     </span>
    </p>
   </div>
   <div class='ocr_carea' id='block_1_67' title="bbox 273 1755 1059 1791">
    <p class='ocr_par' dir='ltr' id='par_1_67' title="bbox 273 1755 1059 1791">
     <span class='ocr_line' id='line_1_67' title="bbox 273 1755 1059 1791; baseline -0.003 -5"><span class='ocrx_word' id='word_1_475' title='bbox 273 1759 321 1786; x_wconf 84' lang='lat' dir='ltr'><strong>des</strong></span> <span class='ocrx_word' id='word_1_476' title='bbox 340 1765 404 1784; x_wconf 75' lang='lat' dir='ltr'><strong>vero</strong></span> <span class='ocrx_word' id='word_1_477' title='bbox 420 1756 575 1791; x_wconf 87' lang='lat' dir='ltr'><strong>redemptis</strong></span> <span class='ocrx_word' id='word_1_478' title='bbox 592 1755 773 1790; x_wconf 77' lang='lat' dir='ltr'><strong>Vectigalibus</strong></span> <span class='ocrx_word' id='word_1_479' title='bbox 792 1763 886 1783; x_wconf 90' lang='lat' dir='ltr'><strong>earum</strong></span> <span class='ocrx_word' id='word_1_480' title='bbox 904 1757 1059 1791; x_wconf 83' lang='lat' dir='ltr'><strong>provmcia-</strong></span> 
     </span>
    </p>
   </div>
   <div class='ocr_carea' id='block_1_68' title="bbox 274 1801 1062 1837">
    <p class='ocr_par' dir='ltr' id='par_1_68' title="bbox 274 1801 1062 1837">
     <span class='ocr_line' id='line_1_68' title="bbox 274 1801 1062 1837; baseline -0.001 -7"><span class='ocrx_word' id='word_1_481' title='bbox 274 1811 348 1835; x_wconf 88' lang='lat' dir='ltr'><strong>rum,</strong></span> <span class='ocrx_word' id='word_1_482' title='bbox 365 1810 426 1837; x_wconf 79' lang='lat' dir='ltr'><strong>qua:</strong></span> <span class='ocrx_word' id='word_1_483' title='bbox 440 1802 469 1829; x_wconf 86' lang='lat' dir='ltr'><strong>in</strong></span> <span class='ocrx_word' id='word_1_484' title='bbox 488 1801 587 1828; x_wconf 84' lang='lat' dir='ltr'><strong>Arabia</strong></span> <span class='ocrx_word' id='word_1_485' title='bbox 602 1806 631 1828; x_wconf 91' lang='lat' dir='ltr'><strong>et</strong></span> <span class='ocrx_word' id='word_1_486' title='bbox 644 1801 738 1828; x_wconf 76' lang='lat' dir='ltr'><strong>Judaea</strong></span> <span class='ocrx_word' id='word_1_487' title='bbox 755 1801 907 1836; x_wconf 71' lang='lat' dir='ltr'><strong>Cleopatra:</strong></span> <span class='ocrx_word' id='word_1_488' title='bbox 921 1802 1062 1829; x_wconf 68' lang='lat' dir='ltr'><strong>attributas</strong></span> 
     </span>
    </p>
   </div>
   <div class='ocr_carea' id='block_1_69' title="bbox 278 1845 1061 1881">
    <p class='ocr_par' dir='ltr' id='par_1_69' title="bbox 278 1845 1061 1881">
     <span class='ocr_line' id='line_1_69' title="bbox 278 1845 1061 1881; baseline 0 -7"><span class='ocrx_word' id='word_1_489' title='bbox 278 1851 378 1880; x_wconf 88' lang='lat' dir='ltr'><strong>erant,</strong></span> <span class='ocrx_word' id='word_1_490' title='bbox 399 1854 463 1874; x_wconf 88' lang='lat' dir='ltr'><strong>cum</strong></span> <span class='ocrx_word' id='word_1_491' title='bbox 489 1846 578 1873; x_wconf 81' lang='lat' dir='ltr'><strong>Arabs</strong></span> <span class='ocrx_word' id='word_1_492' title='bbox 600 1845 629 1874; x_wconf 90' lang='lat' dir='ltr'><strong>in</strong></span> <span class='ocrx_word' id='word_1_493' title='bbox 655 1845 808 1881; x_wconf 85' lang='lat' dir='ltr'><strong>pendendis</strong></span> <span class='ocrx_word' id='word_1_494' title='bbox 832 1846 941 1873; x_wconf 82' lang='lat' dir='ltr'><strong>tributis</strong></span> <span class='ocrx_word' id='word_1_495' title='bbox 963 1854 1061 1881; x_wconf 86' lang='lat' dir='ltr'><strong>parum</strong></span> 
     </span>
    </p>
   </div>
   <div class='ocr_carea' id='block_1_70' title="bbox 272 1891 1060 1928">
    <p class='ocr_par' dir='ltr' id='par_1_70' title="bbox 272 1891 1060 1928">
     <span class='ocr_line' id='line_1_70' title="bbox 272 1891 1060 1928; baseline -0.001 -7"><span class='ocrx_word' id='word_1_496' title='bbox 272 1901 382 1928; x_wconf 57' lang='lat' dir='ltr'><strong>auruum</strong></span> <span class='ocrx_word' id='word_1_497' title='bbox 397 1900 427 1920; x_wconf 84' lang='lat' dir='ltr'><strong>se</strong></span> <span class='ocrx_word' id='word_1_498' title='bbox 442 1892 588 1927; x_wconf 71' lang='lat' dir='ltr'><strong>praeberet,</strong></span> <span class='ocrx_word' id='word_1_499' title='bbox 611 1891 714 1919; x_wconf 88' lang='lat' dir='ltr'><strong>bellqu</strong></span> <span class='ocrx_word' id='word_1_500' title='bbox 738 1891 764 1919; x_wconf 88' lang='lat' dir='ltr'><strong>ei</strong></span> <span class='ocrx_word' id='word_1_501' title='bbox 789 1891 901 1918; x_wconf 82' lang='lat' dir='ltr'><strong>Antonii</strong></span> <span class='ocrx_word' id='word_1_502' title='bbox 923 1892 1060 1926; x_wconf 88' lang='lat' dir='ltr'><strong>permissu</strong></span> 
     </span>
    </p>
   </div>
   <div class='ocr_carea' id='block_1_71' title="bbox 211 1937 1061 1972">
    <p class='ocr_par' dir='ltr' id='par_1_71' title="bbox 211 1937 1061 1972">
     <span class='ocr_line' id='line_1_71' title="bbox 211 1937 1061 1972; baseline -0.002 -4"><span class='ocrx_word' id='word_1_503' title='bbox 211 1956 215 1960; x_wconf 94' lang='lat'><strong><em>-</em></strong></span> <span class='ocrx_word' id='word_1_504' title='bbox 272 1941 375 1968; x_wconf 80' lang='lat' dir='ltr'><strong>inferre</strong></span> <span class='ocrx_word' id='word_1_505' title='bbox 386 1939 532 1967; x_wconf 87' lang='lat' dir='ltr'><strong>constituit</strong></span> <span class='ocrx_word' id='word_1_506' title='bbox 548 1947 555 1971; x_wconf 88' lang='lat'>;</span> <span class='ocrx_word' id='word_1_507' title='bbox 576 1946 609 1966; x_wconf 89' lang='lat' dir='ltr'><strong>ac</strong></span> <span class='ocrx_word' id='word_1_508' title='bbox 627 1938 722 1966; x_wconf 81' lang='lat' dir='ltr'><strong>multis</strong></span> <span class='ocrx_word' id='word_1_509' title='bbox 735 1937 835 1972; x_wconf 64' lang='lat' dir='ltr'><strong>praliis</strong></span> <span class='ocrx_word' id='word_1_510' title='bbox 848 1938 938 1971; x_wconf 87' lang='lat' dir='ltr'><strong>factis,</strong></span> <span class='ocrx_word' id='word_1_511' title='bbox 951 1938 1061 1966; x_wconf 84' lang='lat' dir='ltr'><strong>tandem</strong></span> 
     </span>
    </p>
   </div>
   <div class='ocr_carea' id='block_1_72' title="bbox 272 1985 1060 2021">
    <p class='ocr_par' dir='ltr' id='par_1_72' title="bbox 272 1985 1060 2021">
     <span class='ocr_line' id='line_1_72' title="bbox 272 1985 1060 2021; baseline -0.001 -8"><span class='ocrx_word' id='word_1_512' title='bbox 272 1987 360 2014; x_wconf 89' lang='lat' dir='ltr'><strong>victor</strong></span> <span class='ocrx_word' id='word_1_513' title='bbox 371 1990 452 2021; x_wconf 79' lang='lat' dir='ltr'><strong>gente</strong></span> <span class='ocrx_word' id='word_1_514' title='bbox 464 1985 589 2020; x_wconf 84' lang='lat' dir='ltr'><strong>supplice</strong></span> <span class='ocrx_word' id='word_1_515' title='bbox 599 1985 628 2012; x_wconf 89' lang='lat' dir='ltr'><strong>in</strong></span> <span class='ocrx_word' id='word_1_516' title='bbox 645 1985 800 2011; x_wconf 83' lang='lat' dir='ltr'><strong>clientelam</strong></span> <span class='ocrx_word' id='word_1_517' title='bbox 814 1990 935 2019; x_wconf 87' lang='lat' dir='ltr'><strong>accepta,</strong></span> <span class='ocrx_word' id='word_1_518' title='bbox 948 1985 1060 2012; x_wconf 89' lang='lat' dir='ltr'><strong>domum</strong></span> 
     </span>
    </p>
   </div>
   <div class='ocr_carea' id='block_1_73' title="bbox 272 2030 1056 2066">
    <p class='ocr_par' dir='ltr' id='par_1_73' title="bbox 272 2030 1056 2066">
     <span class='ocr_line' id='line_1_73' title="bbox 272 2030 1056 2066; baseline -0.001 -7"><span class='ocrx_word' id='word_1_519' title='bbox 272 2034 432 2065; x_wconf 79' lang='lat' dir='ltr'><strong>revertitur,</strong></span> <span class='ocrx_word' id='word_1_520' title='bbox 447 2031 484 2058; x_wconf 90' lang='lat' dir='ltr'><strong>ob</strong></span> <span class='ocrx_word' id='word_1_521' title='bbox 505 2038 561 2058; x_wconf 86' lang='lat' dir='ltr'><strong>rem</strong></span> <span class='ocrx_word' id='word_1_522' title='bbox 576 2030 685 2057; x_wconf 77' lang='lat' dir='ltr'><strong>fortiter</strong></span> <span class='ocrx_word' id='word_1_523' title='bbox 701 2035 804 2064; x_wconf 79' lang='lat' dir='ltr'><strong>gestam</strong></span> <span class='ocrx_word' id='word_1_524' title='bbox 820 2031 931 2057; x_wconf 87' lang='lat' dir='ltr'><strong>nomine</strong></span> <span class='ocrx_word' id='word_1_525' title='bbox 956 2038 1056 2066; x_wconf 74' lang='lat' dir='ltr'><strong>magno</strong></span> 
     </span>
    </p>
   </div>
   <div class='ocr_carea' id='block_1_74' title="bbox 271 2075 1060 2113">
    <p class='ocr_par' dir='ltr' id='par_1_74' title="bbox 271 2075 1060 2113">
     <span class='ocr_line' id='line_1_74' title="bbox 271 2075 1060 2113; baseline -0.001 -8"><span class='ocrx_word' id='word_1_526' title='bbox 271 2083 361 2113; x_wconf 84' lang='lat' dir='ltr'><strong>parto,</strong></span> <span class='ocrx_word' id='word_1_527' title='bbox 379 2082 407 2104; x_wconf 90' lang='lat' dir='ltr'><strong>et</strong></span> <span class='ocrx_word' id='word_1_528' title='bbox 431 2078 530 2112; x_wconf 84' lang='lat' dir='ltr'><strong>plenus</strong></span> <span class='ocrx_word' id='word_1_529' title='bbox 546 2076 711 2103; x_wconf 88' lang='lat' dir='ltr'><strong>animorum.</strong></span> <span class='ocrx_word' id='word_1_530' title='bbox 740 2075 793 2103; x_wconf 85' lang='lat' dir='ltr'><strong>Sed</strong></span> <span class='ocrx_word' id='word_1_531' title='bbox 818 2077 938 2104; x_wconf 88' lang='lat' dir='ltr'><strong>Antonio</strong></span> <span class='ocrx_word' id='word_1_532' title='bbox 963 2084 1060 2104; x_wconf 84' lang='lat' dir='ltr'><strong>recens</strong></span> 
     </span>
    </p>
   </div>
   <div class='ocr_carea' id='block_1_75' title="bbox 271 2121 1060 2156">
    <p class='ocr_par' dir='ltr' id='par_1_75' title="bbox 271 2121 1060 2156">
     <span class='ocr_line' id='line_1_75' title="bbox 271 2121 1060 2156; baseline -0.003 -5"><span class='ocrx_word' id='word_1_533' title='bbox 271 2124 305 2151; x_wconf 85' lang='lat' dir='ltr'><strong>ad</strong></span> <span class='ocrx_word' id='word_1_534' title='bbox 324 2123 432 2151; x_wconf 86' lang='lat' dir='ltr'><strong>Actiqu</strong></span> <span class='ocrx_word' id='word_1_535' title='bbox 455 2130 470 2149; x_wconf 89' lang='lat' dir='ltr'><strong>a</strong></span> <span class='ocrx_word' id='word_1_536' title='bbox 492 2122 599 2149; x_wconf 75' lang='lat' dir='ltr'><strong>Caesare</strong></span> <span class='ocrx_word' id='word_1_537' title='bbox 625 2126 770 2156; x_wconf 82' lang='lat' dir='ltr'><strong>superato,</strong></span> <span class='ocrx_word' id='word_1_538' title='bbox 790 2128 834 2148; x_wconf 88' lang='lat' dir='ltr'><strong>res</strong></span> <span class='ocrx_word' id='word_1_539' title='bbox 861 2122 921 2155; x_wconf 80' lang='lat' dir='ltr'><strong>ejus</strong></span> <span class='ocrx_word' id='word_1_540' title='bbox 944 2121 1060 2149; x_wconf 60' lang='lat' dir='ltr'><strong>turbatae</strong></span> 
     </span>
    </p>
   </div>
   <div class='ocr_carea' id='block_1_76' title="bbox 271 2166 1059 2202">
    <p class='ocr_par' dir='ltr' id='par_1_76' title="bbox 271 2166 1059 2202">
     <span class='ocr_line' id='line_1_76' title="bbox 271 2166 1059 2202; baseline -0.001 -8"><span class='ocrx_word' id='word_1_541' title='bbox 271 2173 347 2200; x_wconf 88' lang='lat' dir='ltr'><strong>sunt,</strong></span> <span class='ocrx_word' id='word_1_542' title='bbox 361 2175 393 2194; x_wconf 89' lang='lat' dir='ltr'><strong>ac</strong></span> <span class='ocrx_word' id='word_1_543' title='bbox 410 2167 503 2202; x_wconf 82' lang='lat' dir='ltr'><strong>potius</strong></span> <span class='ocrx_word' id='word_1_544' title='bbox 524 2167 604 2201; x_wconf 86' lang='lat' dir='ltr'><strong>plane</strong></span> <span class='ocrx_word' id='word_1_545' title='bbox 622 2166 781 2200; x_wconf 70' lang='lat' dir='ltr'><strong>deploratae.</strong></span> <span class='ocrx_word' id='word_1_546' title='bbox 797 2166 891 2201; x_wconf 85' lang='lat' dir='ltr'><strong>Neque</strong></span> <span class='ocrx_word' id='word_1_547' title='bbox 905 2167 979 2194; x_wconf 88' lang='lat' dir='ltr'><strong>enim</strong></span> <span class='ocrx_word' id='word_1_548' title='bbox 995 2173 1059 2201; x_wconf 84' lang='lat' dir='ltr'><strong>spe-</strong></span> 
     </span>
    </p>
   </div>
   <div class='ocr_carea' id='block_1_77' title="bbox 1113 1577 1904 1614">
    <p class='ocr_par' dir='ltr' id='par_1_77' title="bbox 1113 1577 1904 1614">
     <span class='ocr_line' id='line_1_77' title="bbox 1113 1577 1904 1614; baseline 0.004 -11"><span class='ocrx_word' id='word_1_549' title='bbox 1113 1577 1185 1603; x_wconf 70' lang='grc' dir='ltr'>κατὰ</span> <span class='ocrx_word' id='word_1_550' title='bbox 1212 1577 1260 1604; x_wconf 80' lang='grc' dir='ltr'>τοῦ</span> <span class='ocrx_word' id='word_1_551' title='bbox 1288 1577 1384 1612; x_wconf 76' lang='grc' dir='ltr'>ἀνδρὸς</span> <span class='ocrx_word' id='word_1_552' title='bbox 1415 1579 1628 1610; x_wconf 69' lang='grc' dir='ltr'>συσκευάζουσα.</span> <span class='ocrx_word' id='word_1_553' title='bbox 1653 1578 1777 1614; x_wconf 78' lang='grc' dir='ltr'>Ἡρώδης</span> <span class='ocrx_word' id='word_1_554' title='bbox 1792 1579 1820 1605; x_wconf 73' lang='grc' dir='ltr'>δὲ</span> <span class='ocrx_word' id='word_1_555' title='bbox 1836 1580 1904 1611; x_wconf 77' lang='grc' dir='ltr'>τοὺς</span> 
     </span>
    </p>
   </div>
   <div class='ocr_carea' id='block_1_78' title="bbox 1115 1623 1904 1661">
    <p class='ocr_par' dir='ltr' id='par_1_78' title="bbox 1115 1623 1904 1661">
     <span class='ocr_line' id='line_1_78' title="bbox 1115 1623 1904 1661; baseline 0.003 -11"><span class='ocrx_word' id='word_1_556' title='bbox 1115 1623 1164 1658; x_wconf 76' lang='grc' dir='ltr'>μὲν</span> <span class='ocrx_word' id='word_1_557' title='bbox 1177 1623 1274 1656; x_wconf 78' lang='grc' dir='ltr'>λόγους</span> <span class='ocrx_word' id='word_1_558' title='bbox 1288 1624 1372 1658; x_wconf 83' lang='grc' dir='ltr'>αὐτῆς</span> <span class='ocrx_word' id='word_1_559' title='bbox 1386 1623 1573 1659; x_wconf 81' lang='grc' dir='ltr'>διεκρούσατο,</span> <span class='ocrx_word' id='word_1_560' title='bbox 1591 1625 1706 1660; x_wconf 80' lang='grc' dir='ltr'>δωρεαῖς</span> <span class='ocrx_word' id='word_1_561' title='bbox 1721 1625 1750 1651; x_wconf 71' lang='grc' dir='ltr'><strong>δι</strong></span> <span class='ocrx_word' id='word_1_562' title='bbox 1765 1625 1904 1661; x_wconf 78' lang='grc' dir='ltr'>θεραπεύ-</span> 
     </span>
    </p>
   </div>
   <div class='ocr_carea' id='block_1_79' title="bbox 1115 1668 1902 1707">
    <p class='ocr_par' dir='ltr' id='par_1_79' title="bbox 1115 1668 1902 1707">
     <span class='ocr_line' id='line_1_79' title="bbox 1115 1668 1902 1707; baseline 0.008 -14"><span class='ocrx_word' id='word_1_563' title='bbox 1115 1676 1176 1699; x_wconf 88' lang='grc' dir='ltr'>σας,</span> <span class='ocrx_word' id='word_1_564' title='bbox 1202 1668 1246 1694; x_wconf 74' lang='grc' dir='ltr'><strong>ἐπ’</strong></span> <span class='ocrx_word' id='word_1_565' title='bbox 1268 1668 1405 1702; x_wconf 73' lang='grc' dir='ltr'>Αιγυπτον</span> <span class='ocrx_word' id='word_1_566' title='bbox 1430 1669 1619 1705; x_wconf 67' lang='grc' dir='ltr'>προῦπεμψεν.</span> <span class='ocrx_word' id='word_1_567' title='bbox 1649 1669 1781 1706; x_wconf 75' lang='grc' dir='ltr'>Ἐσδόμου</span> <span class='ocrx_word' id='word_1_568' title='bbox 1797 1671 1825 1698; x_wconf 74' lang='grc' dir='ltr'><strong>δι</strong></span> <span class='ocrx_word' id='word_1_569' title='bbox 1849 1672 1902 1707; x_wconf 66' lang='grc' dir='ltr'>ἤδη</span> 
     </span>
    </p>
   </div>
   <div class='ocr_carea' id='block_1_80' title="bbox 1113 1713 1900 1754">
    <p class='ocr_par' dir='ltr' id='par_1_80' title="bbox 1113 1713 1900 1754">
     <span class='ocr_line' id='line_1_80' title="bbox 1113 1713 1900 1754; baseline 0.008 -15"><span class='ocrx_word' id='word_1_570' title='bbox 1113 1713 1190 1744; x_wconf 76' lang='grc' dir='ltr'>ἔτους</span> <span class='ocrx_word' id='word_1_571' title='bbox 1218 1713 1338 1747; x_wconf 84' lang='grc' dir='ltr'>Ἡρώδου</span> <span class='ocrx_word' id='word_1_572' title='bbox 1355 1713 1405 1749; x_wconf 82' lang='grc' dir='ltr'>τῆς</span> <span class='ocrx_word' id='word_1_573' title='bbox 1422 1714 1561 1749; x_wconf 81' lang='grc' dir='ltr'>βασιλείας</span> <span class='ocrx_word' id='word_1_574' title='bbox 1583 1716 1772 1752; x_wconf 71' lang='grc' dir='ltr'>ἐνεστηκότος,</span> <span class='ocrx_word' id='word_1_575' title='bbox 1787 1718 1900 1754; x_wconf 72' lang='grc' dir='ltr'>ἐσείσθη</span> 
     </span>
    </p>
   </div>
   <div class='ocr_carea' id='block_1_81' title="bbox 1112 1759 1902 1795">
    <p class='ocr_par' dir='ltr' id='par_1_81' title="bbox 1112 1759 1902 1795">
     <span class='ocr_line' id='line_1_81' title="bbox 1112 1759 1902 1795; baseline 0.009 -10"><span class='ocrx_word' id='word_1_576' title='bbox 1112 1759 1166 1785; x_wconf 87' lang='grc' dir='ltr'>τῶν</span> <span class='ocrx_word' id='word_1_577' title='bbox 1188 1759 1325 1787; x_wconf 82' lang='grc' dir='ltr'>Ἰουδαίων</span> <span class='ocrx_word' id='word_1_578' title='bbox 1347 1761 1363 1795; x_wconf 83' lang='grc' dir='ltr'>ἡ</span> <span class='ocrx_word' id='word_1_579' title='bbox 1383 1760 1432 1795; x_wconf 85' lang='grc' dir='ltr'>γῆ,</span> <span class='ocrx_word' id='word_1_580' title='bbox 1459 1762 1496 1793; x_wconf 77' lang='grc' dir='ltr'>ὡς</span> <span class='ocrx_word' id='word_1_581' title='bbox 1518 1762 1568 1788; x_wconf 79' lang='grc' dir='ltr'>οὐκ</span> <span class='ocrx_word' id='word_1_582' title='bbox 1596 1763 1700 1790; x_wconf 71' lang='grc' dir='ltr'>ἄλλοτε.</span> <span class='ocrx_word' id='word_1_583' title='bbox 1719 1765 1774 1791; x_wconf 79' lang='grc' dir='ltr'><strong>Καὶ</strong></span> <span class='ocrx_word' id='word_1_584' title='bbox 1795 1764 1853 1791; x_wconf 76' lang='grc' dir='ltr'>τῶν</span> <span class='ocrx_word' id='word_1_585' title='bbox 1870 1773 1902 1791; x_wconf 76' lang='grc' dir='ltr'><strong>τε</strong></span> 
     </span>
    </p>
   </div>
   <div class='ocr_carea' id='block_1_82' title="bbox 1113 1805 1902 1844">
    <p class='ocr_par' dir='ltr' id='par_1_82' title="bbox 1113 1805 1902 1844">
     <span class='ocr_line' id='line_1_82' title="bbox 1113 1805 1902 1844; baseline 0.01 -14"><span class='ocrx_word' id='word_1_586' title='bbox 1113 1805 1219 1840; x_wconf 77' lang='grc' dir='ltr'>κτηνῶν</span> <span class='ocrx_word' id='word_1_587' title='bbox 1232 1805 1320 1841; x_wconf 68' lang='grc' dir='ltr'>φθορὰ</span> <span class='ocrx_word' id='word_1_588' title='bbox 1333 1806 1418 1842; x_wconf 85' lang='grc' dir='ltr'>πολλὴ</span> <span class='ocrx_word' id='word_1_589' title='bbox 1430 1808 1537 1841; x_wconf 84' lang='grc' dir='ltr'>γέγονε,</span> <span class='ocrx_word' id='word_1_590' title='bbox 1548 1809 1595 1834; x_wconf 77' lang='grc' dir='ltr'><strong>καὶ</strong></span> <span class='ocrx_word' id='word_1_591' title='bbox 1606 1809 1660 1835; x_wconf 86' lang='grc' dir='ltr'><strong>τῶν</strong></span> <span class='ocrx_word' id='word_1_592' title='bbox 1672 1809 1824 1844; x_wconf 66' lang='grc' dir='ltr'>ἀνθρώπων</span> <span class='ocrx_word' id='word_1_593' title='bbox 1833 1810 1902 1838; x_wconf 76' lang='grc' dir='ltr'>ὡσεὶ</span> 
     </span>
    </p>
   </div>
   <div class='ocr_carea' id='block_1_83' title="bbox 1111 1850 1904 1892">
    <p class='ocr_par' dir='ltr' id='par_1_83' title="bbox 1111 1850 1904 1892">
     <span class='ocr_line' id='line_1_83' title="bbox 1111 1850 1904 1892; baseline 0.01 -16"><span class='ocrx_word' id='word_1_594' title='bbox 1111 1850 1270 1886; x_wconf 72' lang='grc' dir='ltr'>τρισμύριοι</span> <span class='ocrx_word' id='word_1_595' title='bbox 1296 1851 1325 1878; x_wconf 77' lang='grc' dir='ltr'><strong>ἐν</strong></span> <span class='ocrx_word' id='word_1_596' title='bbox 1347 1853 1407 1885; x_wconf 88' lang='grc' dir='ltr'>ταῖς</span> <span class='ocrx_word' id='word_1_597' title='bbox 1434 1855 1694 1887; x_wconf 67' lang='grc' dir='ltr'>κίτται-πεπτωκυίαις</span> <span class='ocrx_word' id='word_1_598' title='bbox 1711 1856 1811 1888; x_wconf 71' lang='grc' dir='ltr'>οἰκίαις</span> <span class='ocrx_word' id='word_1_599' title='bbox 1835 1865 1904 1892; x_wconf 82' lang='grc' dir='ltr'>συγ-</span> 
     </span>
    </p>
   </div>
   <div class='ocr_carea' id='block_1_84' title="bbox 1113 1896 1901 1937">
    <p class='ocr_par' dir='ltr' id='par_1_84' title="bbox 1113 1896 1901 1937">
     <span class='ocr_line' id='line_1_84' title="bbox 1113 1896 1901 1937; baseline 0.008 -14"><span class='ocrx_word' id='word_1_600' title='bbox 1113 1896 1336 1932; x_wconf 81' lang='grc' dir='ltr'>κατεχώσθησαν.</span> <span class='ocrx_word' id='word_1_601' title='bbox 1349 1899 1419 1931; x_wconf 72' lang='grc' dir='ltr'>Τοὺς</span> <span class='ocrx_word' id='word_1_602' title='bbox 1434 1899 1534 1935; x_wconf 79' lang='grc' dir='ltr'>φόρους</span> <span class='ocrx_word' id='word_1_603' title='bbox 1552 1900 1581 1927; x_wconf 71' lang='grc' dir='ltr'>δὲ</span> <span class='ocrx_word' id='word_1_604' title='bbox 1599 1900 1653 1927; x_wconf 85' lang='grc' dir='ltr'><strong>τῶν</strong></span> <span class='ocrx_word' id='word_1_605' title='bbox 1672 1901 1901 1937; x_wconf 60' lang='grc' dir='ltr'>ἀπνεμηθεισῶν</span> 
     </span>
    </p>
   </div>
   <div class='ocr_carea' id='block_1_85' title="bbox 1112 1943 1901 1981">
    <p class='ocr_par' dir='ltr' id='par_1_85' title="bbox 1112 1943 1901 1981">
     <span class='ocr_line' id='line_1_85' title="bbox 1112 1943 1901 1981; baseline 0.009 -12"><span class='ocrx_word' id='word_1_606' title='bbox 1112 1944 1144 1977; x_wconf 80' lang='grc' dir='ltr'>τῇ</span> <span class='ocrx_word' id='word_1_607' title='bbox 1167 1943 1331 1980; x_wconf 73' lang='grc' dir='ltr'>Κλεοπάτρᾳ</span> <span class='ocrx_word' id='word_1_608' title='bbox 1355 1945 1452 1980; x_wconf 86' lang='grc' dir='ltr'>χωρῶν</span> <span class='ocrx_word' id='word_1_609' title='bbox 1479 1945 1510 1978; x_wconf 76' lang='grc' dir='ltr'><strong>ἐξ</strong></span> <span class='ocrx_word' id='word_1_610' title='bbox 1534 1947 1662 1981; x_wconf 78' lang='grc' dir='ltr'>Ἀραὸίας</span> <span class='ocrx_word' id='word_1_611' title='bbox 1688 1948 1736 1975; x_wconf 79' lang='grc' dir='ltr'>καὶ</span> <span class='ocrx_word' id='word_1_612' title='bbox 1767 1948 1901 1980; x_wconf 75' lang='grc' dir='ltr'>Ἰουδαίας</span> 
     </span>
    </p>
   </div>
   <div class='ocr_carea' id='block_1_86' title="bbox 1117 1988 1901 2029">
    <p class='ocr_par' dir='ltr' id='par_1_86' title="bbox 1117 1988 1901 2029">
     <span class='ocr_line' id='line_1_86' title="bbox 1117 1988 1901 2029; baseline 0.008 -14"><span class='ocrx_word' id='word_1_613' title='bbox 1117 1988 1237 2024; x_wconf 81' lang='grc' dir='ltr'>Ἡρώδου</span> <span class='ocrx_word' id='word_1_614' title='bbox 1249 1990 1470 2025; x_wconf 77' lang='grc' dir='ltr'>μισθωσαμένου,</span> <span class='ocrx_word' id='word_1_615' title='bbox 1479 1993 1494 2018; x_wconf 85' lang='grc' dir='ltr'><strong>ό</strong></span> <span class='ocrx_word' id='word_1_616' title='bbox 1505 1992 1597 2027; x_wconf 73' lang='grc' dir='ltr'>Ἄραψ</span> <span class='ocrx_word' id='word_1_617' title='bbox 1606 1993 1670 2028; x_wconf 77' lang='grc' dir='ltr'>περὶ</span> <span class='ocrx_word' id='word_1_618' title='bbox 1679 1993 1728 2029; x_wconf 75' lang='grc' dir='ltr'><strong>τὴν</strong></span> <span class='ocrx_word' id='word_1_619' title='bbox 1737 1993 1785 2020; x_wconf 82' lang='grc' dir='ltr'>τοῦ</span> <span class='ocrx_word' id='word_1_620' title='bbox 1793 1994 1901 2029; x_wconf 82' lang='grc' dir='ltr'>δασμοῦ</span> 
     </span>
    </p>
   </div>
   <div class='ocr_carea' id='block_1_87' title="bbox 1112 2036 1900 2076">
    <p class='ocr_par' dir='ltr' id='par_1_87' title="bbox 1112 2036 1900 2076">
     <span class='ocr_line' id='line_1_87' title="bbox 1112 2036 1900 2076; baseline 0.008 -15"><span class='ocrx_word' id='word_1_621' title='bbox 1112 2036 1265 2072; x_wconf 79' lang='grc' dir='ltr'>καταίολὴν</span> <span class='ocrx_word' id='word_1_622' title='bbox 1279 2037 1444 2072; x_wconf 81' lang='grc' dir='ltr'>ὴγνωμόνει.</span> <span class='ocrx_word' id='word_1_623' title='bbox 1463 2036 1554 2071; x_wconf 78' lang='grc' dir='ltr'>Ἔγνω</span> <span class='ocrx_word' id='word_1_624' title='bbox 1570 2036 1616 2065; x_wconf 84' lang='grc' dir='ltr'>οὖν</span> <span class='ocrx_word' id='word_1_625' title='bbox 1634 2040 1648 2066; x_wconf 88' lang='grc' dir='ltr'><strong>ό</strong></span> <span class='ocrx_word' id='word_1_626' title='bbox 1664 2039 1792 2074; x_wconf 81' lang='grc' dir='ltr'>βασιλεὺς</span> <span class='ocrx_word' id='word_1_627' title='bbox 1806 2041 1900 2076; x_wconf 83' lang='grc' dir='ltr'>χωρῆ-</span> 
     </span>
    </p>
   </div>
   <div class='ocr_carea' id='block_1_88' title="bbox 1112 2081 1902 2118">
    <p class='ocr_par' dir='ltr' id='par_1_88' title="bbox 1112 2081 1902 2118">
     <span class='ocr_line' id='line_1_88' title="bbox 1112 2081 1902 2118; baseline 0.008 -11"><span class='ocrx_word' id='word_1_628' title='bbox 1112 2088 1156 2107; x_wconf 87' lang='grc' dir='ltr'><strong>σαι</strong></span> <span class='ocrx_word' id='word_1_629' title='bbox 1171 2081 1241 2108; x_wconf 80' lang='grc' dir='ltr'>κατὰ</span> <span class='ocrx_word' id='word_1_630' title='bbox 1256 2081 1304 2108; x_wconf 84' lang='grc' dir='ltr'>τοῦ</span> <span class='ocrx_word' id='word_1_631' title='bbox 1319 2083 1448 2118; x_wconf 75' lang='grc' dir='ltr'>Ἀρασος,</span> <span class='ocrx_word' id='word_1_632' title='bbox 1465 2084 1511 2110; x_wconf 80' lang='grc' dir='ltr'>καὶ</span> <span class='ocrx_word' id='word_1_633' title='bbox 1522 2084 1568 2110; x_wconf 78' lang='grc' dir='ltr'><strong>ὑπ’</strong></span> <span class='ocrx_word' id='word_1_634' title='bbox 1590 2084 1732 2112; x_wconf 85' lang='grc' dir='ltr'>’Δντωνίου</span> <span class='ocrx_word' id='word_1_635' title='bbox 1744 2085 1825 2113; x_wconf 76' lang='grc' dir='ltr'>τοῦτο</span> <span class='ocrx_word' id='word_1_636' title='bbox 1839 2087 1902 2113; x_wconf 60' lang='grc' dir='ltr'>ἐπι-</span> 
     </span>
    </p>
   </div>
   <div class='ocr_carea' id='block_1_89' title="bbox 1109 2127 1898 2167">
    <p class='ocr_par' dir='ltr' id='par_1_89' title="bbox 1109 2127 1898 2167">
     <span class='ocr_line' id='line_1_89' title="bbox 1109 2127 1898 2167; baseline 0.009 -15"><span class='ocrx_word' id='word_1_637' title='bbox 1109 2128 1236 2161; x_wconf 77' lang='grc' dir='ltr'>τραπεὶς,</span> <span class='ocrx_word' id='word_1_638' title='bbox 1253 2127 1300 2154; x_wconf 80' lang='grc' dir='ltr'>ιιαὶ</span> <span class='ocrx_word' id='word_1_639' title='bbox 1315 2128 1463 2163; x_wconf 78' lang='grc' dir='ltr'>συμϐαλὼν</span> <span class='ocrx_word' id='word_1_640' title='bbox 1484 2129 1626 2162; x_wconf 73' lang='grc' dir='ltr'>πολλάκις,</span> <span class='ocrx_word' id='word_1_641' title='bbox 1649 2131 1804 2158; x_wconf 82' lang='grc' dir='ltr'>τελευταῖον</span> <span class='ocrx_word' id='word_1_642' title='bbox 1823 2134 1898 2167; x_wconf 76' lang='grc' dir='ltr'>νικᾷ,</span> 
     </span>
    </p>
   </div>
   <div class='ocr_carea' id='block_1_90' title="bbox 1112 2172 1899 2213">
    <p class='ocr_par' dir='ltr' id='par_1_90' title="bbox 1112 2172 1899 2213">
     <span class='ocr_line' id='line_1_90' title="bbox 1112 2172 1899 2213; baseline 0.009 -15"><span class='ocrx_word' id='word_1_643' title='bbox 1112 2172 1160 2198; x_wconf 79' lang='grc' dir='ltr'>καὶ</span> <span class='ocrx_word' id='word_1_644' title='bbox 1175 2174 1337 2206; x_wconf 79' lang='grc' dir='ltr'>προστατεῖν</span> <span class='ocrx_word' id='word_1_645' title='bbox 1351 2173 1398 2200; x_wconf 84' lang='grc' dir='ltr'>τοῦ</span> <span class='ocrx_word' id='word_1_646' title='bbox 1413 2174 1505 2206; x_wconf 75' lang='grc' dir='ltr'>ἔθνους</span> <span class='ocrx_word' id='word_1_647' title='bbox 1521 2175 1572 2201; x_wconf 80' lang='grc' dir='ltr'><strong>ὑπὸ</strong></span> <span class='ocrx_word' id='word_1_648' title='bbox 1585 2175 1640 2202; x_wconf 88' lang='grc' dir='ltr'><strong>τῶν</strong></span> <span class='ocrx_word' id='word_1_649' title='bbox 1658 2177 1781 2212; x_wconf 78' lang='grc' dir='ltr'><strong>’Δράὄων</strong></span> <span class='ocrx_word' id='word_1_650' title='bbox 1800 2178 1899 2213; x_wconf 79' lang='grc' dir='ltr'>ᾑρέθη.</span> 
     </span>
    </p>
   </div>
   <div class='ocr_carea' id='block_1_91' title="bbox 273 2207 1059 2259">
    <p class='ocr_par' dir='ltr' id='par_1_91' title="bbox 273 2211 1058 2247">
     <span class='ocr_line' id='line_1_91' title="bbox 273 2211 1058 2247; baseline -0.003 -7"><span class='ocrx_word' id='word_1_651' title='bbox 273 2213 328 2240; x_wconf 86' lang='lat' dir='ltr'><strong>rari</strong></span> <span class='ocrx_word' id='word_1_652' title='bbox 344 2217 462 2247; x_wconf 84' lang='lat' dir='ltr'><strong>poterat,</strong></span> <span class='ocrx_word' id='word_1_653' title='bbox 475 2220 538 2239; x_wconf 86' lang='lat' dir='ltr'><strong>cum</strong></span> <span class='ocrx_word' id='word_1_654' title='bbox 553 2212 582 2239; x_wconf 87' lang='lat' dir='ltr'><strong>in</strong></span> <span class='ocrx_word' id='word_1_655' title='bbox 595 2216 669 2238; x_wconf 88' lang='lat' dir='ltr'><strong>tanta</strong></span> <span class='ocrx_word' id='word_1_656' title='bbox 679 2211 792 2239; x_wconf 80' lang='lat' dir='ltr'><strong>Antonii</strong></span> <span class='ocrx_word' id='word_1_657' title='bbox 808 2212 939 2244; x_wconf 86' lang='lat' dir='ltr'><strong>amicitia,</strong></span> <span class='ocrx_word' id='word_1_658' title='bbox 955 2212 1058 2239; x_wconf 77' lang='lat' dir='ltr'><strong>nullam</strong></span> 
     </span>
    </p>
   </div>
   <div class='ocr_carea' id='block_1_92' title="bbox 1110 2207 1901 2259">
    <p class='ocr_par' dir='ltr' id='par_1_92' title="bbox 1112 2207 1901 2259">
     <span class='ocr_line' id='line_1_92' title="bbox 1112 2207 1901 2259; baseline 0.01 -16"><span class='ocrx_word' id='word_1_659' title='bbox 1112 2217 1167 2244; x_wconf 73' lang='grc' dir='ltr'><strong>Καὶ</strong></span> <span class='ocrx_word' id='word_1_660' title='bbox 1180 2218 1350 2254; x_wconf 76' lang='grc' dir='ltr'>ὑπέστρεψεν</span> <span class='ocrx_word' id='word_1_661' title='bbox 1363 2220 1403 2251; x_wconf 85' lang='grc' dir='ltr'>εις</span> <span class='ocrx_word' id='word_1_662' title='bbox 1414 2221 1448 2247; x_wconf 79' lang='grc' dir='ltr'>τὰ</span> <span class='ocrx_word' id='word_1_663' title='bbox 1460 2221 1559 2254; x_wconf 83' lang='grc' dir='ltr'>οίκεῐα,</span> <span class='ocrx_word' id='word_1_664' title='bbox 1576 2222 1648 2257; x_wconf 85' lang='grc' dir='ltr'>μέγα</span> <span class='ocrx_word' id='word_1_665' title='bbox 1659 2207 1705 2249; x_wconf 67' lang='grc' dir='ltr'>διίὶ</span> <span class='ocrx_word' id='word_1_666' title='bbox 1718 2223 1752 2250; x_wconf 76' lang='grc' dir='ltr'><strong>τὰ</strong></span> <span class='ocrx_word' id='word_1_667' title='bbox 1764 2207 1901 2259; x_wconf 70' lang='grc' dir='ltr'><strong>ἀνὲῥατᾶ-</strong></span> 
     </span>
    </p>
   </div>
   <div class='ocr_carea' id='block_1_93' title="bbox 273 2257 1060 2292">
    <p class='ocr_par' dir='ltr' id='par_1_93' title="bbox 273 2257 1060 2292">
     <span class='ocr_line' id='line_1_93' title="bbox 273 2257 1060 2292; baseline -0.001 -7"><span class='ocrx_word' id='word_1_668' title='bbox 273 2266 289 2285; x_wconf 87' lang='lat' dir='ltr'><strong>a</strong></span> <span class='ocrx_word' id='word_1_669' title='bbox 306 2258 411 2285; x_wconf 59' lang='lat' dir='ltr'><strong>Caesare</strong></span> <span class='ocrx_word' id='word_1_670' title='bbox 424 2257 528 2284; x_wconf 84' lang='lat' dir='ltr'><strong>cladem</strong></span> <span class='ocrx_word' id='word_1_671' title='bbox 544 2261 731 2292; x_wconf 84' lang='lat' dir='ltr'><strong>accepturum.</strong></span> <span class='ocrx_word' id='word_1_672' title='bbox 745 2257 813 2285; x_wconf 89' lang='lat' dir='ltr'><strong>Cum</strong></span> <span class='ocrx_word' id='word_1_673' title='bbox 825 2262 916 2285; x_wconf 85' lang='lat' dir='ltr'><strong>autem</strong></span> <span class='ocrx_word' id='word_1_674' title='bbox 929 2258 984 2292; x_wconf 89' lang='lat' dir='ltr'><strong>jam</strong></span> <span class='ocrx_word' id='word_1_675' title='bbox 997 2262 1060 2285; x_wconf 87' lang='lat' dir='ltr'><strong>ante</strong></span> 
     </span>
    </p>
   </div>
   <div class='ocr_carea' id='block_1_94' title="bbox 274 2303 1058 2340">
    <p class='ocr_par' dir='ltr' id='par_1_94' title="bbox 274 2303 1058 2340">
     <span class='ocr_line' id='line_1_94' title="bbox 274 2303 1058 2340; baseline -0.001 -9"><span class='ocrx_word' id='word_1_676' title='bbox 274 2305 411 2331; x_wconf 88' lang='lat' dir='ltr'><strong>inanimo</strong></span> <span class='ocrx_word' id='word_1_677' title='bbox 434 2304 586 2337; x_wconf 82' lang='lat' dir='ltr'><strong>habuisset,</strong></span> <span class='ocrx_word' id='word_1_678' title='bbox 611 2305 767 2340; x_wconf 81' lang='lat' dir='ltr'><strong>Hyrcanum</strong></span> <span class='ocrx_word' id='word_1_679' title='bbox 785 2312 799 2332; x_wconf 88' lang='lat' dir='ltr'><strong>e</strong></span> <span class='ocrx_word' id='word_1_680' title='bbox 820 2304 912 2331; x_wconf 86' lang='lat' dir='ltr'><strong>medio</strong></span> <span class='ocrx_word' id='word_1_681' title='bbox 938 2303 1058 2331; x_wconf 89' lang='lat' dir='ltr'><strong>tollere:</strong></span> 
     </span>
    </p>
   </div>
   <div class='ocr_carea' id='block_1_95' title="bbox 275 2350 1061 2386">
    <p class='ocr_par' dir='ltr' id='par_1_95' title="bbox 275 2350 1061 2386">
     <span class='ocr_line' id='line_1_95' title="bbox 275 2350 1061 2386; baseline -0.001 -8"><span class='ocrx_word' id='word_1_682' title='bbox 275 2355 332 2378; x_wconf 88' lang='lat' dir='ltr'><strong>tum</strong></span> <span class='ocrx_word' id='word_1_683' title='bbox 345 2351 431 2385; x_wconf 75' lang='lat' dir='ltr'><strong>magis</strong></span> <span class='ocrx_word' id='word_1_684' title='bbox 443 2351 526 2377; x_wconf 87' lang='lat' dir='ltr'><strong>etiam</strong></span> <span class='ocrx_word' id='word_1_685' title='bbox 543 2350 569 2377; x_wconf 90' lang='lat' dir='ltr'><strong>id</strong></span> <span class='ocrx_word' id='word_1_686' title='bbox 583 2351 728 2378; x_wconf 86' lang='lat' dir='ltr'><strong>consilium</strong></span> <span class='ocrx_word' id='word_1_687' title='bbox 744 2350 888 2386; x_wconf 85' lang='lat' dir='ltr'><strong>probabat,</strong></span> <span class='ocrx_word' id='word_1_688' title='bbox 903 2358 939 2378; x_wconf 90' lang='lat' dir='ltr'><strong>ne</strong></span> <span class='ocrx_word' id='word_1_689' title='bbox 954 2351 996 2377; x_wconf 94' lang='lat' dir='ltr'><strong>vir</strong></span> <span class='ocrx_word' id='word_1_690' title='bbox 1013 2358 1061 2377; x_wconf 85' lang='lat' dir='ltr'><strong>su-</strong></span> 
     </span>
    </p>
   </div>
   <div class='ocr_carea' id='block_1_96' title="bbox 273 2397 1060 2432">
    <p class='ocr_par' dir='ltr' id='par_1_96' title="bbox 273 2397 1060 2432">
     <span class='ocr_line' id='line_1_96' title="bbox 273 2397 1060 2432; baseline -0.001 -7"><span class='ocrx_word' id='word_1_691' title='bbox 273 2401 398 2432; x_wconf 85' lang='lat' dir='ltr'><strong>peresset</strong></span> <span class='ocrx_word' id='word_1_692' title='bbox 415 2404 501 2432; x_wconf 74' lang='lat' dir='ltr'><strong>regno</strong></span> <span class='ocrx_word' id='word_1_693' title='bbox 519 2404 547 2424; x_wconf 86' lang='lat' dir='ltr'><strong>se</strong></span> <span class='ocrx_word' id='word_1_694' title='bbox 559 2397 679 2432; x_wconf 76' lang='lat' dir='ltr'><strong>dignior,</strong></span> <span class='ocrx_word' id='word_1_695' title='bbox 696 2397 778 2431; x_wconf 85' lang='lat' dir='ltr'><strong>idque</strong></span> <span class='ocrx_word' id='word_1_696' title='bbox 795 2397 842 2423; x_wconf 92' lang='lat' dir='ltr'><strong>tali</strong></span> <span class='ocrx_word' id='word_1_697' title='bbox 858 2404 923 2424; x_wconf 86' lang='lat' dir='ltr'><strong>casu</strong></span> <span class='ocrx_word' id='word_1_698' title='bbox 938 2401 980 2424; x_wconf 90' lang='lat' dir='ltr'><strong>est</strong></span> <span class='ocrx_word' id='word_1_699' title='bbox 994 2404 1060 2424; x_wconf 81' lang='lat' dir='ltr'><strong>con-</strong></span> 
     </span>
    </p>
   </div>
   <div class='ocr_carea' id='block_1_97' title="bbox 272 2441 1060 2475">
    <p class='ocr_par' dir='ltr' id='par_1_97' title="bbox 272 2441 1060 2475">
     <span class='ocr_line' id='line_1_97' title="bbox 272 2441 1060 2475; baseline -0.001 -5"><span class='ocrx_word' id='word_1_700' title='bbox 272 2445 424 2471; x_wconf 84' lang='lat' dir='ltr'><strong>tinuatum.</strong></span> <span class='ocrx_word' id='word_1_701' title='bbox 450 2441 517 2469; x_wconf 77' lang='lat' dir='ltr'><strong>Nam</strong></span> <span class='ocrx_word' id='word_1_702' title='bbox 543 2442 717 2475; x_wconf 77' lang='lat' dir='ltr'><strong>Alexandra,</strong></span> <span class='ocrx_word' id='word_1_703' title='bbox 746 2442 920 2470; x_wconf 86' lang='lat' dir='ltr'><strong>contentiosa</strong></span> <span class='ocrx_word' id='word_1_704' title='bbox 946 2443 1060 2470; x_wconf 86' lang='lat' dir='ltr'><strong>mulier—</strong></span> 
     </span>
    </p>
   </div>
   <div class='ocr_carea' id='block_1_98' title="bbox 270 2487 1059 2523">
    <p class='ocr_par' dir='ltr' id='par_1_98' title="bbox 270 2487 1059 2523">
     <span class='ocr_line' id='line_1_98' title="bbox 270 2487 1059 2523; baseline -0.003 -7"><span class='ocrx_word' id='word_1_705' title='bbox 270 2490 350 2522; x_wconf 86' lang='lat' dir='ltr'><strong>cula,</strong></span> <span class='ocrx_word' id='word_1_706' title='bbox 377 2496 431 2515; x_wconf 89' lang='lat' dir='ltr'><strong>non</strong></span> <span class='ocrx_word' id='word_1_707' title='bbox 472 2488 548 2523; x_wconf 88' lang='lat' dir='ltr'><strong>prius</strong></span> <span class='ocrx_word' id='word_1_708' title='bbox 567 2495 665 2523; x_wconf 75' lang='lat' dir='ltr'><strong>urgere</strong></span> <span class='ocrx_word' id='word_1_709' title='bbox 697 2492 803 2523; x_wconf 88' lang='lat' dir='ltr'><strong>patrem</strong></span> <span class='ocrx_word' id='word_1_710' title='bbox 828 2487 943 2520; x_wconf 91' lang='lat' dir='ltr'><strong>destitit,</strong></span> <span class='ocrx_word' id='word_1_711' title='bbox 967 2492 997 2514; x_wconf 92' lang='lat' dir='ltr'><strong>ut</strong></span> <span class='ocrx_word' id='word_1_712' title='bbox 1024 2487 1059 2514; x_wconf 88' lang='lat' dir='ltr'><strong>ad</strong></span> 
     </span>
    </p>
   </div>
   <div class='ocr_carea' id='block_1_99' title="bbox 270 2534 1058 2570">
    <p class='ocr_par' dir='ltr' id='par_1_99' title="bbox 270 2534 1058 2570">
     <span class='ocr_line' id='line_1_99' title="bbox 270 2534 1058 2570; baseline -0.004 -7"><span class='ocrx_word' id='word_1_713' title='bbox 270 2536 406 2564; x_wconf 70' lang='lat' dir='ltr'><strong>Ilalelium</strong></span> <span class='ocrx_word' id='word_1_714' title='bbox 415 2535 536 2563; x_wconf 84' lang='lat' dir='ltr'><strong>Arabum</strong></span> <span class='ocrx_word' id='word_1_715' title='bbox 546 2535 698 2570; x_wconf 91' lang='lat' dir='ltr'><strong>principem</strong></span> <span class='ocrx_word' id='word_1_716' title='bbox 708 2535 878 2569; x_wconf 76' lang='lat' dir='ltr'><strong>confugeret,</strong></span> <span class='ocrx_word' id='word_1_717' title='bbox 888 2534 1058 2569; x_wconf 61' lang='lat' dir='ltr'><strong>quamjprin-</strong></span> 
     </span>
    </p>
   </div>
   <div class='ocr_carea' id='block_1_100' title="bbox 270 2579 1058 2616">
    <p class='ocr_par' dir='ltr' id='par_1_100' title="bbox 270 2579 1058 2616">
     <span class='ocr_line' id='line_1_100' title="bbox 270 2579 1058 2616; baseline -0.001 -9"><span class='ocrx_word' id='word_1_718' title='bbox 270 2581 342 2615; x_wconf 89' lang='lat' dir='ltr'><strong>cipio</strong></span> <span class='ocrx_word' id='word_1_719' title='bbox 360 2581 541 2616; x_wconf 74' lang='lat' dir='ltr'><strong>refragantem</strong></span> <span class='ocrx_word' id='word_1_720' title='bbox 557 2580 677 2614; x_wconf 89' lang='lat' dir='ltr'><strong>denique</strong></span> <span class='ocrx_word' id='word_1_721' title='bbox 693 2580 858 2614; x_wconf 86' lang='lat' dir='ltr'><strong>impulisset,</strong></span> <span class='ocrx_word' id='word_1_722' title='bbox 871 2583 900 2606; x_wconf 91' lang='lat' dir='ltr'><strong>ut</strong></span> <span class='ocrx_word' id='word_1_723' title='bbox 917 2587 966 2614; x_wconf 90' lang='lat' dir='ltr'><strong>per</strong></span> <span class='ocrx_word' id='word_1_724' title='bbox 983 2579 1058 2606; x_wconf 87' lang='lat' dir='ltr'><strong>litte-</strong></span> 
     </span>
    </p>
   </div>
   <div class='ocr_carea' id='block_1_101' title="bbox 270 2625 1059 2661">
    <p class='ocr_par' dir='ltr' id='par_1_101' title="bbox 270 2625 1059 2661">
     <span class='ocr_line' id='line_1_101' title="bbox 270 2625 1059 2661; baseline -0.001 -8"><span class='ocrx_word' id='word_1_725' title='bbox 270 2634 315 2653; x_wconf 84' lang='lat' dir='ltr'><strong>ras</strong></span> <span class='ocrx_word' id='word_1_726' title='bbox 329 2626 363 2653; x_wconf 86' lang='lat' dir='ltr'><strong>ab</strong></span> <span class='ocrx_word' id='word_1_727' title='bbox 380 2627 426 2653; x_wconf 88' lang='lat' dir='ltr'><strong>illo</strong></span> <span class='ocrx_word' id='word_1_728' title='bbox 440 2634 470 2654; x_wconf 86' lang='lat' dir='ltr'><strong>se</strong></span> <span class='ocrx_word' id='word_1_729' title='bbox 481 2625 584 2661; x_wconf 83' lang='lat' dir='ltr'><strong>suscipi</strong></span> <span class='ocrx_word' id='word_1_730' title='bbox 604 2630 721 2660; x_wconf 89' lang='lat' dir='ltr'><strong>peteret.</strong></span> <span class='ocrx_word' id='word_1_731' title='bbox 737 2626 773 2653; x_wconf 84' lang='lat' dir='ltr'><strong>iis</strong></span> <span class='ocrx_word' id='word_1_732' title='bbox 784 2625 914 2653; x_wconf 87' lang='lat' dir='ltr'><strong>Dositheo</strong></span> <span class='ocrx_word' id='word_1_733' title='bbox 929 2625 1017 2653; x_wconf 88' lang='lat' dir='ltr'><strong>amico</strong></span> <span class='ocrx_word' id='word_1_734' title='bbox 1029 2630 1059 2653; x_wconf 91' lang='lat' dir='ltr'><strong>ut</strong></span> 
     </span>
    </p>
   </div>
   <div class='ocr_carea' id='block_1_102' title="bbox 270 2673 1057 2709">
    <p class='ocr_par' dir='ltr' id='par_1_102' title="bbox 270 2673 1057 2709">
     <span class='ocr_line' id='line_1_102' title="bbox 270 2673 1057 2709; baseline -0.001 -8"><span class='ocrx_word' id='word_1_735' title='bbox 270 2679 407 2709; x_wconf 86' lang='lat' dir='ltr'><strong>perterret</strong></span> <span class='ocrx_word' id='word_1_736' title='bbox 419 2675 499 2701; x_wconf 82' lang='lat' dir='ltr'><strong>datis.</strong></span> <span class='ocrx_word' id='word_1_737' title='bbox 515 2674 540 2701; x_wconf 79' lang='lat' dir='ltr'><strong>is</strong></span> <span class='ocrx_word' id='word_1_738' title='bbox 555 2681 620 2701; x_wconf 87' lang='lat' dir='ltr'><strong>vero</strong></span> <span class='ocrx_word' id='word_1_739' title='bbox 637 2681 699 2701; x_wconf 93' lang='lat' dir='ltr'><strong>cum</strong></span> <span class='ocrx_word' id='word_1_740' title='bbox 715 2674 859 2708; x_wconf 88' lang='lat' dir='ltr'><strong>epistolam</strong></span> <span class='ocrx_word' id='word_1_741' title='bbox 882 2673 981 2701; x_wconf 87' lang='lat' dir='ltr'><strong>llerodi</strong></span> <span class='ocrx_word' id='word_1_742' title='bbox 1000 2677 1057 2700; x_wconf 89' lang='lat' dir='ltr'><strong>tra-</strong></span> 
     </span>
    </p>
   </div>
   <div class='ocr_carea' id='block_1_103' title="bbox 270 2719 1057 2755">
    <p class='ocr_par' dir='ltr' id='par_1_103' title="bbox 270 2719 1057 2755">
     <span class='ocr_line' id='line_1_103' title="bbox 270 2719 1057 2755; baseline 0 -9"><span class='ocrx_word' id='word_1_743' title='bbox 270 2719 396 2751; x_wconf 83' lang='lat' dir='ltr'><strong>didisset,</strong></span> <span class='ocrx_word' id='word_1_744' title='bbox 411 2721 505 2755; x_wconf 82' lang='lat' dir='ltr'><strong>jussus</strong></span> <span class='ocrx_word' id='word_1_745' title='bbox 519 2725 561 2748; x_wconf 90' lang='lat' dir='ltr'><strong>cst</strong></span> <span class='ocrx_word' id='word_1_746' title='bbox 577 2727 608 2748; x_wconf 82' lang='lat' dir='ltr'><strong>ea</strong></span> <span class='ocrx_word' id='word_1_747' title='bbox 625 2720 658 2747; x_wconf 89' lang='lat' dir='ltr'><strong>ad</strong></span> <span class='ocrx_word' id='word_1_748' title='bbox 671 2720 806 2747; x_wconf 82' lang='lat' dir='ltr'><strong>Malchum</strong></span> <span class='ocrx_word' id='word_1_749' title='bbox 818 2719 932 2754; x_wconf 84' lang='lat' dir='ltr'><strong>perlata,</strong></span> <span class='ocrx_word' id='word_1_750' title='bbox 946 2727 1057 2754; x_wconf 87' lang='lat' dir='ltr'><strong>respon-</strong></span> 
     </span>
    </p>
   </div>
   <div class='ocr_carea' id='block_1_104' title="bbox 269 2765 1055 2802">
    <p class='ocr_par' dir='ltr' id='par_1_104' title="bbox 269 2765 1055 2802">
     <span class='ocr_line' id='line_1_104' title="bbox 269 2765 1055 2802; baseline 0.001 -9"><span class='ocrx_word' id='word_1_751' title='bbox 269 2773 331 2794; x_wconf 83' lang='lat' dir='ltr'><strong>sum</strong></span> <span class='ocrx_word' id='word_1_752' title='bbox 346 2765 420 2793; x_wconf 89' lang='lat' dir='ltr'><strong>illius</strong></span> <span class='ocrx_word' id='word_1_753' title='bbox 439 2766 551 2794; x_wconf 78' lang='lat' dir='ltr'><strong>aﬁ‘erre.</strong></span> <span class='ocrx_word' id='word_1_754' title='bbox 577 2766 636 2800; x_wconf 82' lang='lat' dir='ltr'><strong>Quo</strong></span> <span class='ocrx_word' id='word_1_755' title='bbox 660 2774 710 2802; x_wconf 89' lang='lat' dir='ltr'><strong>per</strong></span> <span class='ocrx_word' id='word_1_756' title='bbox 732 2767 893 2794; x_wconf 86' lang='lat' dir='ltr'><strong>Dositheum</strong></span> <span class='ocrx_word' id='word_1_757' title='bbox 919 2766 1055 2798; x_wconf 85' lang='lat' dir='ltr'><strong>confecto,</strong></span> 
     </span>
    </p>
   </div>
   <div class='ocr_carea' id='block_1_105' title="bbox 269 2811 1056 2848">
    <p class='ocr_par' dir='ltr' id='par_1_105' title="bbox 269 2811 1056 2848">
     <span class='ocr_line' id='line_1_105' title="bbox 269 2811 1056 2848; baseline 0.001 -10"><span class='ocrx_word' id='word_1_758' title='bbox 269 2811 414 2847; x_wconf 87' lang='lat' dir='ltr'><strong>rescripsit</strong></span> <span class='ocrx_word' id='word_1_759' title='bbox 439 2812 538 2846; x_wconf 81' lang='lat' dir='ltr'><strong>Arabs,</strong></span> <span class='ocrx_word' id='word_1_760' title='bbox 555 2819 585 2839; x_wconf 85' lang='lat' dir='ltr'><strong>se</strong></span> <span class='ocrx_word' id='word_1_761' title='bbox 601 2817 629 2839; x_wconf 91' lang='lat' dir='ltr'><strong>et</strong></span> <span class='ocrx_word' id='word_1_762' title='bbox 650 2813 807 2848; x_wconf 82' lang='lat' dir='ltr'><strong>Hyrcanum</strong></span> <span class='ocrx_word' id='word_1_763' title='bbox 828 2815 857 2839; x_wconf 86' lang='lat' dir='ltr'><strong>et</strong></span> <span class='ocrx_word' id='word_1_764' title='bbox 871 2819 967 2840; x_wconf 87' lang='lat' dir='ltr'><strong>omnes</strong></span> <span class='ocrx_word' id='word_1_765' title='bbox 982 2813 1056 2839; x_wconf 91' lang='lat' dir='ltr'><strong>illius</strong></span> 
     </span>
    </p>
   </div>
   <div class='ocr_carea' id='block_1_106' title="bbox 268 2858 1054 2894">
    <p class='ocr_par' dir='ltr' id='par_1_106' title="bbox 268 2858 1054 2894">
     <span class='ocr_line' id='line_1_106' title="bbox 268 2858 1054 2894; baseline -0.003 -7"><span class='ocrx_word' id='word_1_766' title='bbox 268 2859 437 2888; x_wconf 80' lang='lat' dir='ltr'><strong>necessarios</strong></span> <span class='ocrx_word' id='word_1_767' title='bbox 449 2866 511 2887; x_wconf 80' lang='lat' dir='ltr'><strong>esse</strong></span> <span class='ocrx_word' id='word_1_768' title='bbox 528 2863 716 2893; x_wconf 88' lang='lat' dir='ltr'><strong>recepturum.</strong></span> <span class='ocrx_word' id='word_1_769' title='bbox 736 2858 774 2886; x_wconf 84' lang='lat' dir='ltr'><strong>Ea</strong></span> <span class='ocrx_word' id='word_1_770' title='bbox 793 2858 908 2893; x_wconf 87' lang='lat' dir='ltr'><strong>epistola</strong></span> <span class='ocrx_word' id='word_1_771' title='bbox 931 2862 1054 2894; x_wconf 83' lang='lat' dir='ltr'><strong>recepta,</strong></span> 
     </span>
    </p>
   </div>
   <div class='ocr_carea' id='block_1_107' title="bbox 1111 2261 1901 2303">
    <p class='ocr_par' dir='ltr' id='par_1_107' title="bbox 1111 2261 1901 2303">
     <span class='ocr_line' id='line_1_107' title="bbox 1111 2261 1901 2303; baseline 0.01 -15"><span class='ocrx_word' id='word_1_772' title='bbox 1111 2261 1220 2297; x_wconf 69' lang='grc' dir='ltr'>θήματα</span> <span class='ocrx_word' id='word_1_773' title='bbox 1243 2264 1415 2299; x_wconf 76' lang='grc' dir='ltr'>κτησάμενος</span> <span class='ocrx_word' id='word_1_774' title='bbox 1440 2265 1538 2301; x_wconf 76' lang='grc' dir='ltr'>ὄνομα,</span> <span class='ocrx_word' id='word_1_775' title='bbox 1568 2266 1616 2293; x_wconf 76' lang='grc' dir='ltr'>καὶ</span> <span class='ocrx_word' id='word_1_776' title='bbox 1647 2269 1823 2303; x_wconf 81' lang='grc' dir='ltr'>φρονήματος</span> <span class='ocrx_word' id='word_1_777' title='bbox 1850 2269 1901 2303; x_wconf 73' lang='grc' dir='ltr'><strong>ἐμ-</strong></span> 
     </span>
    </p>
   </div>
   <div class='ocr_carea' id='block_1_108' title="bbox 1110 2308 1900 2348">
    <p class='ocr_par' dir='ltr' id='par_1_108' title="bbox 1110 2308 1900 2348">
     <span class='ocr_line' id='line_1_108' title="bbox 1110 2308 1900 2348; baseline 0.011 -16"><span class='ocrx_word' id='word_1_778' title='bbox 1110 2308 1210 2339; x_wconf 84' lang='grc' dir='ltr'>πλεως.</span> <span class='ocrx_word' id='word_1_779' title='bbox 1227 2309 1308 2343; x_wconf 83' lang='grc' dir='ltr'>’Δρ-ιι</span> <span class='ocrx_word' id='word_1_780' title='bbox 1321 2309 1349 2336; x_wconf 82' lang='grc' dir='ltr'>δὲ</span> <span class='ocrx_word' id='word_1_781' title='bbox 1372 2310 1511 2345; x_wconf 79' lang='grc' dir='ltr'>Καίσαρος</span> <span class='ocrx_word' id='word_1_782' title='bbox 1532 2311 1578 2338; x_wconf 77' lang='grc' dir='ltr'>τὸν</span> <span class='ocrx_word' id='word_1_783' title='bbox 1594 2312 1737 2339; x_wconf 82' lang='grc' dir='ltr'>’Λντώνιον</span> <span class='ocrx_word' id='word_1_784' title='bbox 1754 2315 1784 2340; x_wconf 72' lang='grc' dir='ltr'><strong>ὲν</strong></span> <span class='ocrx_word' id='word_1_785' title='bbox 1798 2314 1900 2348; x_wconf 78' lang='grc' dir='ltr'>’Δκτίῳ</span> 
     </span>
    </p>
   </div>
   <div class='ocr_carea' id='block_1_109' title="bbox 1112 2353 1900 2396">
    <p class='ocr_par' dir='ltr' id='par_1_109' title="bbox 1112 2353 1900 2396">
     <span class='ocr_line' id='line_1_109' title="bbox 1112 2353 1900 2396; baseline 0.009 -17"><span class='ocrx_word' id='word_1_786' title='bbox 1112 2353 1187 2389; x_wconf 76' lang='grc' dir='ltr'>μάχῃ</span> <span class='ocrx_word' id='word_1_787' title='bbox 1204 2355 1374 2389; x_wconf 73' lang='grc' dir='ltr'>νικήσαντος,</span> <span class='ocrx_word' id='word_1_788' title='bbox 1397 2355 1504 2392; x_wconf 80' lang='grc' dir='ltr'>Ἡρώδῃ</span> <span class='ocrx_word' id='word_1_789' title='bbox 1524 2357 1558 2383; x_wconf 74' lang='grc' dir='ltr'><strong>τὰ</strong></span> <span class='ocrx_word' id='word_1_790' title='bbox 1576 2359 1727 2393; x_wconf 81' lang='grc' dir='ltr'>πράγματα</span> <span class='ocrx_word' id='word_1_791' title='bbox 1747 2359 1900 2396; x_wconf 76' lang='grc' dir='ltr'>τεθορύση-</span> 
     </span>
    </p>
   </div>
   <div class='ocr_carea' id='block_1_110' title="bbox 1109 2399 1899 2439">
    <p class='ocr_par' dir='ltr' id='par_1_110' title="bbox 1109 2399 1899 2439">
     <span class='ocr_line' id='line_1_110' title="bbox 1109 2399 1899 2439; baseline 0.011 -15"><span class='ocrx_word' id='word_1_792' title='bbox 1109 2407 1150 2431; x_wconf 87' lang='grc' dir='ltr'><strong>το,</strong></span> <span class='ocrx_word' id='word_1_793' title='bbox 1164 2399 1180 2434; x_wconf 77' lang='grc' dir='ltr'>ἦ</span> <span class='ocrx_word' id='word_1_794' title='bbox 1197 2400 1243 2426; x_wconf 72' lang='grc' dir='ltr'>καὶ</span> <span class='ocrx_word' id='word_1_795' title='bbox 1255 2400 1414 2434; x_wconf 74' lang='grc' dir='ltr'>ἀπέγνωστο</span> <span class='ocrx_word' id='word_1_796' title='bbox 1431 2402 1529 2429; x_wconf 82' lang='grc' dir='ltr'>τέλεον.</span> <span class='ocrx_word' id='word_1_797' title='bbox 1545 2403 1582 2430; x_wconf 82' lang='grc' dir='ltr'><strong>Οὐ</strong></span> <span class='ocrx_word' id='word_1_798' title='bbox 1594 2403 1647 2439; x_wconf 77' lang='grc' dir='ltr'>γὰρ</span> <span class='ocrx_word' id='word_1_799' title='bbox 1660 2402 1695 2439; x_wconf 84' lang='grc' dir='ltr'>ἦν</span> <span class='ocrx_word' id='word_1_800' title='bbox 1711 2405 1787 2437; x_wconf 69' lang='grc' dir='ltr'>ἐλπὶς</span> <span class='ocrx_word' id='word_1_801' title='bbox 1800 2407 1899 2433; x_wconf 72' lang='grc' dir='ltr'>τοσαύ·</span> 
     </span>
    </p>
   </div>
   <div class='ocr_carea' id='block_1_111' title="bbox 1109 2445 1898 2488">
    <p class='ocr_par' dir='ltr' id='par_1_111' title="bbox 1109 2445 1898 2488">
     <span class='ocr_line' id='line_1_111' title="bbox 1109 2445 1898 2488; baseline 0.011 -18"><span class='ocrx_word' id='word_1_802' title='bbox 1109 2452 1159 2480; x_wconf 83' lang='grc' dir='ltr'><strong>της</strong></span> <span class='ocrx_word' id='word_1_803' title='bbox 1186 2445 1260 2480; x_wconf 85' lang='grc' dir='ltr'><strong>αὑτῷ</strong></span> <span class='ocrx_word' id='word_1_804' title='bbox 1289 2447 1356 2481; x_wconf 78' lang='grc' dir='ltr'>πρὸς</span> <span class='ocrx_word' id='word_1_805' title='bbox 1379 2447 1521 2475; x_wconf 80' lang='grc' dir='ltr'>’Λντώνιον</span> <span class='ocrx_word' id='word_1_806' title='bbox 1545 2449 1638 2483; x_wconf 73' lang='grc' dir='ltr'>φιλίας</span> <span class='ocrx_word' id='word_1_807' title='bbox 1665 2452 1828 2487; x_wconf 75' lang='grc' dir='ltr'>γενομένης,</span> <span class='ocrx_word' id='word_1_808' title='bbox 1860 2453 1898 2488; x_wconf 72' lang='grc' dir='ltr'>μὴ</span> 
     </span>
    </p>
   </div>
   <div class='ocr_carea' id='block_1_112' title="bbox 1110 2490 1899 2533">
    <p class='ocr_par' dir='ltr' id='par_1_112' title="bbox 1110 2490 1899 2533">
     <span class='ocr_line' id='line_1_112' title="bbox 1110 2490 1899 2533; baseline 0.013 -18"><span class='ocrx_word' id='word_1_809' title='bbox 1110 2490 1267 2526; x_wconf 81' lang='grc' dir='ltr'>κακωθῆναι</span> <span class='ocrx_word' id='word_1_810' title='bbox 1285 2491 1337 2518; x_wconf 79' lang='grc' dir='ltr'><strong>ὑπὸ</strong></span> <span class='ocrx_word' id='word_1_811' title='bbox 1353 2492 1401 2518; x_wconf 84' lang='grc' dir='ltr'>τοῦ</span> <span class='ocrx_word' id='word_1_812' title='bbox 1416 2493 1693 2530; x_wconf 75' lang='grc' dir='ltr'>Καίσαρος.’Πρώδης</span> <span class='ocrx_word' id='word_1_813' title='bbox 1710 2497 1749 2528; x_wconf 76' lang='grc' dir='ltr'>δὲ,</span> <span class='ocrx_word' id='word_1_814' title='bbox 1765 2497 1812 2523; x_wconf 78' lang='grc' dir='ltr'><strong>τὸν</strong></span> <span class='ocrx_word' id='word_1_815' title='bbox 1833 2498 1899 2533; x_wconf 80' lang='grc' dir='ltr'><strong>’Υρ-</strong></span> 
     </span>
    </p>
   </div>
   <div class='ocr_carea' id='block_1_113' title="bbox 1111 2538 1897 2579">
    <p class='ocr_par' dir='ltr' id='par_1_113' title="bbox 1111 2538 1897 2579">
     <span class='ocr_line' id='line_1_113' title="bbox 1111 2538 1897 2579; baseline 0.013 -17"><span class='ocrx_word' id='word_1_816' title='bbox 1111 2538 1192 2563; x_wconf 82' lang='grc' dir='ltr'>κανὸν</span> <span class='ocrx_word' id='word_1_817' title='bbox 1210 2539 1242 2564; x_wconf 84' lang='grc' dir='ltr'>ὲκ</span> <span class='ocrx_word' id='word_1_818' title='bbox 1260 2539 1343 2573; x_wconf 84' lang='grc' dir='ltr'>μέσου</span> <span class='ocrx_word' id='word_1_819' title='bbox 1366 2539 1479 2574; x_wconf 78' lang='grc' dir='ltr'>ποιῆσαι</span> <span class='ocrx_word' id='word_1_820' title='bbox 1498 2542 1698 2577; x_wconf 73' lang='grc' dir='ltr'>διανοούμενος,</span> <span class='ocrx_word' id='word_1_821' title='bbox 1713 2544 1774 2570; x_wconf 79' lang='grc' dir='ltr'>τότε</span> <span class='ocrx_word' id='word_1_822' title='bbox 1793 2545 1897 2579; x_wconf 69' lang='grc' dir='ltr'>μᾶλλον</span> 
     </span>
    </p>
   </div>
   <div class='ocr_carea' id='block_1_114' title="bbox 1110 2581 1895 2626">
    <p class='ocr_par' dir='ltr' id='par_1_114' title="bbox 1110 2581 1895 2626">
     <span class='ocr_line' id='line_1_114' title="bbox 1110 2581 1895 2626; baseline 0.014 -19"><span class='ocrx_word' id='word_1_823' title='bbox 1110 2581 1177 2617; x_wconf 79' lang='grc' dir='ltr'>ᾤετο</span> <span class='ocrx_word' id='word_1_824' title='bbox 1191 2583 1341 2618; x_wconf 74' lang='grc' dir='ltr'>συμφέρειν</span> <span class='ocrx_word' id='word_1_825' title='bbox 1362 2584 1436 2620; x_wconf 75' lang='grc' dir='ltr'>αὐτῷ</span> <span class='ocrx_word' id='word_1_826' title='bbox 1453 2586 1503 2622; x_wconf 76' lang='grc' dir='ltr'>τὴν</span> <span class='ocrx_word' id='word_1_827' title='bbox 1516 2587 1684 2624; x_wconf 81' lang='grc' dir='ltr'>ἐγχείρησιν,</span> <span class='ocrx_word' id='word_1_828' title='bbox 1710 2589 1752 2616; x_wconf 74' lang='grc' dir='ltr'>ἵνα</span> <span class='ocrx_word' id='word_1_829' title='bbox 1769 2590 1807 2625; x_wconf 86' lang='grc' dir='ltr'>μὴ</span> <span class='ocrx_word' id='word_1_830' title='bbox 1826 2590 1895 2626; x_wconf 77' lang='grc' dir='ltr'>ἀνὴρ</span> 
     </span>
    </p>
   </div>
   <div class='ocr_carea' id='block_1_115' title="bbox 1109 2629 1894 2671">
    <p class='ocr_par' dir='ltr' id='par_1_115' title="bbox 1109 2629 1894 2671">
     <span class='ocr_line' id='line_1_115' title="bbox 1109 2629 1894 2671; baseline 0.011 -17"><span class='ocrx_word' id='word_1_831' title='bbox 1109 2629 1299 2663; x_wconf 78' lang='grc' dir='ltr'>περισώςοιτο,</span> <span class='ocrx_word' id='word_1_832' title='bbox 1315 2632 1405 2664; x_wconf 77' lang='grc' dir='ltr'>τυχεῖν</span> <span class='ocrx_word' id='word_1_833' title='bbox 1421 2631 1471 2666; x_wconf 82' lang='grc' dir='ltr'>τῆς</span> <span class='ocrx_word' id='word_1_834' title='bbox 1486 2632 1625 2667; x_wconf 77' lang='grc' dir='ltr'>βασιλείας</span> <span class='ocrx_word' id='word_1_835' title='bbox 1638 2635 1722 2661; x_wconf 83' lang='grc' dir='ltr'>αὐτοῦ</span> <span class='ocrx_word' id='word_1_836' title='bbox 1734 2636 1894 2671; x_wconf 75' lang='grc' dir='ltr'>ἀξιώτερος.</span> 
     </span>
    </p>
   </div>
   <div class='ocr_carea' id='block_1_116' title="bbox 1115 2675 1896 2715">
    <p class='ocr_par' dir='ltr' id='par_1_116' title="bbox 1115 2675 1896 2715">
     <span class='ocr_line' id='line_1_116' title="bbox 1115 2675 1896 2715; baseline 0.008 -14"><span class='ocrx_word' id='word_1_837' title='bbox 1115 2675 1237 2710; x_wconf 79' lang='grc' dir='ltr'>Ἡρώδης</span> <span class='ocrx_word' id='word_1_838' title='bbox 1253 2676 1303 2711; x_wconf 81' lang='grc' dir='ltr'>μὲν</span> <span class='ocrx_word' id='word_1_839' title='bbox 1328 2676 1374 2703; x_wconf 77' lang='grc' dir='ltr'>οὖν</span> <span class='ocrx_word' id='word_1_840' title='bbox 1397 2677 1468 2704; x_wconf 77' lang='grc' dir='ltr'>οὕτω</span> <span class='ocrx_word' id='word_1_841' title='bbox 1488 2678 1642 2715; x_wconf 83' lang='grc' dir='ltr'>διανενόητο</span> <span class='ocrx_word' id='word_1_842' title='bbox 1656 2688 1663 2696; x_wconf 89' lang='grc'><strong>·</strong></span> <span class='ocrx_word' id='word_1_843' title='bbox 1685 2680 1797 2715; x_wconf 75' lang='grc' dir='ltr'>ἠρέθισε</span> <span class='ocrx_word' id='word_1_844' title='bbox 1819 2681 1848 2707; x_wconf 81' lang='grc' dir='ltr'><strong>δέ</strong></span> <span class='ocrx_word' id='word_1_845' title='bbox 1869 2690 1896 2707; x_wconf 85' lang='grc' dir='ltr'><strong>τι</strong></span> 
     </span>
    </p>
   </div>
   <div class='ocr_carea' id='block_1_117' title="bbox 1109 2721 1894 2760">
    <p class='ocr_par' dir='ltr' id='par_1_117' title="bbox 1109 2721 1894 2760">
     <span class='ocr_line' id='line_1_117' title="bbox 1109 2721 1894 2760; baseline 0.009 -14"><span class='ocrx_word' id='word_1_846' title='bbox 1109 2721 1215 2755; x_wconf 72' lang='grc' dir='ltr'>συμϐὰν</span> <span class='ocrx_word' id='word_1_847' title='bbox 1226 2722 1295 2756; x_wconf 70' lang='grc' dir='ltr'>πρὸς</span> <span class='ocrx_word' id='word_1_848' title='bbox 1310 2722 1360 2757; x_wconf 86' lang='grc' dir='ltr'><strong>τὴν</strong></span> <span class='ocrx_word' id='word_1_849' title='bbox 1371 2724 1471 2757; x_wconf 80' lang='grc' dir='ltr'>πρᾶξιν</span> <span class='ocrx_word' id='word_1_850' title='bbox 1486 2725 1565 2751; x_wconf 81' lang='grc' dir='ltr'>πλέον</span> <span class='ocrx_word' id='word_1_851' title='bbox 1579 2725 1670 2752; x_wconf 86' lang='grc' dir='ltr'>αὐτόν.</span> <span class='ocrx_word' id='word_1_852' title='bbox 1679 2726 1712 2752; x_wconf 93' lang='grc' dir='ltr'><strong>Ἡ</strong></span> <span class='ocrx_word' id='word_1_853' title='bbox 1726 2726 1779 2760; x_wconf 74' lang='grc' dir='ltr'><strong>γὰρ</strong></span> <span class='ocrx_word' id='word_1_854' title='bbox 1801 2726 1894 2758; x_wconf 75' lang='grc' dir='ltr'>Ἀλεξ-</span> 
     </span>
    </p>
   </div>
   <div class='ocr_carea' id='block_1_118' title="bbox 1107 2766 1894 2804">
    <p class='ocr_par' dir='ltr' id='par_1_118' title="bbox 1107 2766 1894 2804">
     <span class='ocr_line' id='line_1_118' title="bbox 1107 2766 1894 2804; baseline 0.005 -11"><span class='ocrx_word' id='word_1_855' title='bbox 1107 2766 1203 2802; x_wconf 65' lang='grc' dir='ltr'>άτιδρα,</span> <span class='ocrx_word' id='word_1_856' title='bbox 1240 2767 1391 2801; x_wconf 79' lang='grc' dir='ltr'>φιλόνεικον</span> <span class='ocrx_word' id='word_1_857' title='bbox 1420 2769 1580 2804; x_wconf 83' lang='grc' dir='ltr'>ὑπάρχουσα</span> <span class='ocrx_word' id='word_1_858' title='bbox 1603 2771 1724 2804; x_wconf 82' lang='grc' dir='ltr'>γύναιον,</span> <span class='ocrx_word' id='word_1_859' title='bbox 1749 2773 1799 2798; x_wconf 77' lang='grc' dir='ltr'>οὐκ</span> <span class='ocrx_word' id='word_1_860' title='bbox 1822 2772 1894 2799; x_wconf 83' lang='grc' dir='ltr'>ἀνίει</span> 
     </span>
    </p>
   </div>
   <div class='ocr_carea' id='block_1_119' title="bbox 1107 2812 1891 2852">
    <p class='ocr_par' dir='ltr' id='par_1_119' title="bbox 1107 2812 1891 2852">
     <span class='ocr_line' id='line_1_119' title="bbox 1107 2812 1891 2852; baseline 0.006 -15"><span class='ocrx_word' id='word_1_861' title='bbox 1107 2812 1291 2839; x_wconf 81' lang='grc' dir='ltr'>ἀναπείθουσα</span> <span class='ocrx_word' id='word_1_862' title='bbox 1311 2813 1356 2840; x_wconf 77' lang='grc' dir='ltr'><strong>τὸν</strong></span> <span class='ocrx_word' id='word_1_863' title='bbox 1372 2815 1487 2850; x_wconf 76' lang='grc' dir='ltr'>πατέρα,</span> <span class='ocrx_word' id='word_1_864' title='bbox 1511 2815 1615 2851; x_wconf 79' lang='grc' dir='ltr'>Μάλχῳ</span> <span class='ocrx_word' id='word_1_865' title='bbox 1633 2818 1833 2852; x_wconf 84' lang='grc' dir='ltr'>προσχωρῆσαι</span> <span class='ocrx_word' id='word_1_866' title='bbox 1855 2817 1891 2852; x_wconf 76' lang='grc' dir='ltr'>τῷ</span> 
     </span>
    </p>
   </div>
   <div class='ocr_carea' id='block_1_120' title="bbox 1107 2859 1890 2899">
    <p class='ocr_par' dir='ltr' id='par_1_120' title="bbox 1107 2859 1890 2899">
     <span class='ocr_line' id='line_1_120' title="bbox 1107 2859 1890 2899; baseline 0.009 -15"><span class='ocrx_word' id='word_1_867' title='bbox 1107 2860 1154 2895; x_wconf 80' lang='grc' dir='ltr'>τὴν</span> <span class='ocrx_word' id='word_1_868' title='bbox 1168 2859 1298 2894; x_wconf 76' lang='grc' dir='ltr'>’Δραῦίαν</span> <span class='ocrx_word' id='word_1_869' title='bbox 1314 2859 1412 2894; x_wconf 79' lang='grc' dir='ltr'>ἔχοντι.</span> <span class='ocrx_word' id='word_1_870' title='bbox 1434 2861 1463 2888; x_wconf 91' lang='lat'><strong>&#39;0</strong></span> <span class='ocrx_word' id='word_1_871' title='bbox 1474 2862 1500 2888; x_wconf 79' lang='grc' dir='ltr'>δὲ</span> <span class='ocrx_word' id='word_1_872' title='bbox 1515 2862 1623 2898; x_wconf 80' lang='grc' dir='ltr'>πρῶτον</span> <span class='ocrx_word' id='word_1_873' title='bbox 1637 2864 1686 2899; x_wconf 83' lang='grc' dir='ltr'>μὲν</span> <span class='ocrx_word' id='word_1_874' title='bbox 1698 2864 1820 2891; x_wconf 83' lang='grc' dir='ltr'>διωθεῖτο</span> <span class='ocrx_word' id='word_1_875' title='bbox 1831 2865 1890 2895; x_wconf 77' lang='grc' dir='ltr'>τοὺς</span> 
     </span>
    </p>
   </div>
  </div>
