2018 3147
268 102 322 134 423

901 92 1063 124 ΙΟΛΝΝΙΞ
1083 92 1243 122 ΖΟΝΑΒΕ

1842 87 1894 118 4L4.

264 158 455 194 percontatur.
468 152 517 180 llla
532 152 637 180 mimen
662 151 794 187 cjcrante,
814 150 928 177 remissa
945 145 1054 176 iracun-

1110 149 1153 175 καὶ
1178 146 1347 184 ζηλοτυπῶν,
1371 146 1424 182 ἰδίᾳ
1447 145 1497 178 τὴν
1516 144 1632 180 Μαριὰμ.
1657 143 1810 180 ἀνέκρινεν.
1829 143 1897 170 ’Λπ-

264 204 310 230 dia
326 203 416 229 vietus
427 208 532 231 amore,
551 206 631 225 suum
646 206 710 233 erga
734 197 808 224 illam
822 195 951 222 affectum
966 198 1053 221 testa-

264 255 318 276 tur.
336 248 382 274 Illa
399 254 466 273 vero
482 244 642 279 respondet,
660 243 818 270 mandatum
840 241 908 268 illud
921 248 977 267 non
992 248 1054 268 esse

263 295 392 326 amantis,
406 301 462 328 quo
488 294 511 319 si
538 292 604 326 quid
629 291 679 325 ipsi
703 288 848 316 accidisset
875 287 910 314 ab
934 287 1054 314 Antonio

265 340 386 376 gravius,
407 347 437 367 se
467 346 577 373 qttoqne
606 335 722 364 interﬁci
741 334 878 369 jussisset.
900 333 927 360 ld
950 333 1053 360 dictum

268 386 406 414 Herodem
425 386 461 412 ita
489 383 616 420 perculit,
639 386 669 409 ut
683 380 860 410 exclamaret,
887 386 920 405 ex
936 387 969 406 eo
988 386 1056 405 con—

266 439 340 459 stare
369 431 402 458 de
436 429 549 463 Joseplii
574 434 638 461 erga
657 426 729 452 illuni
751 432 854 451 amore.
872 424 965 458 Neque
980 423 1054 450 enim

267 485 397 505 arcanum
410 476 493 503 fuisse
509 473 695 508 proditurum,
711 470 762 497 nisi
781 477 895 504 magnus
910 476 959 496 eos
985 468 1056 496 alre-

265 530 328 552 ctus
340 523 506 557 enpulasset.
526 520 565 547 Ac
582 518 674 545 statim
690 524 802 544 uxorem
828 516 984 548 occidisset,
1002 514 1056 542 nisi

266 577 360 597 amore
375 568 449 595 illius
465 565 596 592 subactus
612 563 718 590 fuisset.
735 562 884 596 .losephum
901 566 977 589 certe
994 562 1057 596 qui-

266 616 339 646 dem,
359 621 410 640 nec
427 612 455 638 in
466 613 645 645 conspectum
656 616 736 636 suunt
754 607 916 639 admissum,
939 605 1057 633 interﬁci

266 660 368 696 jussit:
385 657 579 688 Alexandram,
596 659 626 682 ut
652 654 787 681 malorum
812 652 934 679 otnnium
959 656 1057 678 aucto-

269 713 339 736 rem.
364 704 393 731 in
408 703 519 730 vincula
548 701 700 736 conjectum
732 698 895 726 asservavit.
921 697 1060 725 Antonius

268 758 352 786 porro
373 756 479 780 amore,
494 756 527 775 ac
553 746 645 782 potius
671 745 812 773 veneﬁciis
831 744 983 779 Cleopatra:
997 751 1059 770 cor-

268 800 378 830 ruptus,
395 792 595 828 cupiditatibus
618 791 694 818 illius
711 790 859 818 serviebat.
876 789 915 816 Ea
932 789 1057 821 fratrem,

1105 194 1262 230 ομνυμένης
1287 193 1310 220 δ’
1328 193 1448 227 ἐκείνης,
1472 191 1559 226 ὲχάλα
1584 191 1634 226 τὴν
1657 190 1755 226 ὀργὴν,
1780 189 1898 216 καὶτοῦ

1106 241 1207 276 ἔρωτος
1222 240 1334 275 ἥττητο,
1355 239 1403 264 καὶ
1425 238 1476 273 τὴν
1492 238 1532 268 είς
1552 237 1638 272 αὐτὴν
1652 235 1797 263 ἔπιστοϋτο
1820 235 1899 270 φιλο-

1107 286 1246 320 στοργίαν.
1267 285 1299 312 'il
1315 285 1354 316 δὲ,
1373 284 1411 311 Οὐ
1427 284 1588 319 στέργοντας
1603 281 1679 310 εἷπεν
1694 281 1764 309 εἶναι
1780 282 1809 309 τὸ
1823 282 1899 316 κάμὲ

1107 331 1255 358 ἀπολέσθαι
1273 329 1454 361 ἐντείλασθαι,
1472 331 1498 356 ετ
1513 330 1546 364 γέ
1559 339 1600 356 σοι
1613 331 1678 364 παρ’
1687 330 1833 357 Ἀντωνίου
1846 338 1900 365 χα-

1107 378 1191 405 λεπόν
1205 385 1232 403 τι
1243 377 1390 412 ἐπενεχθῇ.
1407 374 1492 407 Οὗτος
1509 377 1523 402 ό
1539 376 1618 410 λόγος
1631 376 1678 402 τὸν
1699 376 1822 412 Ἠριίδην
1833 376 1900 403 ἰτά-

1108 423 1245 459 ραξε,·καὶ
1266 423 1342 454 ἐϐόα,
1369 423 1464 458 σαφῶς
1481 424 1513 449 ὲκ
1528 422 1624 448 τούτου
1645 422 1827 457 πεφωρᾶσθαι
1850 422 1900 448 τὸν

1107 469 1154 495 τοῦ
1169 469 1270 504 Ἰωσὴφ
1289 469 1357 505 πρὸς
1367 469 1454 505 αὐτὴν
1465 468 1566 504 ἔρωτα.
1583 468 1621 495 Οὐ
1639 468 1694 503 γὰρ
1711 469 1743 495 ἂν
1759 468 1851 501 ἐξεῖπε
1867 469 1901 495 τὺ

1107 515 1274 551 ἀπόρρητον,
1286 515 1391 550 ἔλεγεν,
1401 515 1426 542 ιι
1439 515 1476 550 μὴ
1489 514 1612 550 μεγάλης
1623 514 1783 550 συναψάσης
1796 515 1900 546 αὐτοὺς

1107 561 1265 593 διαθέσεως.
1284 561 1339 588 Καὶ
1359 561 1520 588 ἀπέκτεινεν
1534 560 1569 587 ἂν
1583 561 1633 597 τὴν
1646 562 1765 595 γυναῖκα
1784 561 1900 594 αὐτίκα,

1107 607 1132 633 ει
1147 607 1185 642 μὴ
1199 607 1238 642 τῷ
1249 607 1334 641 αὐτῆς
1346 607 1495 634 διδούλωτο
1506 606 1598 641 ἔρωτι.
1614 607 1667 633 Τὸν
1678 606 1777 642 Ἰωσὴφ
1789 606 1828 638 δὲ,
1843 615 1901 641 μη-

1108 651 1131 678 δ’
1143 653 1183 684 εἰς
1201 652 1263 686 ιψιν
1277 650 1361 678 αὑτοῦ
1376 650 1500 686 ἀγαγὼν,
1517 650 1667 686 προσέταξε
1682 651 1899 686 διαχρήσασθαι,

1109 698 1157 724 καὶ
1171 698 1221 733 τὴν
1240 697 1418 734 Ἀλεξάνδραν
1432 698 1469 729 ὡς
1486 698 1613 726 ἁπάντων
1628 698 1719 725 αἰτίαν
1734 698 1819 734 δήσας
1831 698 1901 731 ἐφύ-

1108 743 1214 770 λαττεν.
1238 742 1381 774 Ἀντώνιος
1395 742 1424 768 δὲ
1439 742 1477 778 τῷ
1492 743 1671 778 Κλεοπάτρας
1689 743 1783 778 lpum,
1796 743 1902 778 μᾶλλον

1109 789 1137 816 δὶ
1155 789 1342 824 φαρμακείαις
1361 787 1570 824 διεφθαρμένος,
1582 790 1644 820 ταῖς
1659 789 1768 824 ἐκείνης
1784 789 1901 823 θελήσε-

268 823 399 876 aii-quem
422 847 535 875 regnum
562 838 730 873 pertinebat,
752 844 860 864 veneno
884 836 1056 868 sustulerat;

1111 843 1152 861 σιν
1166 823 1336 861 ἐδεδούλωτο.
1351 835 1387 861 Ἦ
1399 835 1445 862 τὸν
1460 835 1510 870 μὲν
1522 835 1647 869 ἀδελφὸν,
1660 831 1682 869 ᾦ
1695 835 1712 870 η
1727 823 1851 870 βασιλεία
1861 836 1904 861 δι-

268 895 390 916 sororem
400 886 547 913 Arsinoem
565 891 613 918 per
624 883 773 910 Antonium
788 882 928 910 occiderat
943 890 952 910 :
971 881 1057 909 Anto-

269 933 346 960 nium
376 932 466 967 ipsum
484 937 582 965 cogere
597 929 746 961 nitebatur,
769 933 797 956 ut
821 928 874 956 sibi
892 927 1014 955 Judaeam
1029 931 1059 954 et

268 978 397 1006 Arabiam
421 977 597 1004 attribueret.
612 975 665 1008 Qui
686 979 717 1001 ut
741 979 769 1002 et
793 973 968 1001 manifestam
983 973 1059 1007 inju-

273 1025 341 1051 riatn
356 1018 473 1054 velaret,
486 1027 515 1049 et
538 1020 663 1048 mulieris
678 1020 821 1047 amoribus
836 1026 869 1046 ac
883 1018 975 1053 potius
987 1025 1058 1053 prae-

270 1069 361 1104 stigiis
373 1068 540 1102 indulgeret,
554 1066 653 1094 ablatis
664 1065 699 1093 ab
711 1070 826 1099 utraque
839 1063 982 1099 provincia
995 1071 1060 1098 par-

272 1116 367 1147 tibus.
392 1113 576 1141 insatiabilem
604 1112 680 1139 illius
703 1111 884 1146 cupiditatem
915 1110 1060 1146 mitigavit.

271 1161 391 1188 Antonio
400 1160 427 1186 in
439 1157 596 1186 Armeniam
606 1158 725 1185 ducente
733 1157 900 1187 exercitum.
918 1156 1061 1191 Cleopatra

271 1209 300 1234 in
317 1207 408 1234 reditu
428 1213 491 1233 cum
508 1204 616 1232 Herode
646 1204 673 1232 in
690 1204 812 1232 Iudaeam
835 1203 922 1235 venit,
941 1203 1061 1230 familia-

272 1253 355 1280 ritate
372 1253 398 1279 in
415 1256 522 1279 tantum
538 1255 628 1282 aucta.
646 1255 675 1277 ut
691 1257 754 1277 eum
767 1250 850 1277 etiam
865 1249 899 1277 ad
913 1250 1004 1277 cubile
1018 1249 1061 1276 in-

273 1300 379 1332 vitarit,
402 1298 461 1325 sive
485 1305 520 1325 ex
538 1297 671 1325 el'irenata
698 1297 825 1328 libidine,
853 1296 911 1324 sive
925 1304 960 1324 ex
987 1295 1062 1323 illius

269 1353 364 1374 arnore
380 1365 388 1378 .
408 1344 466 1372 sive
488 1343 562 1379 quod
587 1343 759 1378 probabilius
780 1348 834 1375 est,
850 1347 881 1370 ut
895 1341 1060 1377 priueipiutn

271 1391 435 1419 insidiarum
472 1397 506 1417 ex
537 1389 584 1416 illo
612 1396 761 1423 congressu
791 1393 889 1415 contra
922 1387 1061 1415 hominem

271 1436 353 1471 238
368 1439 503 1470 captaret.
517 1434 571 1461 Sed
584 1432 718 1464 Herodes.
743 1433 837 1460 verbis
868 1433 942 1459 illius
965 1431 1061 1464 elusis,

1109 880 1203 914 έφερε,
1226 880 1366 915 φαρμάκῳ
1387 879 1544 916 διέφθειρε·
1560 880 1611 916 τὴν
1629 880 1651 907 δ’
1668 880 1786 915 ἀδελφὴν
1805 880 1900 916 Ἄρσι-

1108 925 1183 959 νόην,
1201 924 1234 951 δι’
1251 925 1395 952 Ἀντωνίου
1407 925 1570 953 ἀπέκτεινε·
1588 926 1634 953 τὸν
1651 927 1742 961 μέντοι
1754 927 1904 954 ’Λντώνιον

1109 972 1232 1004 ἐϐιάζετο
1248 973 1296 1007 τὴν
1310 973 1440 1000 Ἰουδαίαν
1456 973 1523 1009 αὐτῇ
1538 974 1584 1000 καὶ
1596 973 1646 1008 τὴν
1670 973 1804 1010 Ἀραϐίαν
1815 982 1907 1008 προα-

1109 1019 1214 1053 νεῖμαι.
1231 1019 1261 1045 '0
1278 1019 1318 1052 δὲ,
1334 1019 1365 1047 τὸ
1382 1020 1520 1054 προφανὲς
1533 1021 1583 1054 τῆς
1597 1020 1704 1052 ἀδικίας
1720 1021 1907 1056 δυσωπούμε-

1111 1073 1165 1096 νος,
1185 1065 1277 1100 ἐκείνῃ
1300 1073 1329 1091 τε
1344 1065 1505 1100 χαρίζεσθαι
1518 1065 1563 1093 διὰ
1579 1067 1642 1098 τοὺς
1664 1067 1769 1102 ἔρωτας
1785 1067 1834 1093 καὶ
1851 1067 1907 1098 τὰς

1110 1110 1238 1146 γοητείας
1264 1111 1499 1146 ἀναγκαζόμενος,
1519 1112 1548 1146 ἑξ
1568 1113 1709 1149 ἑκατέρων
1729 1113 1784 1140 τῶν
1801 1113 1908 1148 χωρῶν

1112 1156 1184 1192 μέρη
1204 1157 1421 1192 ἀποτεμόμενος,
1445 1157 1549 1189 τούτοις
1573 1158 1660 1194 αὐτῆς
1675 1158 1725 1194 τὴν
1747 1159 1908 1194 ἀπληστίαν

1112 1203 1337 1238 παρεμυθήσατο.
1362 1203 1392 1230 '0
1409 1204 1458 1239 μὲν
1473 1201 1519 1230 οὖν
1535 1203 1676 1234 ’Δντώνισς
1693 1206 1734 1237 εἰς
1754 1204 1908 1240 Ἀρμενίαν

1111 1249 1293 1284 ἐστράτευσεν
1305 1259 1311 1265 ·
1330 1251 1347 1285 ἡ
1364 1250 1403 1284 δὲ,
1422 1251 1643 1286 ὑποστρέφουσα,
1658 1252 1699 1283 εἰς
1710 1252 1908 1286 τὴνἸουδαίαν

1113 1296 1234 1330 ἐγένετο,
1254 1296 1432 1331 συντυχόντος
1445 1297 1515 1332 αὐτῇ
1529 1297 1576 1324 τοῦ
1598 1297 1730 1333 Ἡρώδου.
1751 1297 1909 1333 Συνηθείας

1111 1342 1140 1369 δὲ
1156 1342 1225 1377 αὐτῇ
1241 1341 1310 1376 πρὸς
1332 1341 1454 1377 Ἡρώδην
1465 1342 1628 1378 γενομένης,
1644 1342 1842 1378 προσεκαλεῖτο
1854 1343 1908 1369 αὗ-

1112 1387 1157 1414 τὸν
1169 1387 1210 1419 ei;
1225 1387 1316 1423 εὐνὴν,
1327 1387 1454 1423 ἀκρατῶς
1467 1387 1534 1423 πρὸς
1549 1388 1622 1422 μίξιν
1638 1388 1809 1423 διακειμένη,
1828 1389 1906 1423 τάχα

1111 1434 1140 1461 δέ
1155 1443 1182 1460 τι
1203 1435 1251 1461 καὶ
1266 1434 1389 1461 παθοῦσα
1407 1435 1476 1470 πρὸς
1491 1435 1595 1461 ἐκεῖνον
1609 1435 1753 1470 ἐρωτικὸν,
1773 1435 1790 1471 ἢ
1808 1435 1840 1462 τὺ
1855 1443 1907 1462 ττι-

272 1481 434 1509 muneribus
463 1481 598 1514 placatam
629 1478 656 1505 in
683 1477 831 1513 [Egyptum
864 1477 988 1505 deduxit.
1013 1477 1059 1504 Se-

1114 1480 1280 1516 θανώτερον,
1309 1481 1397 1516 ἀρχὴν
1426 1481 1537 1516 ἐνέδρας
1562 1480 1612 1517 τὴν
1640 1481 1683 1507 ἐπ’
1698 1481 1768 1517 αὐτῇ
1791 1481 1907 1516 ὁμιλίαν

273 1527 361 1561 ptimo
390 1525 507 1553 Herodis
523 1532 596 1559 anno
628 1523 722 1551 Iudaea
747 1528 823 1550 tanto
849 1527 1004 1551 terminotu
1020 1527 1063 1551 est

274 1579 419 1604 concussa,
448 1575 552 1605 quanto
588 1577 728 1604 nunquam
759 1570 914 1597 alias:nt-c
939 1571 1063 1605 jutnenta

272 1621 406 1645 duntaxat
433 1616 518 1643 multa
543 1616 696 1650 perierunt,
725 1614 773 1642 sed
799 1619 828 1642 et
855 1615 997 1642 hominum
1025 1615 1060 1643 ad

276 1672 330 1690 nx
343 1663 428 1690 millia
444 1661 532 1688 ruinis
543 1660 723 1688 aediﬁciorum
738 1665 804 1687 sunt
819 1667 959 1695 oppressa.
976 1659 1064 1688 Hero—

273 1710 322 1737 des
341 1716 406 1735 vero
421 1707 576 1742 redemptis
593 1705 774 1740 vectigalibus
793 1713 886 1733 earum
905 1707 1060 1741 provmciao

275 1761 349 1786 rum,
365 1760 427 1788 qua:
441 1752 470 1779 in
490 1752 588 1779 Arabia
604 1756 632 1779 et
646 1751 739 1778 Judrea
756 1751 909 1786 Cleopatra:
922 1751 1064 1779 attributa:

278 1802 379 1830 erant,
400 1805 464 1824 cum
490 1796 579 1823 Arabs
600 1796 629 1823 in
657 1796 809 1831 pendendis
833 1795 942 1822 tributis
965 1803 1062 1831 parum

273 1852 383 1879 aequum
399 1851 429 1871 se
443 1843 590 1877 praeberet.
612 1842 716 1869 bellum
740 1842 766 1869 ei
790 1841 902 1868 Antonii
924 1842 1061 1876 permissu

274 1891 376 1918 inferre
387 1889 533 1918 constituit
549 1897 557 1922 ;
577 1896 610 1916 ac
629 1888 723 1916 multis
736 1887 837 1922 pratiiis
849 1888 939 1920 factis,
953 1888 1062 1915 tandem

273 1937 361 1964 victor
372 1941 453 1971 gente
466 1935 590 1970 supplice
601 1935 629 1962 in
646 1935 801 1962 clientelam
816 1939 937 1968 accepta,
950 1935 1062 1961 domum

273 1985 434 2015 revertitur,
449 1982 485 2008 ob
506 1989 562 2008 rem
578 1980 687 2007 fortiter
703 1985 806 2015 gest-ini
821 1981 933 2007 nomine
958 1987 1058 2015 magno

273 2034 362 2064 parto,
380 2032 410 2055 et
433 2028 532 2063 plenus
547 2026 713 2053 animorum.
742 2025 795 2053 Sed
820 2026 940 2053 Antonio
965 2033 1062 2053 recens

273 2074 308 2102 ad
326 2074 434 2102 Actiqu
457 2081 473 2100 a
494 2072 601 2099 Caesare
628 2075 771 2105 superato,
792 2078 836 2098 res
862 2072 923 2105 ejus
946 2071 1062 2098 turbata:

273 2123 348 2150 sunt,
363 2126 395 2145 ac
412 2117 505 2152 potius
526 2117 606 2151 plane
624 2116 783 2150 deplorata}.
799 2116 893 2150 Neque
907 2116 981 2143 enim
997 2123 1061 2150 spe-

1113 1526 1186 1552 κατὰ
1212 1526 1260 1553 τοῦ
1288 1526 1385 1560 ἀνδρὸς
1416 1527 1629 1559 συτκευάζουσςι.
1653 1526 1777 1561 Ἡρώδης
1792 1527 1821 1553 δὲ
1837 1528 1907 1559 τοὺς

1115 1572 1165 1607 μὲν
1177 1572 1274 1606 λόγους
1289 1573 1372 1608 αὐτῆς
1387 1572 1574 1608 διεκρούσατο,
1591 1573 1708 1608 δωρεαῖς
1721 1573 1750 1599 δὲ
1765 1573 1906 1608 θιραπεὺε

1115 1625 1176 1648 σας,
1202 1617 1247 1643 ἐπ’
1268 1617 1406 1650 Αιγυπτον
1431 1618 1620 1653 προῦπεμψεν.
1650 1618 1781 1654 Ἐϐδόμου
1797 1619 1826 1646 δὲ
1850 1620 1905 1655 ἠδη

1113 1663 1190 1694 ἔτους
1219 1662 1339 1696 Ἡρώδου
1355 1663 1406 1698 τῆς
1423 1662 1562 1698 βασιλείας
1584 1665 1772 1700 ἐνεστηκότος,
1788 1666 1904 1702 ἐσείσθη

1112 1708 1167 1735 τῶν
1189 1708 1326 1736 Ἰουδαίων
1348 1710 1364 1744 ἠ
1384 1709 1433 1744 γῆ,
1460 1710 1497 1741 ὼς
1519 1710 1568 1737 οὐκ
1597 1711 1701 1739 άλλως.
1719 1713 1774 1738 Καὶ
1796 1712 1854 1739 τῶν
1873 1721 1905 1740 τε

1114 1753 1220 1789 κτηνῶν
1233 1754 1321 1790 φθορὰ
1335 1755 1419 1791 πολλὴ
1431 1756 1538 1790 γέγονε,
1549 1757 1595 1783 καὶ
1607 1757 1661 1783 τῶν
1673 1757 1825 1792 ἀνθρώπων
1834 1758 1905 1786 ὡσεὶ

1113 1799 1270 1835 τρισμύριοι
1297 1801 1327 1827 ὲν
1349 1802 1408 1833 ταῖς
1435 1803 1695 1836 καταπεπτωκυίαις
1712 1804 1812 1836 eiulat;
1837 1813 1906 1840 συγ-

1114 1845 1337 1881 κατεχώσθησαν.
1350 1847 1372 1874 Τ
1373 1848 1421 1880 οὺς
1435 1848 1535 1883 φόρους
1553 1849 1582 1875 δὲ
1600 1849 1654 1876 τῶν
1673 1850 1904 1885 ὰπονιμηθεισῶν

1113 1893 1145 1927 τῇ
1169 1892 1332 1928 Κλεοπάτρᾳ
1356 1893 1453 1928 χωρῶν
1481 1893 1511 1926 ἐξ
1535 1894 1664 1930 Ἀραϐίας
1689 1896 1737 1922 καὶ
1769 1896 1904 1928 Ἰουδαίας

1118 1937 1239 1973 Ἡρώδου
1251 1939 1472 1974 μισθωσαμένου,
1481 1941 1495 1966 ό
1506 1940 1598 1975 ’Δραψ
1608 1942 1671 1976 περὶ
1681 1941 1729 1977 τὴν
1739 1941 1787 1968 τοῦ
1794 1941 1902 1977 δασμοῦ

1113 1984 1266 2021 καταϐολὴν
1281 1986 1446 2020 ἡγνωμόνει.
1465 1985 1556 2020 Ἔγνω
1571 1985 1617 2014 οὖν
1635 1988 1649 2014 6
1666 1987 1792 2022 βασιλεὺς
1807 1989 1903 2024 χωρῆ-

1113 2037 1157 2056 σαι
1172 2030 1243 2057 κατὰ
1258 2030 1305 2057 τοῦ
1320 2031 1450 2066 'Apa6a;,
1466 2032 1513 2058 καὶ
1524 2032 1569 2058 ὑπ’
1591 2032 1733 2059 ’Δντωνίου
1746 2033 1827 2060 τοῦτο
1841 2035 1904 2061 ἑπι-

1111 2076 1238 2110 τραπεὶς,
1255 2076 1301 2103 καὶ
1317 2077 1464 2112 συμϐαλὼν
1485 2077 1628 2110 πολλάκις,
1651 2079 1805 2106 τελευταῖον
1825 2081 1900 2115 νικᾷ,

1113 2121 1162 2147 καὶ
1177 2122 1339 2155 προστατεῖν
1354 2122 1400 2149 τοῦ
1414 2122 1507 2154 ἔθνους
1522 2123 1574 2150 ὑπὸ
1587 2123 1641 2150 τῶν
1659 2124 1783 2160 Ἀράϐων
1801 2125 1901 2161 ᾑρέθη.

275 2164 330 2190 rari
346 2168 464 2198 poterat,
477 2170 540 2189 eum
556 2162 584 2189 in
596 2165 671 2188 tanta
682 2161 794 2189 Antonii
809 2162 941 2194 amicitia,
957 2161 1059 2188 nullam

1114 2167 1169 2193 Καὶ
1182 2167 1352 2203 ὑπέστρεψεν
1365 2169 1405 2200 είς
1416 2169 1450 2195 τὰ
1462 2169 1561 2203 οίκεῑα,
1577 2170 1649 2205 μέγα
1661 2156 1706 2197 διά
1719 2171 1755 2198 τὰ
1766 2156 1903 2206 ἀνὲῥαταὶ-

275 2216 291 2235 a
308 2208 413 2235 Caesare
427 2207 531 2234 cladctn
546 2212 733 2242 accepturum.
747 2207 815 2235 Cum
827 2212 918 2235 autem
931 2207 986 2241 jam
999 2211 1063 2235 ante

276 2255 304 2282 in
321 2256 413 2281 animo
436 2254 588 2287 habuisset,
614 2254 769 2290 Hyrcanum
787 2262 802 2282 e
823 2253 914 2280 medio
940 2253 1061 2280 tollere:

277 2305 335 2329 tum
348 2301 433 2335 magis
445 2301 528 2328 etiam
545 2300 571 2327 id
585 2301 730 2328 consilium
746 2300 891 2336 probabat,
906 2308 941 2327 ne
956 2301 998 2327 vir
1016 2307 1063 2327 su-

276 2351 400 2382 peresset
418 2354 503 2382 regno
521 2354 549 2374 se
562 2347 681 2382 dignior,
698 2347 781 2382 idque
797 2347 844 2373 tali
860 2354 925 2374 casu
940 2351 982 2374 est
997 2354 1062 2373 eon-

275 2396 426 2420 iirntatum.
452 2391 519 2419 Nam
545 2392 720 2425 Alexandra,
749 2392 923 2420 contentiosa
949 2392 1062 2419 mulier-

273 2440 353 2472 cula,
379 2446 434 2466 non
474 2439 550 2473 prius
570 2445 668 2472 urgere
699 2442 805 2473 patrem
831 2437 946 2470 destitit,
970 2441 1001 2464 ut
1027 2436 1061 2463 ad

273 2486 408 2513 Malcltum
418 2485 539 2513 Arabum
548 2485 701 2520 principem
710 2484 881 2519 confugeret,
891 2483 1060 2518 quamlprin-

272 2532 344 2565 cipio
362 2531 544 2566 refragantein
560 2529 680 2564 denique
695 2529 861 2564 impulisset,
873 2533 903 2555 ut
920 2537 969 2563 per
986 2529 1060 2556 littc-

272 2584 318 2604 ras
333 2576 366 2603 ab
382 2577 428 2603 illo
444 2584 472 2603 se
485 2575 587 2611 suscipi
607 2579 723 2610 peteret.
740 2576 775 2602 iis
787 2575 917 2602 Dositheo
931 2575 1020 2602 amico
1032 2579 1062 2601 ut

273 2629 409 2659 perterret
421 2625 502 2651 datis.
518 2624 543 2651 ls
558 2631 623 2651 vero
640 2631 702 2651 cum
717 2622 862 2658 epistolam
885 2621 984 2650 lierodi
1003 2626 1060 2649 tra-

272 2669 398 2701 didisset,
414 2670 509 2705 jussus
521 2674 564 2697 est
579 2677 611 2697 ca
628 2669 661 2697 ad
674 2669 808 2697 Malchum
821 2669 935 2704 perlata,
949 2676 1060 2703 respon-

272 2723 334 2744 sum
349 2715 423 2743 illius
442 2715 554 2743 aﬂ'erre.
580 2716 639 2749 Quo
663 2724 713 2752 per
735 2716 897 2743 Dositheum
922 2715 1058 2748 confecto,

272 2761 417 2796 rescripsit
442 2762 541 2795 Arabs,
559 2769 588 2789 se
604 2766 632 2789 et
654 2763 810 2797 Hyrcanum
831 2764 860 2788 et
875 2769 970 2788 omnes
986 2761 1059 2788 illius

271 2809 441 2838 necessarios
453 2815 514 2837 esse
532 2812 719 2843 recepturum.
740 2807 777 2834 Ea
796 2807 912 2842 epistola
934 2811 1057 2843 recepta,

1113 2210 1222 2246 ϐήματα
1246 2213 1417 2248 κτησάμενος
1442 2213 1540 2249 ὄνομα,
1570 2215 1617 2240 καὶ
1649 2216 1824 2251 φρονήματος
1851 2217 1903 2251 ἑμ-

1113 2257 1213 2288 πλεως.
1229 2258 1310 2292 ’Δρτι
1323 2257 1351 2284 δὲ
1374 2259 1513 2293 Καίσαρος
1534 2260 1580 2286 τὸν
1596 2260 1739 2287 ’Λντώνιον
1756 2262 1786 2288 ἐν
1799 2262 1902 2296 ’Δκτίῳ

1114 2302 1189 2338 μάχῃ
1206 2303 1376 2338 νικήσαντος.
1399 2304 1507 2340 Ἡρώδῃ
1526 2305 1560 2332 τὰ
1578 2306 1729 2341 πράγματα
1750 2307 1902 2343 τεθορύϐη-

1112 2356 1152 2380 το,
1167 2348 1183 2382 ἢ
1199 2349 1246 2375 καὶ
1257 2348 1416 2383 ἀπέγνωστο
1433 2350 1532 2377 τέλεον.
1547 2351 1584 2378 Οὐ
1596 2351 1649 2387 γὰρ
1662 2349 1696 2386 ἧν
1712 2353 1789 2384 ἐλπὶς
1802 2354 1901 2380 τοσαύ-

1112 2401 1162 2428 της
1189 2394 1263 2428 αὐτῷ
1291 2395 1358 2429 πρὸς
1381 2395 1523 2423 Ἀντώνιον
1547 2398 1640 2431 φιλίας
1667 2399 1829 2434 γενομένης,
1861 2400 1900 2435 μὴ

1112 2439 1270 2474 κακωθῆναι
1287 2440 1339 2466 ὑπὸ
1355 2440 1404 2467 τοῦ
1418 2441 1695 2478 ΚαίσαροςςἩρὼδῃς
1712 2444 1752 2475 δὲ,
1767 2444 1813 2471 τὸν
1834 2445 1900 2480 Τρ-

1113 2487 1194 2512 κανὸν
1213 2487 1244 2512 ἐκ
1263 2487 1345 2521 μέσου
1368 2488 1482 2522 ποιῆσαι
1501 2490 1700 2524 διανοούμενος,
1715 2492 1776 2518 τότε
1795 2492 1898 2526 μᾶλλον

1112 2530 1180 2565 ᾤετο
1194 2532 1344 2566 συμφέρειν
1365 2532 1438 2568 αὖτῷ
1455 2534 1505 2570 τὴν
1519 2535 1687 2571 ἐγχείρησιν,
1712 2537 1755 2563 ἴνα
1771 2537 1808 2572 μὴ
1828 2537 1897 2573 ἀνὴρ

1112 2578 1302 2611 περισώζοιτο,
1317 2580 1408 2613 τυχεῖν
1424 2579 1473 2614 τῆς
1489 2580 1627 2614 βασιλείας
1641 2582 1724 2609 αὑτοῦ
1737 2583 1896 2618 ἀξιώτερος.

1118 2623 1239 2659 Ἡρώδης
1256 2625 1306 2659 μὲν
1331 2624 1378 2651 οὖν
1401 2624 1471 2652 οὕτω
1491 2626 1645 2662 διανενόητο
1658 2636 1666 2643 ι
1688 2628 1800 2662 ἠρέθισε
1821 2628 1849 2654 δέ
1871 2637 1897 2654 τι

1112 2670 1218 2704 συμϐὰν
1229 2670 1298 2705 πρὸς
1314 2670 1363 2705 τὴν
1375 2671 1474 2705 πρᾶξιν
1489 2672 1568 2699 πλέον
1582 2673 1714 2700 αὺτόν.Ἦ
1729 2673 1782 2708 γὰρ
1803 2673 1896 2705 Ἀλεξ-

1110 2715 1205 2750 άνδρα,
1243 2715 1394 2749 φιλόνεικον
1423 2716 1583 2751 ὑπάρχουσα
1606 2718 1727 2751 γύναιον,
1752 2719 1801 2746 οὐκ
1824 2719 1896 2745 ἀνίει

1111 2761 1294 2787 ἀναπείθουσα
1314 2761 1360 2788 τὸν
1375 2762 1491 2798 πατέρα,
1514 2763 1618 2798 Μάλχῳ
1636 2765 1836 2799 προσχωρῆσαι
1857 2763 1893 2799 τῷ

1110 2809 1157 2844 τὴν
1170 2807 1301 2843 Ἀραϐίαν
1317 2807 1416 2842 ἔχοντι.
1437 2809 1467 2836 '0
1477 2809 1504 2836 δὲ
1519 2810 1626 2845 πρῶτον
1640 2811 1689 2846 μὲν
1701 2811 1823 2838 διωθεῖτο
1833 2811 1892 2842 τοὺς
