2018 3147
120 190 176 223 ΓΠ

769 195 975 230 ANNALIUM
993 200 1066 232 LIB.
1086 203 1135 234 VI.

1701 209 1756 242 473

121 247 189 284 πρὸς
209 247 364 283 ’Ἡρωδιάδα
380 248 528 284 συνθήκας,
553 248 613 284 ᾔτει
634 249 703 286 πρὸς
715 250 913 288 Μαχαιροῦντα

966 255 1077 290 ignarus
1088 258 1154 293 quid
1171 260 1278 288 consilii
1291 260 1389 290 mulier
1403 262 1531 297 cepisset.
1547 263 1593 291 Illa
1608 272 1674 293 vero
1691 266 1756 295 inde

121 294 281 329 πεμφθῆναι
305 294 336 321 τδ
373 295 513 330 φρούριον,
543 297 683 334 (μεθόριον
712 298 742 326 δὲ
771 299 852 327 τοῦτο
879 299 914 335 ἦν

121 339 171 373 τῆς
188 339 288 375 Ἀρέτα
304 340 352 367 καὶ
377 342 427 376 τῆς
447 341 569 377 Ἡρώδου
586 344 684 379 ἀρχῆς)
699 346 746 372 καὶ
758 346 773 372 ὸ
788 345 914 382 Ἠρώδης

122 384 273 420 ὲξέπεμψε,
297 387 335 421 μὴ
361 387 506 421 γινώσκων
527 389 542 416 ὅ
567 389 594 416 τί
610 391 687 416 ἐστιν
707 391 775 426 αὐτῇ
801 391 833 418 τὸ
850 391 915 428 βου-

122 431 280 466 λευόμενον.
303 432 334 459 Ἠ
349 433 378 459 δι
399 434 507 461 ante"
535 435 604 471 πρὸς
619 437 752 473 ’Δραϐίαν
776 438 844 474 πρὸς
867 439 915 466 τὸν

123 477 231 512 πατέρα
242 477 397 514 ἐξώρμησε,
411 480 458 507 καὶ
471 481 520 516 τὴν
534 481 654 517 Ἡρώδου
667 483 788 519 διηγεῖτο
799 485 914 521 γνώμην

123 523 189 560 περὶ
210 525 306 559 αὐτὴν.
331 525 466 558 Κάκεῖνος
481 527 544 562 ἔσχε
558 528 637 555 τοῦτο
651 528 752 565 ἔχθρας
767 531 910 565 ὑπόθεσιν,

123 570 171 596 καὶ
188 570 261 605 μάχη
280 571 363 605 μέσον
382 572 484 606 ἀμφοῖν
511 575 717 610 συγκεκρότητο
731 577 774 604 διὰ
790 586 911 614 στρατη-

123 616 192 650 γῶν,
211 617 258 644 καὶ
273 618 297 643 ot
316 617 438 653 Ἡρώδου
461 620 630 655 ἡττήθησαν,
647 623 694 648 καὶ
704 623 777 650 ἁπαν
798 625 829 650 τὸ
839 625 913 652 ὲκεί-

123 671 169 688 νου
177 663 338 698 στράτευμα
349 664 490 692 πέπτωκε.
504 667 597 694 Ταῦτα
608 667 652 695 διά
662 669 774 704 γραφῆς
790 669 912 707 Ἡρώδης

126 709 226 743 μηνύει
244 709 284 744 τῷ
308 710 437 745 Τιϐερίῳ.
454 711 485 738 ‘0
499 713 527 739 δὲ
540 714 642 749 γρίφει
658 715 727 750 πρὸς
746 716 911 750 Οὐϊτέλλιον,

123 754 244 789 πόλεμον
270 755 338 791 πρδς
352 756 466 791 Ἀρέταν
494 760 674 794 ποιήσασθαι,
703 762 780 798 καὶῆ
803 762 914 798 ζωγρη-

122 800 202 826 θέντα
220 801 332 836 δέσμιον
350 803 509 839 ἀναπέμψαι
525 807 566 837 εὶς
592 806 717 842 Ῥώμην,
733 808 748 841 ἢ
770 809 913 844 ἀνῃρημέ-

121 855 166 873 νου
178 848 283 874 στεῖλαι
297 849 347 884 τὴν
357 850 491 885 κεφαλήν.
505 851 568 878 Τισὶ
581 851 609 878 δὲ
624 853 676 879 ὑπὸ
685 853 754 880 Θεοῦ
765 854 814 890 τὴν
823 854 913 891 Ἣρὼ-

120 892 165 919 δου
183 894 317 928 στρατιὰν
342 895 452 922 ἑλέσθαι
481 897 582 931 ἐδόκει,
598 899 676 931 δίκας
699 901 841 933 τιννύντος
867 901 912 928 διὰ

119 940 165 967 τὸν
195 941 279 975 φόνον
294 942 341 969 τοῦ
375 945 517 979 προφήτου
539 946 586 972 καὶ
603 946 758 975 Βαπτιστοῦ
773 948 908 976 Ἰωάννου.
926 945 930 948 ’

120 988 216 1015 Ταῦτα
235 988 292 1024 γὰρ
307 991 356 1016 καὶ
378 991 444 1026 περὶ
458 991 557 1018 τούτου
576 993 648 1020 κατά
663 994 737 1027 λέξιν
754 996 767 1021 ὀ
779 995 911 1028 Ἰώσηπος

119 1032 236 1067 ἔγραψε.
255 1035 365 1062 Κτεὲνει
379 1036 435 1071 γὰρ
448 1036 543 1064 τοῦτον
559 1037 682 1074 Ἡρώδης
699 1040 801 1074 ἀγαθὸν
814 1041 909 1076 ἄνδρα,

119 1079 168 1106 καὶ
180 1080 247 1112 τοὺς
259 1080 406 1113 Ἰουδαίους
422 1083 571 1110 κελεύοντα
586 1085 687 1120 ἀρετὴν
703 1086 909 1120 ὲπασκοῦντας.

119 1125 168 1152 καὶ
182 1126 216 1152 τὶ
232 1127 301 1162 πρὸς
326 1128 458 1163 ἀλλήλους
471 1129 631 1168 δικαιοσύνῃ
648 1133 696 1159 καὶ
712 1133 746 1160 τὰ
763 1134 832 1169 πρὸς
844 1135 912 1161 ΘεΕν

119 1172 249 1208 ευσεεείᾳ
267 1174 427 1209 χρωμένους
444 1175 590 1212 βαπτισμῷ
606 1178 739 1205 συνιέναι·
757 1179 829 1206 οὕτω
856 1180 911 1218 γὰρ

119 1219 168 1245 καὶ
182 1218 233 1253 τὴν
246 1219 374 1254 βάπτισιν
390 1221 464 1256 αὐτῷ
476 1223 620 1256 φανεῖσθαι
635 1223 800 1260 ἀποδεκτὴν.
815 1225 912 1258 Δείσας

119 1266 148 1292 δὲ
165 1265 292 1302 Ἡρώδης
304 1267 334 1293 τδ
347 1267 393 1294 ἐπὶ
414 1267 542 1294 τοσοῦτον
560 1268 674 1295 πιθα-δὺν
693 1269 777 1297 αὐτοῦ
792 1271 849 1302 τοῖς
864 1272 913 1298 ἀν-

120 1312 244 1347 θρώποις
259 1313 297 1348 μὴ
312 1315 360 1340 ἐπὶ
386 1315 479 1341 στάσει
498 1315 576 1351 φέροι
597 1316 652 1342 τινὶ
667 1316 769 1351 (πάντα
792 1317 847 1352 γὰρ
860 1317 914 1343 ἑοί-

119 1367 187 1385 κιαι
206 1359 349 1395 συμϐουλῇ
364 1361 397 1395 τῇ
408 1360 516 1387 ἐκείνου
526 1361 688 1396 πράξοντες)
703 1362 770 1388 πολὺ
786 1364 912 1398 κρεῖττον

119 1406 243 1438 ἡγεῖται,
259 1406 325 1440 πρίν
338 1414 364 1432 τι
379 1406 512 1442 νεώτερον
527 1407 557 1440 ἑξ
582 1408 665 1434 αὑτοῦ
682 1408 831 1442 γενέσθαι,
847 1417 913 1444 προ-

119 1450 214 1477 λαϐὼν
240 1450 357 1483 ἀνελεῖν,
379 1451 426 1478 τοῦ
445 1452 600 1487 μεταϐολῆς
629 1452 784 1487 γενομένης
808 1452 846 1487 μὴ
873 1453 914 1484 είς

121 1497 276 1531 πράγματα
295 1496 427 1532 ἐμπεσὼν
454 1499 608 1533 μετανοεῖν.
638 1498 693 1525 Καὶ
707 1499 721 1525 ό
741 1498 792 1534 μὶν
809 1498 913 1534 ὑποψίᾳ.

122 1542 171 1568 τοῦ
194 1542 319 1578 Ἡρώδου
334 1543 445 1578 δέσμιος
469 1544 509 1575 εις
541 1543 741 1579 Μαχαιροῦντα
764 1545 912 1580 πεμφθεὶς,

120 1588 208 1624 ταύτῃ
226 1589 379 1615 κτίννυται·
397 1590 454 1620 τοῖς
469 1589 498 1616 δὲ
510 1589 652 1622 Ἰουδαίοις
666 1590 748 1622 δόξαν
763 1590 810 1617 ἐπὶ
826 1599 913 1624 τιμω-
926 1604 948 1634 c

123 1635 169 1670 ρίᾳ
194 1636 229 1670 τῇ
245 1635 352 1661 ἐκείνου
367 1634 413 1661 τὸν
438 1635 549 1670 ὄλεθρον
566 1635 614 1662 τοῦ
638 1635 755 1671 στρατοῦ
771 1636 912 1670 γενέσθαι,

122 1681 168 1707 τοῦ
182 1681 251 1708 Θέοῦ
263 1681 390 1708 κακῶσαι
413 1681 539 1718 Ἡρώδην
555 1681 692 1714 θέλοντος.
715 1682 870 1714 Οὒῖτέλλιος
885 1682 913 1709 δὲ

123 1727 192 1763 πρὸς
218 1727 333 1763 Ἀρέταν
359 1727 523 1763 πολεμήσων
537 1728 680 1763 ἠπείγετο.
700 1728 867 1764 Ὦρμημένῳ
883 1728 912 1755 δὲ

122 1773 166 1800 διὰ
178 1773 229 1808 τῆς
241 1773 377 1801 Ἰουδαίων
392 1774 559 1809 διέρχεσθαι,
577 1774 750 1811 παρῃτοῦντο
766 1776 791 1801 οἱ
807 1775 912 1810 πρῶτοι

122 1819 216 1847 αὐτῶν
232 1819 281 1856 τὴν
295 1820 341 1847 διὰ
355 1819 406 1855 τῆς
420 1819 514 1855 χώρας
529 1820 606 1851 δδόνζ
617 1822 648 1848 οὐ
662 1822 716 1857 γὰρ
732 1821 848 1857 πάτριον
875 1818 912 1848 si-

123 1875 167 1892 ναι
186 1866 282 1898 αὐτοῖς
297 1867 406 1900 εἰκόνας
421 1867 553 1903 φέρεσθαι
569 1867 614 1894 διὰ
628 1867 677 1903 τῆς
706 1867 798 1903 χώρας
812 1866 913 1900 αὐτῶν,

125 1913 228 1945 πολλὰς
242 1913 266 1940 δ’
290 1914 445 1941 ἐπικεῖσθαι
463 1914 525 1946 ταῖς
553 1914 686 1949 σημαίαις
714 1913 832 1944 εἰκόνας.
849 1914 914 1940 Πει-

125 1960 200 1991 σθεὶς
213 1957 272 1992 οὖν,
282 1960 328 1987 διά
342 1960 390 1987 τοῦ
407 1961 527 1996 μεγάλου
539 1960 631 1987 πεδίου
641 1959 779 1990 διεϐίϐαζε
788 1959 818 1986 τὸ
830 1967 914 1994 στρα-

124 2005 248 2034 τόπεδον.
273 2006 360 2038 Αὐτὸς
387 2006 415 2033 δὲ
441 2007 501 2042 μετ’
520 2005 644 2041 Ἡρώδου
667 2006 707 2037 εις
738 2003 915 2041 Ἱεροσόλυμα

124 2053 215 2088 ἀνῄει,
232 2053 323 2080 θύσων
335 2053 374 2088 τῷ
392 2053 462 2088 Θεῷ.
480 2053 534 2081 Καὶ
550 2054 625 2088 τρεῖς
645 2053 790 2087 ἐπιμείνας
807 2051 914 2087 ἡμέρας

966 302 993 330 in
1005 303 1135 332 Arabiam
1147 306 1180 332 ad
1196 311 1300 340 patrem
1313 309 1482 343 properavit,
1498 309 1578 345 eique
1590 311 1655 345 quid
1671 312 1757 339 liere-

965 348 1014 377 dcs
1042 349 1077 377 de
1101 358 1129 379 se
1153 352 1246 379 animo
1272 353 1481 389 271agitaret,
1509 357 1647 391 exposuit.
1678 358 1758 386 Unde

964 395 1063 424 Aretas
1087 397 1294 426 inimicitiarum
1307 400 1480 428 occasionem
1505 402 1646 437 arripuit:
1665 411 1755 437 pugna

965 449 1014 478 per
1038 443 1183 479 utriusque
1216 444 1301 472 duces
1329 447 1486 479 commissa,
1515 447 1663 475 Herodiani
1689 448 1755 476 victi

964 494 1028 516 sunt
1056 493 1084 516 ct
1116 489 1207 517 omnis
1225 490 1285 526 ejus
1312 492 1451 519 exercitus
1475 500 1572 520 caesus.
1599 493 1666 527 Qua:
1692 501 1756 521 cum

965 533 1089 562 Herodes
1103 534 1215 562 Tiberio
1230 543 1277 570 per
1303 535 1409 563 litteras
1437 537 1630 572 signiﬁcasset,
1650 539 1694 566 ille
1711 538 1760 567 Vi-

965 579 1041 608 tellio
1059 580 1167 613 scribit,
1179 585 1208 608 ιιι
1221 581 1312 608 Arelas
1325 581 1426 609 bellum
1439 582 1549 616 inferat,
1562 589 1590 611 et
1603 589 1651 612 aut
1661 585 1758 612 viven—

965 630 1018 653 tem
1037 626 1064 653 in
1076 627 1204 660 vinculis,
1218 632 1266 654 aut
1278 627 1413 655 interfecti
1428 634 1511 664 caput
1524 629 1638 657 Romam
1656 631 1755 660 mittat.

963 672 1079 705 Quidam
1097 673 1251 706 credidere,
1270 674 1389 701 Herodis
1402 675 1554 702 exercitum
1572 676 1611 702 ira
1631 676 1759 704 Numinis

964 718 1113 750 interiisse,
1134 719 1169 746 ob
1184 719 1286 747 cmdem
1307 721 1449 755 propheta:
1473 724 1500 748 et
1525 721 1653 756 Baptista:
1675 721 1758 749 Joan-

963 765 1017 792 nis.
1050 766 1086 793 De
1113 773 1168 801 quo
1193 766 1327 802 Iosephus
1355 766 1397 794 his
1421 767 1513 794 verbis
1539 766 1658 794 scribit:
1679 767 1758 793 Hunc

963 810 1087 839 Herodes
1112 812 1250 840 interfecit
1266 813 1354 840 virum
1374 813 1489 844 bonum.
1507 813 1554 848 qui
1577 812 1686 840 Juda-os
1701 812 1757 839 vir-

963 861 1049 885 tutem
1063 857 1166 891 colere,
1185 863 1268 893 atque
1287 859 1361 886 inter
1385 867 1445 886 sese
1459 859 1573 894 justitite
1586 863 1615 887 et
1633 857 1757 894 religioni

962 910 1029 938 erga
1049 903 1136 930 Deum
1160 903 1226 931 dare
1241 912 1352 939 operam
1367 905 1460 940 jussit,
1486 913 1519 932 ac
1543 905 1583 932 sic
1597 905 1630 932 ad
1656 905 1759 939 baptis-

965 958 1041 977 mum
1066 950 1209 983 aecedcre,
1230 956 1287 978 tum
1309 951 1421 979 demum
1451 951 1576 979 futurum
1602 955 1757 986 acceptum.

963 996 1087 1024 Herodes
1103 1001 1194 1024 autem
1207 997 1322 1030 veritus,
1340 1005 1374 1025 ne
1391 1002 1464 1026 tanta
1476 998 1536 1032 ejus
1552 998 1579 1024 in
1591 997 1688 1032 vulgus
1705 1005 1756 1024 au-

963 1041 1076 1068 ctoritas
1088 1040 1122 1068 ad
1134 1041 1298 1069 seditionem
1312 1047 1458 1077 spectaret,
1474 1042 1547 1078 quod
1569 1042 1638 1069 nihil
1656 1050 1710 1069 non
1723 1050 1757 1069 eo

961 1084 1112 1114 mandante
1129 1086 1267 1114 facturum
1282 1086 1422 1114 videretur
1436 1096 1442 1113 :
1459 1087 1614 1115 consultius
1626 1094 1686 1114 esse
1703 1086 1756 1114 du—

962 1132 1012 1165 xit,
1028 1139 1092 1160 eum
1116 1137 1262 1168 antequam
1285 1139 1329 1159 res
1352 1139 1438 1159 novas
1461 1132 1642 1164 moliretur,e
1662 1132 1756 1159 medio

963 1179 1073 1211 tollere,
1091 1186 1127 1206 ne
1140 1186 1202 1207 sese
1219 1179 1373 1206 mutatione
1389 1178 1459 1206 facta
1474 1179 1592 1214 negotiis
1611 1182 1639 1205 et
1656 1178 1757 1205 moles-

963 1223 1009 1252 tiis
1027 1223 1231 1252 conﬁictantem
1249 1224 1385 1251 tarditatis
1409 1232 1466 1252 sure
1485 1224 1641 1259 pteniteret.
1663 1223 1708 1251 Sic
1722 1231 1757 1250 ex

963 1271 1079 1299 Herodis
1095 1271 1251 1306 suspicione
1270 1271 1480 1299 Macltmruntem
1508 1271 1608 1299 missus
1624 1270 1758 1302 Joannes,

963 1317 1109 1345 occiditur.
1123 1317 1209 1345 Judaei
1228 1324 1293 1345 vero
1309 1317 1464 1350 credidere,
1484 1317 1511 1344 in
1530 1317 1662 1344 ultionetn
1680 1316 1758 1343 necis

963 1363 1034 1398 ejus,
1047 1363 1200 1390 exercitum
1217 1363 1343 1398 periisse,
1362 1363 1418 1390 Deo
1440 1363 1468 1389 in
1482 1362 1620 1390 Herodem
1633 1360 1758 1389 animad—

963 1412 1097 1436 vertente.
1121 1408 1258 1436 Caeterum
1276 1408 1401 1436 Vitellius
1422 1408 1525 1436 bellum
1548 1409 1638 1435 Aretes
1662 1407 1755 1434 illatu-

963 1461 1021 1485 rus,
1038 1460 1101 1481 cum
1115 1453 1236 1481 Judmam
1258 1454 1428 1488 pertransire
1451 1453 1552 1481 vellet:
1571 1460 1586 1479 a
1599 1451 1757 1479 Judzeorum

963 1499 1136 1534 proceribus,
1148 1507 1182 1526 ne
1194 1507 1244 1534 per
1254 1507 1315 1527 eam
1332 1499 1394 1532 iret,
1411 1498 1484 1534 quod
1497 1499 1524 1526 in
1536 1498 1642 1526 vexillis
1657 1498 1757 1525 multas

964 1546 1078 1573 haberet
1104 1545 1248 1580 imagines,
1267 1553 1335 1580 quas
1355 1553 1404 1580 per
1425 1552 1503 1573 suam
1524 1544 1663 1579 regionem
1689 1542 1757 1570 ferri

964 1592 1052 1628 patria
1064 1592 1123 1627 lege
1134 1591 1211 1620 nefas
1220 1597 1304 1625 esset,
1315 1596 1455 1624 exoratus,
1468 1591 1562 1626 copias
1571 1599 1620 1626 per
1631 1597 1757 1624 magnam

965 1637 1106 1674 planitiem
1122 1638 1251 1665 traduxit.
1273 1637 1335 1673 Ipse
1352 1645 1418 1665 cum
1437 1637 1545 1665 Herode
1569 1636 1758 1672 Hierosolyma

964 1683 1099 1716 ascendit,
1115 1688 1146 1711 ut
1157 1683 1327 1711 sacriﬁcaret
1341 1683 1397 1711 Deo
1412 1693 1419 1711 :
1434 1683 1526 1718 ibique
1543 1682 1635 1710 triduo
1648 1686 1757 1713 exacto,

963 1730 1108 1759 Ionatham
1123 1729 1285 1765 pontiﬁcatu
1300 1734 1402 1763 movet,
1417 1734 1446 1757 et
1460 1729 1572 1756 fratrem
1591 1729 1649 1764 ejus
1666 1728 1759 1755 Theo-

965 1775 1072 1810 philum
1092 1775 1119 1801 in
1134 1782 1167 1802 eo
1183 1774 1311 1802 collocat.
1326 1774 1430 1808 Quarto
1452 1781 1517 1802 vero
1531 1773 1577 1801 die
1597 1772 1699 1800 litteris
1724 1771 1759 1799 dc

967 1821 1045 1848 obitu
1061 1820 1166 1848 Tiberii
1181 1821 1314 1856 acceptis,
1335 1821 1438 1856 populo
1460 1819 1638 1856 jurejurando
1659 1818 1758 1846 adacto

969 1871 997 1894 ut
1012 1867 1078 1895 Caio
1092 1866 1206 1899 faveret,
1221 1866 1374 1894 exercitum
1394 1867 1546 1894 revocavit.
1564 1865 1667 1893 Ferunt
1688 1864 1760 1894 Arc—

968 1917 1024 1940 tam
1041 1919 1151 1948 quoque
1175 1912 1310 1940 consultis
1331 1912 1455 1947 auguriis
1468 1912 1581 1943 dixisse,
1602 1919 1657 1938 non
1678 1918 1760 1945 posse

967 1959 1119 1987 exercitum
1140 1958 1216 1985 illum
1233 1958 1336 1986 bellum
1353 1966 1449 1993 gerere
1463 1965 1471 1985 :
1490 1957 1567 1985 brevi
1585 1957 1659 1984 enim
1675 1957 1759 1983 mori-

969 2009 1062 2032 turum
1077 2012 1138 2032 esse
1156 2004 1266 2037 ducem,
1282 2004 1325 2032 vel
1343 2005 1391 2039 qui
1408 2003 1591 2040 jussisset,vel
1608 2003 1654 2038 qui
1667 2003 1764 2037 jussus

969 2055 1051 2082 esset,
1072 2050 1116 2077 vel
1133 2057 1196 2077 eum
1216 2054 1312 2077 contra
1329 2057 1412 2085 quem
1427 2050 1501 2085 jussa
1515 2053 1590 2076 esset
1609 2048 1764 2083 expeditio.

124 2099 191 2130 ἐκεῖ,
222 2098 353 2134 Ἰωνάθην
372 2099 422 2134 μὲν
450 2099 500 2134 τῆς
525 2098 736 2135 ἀρχιερωσύνης
775 2097 934 2133 μεθίστησι,
951 2098 997 2124 τὸν
1022 2096 1052 2124 δὲ
1081 2096 1198 2132 ἀδελφὺν
1221 2097 1306 2124 αὑτοῦ
1333 2096 1465 2132 Θεόφιλον
1500 2095 1696 2130 ἐγκαθίστησιν
1719 2094 1760 2124 εἰς

124 2145 220 2180 αὑτήν.
233 2144 274 2180 Τῇ
295 2144 413 2179 τετάρτῃ
427 2144 456 2171 δὲ
469 2144 642 2180 γραμμάτων
662 2144 738 2180 αὐτῷ
760 2144 948 2179 κομισθέντων
982 2144 1046 2178 περὶ
1085 2144 1136 2178 τῆς
1153 2143 1282 2178 Τιϐερίου
1314 2143 1456 2178 τελευτῆς,
1471 2142 1575 2178 ὥρκισε
1605 2141 1636 2168 τὸ
1656 2139 1764 2175 πλῆθος,

125 2192 227 2218 εὐνοεῖν
244 2190 285 2226 τῷ
315 2190 399 2226 Γαΐῳ,
426 2190 554 2218 ἀνεκάλει
578 2191 606 2218 δὲ
625 2191 672 2218 καὶ
686 2190 717 2218 τὸ
741 2191 912 2226 στράτευμα.
932 2190 1050 2226 Λέγεται
1071 2190 1100 2217 δὲ
1133 2191 1180 2217 καὶ
1212 2191 1260 2217 τὸν
1273 2190 1389 2226 ’Δρέταν
1402 2185 1696 2223 οἰωνοσκοπησάμενον
1709 2186 1761 2222 φᾶ·

126 2249 166 2266 ναι
193 2239 338 2274 ἀμήχανον
351 2236 421 2266 εἶναι
439 2240 479 2274 τῷ
494 2238 603 2274 στρατῷ
625 2238 790 2274 πολεμῆσαι.
814 2238 999 2274 Τεθνήξεσθαι
1032 2238 1087 2273 γὰρ
1120 2238 1175 2265 τῶν
1210 2238 1353 2273 ἡγεμόνων
1379 2238 1396 2274 ἢ
1424 2237 1468 2264 τὸν
1494 2236 1661 2263 κελεύσαντα
1682 2236 1763 2262 πολε»

127 2289 196 2319 ιιεῖν,
213 2288 230 2322 ἢ
265 2287 311 2314 τδν
326 2287 551 2323 κελευσθέντα,ἢ
579 2286 640 2314 καθ’
670 2283 702 2314 οὗ
720 2287 750 2313 τὸ
774 2287 913 2322 κέλευσμα
933 2287 1040 2322 γέγονε.

157 2334 196 2361 Ζ’.
215 2333 273 2361 Καὶ
296 2334 449 2366 Οὐϊτέλλιος
465 2335 514 2370 μὲν
530 2335 569 2365 εις
585 2334 753 2370 Ἀντιόχειαν
770 2334 914 2370 ἀνεχώρη-

1004 2333 1059 2361 Vll.
1086 2333 1124 2360 Ac
1143 2332 1270 2360 Vitellius
1295 2331 1470 2360 Antiochiam
1493 2330 1616 2358 recessit.
1641 2331 1763 2366 Agrippa

125 2390 180 2414 σεν,
194 2380 357 2416 ’Δγρίππας
369 2380 397 2407 δὲ
410 2382 424 2407 ὁ
442 2380 652 2416 Ἀριστοϐούλου
670 2381 726 2413 υίὸς
739 2382 784 2408 ἐπὶ
805 2381 916 2417 Ῥώμης

121 2429 220 2463 ἔτυχεν
234 2427 340 2459 (amas
353 2426 480 2462 Τιϐερίου
498 2423 766 2462 θνήσκοντος.οὖτος
781 2427 848 2463 γὰρ,
864 2427 917 2462 πρὸ

124 2473 229 2510 μικροῦ
244 2474 295 2509 τῆς
317 2472 438 2508 ¹Ηρώδου
451 2474 501 2500 τοῦ
517 2473 637 2509 μεγάλου
646 2473 694 2501 τοῦ
706 2474 819 2502 πάππου
833 2472 916 2501 αὑτοῦ

121 2519 258 2556 τελευτῆς
272 2521 301 2553 ὲν
316 2522 348 2555 τῇ
369 2519 463 2556 Ῥώμῃ
478 2520 657 2556 τρεφόμενος,
670 2521 791 2557 συνήθης
803 2521 919 2555 ἐγένετο

121 2566 241 2602 Δρούσῳ
255 2565 295 2600 τῷ
309 2565 434 2601 Τιϐερίου
460 2565 524 2602 υἱῷ,
537 2567 586 2593 καὶ
600 2567 732 2602 ’Δντωνία
746 2568 779 2603 τῇ
796 2566 915 2603 Δρούσου

120 2613 170 2641 τοῦ
182 2613 304 2648 μεγάλου
319 2613 430 2647 γυναικὶ
449 2613 570 2646 γνωστὸς
582 2614 690 2649 γέγονε,
705 2613 853 2650 Βερενίκης
868 2615 917 2649 τῆς

120 2660 209 2687 αὐτοῦ
235 2660 338 2694 μητρὴς
362 2661 521 2696 τιμωμένης
538 2660 604 2696 παρ’
620 2660 717 2695 αὐτῆς.
738 2661 917 2695 Μεγαλοπρε-

125 2706 180 2741 πῆς
200 2705 229 2732 δὲ
247 2704 285 2731 ὢν
312 2706 480 2741 ’Δγρίππας,
503 2707 552 2734 καὶ
569 2707 728 2742 δωρεῖσθαι
754 2707 914 2742 πολυτελὴς,

124 2753 174 2786 τῆς
191 2751 297 2787 μητρὸς
313 2752 396 2778 αὐτοῦ
412 2752 557 2788 θανούσης,
573 2752 610 2779 τὰ
624 2753 674 2788 μὲν
687 2753 742 2780 τῶν
767 2754 917 2788 χρημάτων

125 2798 165 2828 εἰς
183 2796 282 2823 ἑαυτὸν
302 2797 437 2830 ἀνάλωσε,
457 2797 612 2829 πολυτελῶς
635 2797 825 2832 διαιτώμενος,
841 2801 876 2826 τά
887 2799 916 2826 δὲ

125 2843 165 2873 εἰς
181 2841 296 2877 δωρεὰς,
312 2843 346 2869 τὰ
372 2843 458 2878 πλείῳ
472 2843 494 2870 δ’
509 2844 549 2875 εἰς
562 2844 626 2875 τοὺς
647 2843 847 2879 ἀπελευθέρους
869 2845 916 2871 τοῦ

126 2886 280 2922 Καίσαρος,
297 2887 344 2914 καὶ
358 2888 425 2922 ταχὺ
443 2888 472 2914 ἐν
489 2888 579 2923 ἐνδείᾳ
608 2887 870 2921 ἐγένετο.Θανόντος
886 2887 917 2914 δὲ

128 2932 176 2960 τοῦ
193 2933 252 2960 υἱοῦ
263 2933 402 2966 Τιϐερίῳ,
416 2934 568 2966 ἀπείρηκεν
588 2935 693 2966 ἐκεῖνος
705 2934 745 2969 ei;
756 2933 818 2966 δψιν
833 2933 915 2962 αὑτοῦ

967 2387 1034 2407 vero
1060 2378 1214 2406 Aristobuli
1242 2378 1324 2410 ﬁlius,
1353 2378 1490 2406 moriente
1514 2377 1636 2408 Tiberio,
1668 2377 1764 2404 Romae

967 2426 1046 2454 vixit.
1064 2425 1116 2454 Ubi
1133 2434 1196 2453 cum
1218 2426 1299 2461 paulo
1316 2430 1380 2453 ante
1401 2425 1506 2453 obitum
1535 2425 1627 2460 magni
1643 2423 1763 2451 Herodis

967 2473 1011 2500 avi
1024 2473 1066 2501 sui
1079 2472 1256 2506 cduCaretur,
1273 2473 1301 2500 in
1321 2472 1535 2500 familiaritatem
1552 2470 1643 2502 Drusi,
1656 2470 1763 2498 Tiberii

968 2518 1027 2551 ﬁlii,
1055 2517 1135 2553 272
1164 2522 1248 2552 atque
1273 2517 1399 2545 Antoniae
1427 2517 1509 2544 Drusi
1536 2509 1647 2551 majoris
1666 2514 1764 2542 uxoris

967 2564 1093 2592 notitiam
1109 2568 1284 2599 pervenerat,
1298 2564 1334 2591 ob
1349 2563 1483 2590 honorem
1500 2562 1596 2589 matris
1613 2569 1668 2588 suae
1679 2561 1762 2588 Bere-
1795 2587 1806 2596 ,

967 2611 1054 2638 nices.
1074 2609 1108 2637 Et
1120 2610 1184 2645 quia
1206 2609 1369 2645 magniﬁcus
1389 2615 1472 2644 atque
1487 2607 1762 2635 muniﬁcentissimus

968 2660 1039 2688 erat,
1056 2654 1185 2683 defuncta
1194 2659 1291 2687 matre,
1304 2655 1420 2690 pecunia
1428 2654 1526 2690 partim
1540 2654 1566 2681 in
1581 2654 1762 2685 semetipsum

969 2704 1042 2738 (nam
1071 2706 1231 2736 sumptuose
1255 2701 1376 2737 vivebat)
1401 2701 1501 2736 partim
1532 2701 1560 2728 in
1586 2700 1761 2732 donationes,

968 2748 1062 2785 majori
1073 2752 1166 2776 tamen
1176 2755 1209 2775 ex
1221 2753 1299 2783 parte
1313 2748 1340 2775 in
1349 2747 1465 2775 Cesaris
1479 2747 1595 2775 libertos
1608 2747 1760 2781 insumpta,

967 2794 1095 2822 celeriter
1117 2793 1151 2821 ad
1171 2798 1320 2829 egestatem
1341 2797 1384 2820 est
1399 2792 1539 2821 redactus.
1568 2791 1676 2819 idortuo
1693 2798 1763 2817 vero

968 2841 1024 2868 ﬁlio
1039 2840 1154 2872 Tiberii.
1171 2840 1194 2868 is
1214 2839 1311 2872 edixit,
1328 2847 1362 2867 ne
1388 2840 1467 2874 pueri
1482 2839 1632 2866 familiares
1653 2839 1680 2865 in
1695 2845 1756 2865 con-

966 2891 1090 2922 spectum
1105 2894 1184 2914 suum
1205 2886 1343 2918 venirent,
1356 2893 1390 2913 ne
1405 2893 1454 2920 per
1470 2886 1543 2918 illos,
1564 2890 1693 2912 renovata
1710 2883 1762 2910 de-

965 2933 1055 2963 functi
1090 2933 1235 2966 mcmoria,
1278 2933 1370 2962 luctus
1409 2939 1477 2963 suus
1515 2932 1764 2966 redintegraretur.
