2018 3147
240 177 295 212 479

875 178 1043 208 JOANNlS
1062 179 1228 210 ZONAR/E

1823 188 1877 214 4"“

241 236 358 271 Agrippa
379 235 462 268 igitur
484 242 545 262 cum
567 241 598 261 ea
616 234 649 261 de
671 241 764 267 causa,
780 237 838 262 tum
855 235 891 262 ob
906 235 1029 270 pecunia:

1094 238 1175 271 ωιτᾷν
1198 237 1263 268 τοὺς
1285 237 1411 273 συνήθεις
1429 238 1491 269 τοὺς
1503 239 1549 264 τοῦ
1580 239 1691 271 παιδδς,
1712 239 1753 266 ἵνα
1785 240 1825 274 μὴ
1845 240 1877 268 δι’

242 282 361 316 inopiam
381 281 507 311 amictus,
539 278 566 305 in
595 276 716 306 .ludaeain
747 279 829 307 rediit
850 289 856 307 :
879 285 907 308 et
934 287 997 308 cum
1017 289 1032 308 a

241 328 336 354 multis
351 325 537 354 creditoribus
552 333 590 353 ats
604 326 724 353 alienum
740 327 941 362 repetentibus,
955 335 1033 354 num-

241 373 293 400 mis
306 373 417 400 omnino
433 371 582 399 destitutus
599 376 756 407 urgeretur,
785 373 819 400 de
838 373 964 401 manibus
979 373 1033 401 sibi

243 420 292 454 ipsi
318 418 466 446 ailerendis
495 417 637 453 cogitavit.
655 418 684 445 ιιι
708 419 769 454 ejus
791 419 938 447 consilium
964 426 1033 446 uxor

241 465 348 500 Cyprus
370 464 578 496 animadvertit,
595 465 719 492 Phasaeli
740 465 806 496 ﬁlia.
830 465 946 493 llcrodis
961 466 1034 501 regis

241 519 276 538 ex
299 510 383 538 fratre
409 510 520 546 nepotis
545 516 620 544 nata,
648 519 682 538 ex
708 511 896 547 Salampsione
920 512 1035 539 Herodis

241 555 308 586 ﬁlia.
331 564 413 590 quam
434 564 467 583 ex
497 555 654 583 Mariamme
678 556 712 583 ab
736 557 805 591 ipso,
823 562 852 584 ut
880 557 1035 592 expositum

241 606 293 634 est,
319 601 409 631 occisa
434 607 605 636 susceperat.
629 602 692 630 llaec
716 602 799 637 igitur
816 602 920 638 Cyprus
944 603 1035 630 tuariti

243 652 342 675 conatu
357 648 486 680 inhibito,
503 648 650 675 ilcrodiadi
664 649 764 676 Herodi
777 650 921 677 tetrarchae
933 655 1034 685 nuptae,

245 694 371 729 Agrippze
391 695 490 727 sorori,
512 694 603 722 fratris
619 695 774 722 institutum
792 695 917 727 nuntiat,
938 700 1037 730 petens

245 745 277 767 ut
292 741 412 775 adjuvet,
430 741 614 775 maritumque
628 740 661 767 ad
680 748 758 775 opem
780 741 920 768 ferendam
937 742 1037 769 exhor-

247 790 330 813 tetur.
348 786 389 812 llli
405 794 470 813 vero
488 786 512 813 ei
529 785 703 813 Tiberiadem
719 787 897 814 habitandam
915 786 1037 814 tradide-

246 837 322 864 runt,
350 832 486 867 assignate
507 832 590 858 etiam
615 833 731 867 pecunia
748 833 820 860 ttnde
837 833 954 860 viveret.
979 832 1037 860 Ali-

245 883 350 912 quanto
379 883 439 912 post
464 877 584 912 Agrippa
605 878 794 905 controversia
817 878 889 906 inter
904 879 993 914 ipsum
1009 882 1037 906 ct

1086 281 1178 309 αὐτῶν
1193 283 1233 314 είς
1249 283 1403 318 ἀνάμνησιν
1417 284 1523 310 ἐκείνου
1540 285 1597 316 ίὼν,
1619 285 1659 316 είς
1675 285 1763 321 λὶπην
1782 287 1878 322 ἀνερε-

1085 327 1205 362 Θίξηται.
1217 329 1268 355 Διά
1283 337 1314 355 τε
1339 330 1405 362 γοῦν
1420 331 1510 360 τοῦτο,
1523 331 1570 357 καὶ
1583 332 1624 357 ὅτι
1642 333 1794 366 χρημάτων
1810 333 1879 367 ἠπό-

1088 382 1182 409 ρησεν,
1195 374 1235 404 είς
1250 375 1381 401 Ἰουδαίαν
1404 377 1591 411 κακοπραγῶν
1621 378 1784 412 ἐπανῆλθεν.
1799 379 1880 406 Ἀπο-

1085 418 1160 445 τίσαι
1175 418 1204 445 δὲ
1216 419 1263 445 καὶ
1275 420 1332 451 τοῖς
1348 419 1502 452 δανεισταῖς
1514 422 1565 453 τὰς
1573 421 1685 456 mea;
1702 422 1880 458 βιαζόμενος,

1088 463 1197 495 πολλοῖς
1211 463 1285 497 οὖσι,
1298 465 1344 491 καὶ
1360 465 1397 500 μὴ
1410 465 1490 500 ἔχων,
1502 467 1541 498 εις
1569 467 1675 495 ἔννοιαν
1701 466 1785 503 ἦλθεν
1800 469 1881 495 αὐτος

1090 508 1209 544 χειρίας.
1219 510 1326 544 Συνῆκε
1342 510 1371 537 δὲ
1381 511 1410 537 τδ
1422 512 1542 546 ἐννόημα
1552 514 1568 547 ἡ
1577 513 1646 547 γυνὴ
1659 513 1744 540 αὐτοῦ
1753 514 1880 549 Κύπρος,

1089 556 1106 591 ἢ
1123 555 1248 591 θυγάτηρ
1262 554 1295 592 ἦν
1311 558 1466 592 Φασαήλου,
1479 559 1527 585 τοῦ
1550 559 1749 593 ἁδελφόπαιδος
1770 561 1821 588 τοῦ
1834 562 1882 597 βα-

1089 600 1185 633 σιλέως
1197 601 1327 636 Ἡρώδου,
1339 604 1371 630 ὲκ
1381 603 1556 639 Σαλαμψιοῦς
1565 605 1639 640 αὺτῷ
1648 606 1824 640 γεννηθεῖσα,
1834 607 1883 641 τῆς

1096 645 1217 682 Ἡρώδου
1248 647 1393 683 θυγατρὸς,
1417 649 1451 684 ἢν
1469 649 1550 684 ἔσχεν
1576 651 1608 677 ἑκ
1635 651 1753 686 Μαριὰμ
1767 653 1821 686 τῆς
1837 652 1883 679 ὕπ’

1091 691 1197 718 ἐκείνου
1223 692 1413 729 ἀνῃρημένης,
1430 693 1468 725 ὡς
1499 693 1667 728 δεδιήγηται.
1687 695 1761 730 Δῦτη
1781 695 1850 729 γοῦν
1866 697 1883 730 ἡ

1092 736 1204 771 Κύπρος
1211 737 1278 773 (66),
1290 738 1452 765 συνοικοῦσα
1460 739 1499 774 τῷ
1508 739 1662 776 Ἀγρίππᾳ,
1673 741 1721 767 καὶ
1729 742 1882 776 αἰσθομένη

1091 782 1122 809 τὸ
1140 781 1289 818 βούλευμα,
1315 784 1432 818 ἀπεῖργε
1462 783 1559 810 τοῦτον
1584 785 1883 820 αὺτοῦ.Διαπέμπεται

1089 829 1118 861 δὲ
1146 829 1215 865 πρὸς
1235 829 1387 864 Ἡρωδιάδα
1411 830 1462 865 τὴν
1488 830 1527 865 τῷ
1544 831 1683 867 τετράρχῃ
1699 833 1882 859 συνοικοῦσιν

1099 875 1216 912 Ἡρώδῃ,
1240 875 1383 912 Ἀγρίππᾳ
1404 877 1593 912 τυγχάνουσαν
1611 878 1742 913 ἀδελφὴν,
1762 879 1884 913 δηλοῦσα

246 923 381 950 ΙΙιτοόοιι]
397 928 467 955 orta,
484 923 517 950 ad
530 924 655 951 Flaccum
668 924 752 960 Syria:
766 930 912 959 praetorem
925 925 1036 960 migrat,

1094 920 1139 956 τὴν
1169 921 1274 949 ἔννοιαν
1297 922 1344 948 τοῦ
1365 922 1515 957 συγγόνου,
1548 925 1596 950 καὶ
1622 924 1733 959 βοηθεῖν
1751 925 1882 958 ἀξιοῦσα.

245 979 260 998 a
281 978 335 1006 quo
357 970 391 996 oh
414 970 626 997 familiaritatem
650 971 743 998 Ruunt:
763 976 934 998 contractam
949 972 1037 999 amice

245 1021 288 1042 est
312 1021 468 1050 susceptus.
490 1015 543 1042 Sed
572 1024 621 1050 per
648 1015 741 1044 fratris
763 1016 926 1048 Aristobuli,
949 1025 963 1044 a
983 1025 1038 1052 quo

246 1061 405 1093 diSsiilcbat,
427 1062 579 1088 calumnias
600 1061 689 1089 Flacci
716 1062 868 1090 inimicitiis
890 1064 1037 1098 susceptis,
1058 1071 1063 1074 '

246 1107 312 1135 inde
324 1108 437 1143 ejectus,
451 1113 479 1136 et
495 1108 528 1135 ad
543 1113 691 1136 extremam
712 1109 832 1143 inopiam
850 1109 988 1142 redactus,
1009 1110 1037 1136 in

247 1154 351 1181 Italiam
369 1155 497 1190 navigare
518 1155 625 1187 statuit,
641 1162 673 1182 ac
691 1155 825 1190 Marsyam
842 1155 971 1182 libertum
989 1155 1039 1182 ali-

249 1201 339 1228 cunde
355 1205 477 1227 mutuatn
494 1208 605 1228 sumere
624 1201 768 1236 pecuniam
781 1201 873 1235 jussit.
890 1200 915 1228 Is
927 1200 1037 1228 Petrum

248 1246 395 1273 Berenices
424 1245 552 1281 Aprippze
576 1246 670 1273 matris
695 1245 825 1273 libertum
851 1245 918 1278 adit,
946 1254 961 1272 a
983 1253 1038 1280 quo

251 1292 371 1326 Agrippa
388 1292 542 1327 syngrapha
557 1292 618 1319 data
632 1292 666 1319 de
690 1299 724 1318 xx
744 1292 863 1318 millibus
885 1291 1036 1318 Atticarum

248 1336 454 1365 drachmarum.
475 1335 518 1363 bis
533 1336 607 1363 mille
623 1341 650 1363 et
671 1344 687 1362 ι)
702 1337 792 1363 minus
810 1337 940 1371 acceptis,
963 1336 1038 1363 navi-

249 1386 372 1417 gaturus,
387 1382 421 1409 ab
433 1381 570 1409 Herennio
585 1382 716 1417 Capitone
728 1382 848 1409 Jamncw
858 1387 1037 1417 procuratore

248 1428 491 1464 manerejubetur,
501 1428 565 1455 dum
579 1436 625 1456 ccc
640 1428 724 1456 millia
741 1429 858 1464 argenti,
869 1437 929 1464 quae
937 1428 1037 1456 Caesari

249 1473 374 1506 deberet,
387 1475 515 1502 solveret.
530 1474 577 1502 Ille
591 1481 619 1501 se
630 1473 882 1508 obtemperaturum
893 1474 1038 1510 simulans,

248 1524 332 1547 noctu
347 1521 443 1547 solvit:
460 1524 488 1547 et
503 1519 693 1547 Alexandriam
708 1519 858 1554 profectus,
872 1520 906 1546 ab
918 1520 1039 1547 Alexan—

249 1566 299 1592 dro
314 1566 469 1594 Alaharcho
480 1574 510 1593 cc
524 1566 609 1592 millia
629 1571 725 1592 tnutuo
739 1566 816 1600 petit.
831 1565 884 1598 Qui
896 1565 942 1592 illo
955 1573 1037 1600 repu-

251 1611 336 1642 diato,
354 1619 413 1638 eam
437 1611 582 1646 pecuniam
599 1609 688 1646 Cypro
710 1611 770 1646 ejus
792 1611 870 1638 uxori
895 1619 958 1638 cum
981 1619 1045 1646 pro-

251 1661 313 1691 pter
339 1657 510 1692 conjugalem
535 1665 668 1690 amorem,
695 1663 751 1684 tum
772 1657 807 1684 ob
835 1658 915 1693 273
930 1662 1046 1686 caeteras

252 1702 312 1738 ejus
327 1703 445 1730 virtutes
459 1703 543 1730 dedit.
558 1702 615 1736 Qua
626 1707 749 1738 accepta,
763 1704 882 1739 Agrippa
897 1704 924 1732 in
940 1704 1045 1732 Italiam

251 1746 402 1780 profectus.
429 1746 518 1782 Cypro
545 1755 608 1774 eum
639 1748 698 1775 suis
736 1748 834 1777 liberis
864 1749 891 1776 in
922 1749 1045 1778 Iudaeam

254 1796 410 1824 reversa,’a
427 1793 533 1820 Caesare
559 1794 716 1822 humaniter
731 1796 877 1830 exeipitnr.
892 1797 946 1824 Sed
967 1797 1047 1832 Capi-

254 1838 326 1865 tonis
352 1838 482 1866 Ilerennii
502 1839 606 1867 litteris
627 1840 716 1868 allatis
744 1845 774 1868 ut
800 1841 892 1877 fugam
917 1843 1044 1877 cepisset,

253 1891 316 1909 cum
343 1881 390 1910 ccc
419 1884 505 1911 millia
535 1884 598 1912 aeris
629 1885 711 1913 alieni
736 1886 770 1914 ab
795 1895 828 1914 eo
853 1893 1043 1923 poscerentur,

252 1928 344 1956 Caesar
360 1928 457 1961 iratus,
484 1937 539 1956 non
555 1929 632 1964 prius
647 1930 672 1957 ei
695 1930 799 1958 aditum
822 1931 854 1958 ad
872 1940 902 1960 se
923 1933 1045 1967 permitti

253 1974 344 2009 iussit,
357 1982 439 2009 quam
452 1982 511 2002 eam
523 1975 668 2010 pecuniam
683 1981 862 2004 numerasset.
878 1976 935 2009 Qua
949 1983 1045 2005 mutuo

253 2025 361 2054 sumpta
377 2025 405 2047 et
421 2021 566 2053 dissoluta,
583 2029 679 2049 rursus
697 2021 799 2050 Tiberii
810 2023 899 2050 aulam
917 2023 1045 2058 frequen-

253 2065 332 2093 tavit.
344 2066 398 2093 Sed
416 2074 431 2093 a
448 2066 556 2094 Caisare
567 2075 596 2095 se
612 2068 646 2095 ad
666 2075 746 2095 suum
766 2074 893 2103 nepotem
908 2069 1044 2103 conferre,

251 2119 371 2148 eumque
400 2113 490 2140 colere
517 2114 620 2148 jussus,
647 2116 733 2151 magis
759 2123 824 2150 erga
852 2115 948 2142 Caiutn
979 2124 1045 2150 pro-

252 2166 354 2193 pensus
389 2159 451 2192 fuit,
488 2160 615 2187 Antonia:
653 2166 792 2195 nepotem,
821 2161 979 2189 Germanici
1017 2167 1045 2190 et

253 2203 371 2236 Claudii,
392 2205 438 2239 qui
462 2210 521 2239 post
533 2205 628 2233 Caium
645 2206 800 2241 imperavit,
817 2207 913 2234 matris
929 2216 935 2233 :
953 2211 981 2234 et
996 2207 1044 2234 ob-

254 2250 391 2276 servantia
415 2259 464 2277 sua
477 2250 535 2278 Caii
554 2259 618 2286 erga
639 2259 667 2279 sc
687 2260 808 2279 amorem
825 2253 952 2280 emeruit.
976 2252 1043 2280 Cutn

254 2299 347 2321 autem
363 2295 511 2330 aliquando
527 2297 598 2324 inter
614 2298 804 2331 prodeundum
821 2298 925 2326 Tiberii
941 2300 1043 2326 mentio

254 2339 409 2372 incidisset,
437 2345 520 2375 atque
542 2342 663 2377 Agrippa
690 2343 746 2370 Deo
771 2343 896 2371 invocato
912 2349 1042 2379 optasset,

254 2389 285 2413 οι
305 2387 432 2414 Tiberius
452 2387 518 2414 Caio
531 2395 612 2422 quam
636 2389 754 2422 primum
771 2390 886 2424 imperio
910 2391 1042 2419 cederet:

253 2433 395 2469 Eutychus
435 2433 562 2466 libertus,
593 2435 627 2462 iis
663 2436 787 2470 Agrippa:
814 2436 906 2468 verbis
933 2436 1044 2469 auditis,

253 2479 389 2508 Cresarcm
412 2481 498 2513 adiit.
510 2485 540 2508 ut
568 2481 747 2509 nuntiaturus
772 2482 876 2517 aliquid
906 2482 980 2517 quod
1009 2482 1043 2509 ad

255 2525 370 2553 salutem
385 2526 446 2561 ejus
464 2527 627 2561 pertineret.
644 2527 692 2554 ille
705 2535 768 2554 vero
787 2533 817 2554 ut
834 2528 926 2555 lentus
940 2532 1000 2555 erat
1017 2528 1046 2555 in

258 2570 340 2597 rebus
357 2572 497 2605 omnibus,
514 2580 562 2600 eos
582 2573 665 2600 etiam
683 2573 862 2607 despiciebat.
879 2574 925 2608 qui
944 2572 1047 2607 aliquid

258 2616 330 2648 quod
359 2617 445 2650 ipsius
469 2618 625 2649 interesset,
650 2618 834 2646 nuntiabant:
852 2626 943 2653 neque
964 2619 1048 2646 etiam

258 2662 356 2697 legatis
376 2664 501 2692 celeriter
519 2665 714 2700 respondebat,
731 2673 766 2693 ne
780 2665 821 2693 eis
837 2666 892 2693 cito
909 2665 1048 2700 digressis,

259 2709 305 2735 alii
333 2709 386 2735 sibi
411 2711 548 2743 negotium
572 2711 748 2739 facesserent.
775 2711 868 2744 Neque
891 2711 1006 2738 ducibus
1021 2716 1050 2738 et

261 2755 488 2789 procuratirihus
512 2765 525 2782 a
542 2765 571 2784 se
595 2758 684 2784 missis
698 2764 872 2785 successores
887 2757 980 2790 dabat,
995 2756 1048 2784 nisi

1095 967 1142 994 καὶ
1158 967 1203 994 τὸν
1211 967 1311 995 οἰκεῖον
1326 967 1412 1003 ἄνδρα
1427 968 1496 1003 πρὸς
1523 969 1686 1004 ἐπικουρίαν
1703 970 1884 1006 παρακαλεῖν.

1095 1014 1126 1041 Οἱ
1142 1013 1170 1041 δὲ
1195 1014 1460 1050 μετεπέμψαντὸ,τε
1476 1015 1570 1046 αὐτὸν,
1587 1017 1632 1042 καὶ
1647 1017 1812 1052 οἰκητήριον
1837 1017 1886 1052 τὴν

1095 1060 1244 1095 Τιϐεριάδα
1269 1060 1414 1094 δεδώκασι,
1426 1060 1473 1087 καί
1486 1070 1512 1087 τι
1528 1062 1574 1088 καὶ
1591 1062 1724 1097 ἀργύριον
1742 1063 1884 1096 ἀπέταξαν

1094 1106 1168 1142 αὖτῷ
1182 1107 1222 1138 εἰς
1237 1106 1286 1141 τὴν
1303 1106 1422 1135 δίαιταν.
1434 1106 1514 1133 Μετὰ
1527 1108 1623 1143 καιρὸν
1642 1108 1670 1134 δὲ
1686 1109 1825 1143 διαφορᾶς
1841 1118 1884 1144 γε-

1095 1153 1210 1187 νομένης
1240 1152 1348 1188 Ἡρώδῃ
1365 1161 1394 1180 τε
1411 1153 1458 1179 καὶ
1481 1153 1633 1189 Ἀγρίππα,
1662 1154 1732 1189 πρὸς
1760 1156 1886 1182 Φλάκκον

1095 1199 1193 1234 Συρίας
1206 1199 1357 1234 ἡγούμενον
1371 1200 1386 1225 ὁ
1403 1199 1561 1233 Ἀγρίππας
1585 1200 1762 1235 μεθίσταται,
1793 1202 1885 1236 φιλίως

1095 1246 1127 1271 ἐκ
1148 1244 1258 1280 Ῥώμης
1274 1245 1343 1280 πρὸς
1372 1245 1453 1272 αὑτὸν
1467 1246 1652 1279 διακείμενον,
1668 1247 1748 1273 κάκεῖ
1764 1247 1886 1282 διέτριϐε

1092 1290 1239 1326 δεξαμένου
1265 1291 1313 1317 τοῦ
1336 1291 1470 1318 Φλάκκου.
1492 1292 1538 1318 Ὧν
1552 1291 1580 1318 δὲ
1596 1292 1654 1318 ἐκεῖ
1669 1293 1716 1319 καὶ
1731 1293 1746 1318 ὁ
1770 1293 1886 1327 Ἀγρίπ-

1093 1345 1145 1364 που
1173 1336 1287 1371 ἀδελφδς
1315 1337 1533 1372 Ἀριστόϐουλος,
1562 1337 1757 1374 διαφερόμενός
1794 1347 1824 1364 τε
1851 1338 1887 1373 τῷ

1094 1382 1201 1418 ἀδελφῷ
1214 1382 1352 1414 διαϐολαῖς
1363 1383 1446 1410 αὐτὸν
1460 1383 1528 1418 πρὸς
1539 1383 1663 1410 Φλάκκον
1680 1383 1885 1420 ἐξεπολέμωσε,

1092 1429 1141 1455 καὶ
1155 1428 1297 1460 ἐξωθεῖται
1311 1429 1417 1455 ἐκεῖθεν
1432 1429 1597 1464 ’Δγρίππας.
1616 1430 1645 1456 '0
1662 1429 1701 1461 δὲ,
1717 1430 1757 1461 εἰς
1769 1431 1886 1465 ἐσχάτην

1093 1475 1225 1509 περιστὰς
1236 1474 1366 1510 ἀπορίαν,
1378 1476 1418 1506 εἰς
1433 1474 1550 1502 Ἰταλίαν
1562 1475 1674 1502 ἐκπλεῖν
1686 1475 1828 1508 ἐϐούλετο,
1843 1476 1887 1503 καὶ

1091 1519 1169 1554 ⁴ὴξίου
1187 1519 1322 1554 Μαρσύαν
1338 1519 1421 1547 αὑτοῦ
1445 1519 1628 1555 ἀπελεύθερον
1650 1520 1786 1556 χρήματά
1802 1522 1827 1548 οε
1842 1530 1887 1548 πο-

1095 1565 1167 1599 pictai
1183 1565 1263 1592 ποθὲν
1276 1565 1481 1600 δανεισάμενον.
1506 1566 1625 1598 Ἐκεῖνος
1640 1566 1668 1593 δὲ
1682 1567 1780 1602 Πέτρῳ
1803 1567 1886 1602 1:96:-

1095 1619 1164 1638 εισιν
1177 1611 1352 1646 ἀπελευθέρῳ
1374 1611 1522 1647 Βερενίκης
1536 1612 1585 1647 τῆς
1600 1612 1754 1647 Ἀγρίππου
1769 1614 1884 1648 μητρὶς,

1095 1656 1171 1683 καὶὸ
1186 1657 1291 1692 Πέτρος
1318 1658 1486 1692 συμϐόλαιον
1513 1657 1590 1692 ἔλεγε
1613 1659 1804 1694 ποιησάμενον
1832 1659 1886 1686 δύω

1096 1701 1235 1736 μυριάδων
1247 1701 1377 1728 Ἀτθίδων
1391 1702 1485 1729 λαϐεῖν
1512 1703 1563 1734 τὰς
1588 1705 1734 1738 μυριάδας,
1749 1713 1886 1731 πεντακο-

1096 1746 1166 1779 σίαις
1183 1747 1230 1773 καὶ
1244 1747 1389 1783 δισχιλίαις
1402 1747 1617 1783 ὲλασσουμένας.
1630 1750 1684 1776 Καὶ
1699 1750 1713 1775 ὁ
1729 1750 1886 1786 Ἀγρίππας

1095 1793 1230 1826 συνέθετο,
1242 1794 1289 1820 καὶ
1305 1793 1395 1820 λαϐὼν
1411 1794 1441 1831 to
1462 1795 1596 1830 δάνεισμα
1606 1795 1740 1822 ἀποπλεῖν
1758 1796 1884 1831 ἔμελλεν.

1101 1839 1239 1875 Ἐρρἐιος
1254 1839 1282 1865 δὲ
1308 1829 1450 1872 Καπίτων,
1470 1829 1608 1875 Ἰαμνείας
1632 1829 1795 1877 ἐπίτροπος,
1809 1842 1885 1877 τριά-

1095 1893 1179 1912 κοντα
1198 1885 1334 1920 μυριάδας
1347 1885 1482 1921 ἀργυρίου
1510 1886 1690 1922 ὀφειλομένας
1707 1887 1745 1922 τῷ
1760 1887 1886 1923 Καίσαρι

1094 1931 1231 1968 ἔπραττεν
1248 1932 1291 1958 ἐπ’
1308 1932 1403 1964 αὐτοῦ,
1418 1932 1465 1959 καὶ
1477 1932 1521 1959 διὰ
1533 1933 1614 1960 τοῦτο
1637 1934 1728 1968 μένειν
1746 1934 1875 1961 ἐκέλευεν

1093 1977 1251 2014 Ἀγρίππας
1267 1978 1306 2011 δὲ,
1321 1979 1579 2014 προσποιησάμενος
1607 1979 1760 2012 πείθεσθαι,
1789 1981 1884 2013 νυκτδς

1094 2023 1190 2058 ᾤχετο.
1205 2022 1261 2050 Καὶ
1280 2022 1473 2055 καταπλεύσας
1491 2025 1532 2056 εἰς
1564 2024 1786 2060 ’Δλεξάνδρεια-ι,
1804 2025 1884 2052 Ἀλε-

1094 2067 1207 2104 ξάνδρου
1221 2067 1306 2094 δεῖται
1316 2067 1363 2094 τοῦ
1385 2067 1567 2103 Ἀλαϐᾱρχου,
1583 2068 1718 2104 μυριάδας
1732 2069 1822 2095 εἴκοσι
1841 2069 1887 2096 δά-

1095 2122 1165 2141 νειον
1182 2114 1256 2149 αὐτῷ
1270 2115 1431 2149 παρασχεῖν.
1442 2115 1471 2140 '0
1487 2114 1510 2140 δ’
1523 2114 1620 2149 ἐκείνῳ
1635 2114 1686 2149 μὲν
1699 2115 1749 2140 οὒκ
1761 2114 1808 2148 ἂν,
1824 2115 1884 2149 ἔφη,

1096 2160 1263 2195 παρασχεῖν,
1291 2159 1398 2194 Κύπρῳ
1414 2159 1441 2185 δὲ
1466 2160 1499 2194 τῇ
1527 2159 1610 2186 αὑτοῦ
1631 2160 1742 2194 γυναικὶ
1768 2161 1885 2195 παρεῖχε

1094 2204 1137 2231 διά
1154 2213 1183 2231 τε
1199 2204 1248 2239 τὴν
1260 2203 1419 2238 φιλανδρίαν
1430 2203 1515 2240 αὐτῆς
1544 2203 1648 2239 καὶτὴν
1661 2204 1758 2240 λοιπὴν
1771 2205 1885 2240 ἀρετήν.

1095 2250 1253 2285 Δεξαμένης
1267 2250 1296 2276 δὲ
1315 2250 1345 2276 τὺ
1361 2249 1465 2276 δάνειον
1492 2251 1611 2285 ἐκείνης,
1627 2251 1642 2277 ὁ
1660 2250 1710 2286 μὲν
1732 2251 1885 2286 Ἀγρίππας

1096 2297 1136 2327 εἰς
1156 2295 1271 2322 Ἰταλίαν
1284 2295 1451 2328 ἀπέπλευσε,
1464 2295 1576 2331 Κύπρος
1589 2296 1617 2322 δὲ
1631 2296 1700 2331 μετᾶ
1715 2297 1770 2323 τῶν
1783 2297 1886 2323 τέκνων

1095 2343 1134 2374 εἰς
1157 2341 1285 2369 Ἰουδαίαν
1301 2341 1441 2375 ἀνέζευξε.
1456 2342 1510 2368 Καὶ
1532 2343 1652 2378 Καίσαρι
1667 2343 1784 2378 Τιϐερίῳ
1799 2352 1885 2378 προσ-

1096 2389 1193 2421 ελθὼν,
1221 2388 1422 2424 φιλανθρώπως
1439 2388 1547 2424 ἐδέχθη.
1558 2389 1672 2424 Γραφῆς
1686 2389 1714 2415 δὲ
1729 2389 1777 2415 τοῦ
1801 2389 1886 2417 Καπί⁸

1097 2443 1182 2467 τωνος
1203 2435 1342 2470 Ἐρῤενίου
1367 2434 1547 2469 κομισθείσης
1560 2435 1598 2470 τῷ
1616 2436 1750 2470 Καίσαρι,
1763 2435 1801 2467 ὡς
1817 2436 1886 2462 ὰ-πέο

1096 2482 1147 2517 δρα
1177 2481 1331 2516 Ἀγρίππας
1358 2481 1510 2515 τριάκοντα
1542 2482 1675 2516 μυριάδας
1699 2483 1886 2517 πραττόμενος

1097 2527 1213 2558 δάνειον,
1228 2525 1351 2562 ὠργίσθη
1365 2533 1372 2540 '
1386 2526 1434 2552 καὶ
1451 2525 1488 2560 μὴ
1512 2527 1714 2562 συγχωρεῖσθαι
1741 2527 1817 2562 αὗτῴ
1839 2528 1885 2562 τὴν

1099 2572 1168 2608 πρὸς
1183 2571 1264 2598 αὑτὸν
1279 2571 1424 2597 ἐκέλευσεν
1440 2571 1554 2603 εἴσοδον,
1567 2572 1631 2607 ἄχρι
1647 2572 1678 2607 δὴ
1690 2572 1720 2599 τὸ
1734 2573 1816 2608 χρέος
1836 2581 1885 2598 κα-

1102 2617 1225 2644 ταϐαλεῖ.
1244 2617 1274 2643 '0
1287 2616 1325 2648 δὲ,
1342 2615 1551 2650 δανεισάμενος,
1564 2616 1679 2642 ἀπέδοτο
1692 2616 1723 2642 τὸ
1738 2616 1885 2651 ὀφείλημα,

1103 2664 1151 2690 καὶ
1174 2660 1252 2694 αὖθις
1268 2662 1351 2697 εἰσῄει
1365 2661 1433 2695 πρὶς
1459 2661 1504 2686 τὸν
1526 2661 1664 2696 Τιϐέριον.
1679 2662 1734 2688 Καὶ
1751 2663 1765 2688 ὁ
1778 2663 1885 2695 Καῖσαρ

1103 2709 1231 2735 ἐκέλευεν
1244 2707 1324 2733 αὐτὸν
1340 2705 1379 2741 τῷ
1394 2705 1482 2741 υἱωνῷ
1496 2707 1579 2733 αὐτοῦ
1595 2708 1828 2743 παρατυγχάνειν,
1841 2707 1884 2733 καί

1103 2757 1265 2792 θεραπεύειν
1281 2755 1370 2784 αὖτύν.
1390 2753 1546 2789 ’Λγρίππκ
1560 2756 1588 2782 δὲ
1601 2757 1668 2791 πρὸς
1689 2757 1769 2784 Γάϊον
1787 2755 1884 2792 μᾶλλον

856 2837 957 2868 Varia:
973 2835 1126 2867 lectiones
1142 2839 1173 2866 ct
1191 2839 1284 2866 notae.

303 2900 359 2935 (SC)
376 2899 457 2935 Αὐτὴ
483 2901 556 2936 γοῦν
588 2903 606 2936 ἡ
631 2903 756 2938 Κύπρις.
785 2904 851 2933 Vide
877 2903 1040 2932 observata

1094 2901 1212 2937 caligero
1224 2902 1258 2930 ad
1272 2901 1432 2936 Eusebium,
1449 2909 1475 2936 p.
1497 2901 1555 2936 162,
1570 2906 1600 2929 n'
1616 2900 1684 2929 edit.
