2018 3147
134 179 186 210 529

785 182 985 212 ANNAHUM
1010 183 1081 214 LIB.
1098 185 1147 214 VI.

1704 186 1764 216 .530

133 235 275 268 φιυγότων
302 235 341 266 είς
370 235 419 270 τὴν
446 235 533 268 πόλιν,
562 236 709 270 καιομένου
733 237 760 262 δὲ
784 236 831 263 τοῦ
853 237 918 264 ναοῦ

971 237 1015 265 sis,
1035 239 1176 272 templum,
1195 244 1223 266 et
1239 247 1298 274 qum
1315 239 1417 266 circum
1435 239 1564 274 templum
1577 244 1665 271 erant,
1683 240 1758 267 arde-

133 280 183 307 καὶ
199 280 254 306 τῶν
280 280 362 315 πέριξ
383 281 523 313 ἁπάντων,
551 282 716 317 κομίσαντες
735 284 785 314 τὰς
801 284 922 316 σημαίας

131 327 175 358 είς
191 326 321 361 τὺίερδν,
344 327 413 362 μετὰ
440 328 579 362 μεγίστων
604 329 749 363 εὑψημιῶν
773 330 818 355 τὸν
844 330 922 355 Τῖτον

132 374 280 407 ἀπέφηναν
305 374 508 409 αὐτοκράτορα.
535 375 613 401 Οὕτω
645 375 673 402 δὲ
699 377 759 407 ταῖς
783 376 922 410 ἁρπαγαῖς

130 421 158 445 οἱ
179 419 348 454 στρατιῶται
374 421 475 452 πάντες
500 421 732 456 ὲχρηματΙσαντο,
762 421 833 448 ὥστε
851 422 922 448 κατὰ

131 465 183 497 τὴν
202 464 303 498 Συρίαν
319 465 386 499 πρὸς
402 465 488 500 ἥμισυ
500 466 551 501 τῆς
568 467 654 493 πάλαι
668 468 751 502 τιμῆς
768 467 814 494 τὸν
839 469 920 493 σταυ-

131 511 185 544 μὺν
213 511 262 537 τοῦ
293 513 405 546 χρυσίου
435 513 652 547 πιπράσκεσθαι.
681 515 711 540 0t
736 513 764 540 δὲ
786 513 837 540 ἀνὰ
876 514 921 540 τὸν

130 558 223 592 τοῖχον
251 559 299 584 τοῦ
328 558 406 592 ναοῦ,
432 559 470 591 ὠς
496 560 624 596 εἴρηται,
647 561 806 592 ἀνελθόντες
827 562 919 595 ἱερεῖς,

130 605 180 630 ἐπὶ
200 603 283 630 πέντε
307 605 426 640 ἡμέραις
447 607 742 641 προσκαρτερήσαντες
765 607 811 633 καὶ
832 607 922 642 λιμώ-

130 649 240 682 εαντες,
270 651 438 686 κατὲὕησαν,
463 651 631 684 ἱκετεύοντες
648 654 742 687 τυχεῖν
771 653 917 687 σωτηρίας.

135 696 167 721 'U
182 696 212 722 δὲ
226 697 308 728 Τῖτος
335 698 381 724 καὶ
405 699 450 724 τὸν
475 699 525 733 τῆς
550 698 715 734 συγγνώμης
743 700 839 734 καιρὸν
866 709 919 726 πα-

130 741 239 776 ρελθεῖν
250 742 334 777 ἔφησε
347 743 393 769 καὶ
407 743 454 770 τοῦ
466 744 529 770 ναοῦ
543 745 685 780 οἰχομένου
700 745 747 771 καὶ
758 746 822 776 τοὺς
836 746 918 780 ἱερεῖς

130 788 335 815 συναπολέσθαι
357 789 432 824 αὐτῷ
456 789 510 816 δεῖν
533 791 630 822 είπὼν,
662 791 826 826 κολασθῆναι
855 793 919 822 τοὺς

128 834 231 868 ἄνδρας
263 834 417 862 ἐκέλευσεν.
454 837 486 862 οι
523 836 551 862 δὲ
580 838 644 871 περὶ
677 838 738 869 τοὺς
770 838 918 873 τυράννους

127 879 274 914 διαδράναι
296 881 332 915 μὴ
360 881 513 916 ἰσχύοντες,
535 883 753 918 προσκαλοῦνται
772 883 817 910 τὸν
840 884 918 910 Τῖτον

127 927 168 957 εἰς
187 926 295 959 λόγους.
317 927 371 953 Καὶ
403 927 430 958 ὃς
453 926 517 963 ἦκε,
543 929 590 955 καὶ
612 929 662 964 τὴν
681 929 811 956 ἀπόνοιαν
827 930 918 960 αὐτοῖς

127 972 295 1005 ἐξωνείδιζε,
310 973 358 999 καὶ⁹
378 973 472 1008 ῥίψασι
494 974 529 1000 τὰ
556 974 627 1000 ὅπλα
651 974 697 1000 καὶ
722 975 873 1010 παραδοῦσι
885 975 918 1002 τὰ

127 1021 247 1054 σώματα
262 1021 423 1056 χαρίζεσθαι
441 1021 491 1055 τὴν
512 1022 585 1056 ζωὴν
604 1023 799 1056 ἐπηγγέλλετο.
821 1023 876 1049 Καὶ
894 1024 918 1049 οἰ

126 1067 230 1101 λῃσταὶ
243 1067 335 1100 δεξιὰν
359 1067 408 1099 μὲν
426 1067 463 1103 μὴ
479 1067 611 1095 δύνασθαι
628 1068 694 1103 παρ’
720 1069 802 1095 αὑτοῦ
826 1069 918 1096 λαϐεῖν

126 1112 258 1147 ἔφησαν,
289 1113 467 1148 όμομωκότες
497 1114 633 1149 μηδέποτε
660 1114 740 1141 τοῦτο
770 1114 916 1149 ποιήσειν·

126 1159 222 1192 ἔξοδον
247 1160 275 1186 δὲ
303 1160 427 1195 ᾐτοῦντο,
459 1160 529 1195 μετὰ
561 1161 700 1194 γυναικῶν
727 1161 775 1187 καὶ
802 1163 916 1194 τέκνων,

126 1205 307 1240 κιταλείψειν
334 1206 385 1240 τὴν
414 1205 492 1232 πόλιν
521 1206 606 1241 αὐτῷ.
631 1206 821 1240 Ἠγανάκτησε
851 1207 918 1240 πρὸς

126 1250 215 1277 ταῦτα
233 1252 247 1277 ό
263 1251 355 1284 Τῖτος,
380 1251 426 1278 καὶ
443 1252 510 1286 μήτε
533 1252 691 1287 αὐτομολεῖν
705 1253 744 1279 ἔτι
765 1254 826 1280 τινὰ
843 1254 918 1288 σφῶν

127 1293 262 1320 ἐκέλευσε
290 1295 358 1329 μήτε
382 1294 473 1327 δεξιᾶς
491 1295 611 1327 ἐλπίζειν
641 1297 732 1330 τυχεῖν
760 1296 914 1330 (φείσεσθαι

127 1341 183 1375 γὰρ
195 1339 329 1375 οὐδενὸς),
344 1340 477 1375 μάχεσθαι
500 1342 529 1368 δὲ
553 1341 599 1368 καὶ
623 1342 719 1373 σώζειν
741 1342 778 1373 ὡς
794 1342 918 1369 δύναιντο

128 1387 257 1418 ἑαυτούς.
282 1389 343 1419 Τοῖς
357 1388 384 1415 δὲ
401 1388 582 1422 στρατιώταις
597 1389 740 1424 ἑμπιπρᾷν
763 1390 813 1425 τὴν
839 1390 917 1416 πόλιν

129 1435 176 1460 καὶ
201 1434 364 1469 διαρπάζειν
392 1435 557 1461 ἐκέλευσεν·
573 1435 598 1461 οἱ
622 1435 650 1461 δὲ
673 1437 703 1461 τὸ
728 1435 783 1470 πῦρ
808 1435 919 1462 ἐνίεσαν

131 1479 284 1514 πανταχοῦ.
314 1480 346 1506 Οἱ
373 1481 535 1508 στασιασταὶ
562 1481 590 1507 δὲ
618 1481 664 1507 ἐπὶ
698 1481 747 1516 τὴν
774 1481 916 1516 βασιλικὴν

129 1526 221 1552 οἰκίαν
236 1526 417 1560 ὁρμήσαντες,
433 1528 472 1557 εἰς
488 1528 521 1561 ἢν
543 1526 576 1552 δι’
593 1527 745 1561 ὀχυρότητα
762 1527 854 1553 πολλοὶ
868 1527 917 1559 τὰς

131 1571 245 1605 κτήσεις
264 1571 405 1603 ἀπέθεντο,
423 1571 487 1602 τούς
514 1580 544 1598 τε

131 1616 282 1650 τρέπονται
295 1624 302 1631 ’
318 1617 365 1643 καὶ
379 1618 409 1643 τὸ
421 1618 653 1652 συνηθροισμένον
666 1618 759 1645 αὐτόθι
770 1619 817 1645 τοῦ
828 1619 916 1654 δήμου

133 1662 188 1686 πίν
206 1662 401 1696 φονεύσαντες,
422 1663 462 1694 εις
475 1662 696 1697 ὀκτακισχιλίους
718 1664 767 1690 καὶ
786 1673 918 1700 τετρακο-

133 1709 208 1740 σίους
230 1709 460 1744 ἀριθμουμένους,
480 1709 513 1736 τὰ
533 1711 663 1744 χρήματα
687 1710 853 1745 διήρπασαν.
876 1710 916 1745 Τῇ

130 1755 151 1781 δ’
175 1754 240 1790 ἑξῆς
267 1754 409 1790 Ῥωμαῖοι,
419 1755 588 1790 τρεψάμενοι
607 1756 670 1786 τοὺς
690 1755 790 1791 λῃστὰς
817 1756 850 1782 ἐκ
868 1755 917 1791 τῆς

131 1802 206 1827 κάτω
223 1801 338 1833 πόλεως,
358 1802 392 1828 τὰ
405 1801 488 1836 μέχρι
502 1800 550 1828 τοῦ
569 1801 681 1836 Σιλωὰμ
697 1802 786 1828 πάντα
800 1801 918 1836 ἐνέπρη-

133 1855 193 1872 σαν.
207 1846 366 1880 Καιομένην
377 1846 405 1872 δὲ
418 1847 467 1881 τὴν
481 1846 558 1872 πόλιν
572 1846 689 1881 ὁρῶντες
704 1847 731 1873 ot
744 1847 916 1880 στασιασταὶ,

133 1894 236 1927 [λαροῖς
248 1893 306 1924 τοῖς
318 1891 474 1928 προσώποις
490 1892 604 1928 εὗθυμοι
620 1893 672 1928 τὴν
687 1893 818 1928 τελευτὴν
833 1902 918 1929 προσ-

130 1937 256 1972 δέχεσθαι
276 1937 380 1971 ελεγον.
403 1936 474 1964 Οὔτε
487 1937 515 1963 δὲ
533 1936 703 1972 παραδοῦναι
718 1937 832 1968 ἑαυτοὺς
849 1938 917 1964 ὑπέ-

134 1993 226 2019 μενον,
255 1982 318 2010 οὔτε
349 1983 478 2018 πολεμεῖν
509 1983 655 2018 Ῥωμαίοις
683 1981 735 2009 οἷοί
767 1991 798 2009 τε
826 1981 917 2018 ἦσαν·

132 2030 308 2065 σκιδνάμενοι
329 2029 358 2056 δὲ
374 2029 445 2055 κατὰ
461 2029 495 2056 τὰ
517 2029 673 2064 ἔμπροσθεν
692 2029 742 2063 τῆς
761 2029 875 2061 πόλεως,
893 2028 921 2055 εί

131 2084 208 2108 τινας
220 2075 381 2110 αὐτομολεῖν
397 2075 542 2106 ἐθέλοντας
558 2074 701 2110 εὕρισκον,
718 2075 892 2109 ἀπέσφαττον
909 2082 916 2089 ·

130 2123 176 2149 καὶ
187 2122 278 2153 οὐδεὶς
296 2123 325 2148 ὲν
340 2123 374 2157 τῇ
390 2121 467 2148 πόλει
487 2122 570 2153 τόπος
585 2120 755 2156 γεγύμνωτο,
770 2121 829 2147 ἀλλ’
845 2120 919 2153 ἆπας

130 2170 145 2203 ἦ
160 2168 243 2203 λιμοῦ
261 2167 360 2203 νεκρὸν
374 2165 459 2202 εἶχεν,
476 2168 492 2202 ἦ
520 2167 653 2199 στάσεως.
672 2167 796 2194 Ἔθαλπε
810 2167 838 2193 δὲ
854 2166 918 2198 τούς

129 2224 157 2241 τε
184 2215 338 2251 τυράννους
363 2214 410 2241 καὶ
430 2214 460 2240 τὸ
484 2214 533 2241 σὺν
548 2214 639 2245 αὐτοῖς
664 2213 811 2249 λῃστρικὸν
839 2213 918 2244 ἐλπὶς

974 288 1034 310 rent
1049 285 1151 315 omnia,
1175 285 1260 319 signis
1278 286 1305 312 in
1323 286 1453 320 templum
1479 285 1571 318 illatis,
1588 286 1678 313 Titqu
1695 294 1762 314 cum

973 329 1149 357 {aristissimis
1163 331 1405 358 acclamationibus
1423 331 1613 365 imperatorem
1631 331 1759 367 designa-

974 380 1047 402 runt.
1075 375 1175 402 Milites
1196 381 1300 402 tantum
1320 385 1352 403 ex
1380 377 1481 411 rapinis
1499 378 1623 412 pecuniae
1650 385 1747 404 coaccr

973 424 1084 451 varunt,
1108 424 1138 447 ut
1162 421 1188 447 ill
1205 420 1282 455 Syria
1302 421 1409 456 pondus
1424 422 1483 449 auri
1512 422 1627 452 dimidio
1645 423 1760 450 minoris

973 473 1053 500 quam
1071 466 1136 492 olim
1149 466 1324 494 vcnderetur.
1342 467 1515 500 Sacerdotes,
1532 469 1590 503 qui,
1606 474 1634 496 ut
1654 468 1758 496 dictum

972 518 1024 544 est,
1053 520 1161 539 murum
1184 513 1278 547 temp|i
1299 513 1528 546 conscenderant,
1549 523 1611 541 cum
1636 515 1759 550 quinque

971 558 1031 585 dies
1052 558 1089 585 ibi
1115 559 1278 593 exegissent,
1302 558 1373 585 fame
1400 559 1518 586 confecti
1537 560 1757 588 descenderunt:

972 609 1056 639 utque
1082 604 1134 631 sibi
1150 609 1320 638 parceretur,
1338 605 1535 639 supplicarunt.
1554 605 1659 638 Quibus
1680 606 1758 633 'l‘itns

971 650 1112 684 respondit
1125 659 1130 676 :
1154 650 1245 677 Veniat
1259 653 1382 684 tempore
1394 650 1450 684 jam
1461 651 1612 684 praeterito,
1629 652 1758 678 sacerdo-

972 695 1045 722 tibus
1066 703 1129 722 cum
1156 697 1258 730 templo
1283 697 1452 730 pereundum
1481 703 1553 728 esse,
1579 701 1603 722 ct
1633 697 1760 724 hominis

970 741 1112 775 suppliciis
1136 742 1206 768 allici
1229 741 1319 776 jussit.
1345 740 1464 776 Tyranni
1481 741 1527 775 qui
1549 741 1670 775 effugere
1704 749 1759 768 non

970 793 1108 824 poterant,
1133 789 1224 816 Tituut
1240 788 1272 815 ad
1287 788 1452 823 colloquium
1477 793 1613 815 evoeant:
1634 789 1680 823 qui
1695 797 1758 816 cum

970 835 1108 868 venisset,
1128 835 1223 870 eisque
1260 834 1417 862 vecordiam
1453 834 1616 869 obiecisset,
1640 835 1694 862 vita
1729 843 1759 862 se

970 881 1032 909 illos
1045 881 1213 908 donaturum
1230 881 1366 915 promisit,
1387 881 1409 908 si
1432 881 1547 915 abjcctis
1564 881 1648 908 armis
1661 888 1690 908 se
1708 880 1758 908 de-

969 927 1076 955 derent.
1098 927 1232 954 Latrones
1251 934 1315 953 vero
1334 934 1363 954 se
1389 926 1512 954 dextram
1528 927 1562 954 ab
1579 934 1621 954 oo-
1633 928 1759 962 accipere

970 980 1048 1008 posse
1063 977 1207 1008 negarunt,
1228 972 1335 1007 jurassc
1353 972 1426 1000 enim
1447 980 1477 1001 se
1510 973 1536 1000 id
1552 981 1692 1007 nunquam
1716 973 1758 1000 la-

969 1024 1081 1047 cturos:
1101 1019 1148 1046 sed
1164 1018 1334 1053 petiverunl,
1349 1023 1378 1046 ut
1397 1026 1459 1046 cum
1476 1019 1607 1047 uxoribus
1621 1024 1649 1047 et
1662 1021 1759 1048 liberis

970 1065 1038 1093 urbe
1065 1065 1198 1093 excedere
1223 1067 1329 1093 liceret.
1351 1066 1536 1099 Quamobrem
1563 1067 1641 1094 'l'itus
1661 1067 1758 1098 iratus.

969 1112 1064 1142 edixit.
1082 1120 1116 1140 ne
1140 1113 1203 1147 quis
1225 1121 1321 1140 eorum
1349 1113 1467 1148 amplius
1494 1114 1688 1149 transfugeret,
1710 1121 1759 1142 aut

968 1166 1045 1192 spem
1066 1158 1168 1186 dextrae
1189 1158 1313 1191 haberet,
1328 1167 1357 1186 se
1378 1160 1450 1186 enim
1472 1167 1615 1194 parsurmu
1633 1168 1693 1187 esse
1706 1169 1757 1187 ue-

970 1205 1036 1231 mini
1053 1213 1059 1231 :
1079 1210 1234 1240 pugnarent
1250 1205 1344 1240 igitur,
1365 1213 1398 1233 ac
1411 1206 1492 1233 saluti
1518 1214 1574 1233 eum
1589 1214 1638 1240 pro
1653 1207 1758 1234 viribus

969 1250 1157 1278 consulerent.
1183 1251 1282 1279 Milites
1300 1252 1395 1279 urbem
1423 1253 1569 1280 incendere
1585 1262 1616 1280 ac
1635 1254 1759 1288 diripere

966 1297 1050 1332 jussit
1061 1306 1070 1324 :
1087 1297 1133 1332 qui
1145 1305 1208 1325 cum
1222 1298 1349 1326 incendia
1366 1299 1466 1333 ubique
1484 1305 1654 1335 spargerent,
1672 1301 1757 1328 latro-

969 1351 1018 1370 nes
1030 1343 1063 1370 ad
1076 1344 1179 1378 regiam
1193 1344 1388 1377 decurrerunt,
1407 1345 1433 1371 in
1446 1353 1527 1379 quam
1543 1347 1578 1372 ob
1595 1347 1646 1373 loci
1665 1346 1757 1374 ιιιυιιίσ

969 1390 1072 1416 tionem
1088 1389 1167 1416 multi
1184 1397 1249 1416 suas
1273 1398 1339 1425 opes
1364 1391 1556 1418 contulerant:
1577 1399 1608 1419 ac
1626 1392 1758 1419 Romanis

969 1433 1033 1461 inde
1050 1434 1148 1469 pulsis,
1162 1439 1191 1462 et
1206 1439 1279 1463 coetu
1301 1435 1390 1469 plebis
1406 1435 1443 1463 ibi
1465 1440 1634 1471 congregata:
1652 1436 1686 1463 ad
1709 1445 1756 1464 νιιι

969 1480 1053 1508 millia
1067 1486 1094 1508 et
1110 1488 1173 1508 cccc
1187 1481 1261 1508 omni
1292 1481 1446 1514 interfecto,
1476 1482 1618 1516 pecuniam
1631 1482 1756 1517 diripue-

969 1530 1044 1552 runt.
1070 1525 1206 1553 Postridie
1243 1527 1359 1554 Romani
1385 1526 1541 1555 latronibus
1564 1536 1598 1555 ex
1626 1527 1756 1555 inferiore

577 1571 728 1606 Ῥωμαίους
756 1573 804 1599 ὰπ“
832 1573 916 1608 αὐτῆς

970 1571 1039 1598 urbe
1061 1570 1222 1606 proﬂigatis,
1238 1579 1325 1606 usque
1340 1571 1373 1598 ad
1390 1571 1491 1599 Siloam
1515 1574 1607 1599 omnia
1623 1573 1755 1600 incende-

968 1620 1042 1643 runt.
1061 1615 1189 1644 Seditiosi
1206 1624 1268 1644 cum
1285 1616 1382 1644 ardere
1399 1617 1497 1644 urbem
1512 1617 1649 1651 viderent,
1674 1618 1757 1645 hilari

968 1662 1045 1688 vultu
1062 1669 1092 1689 se
1110 1662 1215 1690 alacres
1234 1661 1361 1690 obituros
1385 1663 1525 1695 dixerunt,
1543 1671 1605 1690 cum
1622 1671 1650 1690 se
1665 1671 1757 1698 neque

968 1708 1099 1735 Romanis
1124 1707 1225 1735 dedere
1245 1709 1357 1741 vellent,
1381 1716 1469 1743 neque
1494 1716 1648 1744 repugnare
1672 1709 1762 1745 3%

968 1757 1100 1786 possent:
1120 1753 1167 1780 sed
1184 1758 1247 1781 ante
1269 1753 1366 1781 urbem
1390 1754 1520 1789 dispersi,
1547 1763 1617 1790 quos
1633 1755 1754 1782 transitu.-

968 1806 1033 1833 gere
1047 1799 1170 1826 volentes
1189 1799 1443 1834 deprehendebant,
1459 1801 1642 1836 jugulabaut:
1662 1809 1757 1835 neque

969 1845 1041 1872 ullus
1059 1845 1137 1872 urbis
1150 1849 1209 1872 erat
1225 1846 1312 1877 locus,
1330 1846 1378 1880 qui
1396 1854 1450 1873 non
1468 1846 1540 1874 fame
1555 1852 1603 1874 aut
1618 1848 1754 1874 seditione

969 1894 1127 1924 peremptos
1153 1890 1276 1918 haberet.
1314 1891 1457 1926 Tyrannus
1484 1900 1536 1918 una
1565 1900 1627 1927 spes
1650 1893 1755 1927 reliqua

969 1937 1212 1963 subterraneorum
1237 1941 1375 1964 meatuum
1397 1937 1529 1965 revehat:
1549 1946 1604 1972 quo
1621 1938 1643 1965 si
1660 1939 1756 1966 confu-

969 1982 1081 2017 gissent.
1099 1990 1129 2010 se
1144 1990 1199 2009 non
1217 1983 1375 2018 indagatqu
1389 1984 1423 2010 iri
1437 1984 1520 2011 stulta
1536 1984 1664 2018 opinione
1678 1989 1757 2018 puta.

970 2029 1046 2056 bant.
1062 2027 1130 2055 Nam
1147 2035 1209 2055 cum
1225 2029 1340 2055 Romani
1357 2034 1447 2056 castra
1461 2033 1613 2060 moverent,
1629 2029 1755 2064 progredi

969 2079 1051 2109 atque
1068 2074 1197 2109 aui-igere
1210 2075 1281 2106 ausi,
1297 2082 1385 2110 neque
1402 2075 1488 2101 Deum
1510 2082 1600 2109 neque
1618 2074 1759 2102 Romanos

970 2121 1055 2148 latere
1071 2125 1208 2155 poterant,
1226 2125 1254 2148 et
1271 2120 1342 2148 inter
1353 2128 1382 2148 se
1395 2121 1429 2148 de
1445 2121 1550 2155 rapinis
1565 2121 1665 2148 bellum
1681 2128 1759 2155 gere-

970 2166 1046 2194 bant.
1062 2166 1153 2194 Caesar
1169 2174 1235 2194 vero
1258 2174 1321 2193 cum
1346 2166 1413 2194 urbs
1433 2167 1560 2201 superior
1575 2166 1602 2193 in
1623 2164 1757 2200 praecipiti

970 2213 1022 2240 sita
1049 2213 1120 2244 loco.
1146 2213 1205 2240 sine
1227 2212 1372 2248 aggeribus
1395 2213 1454 2247 capi
1473 2220 1527 2240 nou
1544 2217 1647 2247 posset,
1670 2211 1759 2246 copiis

130 2247 234 2296 ἐσχάτη
247 2261 301 2287 τῶν
319 2261 474 2295 ὑπονόμων,
501 2261 541 2292 είς
561 2260 608 2291 οὒς
630 2261 654 2286 εί
670 2247 866 2294 κ-αταφύγοιεν,
885 2261 915 2287 οὐ

970 2267 1038 2293 opus
1052 2259 1203 2286 distribuit.

131 2310 306 2344 προσεδόκων
321 2308 567 2344 ἐρευνηθήσεσθαι.
585 2308 804 2341 ’Δναζευξάντων
836 2308 865 2335 δὲ
895 2308 948 2334 τῶν
973 2308 1128 2342 Ῥωμαίων,
1146 2307 1280 2342 ἐθάρρουν
1301 2307 1441 2343 προελθεῖν
1472 2316 1502 2333 τε
1523 2308 1568 2334 καὶ
1589 2305 1750 2341 ἀποδράναι.

127 2357 158 2381 το
185 2356 214 2382 δὲ
230 2353 265 2390 ἦν
280 2355 335 2390 ἄρα
351 2355 456 2391 ὄνειρος
470 2364 478 2372 ·
505 2354 566 2382 οὔτε
594 2355 648 2390 γὰρ
678 2356 723 2382 τὸν
749 2355 829 2386 Θεὸν,
854 2354 916 2380 οὔτε
943 2355 1097 2388 Ῥωμαίους
1128 2355 1221 2389 λήσειν
1254 2354 1379 2389 ἔμελλον.
1398 2351 1453 2381 'Hv
1474 2354 1502 2380 δὲ
1519 2354 1567 2381 καὶ
1584 2353 1652 2389 πρὸς
1675 2353 1757 2387 ἀλλή-

130 2404 193 2434 λους
211 2404 240 2429 ὲν
265 2404 326 2434 ταῖς
347 2402 484 2438 ἁρπαγαῖς
501 2402 619 2437 πόλεμος
639 2402 742 2433 αὐτοῖς.
780 2403 889 2436 Καῖσαρ
910 2402 950 2432 δὲ,
972 2401 1009 2432 ὡς
1031 2402 1174 2437 ἀμήχανον
1197 2400 1231 2437 ἦν
1258 2402 1308 2436 τὴν
1328 2401 1384 2428 ἄνω
1407 2401 1485 2428 πόλιν
1513 2401 1584 2427 ἑλεῖν
1609 2401 1756 2436 κωμάζων,

131 2451 192 2483 ἆτε,
215 2450 301 2478 οὖσαν
316 2451 514 2486 περίκρημνον,
532 2450 655 2484 διανέμει
674 2450 731 2480 τοῖς
741 2450 832 2484 ἔργοις
848 2450 897 2485 τὴν
915 2449 1040 2485 δύναμιν.

166 2498 240 2531 κςι.
257 2497 336 2524 Κατὰ
351 2496 454 2528 ταύτας
469 2494 517 2523 οὖν
530 2496 580 2528 τὰς
602 2496 710 2531 ἡμέρας
727 2497 751 2522 οι
767 2496 820 2522 τῶν
836 2495 917 2521 Ἰδου-

132 2545 221 2579 μαίων
251 2545 387 2580 ἡγεμόνες
418 2545 577 2580 πέμψαντες
604 2545 705 2580 ἄνδρας
737 2545 818 2571 πέντε
849 2545 917 2580 πρὸς

130 2592 222 2624 Τῖτον,
240 2592 365 2618 ἱκέτευον
375 2591 467 2618 δοῦναι
483 2592 575 2622 αὐτοῖς
587 2591 687 2623 δεξιάν.
709 2591 739 2617 '0
751 2591 778 2617 δὲ
797 2591 845 2617 καὶ
856 2591 918 2622 τοὺς

130 2639 280 2672 τυράννους
310 2638 437 2664 ἐνδώσειν
460 2638 574 2669 ἐλπίσας
600 2637 836 2664 ἀποσπασθέντων
865 2637 919 2663 τῶν

137 2685 307 2721 Ἰδουμαίων,
323 2685 467 2711 κατανεύει
498 2683 547 2719 τὴν
573 2684 711 2718 σωτηρίαν
737 2684 838 2714 αὐτοῖς.
865 2683 919 2709 Καὶ

131 2732 144 2757 ὁ
158 2731 262 2767 Σίμωνι,
279 2731 359 2764 γνοὺς
376 2731 425 2766 τὴν
444 2730 557 2764 γνώμην
578 2730 677 2760 αὐτῶν,
689 2731 752 2762 τοὺς
774 2729 822 2764 μὲν
838 2729 919 2755 πέντε

132 2777 196 2807 τοὺς
219 2776 383 2811 ιντυχόντας
405 2776 443 2810 τῷ
458 2776 532 2810 Τίτῳ
548 2775 646 2802 αὐτίκα
669 2776 785 2810 ἀναιρεῖ,
811 2775 873 2805 τοὺς
896 2773 918 2800 δ’

136 2823 274 2857 ἡγεμόνας
294 2822 434 2849 συλλαϐὼν
454 2822 594 2857 εἵργνυσιν
608 2829 615 2837 ⁸
634 2821 801 2856 Ἰδουμαίους
823 2820 850 2846 δὲ
870 2820 920 2846 οὐκ

135 2868 310 2900 ἀφυλάκτους
328 2865 394 2902 εἶχε,
411 2868 456 2894 καὶ
481 2868 511 2893 τὸ
530 2868 617 2902 τεῖχος
637 2868 770 2901 φρουραῖς
789 2866 920 2901 ὲπιμελε-

138 2915 247 2948 stipat;
267 2913 443 2948 διεὶάμϐανε,
460 2913 503 2940 διὰ
519 2914 581 2944 τοὺς
602 2912 825 2946 αὐτομολοῦντας.
852 2911 920 2938 Πολ-

1005 2496 1098 2523 ΧΧνι.
1120 2496 1155 2523 lis
1167 2496 1264 2523 diebus
1282 2496 1462 2523 ldunueorum
1490 2495 1633 2530 principes.
1649 2504 1664 2522 v
1681 2496 1756 2530 lega-

970 2541 1005 2568 tis
1029 2541 1063 2568 ad
1082 2541 1173 2567 Titum
1196 2540 1296 2572 missis,
1322 2540 1462 2574 supplices
1488 2548 1583 2575 pacem
1599 2540 1756 2574 petierunt:

970 2587 1016 2621 qui
1029 2587 1110 2613 etiam
1129 2591 1268 2621 tyrannos.
1292 2585 1418 2613 ldumaais
1439 2586 1554 2618 avulsis,
1575 2586 1756 2620 pertinaciam

970 2634 1127 2668 abjecturos
1149 2640 1273 2666 sperans,
1299 2631 1517 2659 incolumitatem
1545 2631 1599 2659 illis
1617 2633 1756 2667 promisit.

970 2680 1004 2707 At
1021 2680 1115 2707 Simon
1130 2687 1225 2706 eorum
1243 2679 1356 2710 oonsilio
1371 2678 1490 2712 cognito.
1518 2686 1534 2705 ν
1548 2678 1649 2713 legatos
1663 2679 1757 2706 statim

971 2727 1081 2758 occidit,
1101 2726 1185 2753 duces
1201 2725 1226 2751 iu
1237 2732 1374 2751 carcerem
1387 2724 1547 2759 compingit,
1562 2725 1694 2752 ldummos
1708 2725 1758 2753 ob-

971 2770 1077 2797 servari
1097 2769 1187 2804 jubet,
1208 2773 1234 2795 et
1255 2768 1355 2795 nuituis
1384 2768 1512 2802 prcridiis
1536 2770 1758 2796 accuratioribus

972 2818 1070 2848 munit,
1089 2821 1201 2850 propter
1214 2814 1378 2849 transfugas.
1400 2815 1451 2841 Sed
1468 2817 1594 2849 quamvis
1611 2816 1689 2843 multi
1709 2824 1757 2842 oc-

970 2862 1140 2891 ciderentur,
1164 2860 1255 2894 plures
1283 2864 1361 2885 crant
1382 2859 1427 2893 qui
1442 2859 1619 2894 dill'ugcrent,
1642 2866 1727 2894 atque
1743 2867 1759 2886 a

971 2907 1102 2936 Romanis
1116 2906 1150 2935 ob
1171 2906 1284 2933 caedium
1296 2905 1449 2932 satietatem
1469 2910 1496 2933 et
1509 2905 1577 2933 lucri
1602 2910 1761 2941 suc-minus.-
