2018 3147
131 175 183 207 520

782 179 982 209 ANNAHUM
1008 180 1078 211 LIB.
1095 182 1144 211 Vl.

1706 184 1761 214 5:30

132 231 272 265 φευγότων
299 232 339 263 εἰς
368 233 416 267 τὴν
444 232 531 265 πόλιν,
559 233 706 267 καιομένου
730 233 758 260 δὲ
781 233 828 260 τοῦ
851 234 915 261 ναοῦ

969 234 1013 261 sis,
1031 236 1173 270 templum,
1193 241 1220 263 et
1236 245 1295 271 qua:
1313 236 1415 263 circum
1432 236 1562 271 templum
1574 242 1663 269 erant,
1680 237 1756 264 arde-

133 277 180 303 καὶ
196 277 251 303 τῶν
277 277 360 312 πέριξ
381 279 521 311 ἁπάντων,
549 280 714 314 κομίσαντες
732 280 782 311 τὰς
799 281 919 314 σημαίας

131 324 173 354 εις
188 323 220 350 τὸ
234 323 319 358 ἱερὸν,
342 325 411 358 μετὰ
437 325 576 358 μεγίστων
601 326 747 360 εὐφημιῶν
770 327 815 352 τὸν
841 327 920 352 Τῖτον

133 370 277 404 ἀπέφηναν
302 371 506 406 αὐτοκράτορα.
533 372 611 398 Οῠτω
642 372 671 399 δὲ
695 374 757 404 ταῖς
781 373 920 407 ἁρπαγαῖς

131 417 155 442 οἱ
177 416 345 450 στρατιῶται
372 417 473 448 πάντες
498 418 730 453 ἐχρηματίσαντο,
759 419 830 445 ὥστε
848 419 920 445 κατὰ

131 461 182 494 τὴν
200 461 301 495 Συρίαν
316 461 384 496 πρὶς
400 462 486 497 ἥμισυ
498 463 548 498 τῆς
566 465 651 491 πάλαι
665 465 749 499 τιμῆς
765 464 811 491 τὸν
836 466 917 490 σταθ-

132 508 183 542 μὸν
212 508 260 534 τοῦ
290 509 403 544 χρυσίου
433 510 649 544 πιπράσκεσθαι.
678 511 708 537 Oi
734 511 761 537 δὲ
783 511 834 537 ἀνά
873 511 918 536 τὴν

131 556 222 589 τοῖχον
249 556 296 581 τοῦ
326 555 404 589 ναοῦ,
430 556 468 588 ὡς
494 557 622 592 εῖρηται,
645 558 803 589 ἀνελθόντες
824 559 916 593 ἱερεῖς,

131 601 179 627 ἐπὶ
198 600 280 627 πέντε
304 601 424 637 ἡμέραις
445 605 740 638 προσκαρτερήσαντες
762 605 808 630 καὶ
829 604 919 638 λιμώ-

131 646 238 679 ξαντες,
268 648 436 683 κατέϐησαν,
461 648 629 681 ἱκετεύοντες
645 651 740 684 τυχεῖν
768 650 914 684 σωτηρίας.

135 693 165 718 'U
181 693 306 725 δὲτῐτος
332 695 378 721 καὶ
403 695 448 721 τὸν
473 695 523 730 τῆς
547 695 713 731 συγγνώμης
740 697 836 731 καιρὸν
863 706 916 723 πα-

130 739 237 774 ρελθεῖν
247 739 332 774 ἔφησε
345 741 391 766 καὶ
404 740 451 767 τοῦ
464 741 528 767 ms
541 742 682 776 οἰχομένου
697 742 819 774 καὶτοὺς
833 743 916 778 ἱερεῖς

130 785 332 812 συναπολέσθαι
355 786 430 821 αὐτῷ
454 786 508 813 δεῖν
531 787 627 820 εἰπὼν,
660 788 824 823 κολασθῆναι
852 791 916 819 τοὺς

128 831 229 865 ἆ-ιδρας
261 831 414 859 ἐκέλευσεν.
451 834 484 860 0t
521 833 549 860 δὲ
578 835 642 868 περὶ
674 835 736 866 τοὺς
767 835 915 870 τυράννους

127 877 271 912 διαδράναι
293 878 330 913 μὴ
357 879 511 913 ἰσχύοντες,
533 880 751 915 προσκαλοῦνται
769 880 814 907 τὸν
837 881 914 907 Τῖτον

127 925 166 954 εἰς
184 923 292 957 λόγους.
314 924 368 951 Καὶ
400 924 428 956 ὃς
451 923 515 961 ἧκε,
541 926 588 952 καὶ
609 926 659 961 τὴν
678 926 808 952 ἀπόνοιαν
824 927 915 957 αὐτοῖς

127 970 292 1002 ἐξωνείδιζε,
307 970 355 996 καὶ
375 970 469 1005 ῥίψασι
492 971 526 998 τὰ
553 971 624 997 ὅπλα
647 971 695 997 καὶ
720 972 870 1007 παραδοῦσι
882 972 916 998 τά

126 1019 244 1052 σώματα
260 1018 420 1053 χαρίζεσθαι
438 1018 488 1052 τὴν
510 1019 583 1053 ζωὴν
601 1019 797 1054 ἐπηγγέλλετο.
818 1020 873 1046 Καὶ
891 1021 916 1046 οἱ

125 1064 226 1098 λῃσταὶ
239 1064 332 1097 δεξιὰν
357 1065 405 1096 μὲν
424 1065 460 1100 μὴ
476 1064 609 1092 δύνασθαι
625 1065 692 1100 παρ’
718 1066 799 1092 αὐτοῦ
823 1066 916 1093 λαϐεῖν

125 1110 254 1144 ἔφησαν,
286 1110 464 1146 όμομωκᾶτες
495 1111 631 1146 μηδέποτε
657 1111 737 1138 τοῦτο
767 1112 914 1146 ποιήσειν’

125 1157 217 1189 ἔξοδον
243 1157 271 1183 δὲ
300 1157 424 1192 ᾐτοῦντο,
456 1157 527 1191 μετὰ
558 1158 697 1191 γυναικῶν
725 1158 772 1184 καὶ
799 1160 914 1191 τέκνων,

126 1202 305 1237 κιταλείψειν
332 1203 383 1237 τὴν
411 1202 489 1229 πόλιν
518 1203 604 1239 αὐτῷ.
628 1203 818 1237 Ἠγανάκτησε
847 1204 915 1237 πρὸς

125 1248 211 1274 ταῦτα
228 1249 243 1274 ό
260 1249 352 1280 Τῖτος,
378 1249 423 1274 καὶ
440 1249 508 1283 μήτε
531 1249 688 1284 αὐτομολεῖν
702 1249 741 1276 ἔτι
762 1251 823 1277 τινὰ
840 1250 915 1285 σφῶν

127 1291 259 1317 ἐκέλευσε
287 1292 355 1326 μήτε
380 1291 470 1324 δεξιᾶς
488 1292 609 1324 ἐλπίζειν
638 1294 730 1327 τυχεῖν
757 1293 911 1327 (φείσεσθαι

127 1338 179 1372 γὰρ
190 1337 326 1372 οὐδενὸς),
341 1337 474 1372 μάχεσθαι
498 1339 526 1364 δὲ
551 1339 597 1365 καὶ
621 1339 717 1370 σώζειν
739 1339 775 1370 ὡς
791 1339 916 1366 δύναιντο

128 1384 254 1416 ἑαυτούς.
278 1385 340 1416 Τοῖς
355 1385 382 1411 δὲ
398 1385 580 1420 στρατιώταις
594 1385 738 1421 ἑμπιπρᾷν
761 1387 811 1422 τὴν
837 1387 914 1414 πόλιν

128 1432 173 1456 καὶ
196 1431 362 1466 διαρπάζειν
389 1432 532 1458 ἐκέλευσεν
547 1439 554 1448 ’
570 1433 595 1458 οἱ
619 1432 647 1458 δὲ
671 1435 700 1458 το
725 1433 780 1467 πῦρ
805 1433 916 1460 ἐνίεσαν

129 1477 280 1511 πανταχοῦ.
311 1477 342 1503 (Jl
370 1478 532 1504 στασιασταὶ
560 1478 587 1504 δὲ
616 1478 662 1504 ἐπὶ
696 1479 744 1513 τὴν
772 1478 913 1513 βασιλικὴν

127 1523 216 1549 οἰκίαν
231 1523 414 1557 ὁρμήσαντες,
431 1524 469 1554 εἰς
485 1525 518 1558 ἢν
540 1523 574 1550 δι’
590 1524 742 1559 ὀχυρότητα
759 1523 851 1550 πολλοὶ
866 1524 915 1556 τὰς

972 285 1031 307 rent
1046 281 1148 312 omnia,
1173 282 1257 316 signis
1276 282 1302 309 in
1321 283 1450 317 templum
1476 283 1568 315 illatis,
1585 283 1676 310 Titum
1693 291 1759 311 cum

971 326 1146 354 faustissimis
1160 328 1404 355 acclamationibus
1420 328 1611 363 imperatorem
1629 329 1757 364 designa-

972 377 1044 399 ruut.
1073 372 1172 400 Milites
1194 378 1298 400 tantum
1318 382 1350 400 ex
1378 374 1479 408 rapinis
1497 375 1621 408 pecunia:
1648 382 1745 402 coacer

971 421 1081 448 vartlnt,
1105 422 1135 444 ut
1160 418 1186 444 in
1203 417 1279 452 Syria
1299 418 1407 453 pondus
1421 419 1481 446 auri
1509 419 1625 449 dimidio
1642 419 1758 447 minoris

970 471 1051 497 quam
1069 463 1133 490 olim
1146 463 1322 491 venderetur.
1340 464 1513 498 Sacerdotes,
1529 467 1588 500 qui,
1604 471 1633 493 ιιι
1651 466 1755 493 dictum

969 515 1022 542 est,
1050 517 1158 536 murum
1181 510 1275 544 templi
1297 511 1526 543 conscenderant,
1547 520 1609 538 cum
1634 513 1756 547 quinque

969 555 1028 582 dies
1050 555 1086 582 ibi
1112 556 1276 590 exegissent,
1300 556 1370 582 fatue
1398 556 1515 583 confecti
1535 557 1755 585 descenderunt:

969 605 1054 636 utque
1079 601 1131 628 sibi
1147 607 1317 636 parceretur.
1336 602 1533 636 supplicarunt.
1552 602 1657 634 Quibus
1678 603 1756 630 Titus

968 647 1128 681 respondit:
1151 647 1242 674 Venite
1256 651 1379 681 tempore
1391 647 1447 681 jam
1459 648 1609 681 praeterito,
1627 648 1755 674 sacerdo-

969 693 1042 720 tibus
1064 701 1126 720 cum
1153 694 1255 728 templo
1280 694 1449 727 pereundum
1478 700 1550 725 esse,
1576 698 1601 719 et
1630 693 1757 720 lmmims

967 738 1110 772 suppliciis
1133 739 1202 766 allici
1226 738 1316 773 jussit.
1342 737 1462 773 Tyranni
1479 738 1525 772 qui
1547 738 1667 772 effugere
1702 746 1757 765 non

967 790 1105 821 poterant,
1130 786 1222 813 Titum
1237 785 1270 813 ad
1284 785 1450 820 colloquium
1475 790 1610 812 evocant:
1631 786 1677 820 qui
1693 794 1756 813 eum

967 833 1105 865 venisset,
1125 832 1220 867 eisque
1257 831 1414 860 vecordiam
1450 831 1614 866 obiecisset,
1637 833 1692 859 vita
1726 840 1757 860 se

967 878 1030 906 illos
1043 879 1210 911 donaturum
1227 878 1363 912 promisit,
1384 878 1406 905 si
1430 878 1545 912 abjectis
1561 878 1646 904 armis
1659 885 1688 905 se
1706 877 1756 904 de-

967 925 1074 952 derent.
1096 924 1228 951 Latrones
1248 931 1312 951 vero
1332 931 1360 950 se
1386 923 1510 951 dextram
1525 924 1560 951 ab
1576 924 1757 958 ocraceipere

967 978 1046 1006 posse
1060 975 1205 1005 negarunt,
1225 970 1332 1004 iurasse
1351 969 1423 996 cnim
1445 977 1475 998 se
1508 969 1534 996 id
1550 978 1690 1005 nunquam
1714 970 1755 997 fa-

967 1022 1078 1044 cturos:
1099 1016 1145 1043 sed
1161 1015 1331 1050 petiverunt,
1346 1021 1375 1043 ut
1395 1023 1456 1043 cum
1473 1016 1605 1043 uxoribus
1619 1022 1647 1044 et
1660 1017 1756 1044 liberis

967 1062 1036 1090 urbe
1062 1063 1195 1090 excedere
1220 1063 1326 1090 liceret.
1348 1063 1534 1096 Quamobrem
1560 1065 1639 1091 'l‘itus
1659 1064 1756 1095 iratus.

966 1109 1062 1138 edixit.
1079 1117 1114 1136 ne
1137 1110 1200 1144 quis
1222 1118 1318 1137 eorum
1346 1110 1465 1145 amplius
1491 1111 1686 1146 transfugeret,
1707 1117 1756 1139 aut

965 1163 1043 1190 spem
1063 1155 1165 1183 dextrae
1187 1155 1310 1188 haberet,
1325 1163 1354 1184 se
1375 1157 1447 1183 enim
1469 1164 1613 1191 parsurum
1630 1165 1690 1185 esse
1704 1165 1754 1184 ne-

967 1201 1034 1228 mini
1050 1211 1056 1228 :
1076 1207 1231 1236 pugnarent
1246 1202 1341 1237 igitur,
1362 1210 1395 1230 ac
1409 1203 1490 1230 saluti
1516 1211 1572 1230 Sua:
1587 1211 1635 1238 pro
1650 1203 1755 1230 viribus

966 1247 1154 1275 consulerent.
1180 1248 1279 1276 Milites
1297 1249 1393 1276 urbem
1420 1249 1567 1277 incendere
1582 1258 1613 1277 ac
1633 1251 1756 1285 diripere

963 1295 1047 1330 jussit
1059 1303 1068 1321 :
1084 1294 1205 1329 quicum
1219 1295 1346 1323 incendia
1363 1296 1464 1330 ubique
1481 1302 1652 1332 spargerent,
1669 1298 1755 1324 latro—

966 1348 1016 1367 nes
1027 1341 1061 1367 ad
1074 1341 1176 1375 regiam
1191 1341 1385 1374 decurrerunt,
1404 1342 1431 1368 in
1443 1350 1524 1376 quam
1540 1344 1575 1369 ob
1592 1343 1644 1370 loci
1662 1343 1754 1371 niani-

967 1387 1069 1413 tionem
1085 1386 1164 1413 multi
1181 1394 1246 1414 suas
1270 1395 1336 1422 opes
1361 1388 1553 1416 contulerant:
1574 1396 1605 1416 ac
1623 1389 1755 1416 Romanis

966 1430 1031 1458 inde
1047 1431 1146 1466 pulsis,
1160 1436 1188 1459 et
1203 1436 1276 1459 metu
1298 1432 1387 1466 plebis
1404 1433 1440 1460 ibi
1462 1437 1631 1468 eongregalze
1650 1433 1683 1460 ad
1706 1442 1754 1461 vnt

966 1477 1051 1505 millia
1064 1483 1091 1505 et
1107 1486 1170 1505 cccc
1184 1478 1259 1505 omni
1289 1478 1443 1510 interfecto,
1473 1479 1615 1513 pecuniam
1629 1479 1753 1514 diripue-

967 1527 1042 1549 runt.
1067 1523 1203 1550 Postridie
1240 1523 1355 1551 Romani
1382 1523 1538 1552 latronibus
1561 1532 1596 1552 ex
1624 1525 1754 1553 inferiore

129 1568 242 1602 κτήσεις
261 1568 403 1600 ἀπέθεντο,
421 1568 484 1600 τούς
511 1577 541 1595 τε
574 1569 726 1604 Ῥωμαίους
753 1570 802 1596 ἀπ’
829 1570 913 1604 αὐτῆς

967 1567 1035 1595 urbe
1058 1567 1218 1603 proﬂigatis,
1235 1576 1321 1603 usque
1338 1568 1371 1595 ad
1387 1568 1488 1596 Siloam
1513 1571 1604 1596 omnia
1620 1570 1753 1597 incende-

129 1613 280 1647 τρέπονται
292 1621 299 1627 ·
315 1615 362 1640 καὶ
376 1615 406 1641 τὸ
418 1615 651 1650 συνηθροισμένον
663 1615 756 1642 αὐτόθι
767 1615 814 1642 τοῦ
825 1617 913 1650 δήμου

130 1660 185 1684 πεῖν
202 1659 398 1693 φονεύσαντες,
419 1661 460 1692 εις
473 1659 694 1694 ὀκτακισχιλίους
716 1661 764 1687 καὶ
783 1670 915 1697 τετρακο-

128 1706 204 1737 σίους
227 1705 457 1741 ἀριθμουμένους,
477 1706 510 1733 τὰ
530 1707 660 1742 χρήματα
684 1707 850 1742 διήρπασαν.
873 1708 912 1742 Τῇ

125 1752 147 1777 δ’
171 1751 238 1787 ἑξῆς
264 1751 406 1787 Ῥωμαῖοι,
417 1753 585 1787 τρεψάμενοι
604 1753 668 1783 τοὺς
687 1752 787 1789 λῃστὰς
814 1753 847 1779 ἐκ
865 1753 914 1788 τῆς

127 1798 204 1824 κάτω
220 1798 335 1830 πόλεως,
355 1799 390 1825 τὰ
403 1799 485 1833 μέχρι
499 1797 547 1824 τοῦ
566 1798 677 1833 Σιλωὰμ
694 1799 783 1825 πάντα
797 1798 915 1834 ἐνέπρη-

129 1852 191 1869 σαν.
205 1843 364 1878 Καιομένην
374 1843 402 1869 δὲ
415 1844 464 1878 τὴν
478 1843 556 1869 πόλιν
569 1843 687 1878 ὁρῶντες
701 1844 728 1870 οἱ
742 1844 913 1878 στασιασταὶ,

128 1890 233 1924 ἱλαροῖς
246 1890 303 1921 τοῖς
315 1888 471 1924 προσώποις
488 1889 602 1924 εὔθυμοι
618 1890 669 1925 τὴν
684 1890 815 1925 τελευτὴν
830 1899 915 1926 προσ-

125 1934 254 1969 δέχεσθαι
273 1933 378 1968 ελεγον.
401 1932 470 1961 υῦτε
484 1933 513 1960 δὲ
530 1933 701 1969 παραδοῦναι
715 1934 829 1964 ἑαυτοὺς
846 1935 914 1960 ὑπέ-

129 1989 223 2015 μενον,
253 1979 315 2006 οῠτε
345 1980 476 2015 πολεμεῖν
505 1980 652 2015 Ῥωμαίοις
680 1977 732 2006 οἷοί
764 1988 795 2006 τε
823 1977 914 2015 ἦσαν·

128 2027 305 2061 σκιδνάμενοι
327 2026 355 2053 δὲ
371 2026 442 2052 κατὰ
459 2026 493 2053 τὰ
514 2025 670 2061 ἔμπροσθεν
690 2026 739 2060 τῆς
758 2025 872 2057 πόλεως,
891 2025 917 2052 si

127 2081 206 2105 τινας
217 2072 379 2107 αὐτομολεῖν
395 2072 539 2103 ἐθέλοντας
556 2071 698 2107 εὕρισκον,
715 2071 890 2106 ἀπέσφαττον
905 2079 913 2085 ·

125 2120 174 2146 καὶ
186 2119 276 2150 οὐδεὶς
294 2120 322 2145 ὲν
338 2120 372 2154 τῇ
388 2118 465 2145 πόλει
484 2119 567 2150 τόπος
582 2117 752 2152 γεγύμνωτο,
768 2117 826 2144 ἀλλ’
843 2117 916 2150 ἄπας

125 2167 141 2200 ἦ
157 2165 241 2200 λιμοῦ
258 2164 357 2199 νεκρὸν
371 2162 457 2199 εἶχεν,
473 2165 490 2199 ἣ
517 2165 650 2195 στάσεως.
669 2164 793 2191 Ἔθαλπε
808 2163 835 2190 δὲ
851 2163 915 2195 τούς

124 2221 154 2238 τε
183 2212 336 2247 τυράννους
360 2211 456 2238 καὶτὸ
482 2211 530 2237 σὺν
545 2210 636 2242 αὐτοῖς
661 2211 808 2246 λῃστρικὸν
837 2210 916 2241 ἐλπὶς

965 1617 1040 1640 runt.
1058 1612 1186 1641 Setlitiosi
1203 1621 1265 1641 cum
1282 1613 1380 1641 ardere
1396 1614 1494 1641 urbem
1509 1614 1646 1648 viderent,
1671 1615 1754 1642 hilari

965 1658 1043 1686 vultu
1059 1666 1089 1686 se
1107 1659 1212 1686 alacres
1231 1658 1358 1687 obituros
1382 1659 1523 1692 dixerunt,
1541 1668 1602 1687 cum
1619 1668 1647 1687 se
1663 1668 1754 1694 neque

966 1705 1097 1732 Romanis
1121 1704 1222 1732 dedere
1242 1705 1354 1737 vellent,
1378 1713 1467 1740 neque
1492 1713 1646 1740 repugnare
1670 1705 1759 1742 3%

965 1754 1097 1784 possent:
1117 1750 1165 1777 sed
1181 1755 1244 1778 ante
1266 1750 1363 1778 urbem
1387 1751 1518 1786 dispersi,
1544 1759 1614 1786 quos
1631 1752 1752 1779 transim-

966 1803 1030 1830 gere
1044 1797 1167 1823 volentes
1186 1796 1440 1831 deprehendebant,
1456 1798 1639 1833 jugulabant:
1659 1805 1751 1832 neque

967 1842 1039 1869 ullus
1057 1842 1134 1869 urbis
1147 1847 1206 1869 erat
1223 1843 1309 1874 locus,
1327 1843 1374 1878 qui
1393 1851 1447 1870 non
1465 1843 1537 1871 fame
1552 1849 1601 1871 aut
1615 1844 1752 1871 seditione

967 1892 1124 1922 peremptos
1150 1888 1272 1915 haberet.
1311 1888 1454 1923 Tyrannos
1481 1897 1533 1916 una
1561 1897 1624 1924 spes
1647 1890 1753 1924 reliqua

966 1933 1208 1960 subterraneorum
1234 1938 1371 1961 meatuum
1394 1934 1526 1962 fovebat:
1546 1943 1600 1969 quo
1618 1935 1640 1962 si
1657 1935 1754 1962 confu-

966 1979 1078 2014 gissent.
1097 1987 1126 2006 se
1141 1987 1196 2006 non
1214 1980 1372 2014 indagatum
1386 1980 1420 2007 iri
1434 1981 1517 2008 stulta
1533 1981 1662 2015 opinione
1675 1985 1755 2015 pulaa

967 2026 1043 2052 bant.
1059 2024 1127 2052 Nam
1144 2032 1206 2051 cum
1222 2025 1337 2052 Romani
1354 2031 1443 2052 castra
1458 2030 1610 2057 moverent,
1626 2026 1752 2060 progredi

966 2076 1048 2106 atque
1065 2071 1194 2105 aufugcre
1207 2071 1277 2102 ausi.
1294 2079 1382 2106 neque
1399 2071 1485 2098 Deum
1507 2079 1596 2106 neque
1615 2071 1756 2099 Romanos

967 2117 1052 2145 latere
1068 2121 1205 2152 poterant,
1223 2121 1250 2144 et
1268 2117 1339 2144 inter
1350 2125 1379 2144 se
1392 2117 1426 2145 de
1442 2117 1547 2152 rapinis
1562 2117 1662 2144 bellum
1678 2125 1757 2152 gere—

967 2163 1043 2190 bant.
1059 2163 1150 2190 (itesar
1166 2170 1231 2190 vero
1255 2170 1318 2190 cum
1343 2163 1410 2190 urbs
1430 2163 1557 2197 superior
1572 2163 1599 2190 in
1620 2161 1755 2197 pracipiti

967 2209 1019 2236 sita
1046 2209 1117 2241 loco,
1143 2210 1202 2237 sine
1224 2208 1368 2244 aggeribus
1391 2209 1451 2244 capi
1470 2217 1524 2236 non
1541 2214 1644 2244 posset,
1667 2208 1756 2243 copiis

125 2244 232 2292 ἐσχάτη
245 2257 299 2284 τῶν
317 2257 471 2292 ὑπονόμων,
498 2258 538 2289 είς
558 2256 606 2288 οὓς
627 2257 651 2283 st
667 2244 864 2291 κ-αταφύγοιεν,
882 2257 912 2283 οὐ

967 2263 1035 2290 opus
1049 2255 1200 2283 distribuit.

128 2306 305 2341 προσεδόκων
319 2305 564 2341 ἐρευνηθήσεσθαι.
582 2305 801 2338 Ἀναζευξάντων
833 2305 862 2331 δὲ
892 2305 945 2331 τῶν
970 2304 1125 2339 Ῥωμαίων,
1143 2303 1277 2340 ἐθάρρουν
1298 2304 1438 2339 προελθεῖν
1470 2312 1499 2330 τε
1519 2305 1565 2331 καὶ
1586 2302 1748 2337 ἀποδράναι.

125 2354 156 2378 τό
183 2353 212 2379 δὲ
229 2350 263 2388 ἦν
278 2352 333 2386 ἄρα
348 2352 453 2387 δνειρος
468 2361 476 2369 ·
502 2351 564 2378 οὔτε
591 2352 646 2387 γὰρ
675 2353 720 2379 τὸν
747 2352 826 2383 Θεὸν,
851 2351 913 2378 οὗτε
940 2352 1094 2385 Ῥωμαίους
1125 2351 1218 2386 λήσειν
1251 2351 1376 2385 ἔμελλον.
1396 2348 1450 2377 Ἦν
1471 2351 1500 2377 δὲ
1516 2350 1564 2377 καὶ
1582 2350 1649 2385 πρὸς
1673 2349 1755 2383 ἀλλή-

128 2401 191 2432 λους
209 2401 238 2426 ὲν
263 2401 324 2431 ταῖς
344 2399 482 2435 ἁρπαγαῖς
499 2399 616 2434 πόλεμος
636 2399 739 2430 αὐτοῖς.

777 2399 886 2433 Καῖσαρ
907 2398 947 2430 δὲ,
969 2399 1006 2429 ὡς
1028 2399 1171 2434 ἀμήχανον
1194 2397 1228 2434 ἦν
1254 2399 1305 2433 τὴν
1325 2397 1381 2424 ἄνω
1404 2398 1481 2424 πόλιν
1510 2397 1582 2424 ἑλεῖν
1606 2397 1753 2432 χωμάτων-

131 2448 190 2480 ἆτε,
213 2447 298 2475 οὖσαν
313 2448 511 2483 περίκρημνον,
529 2447 653 2480 διανέμει
671 2447 728 2478 τοῖς
738 2447 829 2481 ἔργοις
845 2447 894 2482 τὴν
913 2446 1037 2482 δύναμιν.

165 2495 238 2528 Kq’.
255 2494 334 2521 Κατά
349 2493 451 2524 ταύτας
467 2490 514 2520 οὖν
527 2493 577 2524 τὰς
599 2493 707 2528 ἡμέρας
724 2493 748 2519 οι
764 2493 817 2518 τῶν
833 2492 915 2519 Ἰδου-

130 2542 219 2576 μαίων
248 2542 385 2577 ἡγεμόνες
416 2541 575 2577 πέμψαντες
601 2542 702 2577 ἄνδρας
734 2542 816 2568 πέντε
847 2543 914 2577 πρὸς

129 2589 220 2621 Τῖτον,
237 2588 362 2615 ἱκέτευον
372 2588 464 2615 δοῦναι
480 2589 572 2619 αὐτοῖς
584 2588 684 2620 δεξιάν.
707 2588 736 2614 '0
749 2588 776 2614 δὲ
794 2587 841 2614 καὶ
853 2587 915 2619 τοὺς

129 2636 278 2669 τυράννους
307 2634 435 2661 ἐνδώσειν
457 2635 572 2666 ὲλπίσας
597 2633 833 2661 ἀποσπασθέντων
863 2633 916 2661 τῶν

135 2682 304 2717 Ἰδουμαίων,
320 2682 464 2708 κατανεύει
495 2681 544 2716 τὴν
570 2681 708 2715 σωτηρίαν
734 2680 836 2711 αὐτοῖς.
863 2681 917 2706 Καὶ

129 2729 143 2754 ὁ
157 2728 260 2764 Σίμων,
275 2729 356 2762 γνοὺς
373 2728 422 2763 τὴν
441 2726 555 2762 γνώμην
575 2727 675 2757 αὐτῶν,
687 2728 750 2758 τοὺς
771 2726 820 2761 μὲν
836 2726 916 2752 πέντε

130 2774 193 2805 τοὺς
217 2773 381 2808 ἐντυχόντας
402 2773 440 2808 τῷ
456 2773 530 2807 Τίτῳ
545 2772 643 2798 αὐτίκα
667 2773 783 2807 ἀναιρεῖ,
809 2771 870 2802 τοὺς
894 2770 915 2796 δ’

133 2820 272 2854 ἡγεμόνας
291 2819 432 2846 συλλαϐὼν
451 2819 592 2854 εἵργνυσιν
606 2827 613 2834 ·
632 2817 798 2853 Ἰδουμαίους
821 2817 848 2843 δὲ
868 2817 917 2843 οὐκ

131 2865 307 2897 ἀφυλάκτους
324 2861 392 2900 εἶχε,
408 2865 454 2891 καὶ
478 2865 509 2890 τὸ
527 2865 615 2899 τεῖχος
636 2865 769 2898 φρουραῖς
787 2863 917 2898 ἐπιμελε-

134 2912 243 2946 στέραις
264 2910 440 2945 διελάμϐανε,
458 2910 500 2937 διὰ
516 2911 579 2942 τοὺς
599 2909 822 2943 αὐτομολοῦντας.
850 2908 917 2935 Ιιολ-

1002 2493 1094 2520 XXVI.
1117 2493 1151 2520 lis
1164 2493 1261 2520 diebus
1279 2493 1459 2520 ldumworum
1487 2492 1630 2526 principes
1646 2501 1661 2519 v
1678 2492 1754 2526 lega-

967 2538 1003 2565 tis
1026 2538 1060 2564 ad
1079 2537 1170 2564 Titum
1193 2537 1293 2569 missis,
1320 2537 1459 2571 supplices
1485 2545 1580 2571 pacem
1596 2537 1753 2572 petierunt:

967 2584 1013 2618 qui
1026 2584 1107 2611 etiam
1126 2588 1265 2619 tyrannos,
1289 2583 1415 2610 ldum:eis
1436 2583 1551 2615 avulsis,
1572 2583 1753 2617 pertinaciam

968 2631 1124 2666 abjecturos
1147 2637 1270 2664 sperans,
1296 2629 1515 2656 incolumitatem
1542 2628 1596 2656 illis
1614 2629 1754 2664 promisit.

968 2677 1002 2704 At
1018 2677 1112 2704 Simon
1127 2684 1222 2703 eorum
1240 2675 1353 2707 consilio
1368 2676 1488 2709 cognito.
1515 2683 1531 2702 v
1545 2675 1647 2710 legatos
1661 2675 1754 2703 statim

969 2723 1078 2754 occidit,
1099 2723 1182 2749 duces
1197 2722 1223 2748 in
1234 2729 1371 2748 carcerem
1384 2721 1545 2756 compingit,
1558 2722 1692 2749 ldumzeos
1706 2723 1754 2750 ob-

969 2767 1074 2794 servari
1094 2766 1183 2801 jubet,
1205 2770 1232 2792 et
1252 2765 1353 2792 tutenia
1381 2765 1509 2799 presidiis
1534 2767 1755 2794 accuratioribus

969 2815 1067 2845 munit,
1086 2818 1198 2847 propter
1212 2811 1375 2846 transfugas.
1398 2811 1449 2838 Sed
1465 2814 1591 2846 quamvis
1609 2813 1686 2840 multi
1705 2822 1754 2839 oe-

967 2858 1137 2888 ciderentur,
1161 2857 1253 2891 plures
1280 2860 1358 2882 erant
1379 2856 1424 2890 qui
1440 2856 1616 2891 dill'ugerent,
1639 2864 1722 2892 atque
1738 2865 1754 2885 τι

968 2904 1099 2932 Romanis
1113 2903 1148 2932 ob
1168 2902 1446 2930 ctediumsatictatem
1466 2902 1574 2930 etlucri
1600 2909 1755 2939 suc-tusus.-
