2018 3147
175 143 215 175 537

808 149 1007 179 ANNALIUM
1031 151 1106 182 LIB.
1127 153 1177 184 VI.

1728 156 1782 187 538

177 203 335 237 συναγαγὼν,
357 203 403 230 ἐπὶ
419 202 612 239 Μαχαιροῦντα
633 205 787 240 στρατεύει.
804 203 857 232 Ἤν
871 207 898 233 δὲ
914 206 944 232 τὸ

1011 212 1089 235 lateat
1101 228 1108 240 ,
1125 209 1269 243 profundis
1284 210 1400 238 vallibus
1414 215 1542 246 tanquam
1559 211 1639 240 fossis
1650 213 1783 240 cinctum.

176 248 289 283 φρούριον
307 249 387 275 τοῦτο
405 249 465 276 λίαν
482 250 644 283 δυσάλωτον,
665 251 805 286 πετρώδης
816 251 853 277 ῶν
866 251 944 284 6ιοος

177 295 366 329 τετειχισμένης
376 303 382 310 ·
399 295 470 322 οὕτω
481 295 503 322 δ’
517 297 568 322 ὑπο
581 297 630 332 τῆς
647 297 755 330 φύσεως
775 298 944 325 κατεσκεύα-

176 349 221 372 στο,
235 340 271 372 ὡς
287 341 355 376 μηδὲ
371 342 499 375 προσιτος
521 340 590 369 εἶναι
605 351 610 358 ·
630 343 751 376 φάραγξι
769 344 822 378 γὰρ
847 344 945 370 πάντο-

176 387 211 412 Θεν
227 386 349 420 βαθείαις
366 387 560 422 ὲτετάφρευτο.
580 389 658 415 Οὕτω
674 389 861 424 δ’ὀχυρότητος
875 389 945 424 ἔχον,

175 434 213 460 κιὶ
230 434 365 466 βασίλειον
377 433 450 469 εἶχεν
467 435 542 466 ἐντὸς
557 436 665 469 μεγέθει
682 445 710 462 τε
726 437 771 462 καὶ
785 436 878 462 κάλλει
894 437 946 462 τῶν

175 480 295 514 οἰκήσεων
314 480 482 515 θαυμαστὸν,
507 481 605 512 πολλὰς
623 482 650 507 δὲ
667 482 713 508 καὶ
736 482 886 515 δεξαμένας
908 483 947 513 είς

176 527 296 560 ὑποδοχὴν
312 526 407 558 ὓδατος
425 527 454 552 ἐν
473 529 527 558 τοίς
545 527 774 562 ἐπιτηδειοτάτοις
785 528 840 554 τῶν
857 528 947 555 τόπων

175 573 303 605 ἐκέκτητο.
322 574 392 606 Πρὸς
418 573 445 599 δὲ
472 575 528 604 τοῖς
550 574 640 604 ἄλλοις
667 575 696 600 ὲν
724 575 779 606 τοῖς
802 575 948 609 βασιλείοις

175 620 214 646 ml.
227 621 347 654 ⁴πήγανον
359 618 404 655 ἦν,
417 620 490 653 ἄξιον
505 621 548 647 διὰ
564 621 676 656 μέγεθος
692 622 832 656 θαύματος
841 631 849 638 ·
862 623 948 656 συκῆς

172 666 218 700 γᾱρ
233 665 292 692 οὐδὲ
309 666 373 700 μιᾶς
391 665 476 700 ὕψους
489 667 535 692 καὶ
553 666 658 701 πάχους
674 666 814 694 ἐλείπετο·
835 668 913 701 λόγος
926 667 948 694 δ’

172 710 201 746 ἧι
229 712 280 738 ἀπὸ
301 712 355 738 τῶν
379 711 498 747 Ἡρώδου
520 713 625 747 χρόνων
641 713 707 739 αὐτὸ
728 714 883 749 διαρκέσαι,
903 715 949 741 καὶ

170 757 212 783 ἐπὶ
224 758 345 783 πλεῖστον
362 758 427 788 ἴσως
447 757 553 791 ἔμεινεν
570 758 613 789 ἂν,
628 759 652 784 εί
666 758 704 793 μὴ
721 759 774 785 ὑπὸ
788 759 842 785 τῶν
858 768 949 794 παρα-

170 803 301 829 λαϐόντων
318 803 364 829 τὶν
379 803 461 830 τόπον
478 803 615 830 Ἰουδαίων
627 805 789 832 ἐκκέκοπτο.
808 806 853 832 Ἐν
872 806 900 832 δὲ
916 808 948 839 τῇ

169 848 234 875 κτὰ
251 848 297 883 τὴν
315 848 414 883 ἄρκτον
432 849 480 875 τοῦ
501 851 632 884 φρουρίου
647 851 768 886 φάραγγι
778 851 950 886 ὀνομάζεταί

168 905 205 926 τις
220 895 299 926 τόπος
314 894 401 930 Βαὰρ,
416 896 462 921 καὶ
478 895 540 928 φύει
555 895 633 931 ῥίζαν
650 896 804 931 ὁμωνύμως
818 898 951 932 καλουμέ-

171 949 216 975 νην
230 939 314 975 αὐτῷ.
332 940 406 975 Αὕτη
425 941 503 975 φλογὶ
524 941 574 976 μὲν
598 942 668 968 ἔοικε
688 942 737 977 τὴν
753 943 865 978 χροιάν·
887 945 951 979 περὶ

169 986 195 1013 δὲ
206 987 253 1018 τὰς
272 986 393 1021 ἑσπέρας
412 986 490 1018 σέλας
509 987 699 1022 ἀπαστράπτει
717 995 724 1002 ·
739 989 797 1019 τοῖς
813 988 840 1014 δὲ
859 988 951 1022 βουλο-

171 1032 258 1069 μέ-.οις
278 1032 372 1058 λαϐεῖν
398 1032 482 1067 αὐτὴν
507 1033 556 1059 οὐκ
583 1032 657 1059 ἐστιν
687 1033 861 1068 εὐχείρωτος,
894 1034 951 1061 ἀλλ’

171 1078 330 1112 ὑποφεύγει,
349 1079 397 1104 καὶ
417 1079 447 1104 οὐ
474 1079 607 1114 πρότερον
630 1080 750 1112 ἵσταται,
770 1081 835 1116 πρὶν
861 1081 894 1108 ἄν
911 1090 952 1113 τις

170 1123 247 1165 οὖρον
262 1125 391 1158 γυναικὸς
405 1125 421 1161 ἢ
435 1125 464 1151 τδ
487 1122 556 1160 αἷμα
574 1125 604 1152 τὺ
625 1125 749 1160 ἔμμηνον
765 1128 887 1163 καταχέῃ
903 1128 952 1155 αὒ-

169 1173 228 1205 τῆς,
249 1173 296 1197 καὶ
316 1171 376 1197 τότε
391 1171 419 1198 δὲ
435 1172 490 1202 τοῖς
506 1171 656 1206 ἁψαμένοις
673 1173 788 1204 θάνατός
808 1175 866 1200 ἐστι
887 1183 953 1209 προ-

171 1217 266 1252 φανὴς,
288 1217 312 1243 εἰ
328 1217 365 1252 μὴ
380 1217 448 1252 τύχη
471 1226 512 1249 τις
533 1218 618 1253 αὐτὴν
634 1219 744 1254 ἐκείνην
761 1220 952 1255 ἀπενεγκάμε-

170 1271 213 1293 νος
225 1263 273 1298 τὴν
287 1263 366 1298 ῥίζαν
381 1263 580 1298 ἀπηρτημένην
597 1265 629 1291 ὲκ
643 1266 693 1300 τῆς
713 1266 814 1300 χειρός.
834 1266 955 1292 ’Δλίσκε-

169 1319 213 1336 ται
229 1309 258 1336 δὲ
278 1311 325 1336 καὶ
350 1308 410 1336 καθ’
432 1310 526 1345 ἓτερον
547 1310 647 1344 τρόπον
670 1311 828 1342 ἀκινδύνως.
854 1312 956 1347 Κύκλῳ

169 1357 224 1391 γᾶρ
238 1355 323 1390 αὐτὴν
339 1355 577 1390 περιορύσσουσιν,
596 1356 633 1385 ὡς
649 1354 718 1383 εἷναι
737 1358 770 1392 τῇ
783 1359 818 1392 γῇ
833 1357 955 1392 κρυπτό-

172 1412 252 1438 pauo-1
268 1403 318 1436 τῆς
334 1402 410 1437 ῥίζης
427 1402 606 1436 βραχύτατον,
623 1401 672 1428 εἶτ’
687 1403 715 1435 ἐξ
731 1403 813 1437 αὐτῆς
827 1403 956 1430 ἀποδοῦσι

171 1449 250 1477 κύνα.
270 1448 399 1474 κάκείνου
415 1447 453 1482 τῷ
467 1448 579 1482 δήσαντι
596 1448 806 1474 συνακολουθεῖν
819 1449 958 1483 ὁρμήσαν-

170 1503 226 1526 τ’ς,
247 1495 264 1528 ἡ
286 1494 336 1528 μὲν
353 1495 506 1520 ἀνασπᾶται
526 1494 643 1529 ῥᾳδίως·
670 1494 782 1528 θνήσκει
801 1494 823 1520 δ’
837 1495 918 1525 εὐθὺς
943 1496 957 1520 ὁ

995 253 1090 288 Neque
1104 263 1170 283 vero
1184 257 1336 284 munitione
1351 258 1498 290 duntaxat,
1515 259 1562 286 sed
1578 266 1606 286 et
1617 260 1652 287 ob
1667 260 1784 295 regiam,

996 299 1185 334 magnitudine
1215 307 1242 328 et
1270 302 1404 337 elegantia
1429 304 1600 331 conclavium
1630 305 1784 340 insignem,

997 345 1187 373 admirandum
1202 347 1262 377 fuit,
1289 353 1318 374 et
1339 349 1436 377 multas
1453 351 1587 377 cisternas
1598 351 1704 378 idoneis
1719 352 1786 379 locis

997 391 1030 417 ad
1059 391 1176 425 pluviam
1200 400 1297 427 aquam
1324 395 1511 428 excipiendam
1532 396 1637 423 habuit.
1663 397 1691 424 Iu
1713 398 1785 431 regia

998 444 1107 472 quoque
1137 442 1196 463 ruta
1215 438 1266 464 fuit
1295 439 1371 466 mine
1398 441 1613 474 magnitudinis,
1642 443 1715 469 nttlla
1733 444 1783 470 liett

997 482 1040 508 vel
1070 482 1215 509 altitudine
1239 483 1282 509 vel
1309 484 1491 511 crassitudine
1521 486 1646 518 inferior,
1674 496 1733 521 qum
1753 488 1787 514 ab

999 529 1114 555 llerodis
1131 529 1245 556 durasse
1269 530 1438 563 temporibus
1456 531 1597 558 ferehatnr
1614 541 1621 558 :
1642 538 1669 559 et
1687 533 1788 567 longis-

999 575 1068 602 simo
1086 575 1176 602 forsan
1193 579 1314 610 tempore
1331 576 1474 603 tnansISset
1485 598 1491 607 ,
1509 577 1561 603 nisi
1575 586 1589 604 a
1605 578 1705 605 Juda-is
1717 599 1723 610 ,
1741 579 1787 613 qui

999 621 1089 648 locum
1106 621 1181 647 illuxit
1197 626 1380 655 occuparant,
1394 622 1484 648 excisa
1498 622 1606 650 fuisset.
1639 623 1668 649 In
1685 624 1788 650 casti-lli

999 667 1069 694 valle
1093 667 1302 701 septentrionali
1325 667 1394 694 Baar
1420 668 1498 695 locus
1514 673 1555 694 est
1569 688 1575 698 ,
1595 669 1641 702 qui
1670 669 1789 695 radicem

1000 713 1086 748 gignit
1110 713 1231 747 ejusdem
1258 713 1396 745 nominis,
1413 714 1505 740 colore
1531 713 1658 740 ﬂammeo
1684 714 1789 748 vesperi

998 759 1080 794 jubar
1091 758 1227 793 quoddam
1251 759 1451 794 ejuculantem,
1476 760 1524 787 sed
1553 765 1633 794 captu
1661 760 1790 787 difﬁcilli-

1002 812 1084 831 mam.
1112 803 1221 839 Refugit
1236 805 1309 831 enim
1322 825 1330 836 ,
1348 813 1437 839 neque
1454 806 1529 838 prius
1545 806 1691 837 consistit,
1709 813 1791 840 quant

1003 851 1109 878 urinam
1127 851 1252 878 mulieris
1267 871 1274 883 ,
1290 854 1337 877 aut
1360 851 1520 886 sanguinem
1551 857 1721 878 menstruum
1749 852 1791 878 af-

1003 898 1106 924 fuderis
1128 905 1181 924 :ac
1196 901 1253 924 tum
1277 905 1338 924 eam
1361 898 1562 932 attingentibus
1588 898 1698 925 indubia
1720 906 1793 925 mors

1002 944 1136 975 imminet,
1152 943 1203 970 nisi
1220 943 1281 978 quis
1298 952 1358 970 eam
1379 944 1498 971 radicem
1521 943 1556 971 de
1573 952 1655 971 manu
1675 953 1794 979 suspen-

1002 997 1059 1019 sam
1080 990 1234 1017 abstulerit.
1263 990 1378 1024 Capitur
1402 990 1485 1016 etiam
1509 989 1561 1016 alia
1591 990 1696 1016 ratione
1725 990 1793 1018 citra

1002 1036 1246 1072 periculum.Nam
1277 1035 1397 1069 untdique
1420 1043 1480 1062 eam
1508 1035 1742 1068 circumfodiunt,
1765 1041 1795 1063 ut

1003 1083 1062 1117 ejus
1074 1089 1156 1116 quam
1177 1082 1320 1108 minimum
1337 1086 1409 1108 terra
1431 1086 1538 1115 tegatur
1558 1090 1564 1107 :
1581 1081 1682 1108 deinde
1697 1089 1792 1108 canem

1003 1128 1028 1155 ei
1059 1128 1188 1162 alligant,
1217 1128 1263 1161 qui
1293 1135 1354 1154 eum
1383 1126 1525 1153 dominum
1560 1134 1639 1153 suum
1669 1127 1795 1157 comitari

1005 1174 1099 1207 cupit.
1117 1174 1160 1200 illa
1174 1173 1301 1200 facillime
1321 1173 1414 1200 evulsa
1430 1194 1437 1204 ,
1454 1173 1545 1199 statim
1567 1173 1682 1200 moritur
1699 1181 1705 1199 :
1721 1173 1794 1199 acci-

1005 1220 1144 1255 pientibus
1160 1228 1224 1246 vero
1240 1227 1300 1246 eam
1313 1224 1392 1253 post,
1407 1219 1476 1245 nihil
1494 1223 1535 1246 est
1548 1219 1670 1253 periculi.
1687 1218 1797 1252 Expeti-

1007 1270 1050 1292 tur
1065 1271 1155 1292 autem
1172 1265 1208 1290 ob
1223 1273 1306 1291 unam
1326 1265 1469 1292 virtutem.
1497 1265 1563 1291 Nam
1582 1272 1642 1299 qute
1663 1264 1797 1291 dzemonia

1006 1315 1147 1339 vocantur.
1163 1314 1190 1336 et
1204 1310 1334 1343 quosdam
1355 1310 1458 1336 intrant
1471 1330 1477 1340 ,
1496 1310 1518 1336 si
1547 1310 1628 1336 modo
1639 1308 1798 1344 aegrotanti-

1007 1355 1059 1383 bus
1092 1355 1280 1386 admoveatur,
1310 1354 1389 1381 facile
1425 1355 1548 1388 expellit.
1589 1355 1617 1381 Id
1654 1354 1798 1381 castellum

1007 1401 1106 1428 Bassus
1120 1400 1245 1434 subigere
1271 1399 1353 1434 309
1380 1400 1510 1434 cupiens,
1526 1399 1622 1426 vallem
1636 1399 1798 1425 orientalem

1007 1451 1115 1482 aggesta
1144 1450 1214 1472 terra
1233 1445 1342 1480 explere
1367 1445 1496 1472 instituit.
1529 1445 1614 1472 Judzei
1641 1443 1767 1475 obsessi,
1783 1451 1799 1470 a

1009 1492 1160 1528 peregrinis
1173 1492 1288 1525 separati
1303 1513 1310 1523 ,
1327 1491 1388 1518 illos
1404 1491 1431 1517 in
1453 1491 1520 1517 urbe
1538 1490 1667 1518 inferiore
1689 1497 1800 1516 manere

171 1540 256 1567 κύων.
280 1539 363 1573 φόὸος
378 1539 400 1565 δ’
420 1540 507 1570 οὐδεὶς
523 1540 581 1570 τοῖς
607 1539 676 1574 μετὰ
697 1540 782 1566 ταῦτα
798 1539 954 1574 λαμϐάνου-

1011 1542 1177 1572 coegerunt:
1200 1537 1325 1571 superius
1346 1536 1484 1563 castellum
1504 1535 1554 1570 ipsi
1580 1541 1747 1566 tenuerunt,
1766 1542 1798 1562 ac

172 1593 223 1611 σιν.
241 1585 319 1610 Ἐστι
330 1584 358 1610 δὲ
373 1583 415 1610 διὰ
429 1584 494 1618 μίαν
508 1584 585 1618 ἰσχὺν
597 1584 838 1619 περισπούδαστος.
853 1585 892 1610 Τὰ
905 1585 958 1620 γὰρ

171 1629 330 1664 καλούμενα
348 1630 475 1664 δαιμόνια
494 1629 540 1656 καί
552 1638 622 1655 τισιν
637 1630 808 1664 εἰσδυόμενα,
824 1630 894 1665 αὑτὴ
910 1639 961 1656 τα-

172 1677 244 1712 χέως
258 1675 409 1708 ἐξελαύνει,
427 1676 479 1702 κᾶν
495 1675 576 1710 μόνον
592 1676 646 1706 τοῖς
659 1675 766 1702 νοσοῦσι
781 1676 960 1712 προσενεχθῇ.

172 1722 261 1750 Τοῦτο
275 1722 307 1748 τὸ
327 1722 457 1756 φρούριον
476 1722 490 1748 ό
506 1721 608 1753 Βάσσος
620 1722 850 1756 παραστήσασθαι
866 1722 960 1754 θέλων,

171 1769 221 1804 τὴν
243 1769 312 1803 πρὸς
333 1767 465 1799 ἀνατολὰς
481 1767 563 1794 αὑτοῦ
580 1768 711 1803 φάραγγα
734 1769 821 1802 χῶσαι
844 1769 961 1795 ἀπεπει-

175 1817 252 1851 ρᾶτο.
265 1815 297 1841 Οί
310 1814 334 1841 δ’
345 1813 576 1848 ὲναπειλημμένοι
588 1813 641 1839 τῶν
661 1814 807 1846 Ἰουδαίων,
821 1814 896 1841 ἔνδον
908 1814 962 1842 ἀπὸ

173 1862 228 1888 τῶν
243 1861 327 1894 ξένων
341 1860 539 1895 διακριθέντες,
555 1859 676 1891 ἐκείνους
693 1859 742 1894 μὲν
760 1860 920 1895 ἠνάγκασαν
935 1862 963 1887 ἐν

173 1910 205 1943 τῇ
220 1909 296 1934 κάτω
311 1906 385 1933 πόλει
400 1905 581 1941 παραμένειν,
594 1906 624 1932 τὸ
638 1905 659 1932 δ’
674 1905 730 1932 ἄνω
746 1906 875 1941 φρούριον
890 1905 964 1942 εἶχον

174 1954 264 1982 αὐτοί.
291 1951 449 1979 Ἐποιοῦντο
463 1952 554 1986 μέντοι
567 1951 617 1983 τὰς
632 1952 738 1984 ἐξόδους
754 1952 903 1986 προθύμως
913 1953 965 1979 ἀνὰ

176 2001 268 2026 πᾶσαν
296 1998 415 2034 ἡμέραν,
438 1997 485 2024 καὶ
508 1999 566 2030 τοῖς
591 1996 703 2032 τυχοῦσι
732 1997 964 2032 συμπλεκόμενοι,

175 2048 221 2072 τιοὲ
228 2046 272 2072 λοὶ
290 2045 340 2080 μὲν
353 2044 494 2078 ἔθνησκον,
510 2044 626 2075 πολλοὺς
639 2043 667 2070 δὲ
682 2043 735 2070 τῶν
755 2043 899 2078 Ῥωμαίων
917 2044 965 2069 ὁιν⁸

175 2093 273 2128 ᾕρουν,
290 2090 440 2121 πονοῦντας
465 2090 512 2115 ἐπὶ
531 2091 588 2120 τοῖς
611 2089 746 2123 χώμασιν.
776 2089 824 2114 Ἐκ
842 2088 870 2114 δέ
893 2097 965 2119 τινος

175 2137 327 2172 συντυχίας
353 2137 368 2169 ἡ
394 2136 442 2162 τοῦ
465 2135 597 2170 φρουρίου
618 2135 767 2170 παράδοσις
788 2135 895 2168 γέγονε,
920 2134 967 2160 καὶ

173 2187 230 2212 τῶν
247 2183 387 2218 χωμάτων
403 2181 498 2217 χωρίς.
513 2181 631 2212 Νεανίας
645 2190 686 2212 τις
698 2179 731 2216 ἦν
745 2181 773 2207 ἐν
790 2181 847 2212 τοῖς
864 2180 969 2215 πολιορ-

1012 1583 1097 1610 nihilo
1117 1583 1205 1610 secius
1227 1582 1400 1616 quotidianus
1424 1582 1582 1616 eruptiones
1609 1581 1753 1612 fecerunt,
1773 1587 1801 1608 et

1013 1637 1074 1656 cum
1090 1629 1180 1656 obviis
1201 1628 1339 1662 congressi
1358 1631 1433 1655 sunt.
1461 1628 1515 1654 Nec
1533 1628 1654 1662 ipsorum
1671 1627 1802 1653 duntaxat

1013 1675 1092 1702 mulli
1107 1675 1259 1709 perierunt,
1275 1673 1323 1701 sed
1343 1679 1371 1701 et
1385 1674 1522 1701 Romanos
1539 1673 1640 1699 multos
1655 1672 1681 1698 in
1697 1672 1802 1706 aggeri-

1014 1723 1066 1751 bus
1096 1723 1251 1750 laborantes
1278 1722 1449 1749 occiderunt.
1477 1721 1547 1748 Casu
1572 1724 1661 1747 tamen
1683 1719 1802 1753 quodam

1014 1769 1115 1797 factum
1131 1775 1191 1801 est,
1206 1773 1235 1796 ιιι
1250 1769 1392 1795 castellum
1410 1768 1469 1794 sine
1487 1767 1632 1801 aggeribus
1645 1765 1802 1792 dederetur.

1014 1814 1088 1842 Inter
1116 1814 1242 1841 obsessos
1267 1813 1427 1840 adolescens
1451 1813 1503 1839 fuit
1526 1812 1692 1842 Eleazarus.
1711 1811 1804 1837 animo

1015 1858 1177 1890 conﬁdens,
1199 1863 1227 1885 et
1254 1865 1335 1884 manu
1358 1862 1507 1889 strenuus,
1531 1856 1578 1890 qui
1606 1855 1735 1890 populum
1770 1855 1803 1882 ad

1016 1904 1175 1938 eruptiones
1195 1906 1223 1929 et
1245 1909 1371 1936 aggerem
1397 1900 1596 1936 prohibendum
1619 1899 1722 1926 hortari
1737 1899 1804 1925 soli-

1018 1953 1076 1980 tus,
1094 1949 1120 1974 in
1136 1948 1236 1982 prtrliis
1250 1947 1452 1974 illustrissimus
1464 1950 1607 1977 evaserat,
1622 1943 1804 1977 Romanisque

1017 1994 1118 2022 multas
1143 1993 1235 2021 clades
1267 1993 1406 2019 intulerat.
1440 1991 1595 2026 Aliquando
1621 1994 1712 2016 autem
1743 1996 1804 2015 cum

1018 2040 1111 2074 przelio
1122 2039 1258 2072 dirempto
1273 2043 1349 2065 extra
1365 2043 1459 2073 portas
1473 2045 1535 2064 cum
1553 2037 1586 2063 iis
1606 2036 1652 2070 qui
1676 2036 1703 2062 in
1720 2043 1801 2062 muro

1018 2090 1098 2112 erant
1133 2084 1358 2119 colloqueretur,
1391 2083 1479 2111 Rufus
1519 2082 1628 2117 quidam
1669 2081 1807 2107 Romanus

1020 2131 1099 2158 miles
1112 2151 1120 2162 ,
1136 2138 1235 2165 genere
1249 2130 1393 2165 Egyptius
1403 2149 1410 2161 ,
1425 2129 1516 2156 subito
1531 2128 1666 2157 accurrit.
1683 2132 1709 2154 et
1731 2127 1807 2153 Elea-

1020 2180 1114 2203 zllrum
1139 2184 1201 2202 cum
1233 2176 1299 2210 ipsis
1327 2176 1411 2202 armis
1441 2174 1603 2205 sublatum,
1624 2173 1749 2200 celeriter
1780 2172 1808 2199 in

173 2231 340 2267 κουμένοις,
356 2229 444 2264 τόλμῃ
466 2228 580 2262 θρασὺς,
602 2227 733 2254 καὶκατὰ
755 2229 835 2262 χεῖρα
849 2227 959 2262 δραστή-

1022 2227 1111 2250 castra
1145 2223 1332 2250 Romanorum
1364 2221 1502 2248 transfert.
1530 2220 1615 2252 Quem
1656 2226 1718 2246 cum
1753 2218 1808 2244 dux

175 2286 251 2314 ριος,
276 2275 410 2310 Ἐλεάζαρ
428 2274 607 2308 καλούμενος,
628 2273 656 2304 ὃς
670 2273 770 2305 ἐξιέναι
791 2274 837 2299 καὶ
856 2272 971 2299 κωλύειν

171 2325 226 2360 τὴν
245 2323 334 2359 χῶσιν
357 2320 524 2355 παρακαλῶν
539 2319 601 2350 τοὺς
616 2319 740 2350 πολλοὺς,
755 2319 783 2344 ἐν
796 2321 856 2350 ταῖς
872 2318 973 2354 μάχαις

170 2367 401 2402 ἐπιφανέστατος
416 2365 523 2398 γέγονε,
540 2363 625 2389 πολλά
636 2363 699 2394 τοὺς
721 2362 872 2397 Ῥωμαίους
888 2362 973 2389 διατι-

170 2415 251 2445 θείς.
274 2411 330 2438 Καί
343 2419 408 2436 ποτε
427 2410 476 2443 τῆς
494 2410 584 2444 μάχης
597 2407 795 2442 διακριθείσης,
812 2408 892 2438 αὐτὸς
912 2407 973 2442 μεί-

168 2469 226 2491 νας
246 2458 304 2491 ἔξω
326 2457 380 2483 τῶν
404 2455 508 2487 πυλῶν,
524 2455 649 2485 might).
666 2454 712 2480 τοῦ
732 2453 839 2487 τείχους
862 2451 972 2487 ὡμίλει.

175 2506 308 2539 Ῥοῦφος
320 2503 349 2530 δέ
362 2511 402 2533 τις
415 2501 462 2528 τοῦ
478 2500 632 2536 Ῥωμαῖκοῦ
647 2500 840 2535 στρατοπέδου,
853 2499 883 2525 τὸ
896 2498 974 2532 γένος

166 2553 348 2588 Αἰγύπτιος,
363 2549 493 2582 ἐξαίφνης
515 2546 684 2581 ἐπιδραμὼν,
704 2547 752 2573 σὺν
768 2545 862 2576 ὅπλοις
884 2544 976 2574 αὐτοῖς

167 2601 227 2628 τὸν
239 2597 378 2630 ”Ελεὰζαρ
394 2595 540 2629 ἀράμενος,
559 2592 655 2627 φθάνει
673 2591 799 2626 μεταθεὶς
812 2591 851 2621 είς
867 2590 898 2616 τὸ
914 2590 981 2615 Ῥω-

171 2645 280 2683 μαίων
300 2640 493 2677 στρατόπεδον.
509 2638 563 2666 Τοῦ
579 2639 608 2665 δὲ
627 2637 781 2673 στρατηγοῦ
797 2635 977 2683 γυμνωθῆναι

169 2679 370 2720 κελεύσαντος
384 2686 474 2718 αὐτὸν,
491 2686 537 2711 καὶ
554 2683 742 2719 μαστίζεσθαι,
755 2682 909 2717 βλεπόντων
922 2679 975 2706 τῶν

171 2738 213 2764 ὲκ
239 2734 294 2768 τῆς
323 2731 437 2762 πόλεως,
461 2728 559 2763 ἁθρόον
583 2728 599 2762 ὴ
625 2727 701 2757 πόλις
727 2724 871 2761 ἀνῴμωξε.
893 2722 978 2750 Τοῦτο

174 2781 264 2812 κατὰ
274 2780 331 2807 τῶν
345 2777 482 2812 πολεμίων
501 2775 515 2800 ὁ
532 2775 634 2804 Βάσσος
651 2772 834 2809 στρατήγημα
848 2770 978 2804 ἐποιήσα-

175 2839 226 2862 το,
243 2827 294 2854 καὶ
309 2824 425 2860 σταυρὸν
445 2820 596 2858 προσέταξε
616 2818 855 2852 καταπήγνυσθαι,
872 2817 908 2847 ὡς
930 2816 978 2842 αὑ-

179 2876 256 2903 τίκα
269 2870 417 2909 ›.ρεμάσων
430 2869 476 2898 τὸν
496 2866 669 2902 Ἐλεάζαρον.
685 2865 716 2892 Οἱ
729 2864 750 2891 δ’
765 2863 818 2891 ἀπὸ
830 2862 876 2890 τοῦ
893 2871 976 2898 φρομ

1022 2268 1138 2299 nudari,
1153 2272 1180 2294 et
1202 2269 1227 2294 iu
1240 2272 1387 2302 conspectu
1401 2266 1502 2294 civium
1525 2265 1615 2300 ﬂagris
1629 2264 1695 2291 caedi
1711 2263 1808 2298 jussis-

1024 2319 1075 2345 set.
1090 2314 1217 2341 universa
1231 2314 1327 2340 civitas
1344 2312 1486 2347 ingemuit.
1508 2312 1545 2338 Ea
1561 2319 1590 2337 re
1603 2310 1701 2337 Bassus
1711 2316 1810 2343 oppor-

1025 2365 1091 2387 tune
1121 2365 1217 2388 conlra
1242 2360 1335 2387 hostes
1361 2367 1446 2390 usus,
1469 2365 1578 2385 crucem
1605 2356 1685 2391 deligi
1709 2355 1810 2390 jussit,

1024 2405 1102 2441 quasi
1127 2405 1286 2433 Eleazarum
1307 2406 1398 2432 statim
1411 2405 1439 2431 in
1454 2411 1514 2430 eam
1532 2403 1613 2430 vellet
1628 2402 1735 2428 tollere.
1748 2400 1809 2433 Quo

1025 2454 1182 2485 conspecto,
1195 2451 1212 2477 ii
1221 2458 1268 2485 qui
1281 2451 1308 2477 in
1323 2450 1435 2477 castello
1448 2453 1529 2476 erant
1539 2469 1545 2479 ,
1559 2449 1644 2483 magis
1653 2448 1810 2478 doluerunt,

1027 2496 1152 2523 maximis
1174 2495 1300 2530 suspiriis
1327 2495 1420 2522 editis.
1451 2494 1599 2521 Eleazarus
1627 2500 1737 2526 quoque
1764 2499 1812 2518 eos

1026 2543 1145 2576 rogavit,
1161 2549 1196 2568 ne
1219 2548 1248 2568 se
1263 2541 1299 2567 ita
1322 2540 1391 2567 mori
1415 2539 1558 2570 sinerent,
1575 2542 1603 2565 et
1614 2545 1670 2564 sua:
1690 2537 1812 2571 ipsorum

1026 2587 1122 2614 salutis
1137 2594 1271 2614 memores
1283 2606 1289 2618 ,
1306 2586 1490 2613 Romanorum
1515 2583 1620 2611 viribus
1646 2587 1674 2610 et
1694 2583 1813 2610 fortuna;

1026 2632 1165 2660 cederent.
1191 2631 1231 2658 llli
1251 2635 1279 2658 et
1302 2630 1422 2658 Eleazari
1444 2629 1538 2656 verbis
1549 2628 1645 2656 fracti.
1667 2632 1695 2655 et
1715 2627 1815 2654 multo-

1028 2686 1088 2706 rum
1104 2685 1153 2713 pro
1172 2685 1206 2705 eo
1226 2677 1432 2712 deprecantium
1450 2674 1578 2709 precibus
1595 2673 1664 2708 (erat
1684 2673 1758 2700 enim
1778 2681 1812 2700 ex

1029 2732 1126 2759 magna
1147 2728 1175 2750 et
1197 2722 1329 2758 populosa
1348 2721 1461 2753 familia)
1476 2719 1587 2746 adducti
1599 2740 1606 2751 ,
1623 2719 1655 2746 ad
1671 2716 1815 2746 commise-

1029 2769 1164 2796 rationem
1189 2767 1358 2795 deflexeruut
1383 2776 1390 2794 :
1417 2766 1563 2800 missisque
1588 2765 1682 2800 legatis
1709 2763 1815 2791 castelli

1028 2815 1194 2842 deditionem
1210 2813 1413 2849 promiserunt,
1427 2812 1450 2840 si
1461 2815 1574 2846 accepto
1588 2811 1719 2838 Eleazaro
1730 2809 1814 2836 salvis

1027 2860 1168 2890 discedere
1180 2860 1282 2888 liceret.
1298 2859 1383 2893 Quam
1404 2857 1588 2888 conditionem
1603 2856 1649 2884 ubi
1667 2855 1720 2883 dux
1736 2862 1814 2883 acce-
