2018 3147
124 166 175 197 555

775 172 979 203 ANNALIUM
1000 175 1074 208 LIB.
1095 177 1165 208 VH.

1701 181 1754 213 568

124 232 168 274 ποι
179 223 467 274 πέμψῗςρξίθήραν,
484 226 524 260 οἷς
540 237 569 255 τε
586 227 658 263 εἷπε,
677 232 724 257 καὶ
756 228 797 262 οἷς
828 232 901 267 ἔπρα

1421 214 1430 225 ι

966 233 1033 261 Cum
1049 240 1140 262 autem
1162 244 1210 264 eos
1226 237 1310 265 etiam
1325 238 1366 265 sic.
1384 242 1531 270 metueret,
1554 246 1619 266 suas
1639 247 1707 274 opes
1727 240 1756 269 in

125 270 177 301 ξεν,
196 270 272 305 αὑτῷ
285 271 336 306 τὴν
352 271 491 307 βασιλείαν
502 273 674 309 ψηφίσασθαι
692 277 911 312 παρεσκεύασεν,

123 314 159 345 ὡς
171 315 353 352 ἀνδρωθεῖσιν
361 319 448 354 αὐτὴν
460 319 541 355 δῆθεν
551 322 607 353 τοῖς
621 323 716 349 παισὶν
730 324 910 352 ἀποδώσοντι.

130 361 286 398 Ὲγκρατὴς
302 363 330 390 δὲ
348 365 486 398 καταστὰς
497 366 551 393 τῶν
565 368 746 403 πραγμάτων,
765 369 837 396 οὕτω
849 370 912 401 τοὺς

127 406 281 441 Ῥωμαίους
297 409 413 441 διέθετο,
428 410 499 438 ὥστε
518 413 652 448 μηδέποτε
677 414 818 450 ἐθελήσειν
833 415 912 441 ἀνθε-

120 451 215 479 λέσῦαι
230 454 296 486 τοὺς
315 455 415 487 παῖδας
443 457 560 484 ἐκείνου·
590 459 639 485 καὶ
663 460 698 486 τὰ
724 461 856 495 μειράκια
882 461 911 487 δὲ

119 498 189 533 πρὸς
201 499 347 535 ῥᾳστώνην
362 501 473 535 ἐθίζων,
487 504 537 536 τάς
548 513 578 531 τε
592 505 682 541 ψυχὰς
697 507 798 539 αὐτῶν,
817 508 864 534 καὶ
877 507 911 535 τὰ

120 544 236 578 σώματα
254 546 303 572 σὺν
319 546 412 582 χάριτι
423 547 455 583 δή
468 557 522 576 τινι
540 550 661 586 ἔφθειρε.
688 552 786 584 Δεδιὼς
810 554 838 580 δὲ
862 554 910 581 καὶ

117 590 204 624 οὓτως
222 591 304 627 ἔχων,
322 593 400 628 ἰσχὺν
414 595 504 630 ἐαυτῷ
513 596 542 622 ἐν
555 597 594 631 τῷ
605 598 735 633 συνεδρίῳ
751 600 910 635 περιεποιή-

119 647 198 666 σατο.
213 639 285 671 Τοὺς
300 641 356 676 γὰρ
376 641 472 676 φιλίως
484 642 559 677 αὑτῷ
572 643 604 669 ἐκ
621 642 668 669 τοῦ
691 643 780 679 δήμου
804 644 909 671 struat-

118 683 216 718 μένους
225 686 292 721 περὶ
306 686 460 720 διακοσίους
474 690 503 720 ἐς
513 688 578 720 τοὺς
587 688 754 724 εὐπατρίδας
761 690 907 726 ἐνέγραψε,

116 733 164 758 καὶ
181 732 343 768 βουλευτάς·
359 736 406 762 καὶ
420 736 493 763 οὕτω
508 737 559 772 τήν
573 746 604 764 τε
619 738 766 772 γερουσίαν
786 739 832 773 ὑφ’
845 739 909 766 ἑαυ-

115 779 173 811 τὸν,
191 780 322 813 καὶτοὺς
338 782 453 815 πολλοὺς
472 784 633 819 ἐποιήσατο,
659 785 706 811 καὶ
732 786 781 820 τὴν
811 786 909 821 στολὴν

115 824 185 859 πρὸς
198 825 231 853 τὸ
247 827 541 865 μεγαλοπρεπέστερον
553 830 683 866 ἧμειψεν.
704 830 739 858 Ἦ
752 832 781 858 δὲ
795 829 828 867 ἦν
842 832 907 867 ἱμά-

114 878 172 897 τιον
184 871 233 900 καὶ
250 872 333 907 χιτὼν
348 874 526 910 ὸλοπόρφυρα
541 877 588 902 καὶ
601 877 792 911 χρυσόπαστα,
806 878 908 912 στέφα-

113 915 158 947 νός
175 924 206 942 τε
219 915 305 944 λίθων
319 919 504 953 χρυσοδὲτων,
522 921 569 947 καὶ
581 921 734 956 σκῆπτρον,
755 922 850 957 δίφρος
876 932 906 950 τε

112 960 304 996 ἐλεφάντινος,
321 961 363 996 οἷς
377 965 424 991 καὶ
440 966 464 991 οἱ
481 966 551 1001 μετὰ
566 966 654 994 ταῦτα
670 968 696 994 οῖ
712 976 741 995 τε
756 968 841 1002 ἄλλοι,
859 969 906 997 καὶ

111 1007 136 1033 οί
152 1008 206 1044 τὴν
220 1008 430 1046 αὐτοκράτορος
447 1011 557 1047 ἔχοντες
568 1014 720 1048 ἠγεμονίαν
741 1015 904 1051 ἐχρήσαντο.

111 1053 168 1080 Καὶ
192 1055 341 1091 τεθρίππῳ
365 1057 395 1083 ὲν
417 1055 474 1089 τοῖς
505 1058 651 1091 ἐπινικίοις
669 1061 838 1096 ἐπόμπευσε,
859 1063 906 1089 καὶ

111 1100 285 1137 ραὂδούχους
296 1103 340 1129 διὰ
355 1103 413 1138 βίου
437 1104 542 1132 δώδεκα
562 1105 637 1141 ἔσχε.
674 1107 786 1140 Πάντως
812 1108 839 1135 δὲ
858 1109 905 1136 ml.

109 1145 180 1173 ἄλλα
200 1147 290 1175 πλείω
313 1149 530 1185 ἑκαινοτόμησεν
562 1152 643 1185 ἃν,εί
669 1153 706 1188 μή
732 1162 774 1186 τις
807 1155 905 1187 ’Δττος

109 1192 230 1225 Ναούῖος
242 1194 293 1226 τὰς
310 1195 398 1229 φυλὰς
410 1197 494 1224 αὑτὸν
511 1197 678 1233 βουληθέντα
694 1201 905 1237 μετακοσμῆσαι

109 1238 282 1274 κεκώλυκεν,
292 1241 321 1273 ὃς
338 1243 483 1278 οίωνιστὴς
495 1241 539 1279 ἦν,
557 1242 612 1277 οἶος
629 1245 677 1281 οὐχ
689 1246 782 1281 ἔτερος
796 1247 902 1281 γέγονε.

108 1285 214 1312 Τοῦτον
224 1286 382 1322 ἐνυβρίσαι,
402 1289 446 1315 διὰ
455 1289 504 1325 τὴν
521 1290 681 1318 ἐναντίωσιν
693 1292 843 1326 ὀργισθεὶς,
856 1295 904 1320 καὶ

106 1330 156 1365 τὴν
168 1331 273 1366 τέχνην
285 1333 461 1369 ἔξουθενῆσαι
476 1336 670 1371 διεμελέτησεν
699 1338 713 1363 ὀ
738 1338 901 1373 Ταρκύνιος.

106 1375 209 1402 Λασὼν
220 1376 269 1403 οὖν
279 1378 309 1404 ὲν
320 1378 359 1414 τῷ
371 1379 465 1416 κόλπῳ
482 1381 583 1416 ἀκόνην
596 1391 626 1409 τε
642 1383 690 1409 καὶ
710 1382 800 1419 ξυρὸν,
819 1385 846 1416 ἐς
857 1386 902 1413 τὸν

105 1422 198 1456 δῆμον
212 1423 366 1459 παρῆλθεν,
391 1425 461 1461 ἔχων
484 1427 512 1453 ὲν
540 1428 579 1464 νῷ
604 1429 743 1464 τμηθῆναι
769 1431 808 1466 τῷ
828 1431 902 1467 ξυρῷ

105 1470 156 1504 τὴν
172 1470 290 1505 ἀκόνην,
307 1473 425 1508 πρᾶγμα
439 1473 494 1500 τῶν
513 1475 662 1509 ἀδυνάτων,
687 1477 774 1504 εἰπών
797 1487 827 1505 τε
851 1480 902 1507 ὅσα

106 1515 250 1549 ἐϐούλετο,
266 1518 328 1544 ἐπεὶ
344 1519 443 1552 Ἀττος
472 1520 620 1555 ἀντέλεγεν
640 1522 822 1558 ὲντονώτατα,
848 1534 901 1560 μη-

964 281 1082 307 concilio
1098 281 1184 314 auxit,
1198 289 1228 310 cc
1249 291 1282 310 ex
1307 284 1386 318 plebe
1407 284 1509 312 amicis
1526 284 1554 312 in
1574 285 1706 320 patricios
1727 292 1757 315 et

965 329 1107 352 senatores
1128 326 1207 353 lectis
1221 336 1226 352 :
1244 335 1299 361 quo
1314 333 1393 362 pacto
1405 332 1432 356 et
1455 332 1579 355 senatum
1596 333 1625 356 ct
1646 328 1754 363 plebem

964 370 1083 405 subegit.
1100 372 1229 399 Habitum
1245 372 1327 399 etiam
1344 374 1609 409 magniﬁcentiorem
1627 375 1756 409 sumpsit,

964 418 1085 445 tunicam
1109 423 1138 446 et
1162 424 1266 446 vestem
1291 427 1457 455 purpuream
1485 428 1553 448 auro
1582 420 1757 455 distinctam,

963 471 1094 492 coronam
1116 473 1225 492 auream
1253 466 1368 501 geminis
1391 471 1528 500 Ornatam,
1552 470 1702 502 sceptrum,
1727 472 1755 494 et

963 511 1058 538 sellam
1074 511 1247 539 eburneam:
1275 512 1377 546 quibus
1400 512 1483 548 326
1505 517 1533 539 et
1562 513 1650 541 secuti
1664 521 1752 548 reges,

962 563 989 589 et
1006 558 1184 593 imperatores
1203 566 1313 593 quoque
1324 559 1511 587 Romanorum
1523 563 1587 586 sunt
1599 560 1651 587 usi.
1666 560 1753 587 Victis

961 605 1100 638 hostibus,
1124 605 1263 641 quadrigis
1278 605 1422 640 magniﬁce
1446 609 1489 632 est
1512 605 1649 638 invectus,
1669 610 1697 632 et
1718 606 1753 633 li-

960 654 1051 678 ctores
1064 658 1112 685 per
1127 658 1235 677 omnem
1250 655 1357 678 :ctatcm
1373 658 1409 677 xu
1422 650 1528 681 habuit.
1540 650 1657 678 Omnino
1669 650 1751 678 etiam

961 696 1013 729 alia
1044 696 1227 723 iunovaturus
1253 695 1323 728 fuit,
1351 695 1404 723 nisi
1437 695 1462 723 ei
1491 695 1579 722 tribus
1611 700 1753 722 mutaturo

960 741 1056 770 Aetius
1076 741 1180 769 Navius
1207 749 1295 777 augur
1320 740 1567 776 praestantissimus
1587 739 1751 767 obstitisset.

959 789 991 816 Ei
1010 796 1072 816 cum
1090 788 1126 816 ob
1143 788 1349 816 adversationcs
1366 787 1453 816 iratus
1477 787 1602 821 illudcre,
1619 790 1647 814 et
1663 791 1752 814 artem

959 834 1071 862 eludere
1102 834 1236 866 studeret,
1263 839 1353 862 cotem
1379 839 1407 862 et
1437 834 1600 862 novaculam
1632 833 1661 860 in
1686 833 1750 860 sinu

959 884 1078 915 gestans,
1092 880 1126 907 ad
1145 880 1275 915 populum
1294 880 1407 915 prodiit,
1425 880 1452 907 id
1471 880 1563 907 animo
1586 879 1704 914 agitans,
1721 883 1752 906 ut

959 934 1006 954 cos
1021 927 1154 954 novacula
1169 927 1383 958 discinderetur,
1398 926 1473 961 quod
1495 926 1553 953 ﬁeri
1575 931 1750 959 nequaquam

958 977 1063 1008 posset.
1076 973 1200 1008 Cumque
1219 973 1406 1008 dixissetque:
1425 973 1561 1004 voluerat,
1578 971 1656 999 Actio
1674 977 1751 998 acer-

958 1020 1028 1047 rime
1043 1020 1215 1051 adversante,
1229 1027 1261 1047 ac
1280 1020 1392 1047 minime
1408 1019 1524 1047 cedente
1541 1025 1548 1045 :
1562 1017 1631 1051 Nisi,
1647 1017 1747 1052 inquit,

958 1067 1117 1093 aduersandi
1138 1067 1224 1093 studio
1242 1065 1401 1101 refragaris,
1429 1070 1454 1091 et
1477 1073 1540 1092 vera
1557 1063 1632 1095 dicis,
1660 1070 1748 1089 coram

957 1113 1030 1140 omni
1040 1112 1136 1148 populo
1154 1113 1218 1140 mihi
1230 1112 1395 1147 respondeto,
1412 1119 1475 1137 num
1491 1110 1517 1137 id
1532 1109 1601 1143 quod
1614 1109 1641 1136 in
1658 1107 1748 1135 animo

956 1146 1049 1191 habeo,
1060 1159 1142 1194 possit
1156 1158 1227 1192 fieri.
1242 1146 1310 1185 cum
1334 1157 1380 1184 ille
1399 1157 1426 1183 in
1443 1155 1559 1191 augurio
1578 1162 1635 1181 rem
1653 1146 1759 1180 statim-

955 1209 1099 1241 expertus,
1131 1204 1253 1239 profecto
1278 1204 1398 1231 futuram
1423 1202 1561 1230 dixisset:
1592 1200 1672 1235 Atqui
1700 1199 1748 1226 hoc

956 1252 1046 1279 animo
1056 1252 1166 1287 agitavi,
1176 1250 1275 1286 inquit,
1287 1255 1311 1277 te
1326 1249 1455 1277 nouacula
1469 1253 1552 1275 colem
1565 1248 1745 1275 discissarum.

957 1298 1026 1326 Tum
1047 1298 1123 1325 illum
1150 1296 1222 1324 haud
1249 1301 1412 1324 cunctanter
1430 1295 1574 1322 discidisse
1597 1298 1687 1321 cotem
1705 1291 1745 1319 le-

956 1349 1033 1372 runt.
1048 1344 1077 1371 ld
1095 1343 1246 1371 admiratus
1261 1342 1439 1377 Tarquinius,
1455 1346 1513 1368 tum
1542 1340 1611 1367 alios
1627 1339 1746 1366 honores

956 1391 1034 1419 Actio
1048 1391 1155 1421 habuit,
1172 1394 1229 1417 tum
1244 1396 1348 1417 aeneam
1368 1392 1485 1415 statuam
1504 1386 1593 1414 erexit
1611 1396 1618 1413 ;
1638 1389 1666 1412 et
1692 1383 1746 1411 rei-

956 1438 1074 1473 publicae
1087 1436 1183 1464 ordine
1197 1443 1251 1463 non
1267 1440 1383 1464 mutato.
1401 1433 1524 1461 consiliis
1542 1432 1601 1467 ejus
1622 1438 1688 1458 usus
1703 1434 1745 1457 est

955 1482 989 1510 ad
1016 1483 1118 1510 omnia.
1146 1482 1307 1509 Latinorum
1342 1480 1524 1507 defectionem
1562 1476 1743 1512 compescuit.

956 1528 1084 1561 Sabinos,
1108 1529 1155 1563 qui
1179 1527 1330 1563 Tyrrhenis
1346 1525 1520 1561 adjutoribus
1543 1524 1570 1551 in
1588 1523 1743 1552 Romanum

104 1560 373 1610 δὲνᾲύςοιεμενοςιγΕί
386 1564 430 1599 μὴ
445 1566 624 1600 φιλονείκως
640 1567 818 1603 ἀντιλέγεις,
836 1570 900 1606 ἔφη,

955 1583 1049 1610 agrum
1066 1574 1276 1609 impressionem
1292 1573 1423 1605 iecerant,
1440 1570 1592 1606 superavit.
1609 1569 1697 1597 Unam
1728 1575 1744 1595 c

104 1606 286 1643 ἁλλ’ἀληθῆ
301 1609 410 1644 λέγεις,
419 1610 468 1637 ἐπὶ
480 1610 602 1642 πάντων
617 1614 730 1640 τούτων
741 1615 902 1650 ἀπόκριναί

104 1661 167 1686 μοι,
190 1654 218 1680 ει
246 1654 262 1681 ὁ
277 1655 353 1682 κατὰ
372 1656 449 1683 νοῦν
461 1657 520 1692 ἔχω
535 1658 672 1693 ποιῇσαι,
686 1660 856 1694 γενήσεται.
871 1662 902 1688 '0

104 1698 135 1725 δὲ
156 1700 259 1732 ’Δττος
279 1701 362 1728 αὐτοῦ
384 1711 436 1729 που
448 1703 644 1739 οἰωνισάμενος
664 1707 831 1741 παραυτίκα.
846 1708 901 1735 Καὶ

105 1745 190 1772 πάνυ
206 1755 252 1779 τε,
265 1744 384 1780 εἶπεν,ὧ
392 1750 537 1783 βασιλεῦ,
551 1750 566 1777 ὃ
579 1750 687 1786 διανοῇ
691 1752 791 1783 ,ἐσται
806 1754 903 1781 ἐπιτε-

104 1792 169 1824 λὲς.
180 1792 219 1818 υύ
224 1792 301 1826 κηῦν,
313 1793 374 1829 ἔφη.
387 1795 436 1829 τὴν
445 1796 548 1831 ἀκόνην
556 1796 659 1833 ταύτην
670 1797 771 1832 λαϐὼν,
780 1799 819 1834 τῷ
828 1799 901 1834 ξυρῷ

107 1837 196 1872 τούτῳ
212 1839 326 1874 διάτεμε
338 1848 345 1855 ·
363 1840 441 1868 τοῦτο
453 1842 508 1877 γὰρ
520 1843 647 1876 γενέσθαι
665 1844 850 1881 διανενόημαι.
871 1845 901 1874 '0

105 1884 135 1910 δὲ
159 1885 241 1911 ελασέ
251 1895 282 1912 τε
293 1887 377 1922 αὐτὴν
389 1888 469 1920 εὐθὺς
484 1890 531 1915 καὶ
547 1889 666 1924 διέκοψε.
679 1890 831 1926 Θαυμάσας
843 1891 871 1918 δὲ
887 1893 901 1919 ό

107 1930 276 1966 Ταρκύνιος,
304 1932 387 1964 ἄλλας
408 1942 439 1960 τε
463 1935 546 1970 τιμὰς
569 1935 668 1970 ἐκείνῳ
692 1936 824 1972 παρέσχε,
853 1938 900 1964 καὶ

107 1975 213 2011 χαλκῆς
224 1978 329 2009 εἰκόνος
341 1978 453 2013 ἠξίωσε,
473 1980 521 2007 καὶ
535 1980 612 2007 οὐδὲν
628 1980 669 2007 ἔτι
692 1982 743 2016 τῆς
760 1982 900 2015 πολιτείας

107 2021 255 2056 ἠλλοίωσε,
273 2024 341 2059 πρὸς
355 2025 444 2052 πάντα
460 2034 489 2053 τε
506 2026 546 2061 τῷ
563 2027 654 2063 Ἀττῳ
671 2028 818 2064 συμϐούλῳ
837 2029 899 2056 ἐκέ-

106 2077 206 2103 χρητο.
230 2070 432 2106 Μαχεσάμενος
452 2072 481 2099 δὲ
507 2072 634 2104 Λατίνοις
663 2074 898 2110 ἀποστατήσασιν,

105 2114 206 2142 ἔπειτα
228 2116 277 2142 καὶ
300 2117 425 2149 Σαὸίνοις
449 2119 478 2149 ἐς
495 2119 544 2153 τὴν
581 2120 720 2155 Ῥωμαῐδα
747 2121 899 2155 ἐμϐαλοῦσι

106 2165 354 2196 ουμμαχουμένοις
368 2164 421 2190 ὑπδ
432 2165 730 2200 Τυρσηνῶν,ἁπάντων
749 2167 896 2203 ἐκράτησε.

105 2207 166 2232 Τῶν
187 2207 218 2233 δὲ
250 2208 302 2242 τῆς
322 2209 430 2242 Ἑστίας
455 2211 561 2246 ἱερειῶν
587 2212 620 2244 ἃς
640 2213 820 2248 παρθενεύειν
853 2214 898 2240 διὰ

106 2251 165 2286 βίου
176 2254 351 2288 νενόμισται,
365 2257 496 2291 φωράσας
511 2258 572 2284 τινὰ
587 2260 795 2295 συμφθαρεῖσαν
808 2261 896 2295 ἀνδρὶ,

106 2298 234 2333 ὑπόγεὼν
256 2309 318 2328 τινα
342 2305 553 2336 κατασκευάσας
576 2305 733 2341 ὑποδρομὴν
753 2308 897 2342 προμήκη,

105 2346 202 2381 κλίνην
214 2355 245 2373 τε
258 2346 314 2379 θεὶς
330 2349 359 2375 ἐν
388 2349 471 2385 αὐτῇ,
490 2351 538 2377 καὶ
553 2350 660 2386 λύχνον,
685 2353 731 2379 καὶ
755 2353 898 2387 τράπεζαν

106 2392 200 2420 σιτίων
216 2393 373 2428 ὑπόπλεων,
390 2396 450 2422 ἐκεῖ
483 2396 534 2431 τὴν
558 2396 711 2432 φθαρεῖσαν
731 2406 897 2434 προπεμπο-

107 2437 193 2472 μὲνην
211 2439 339 2474 ἐκόμισε·
354 2441 401 2467 καὶ
414 2441 506 2473 ζῶσαν
518 2442 687 2476 εἰσαγαγὼν,
711 2443 896 2477 ἐγκατῳκοδό-

107 2491 188 2516 μησε,
203 2484 253 2511 καὶ
264 2484 335 2512 οὕτω
349 2485 400 2518 τὰς
415 2487 465 2522 τὴν
485 2487 636 2522 παρθενίαν
662 2487 700 2523 μὴ
738 2489 899 2522 τηρησάσας

106 2528 159 2555 τῶν
175 2529 286 2565 ἱερειῶν
302 2531 332 2563 ἐξ
346 2532 453 2560 ἐκείνου
469 2533 653 2568 τιμωρεῖσθαι
666 2534 854 2570 κεκράτηκεν.
867 2534 899 2561 οι

955 1620 1121 1649 Vestalibus.
1137 1620 1241 1655 quibus
1262 1624 1395 1654 perpetua
1412 1616 1548 1645 servanda
1569 1620 1611 1643 est
1626 1614 1744 1650 virgini-

954 1671 1006 1698 tas,
1032 1674 1047 1694 a
1071 1666 1189 1701 quodam
1216 1669 1380 1699 stupratam,
1406 1663 1433 1690 in
1457 1662 1637 1690 subterraneo
1660 1668 1743 1695 specu

953 1712 1072 1747 oblonga
1088 1717 1228 1742 excavata,
1241 1711 1333 1745 ibique
1348 1710 1460 1742 lectulo,
1471 1709 1594 1741 lucerna,
1611 1712 1639 1736 et
1649 1715 1744 1735 mensa

953 1759 1065 1787 cibariis
1080 1760 1169 1792 plena,
1190 1757 1341 1788 collocatis,
1357 1756 1452 1784 multis
1468 1760 1620 1791 stupratam
1644 1762 1678 1782 eo
1693 1754 1744 1781 de—

953 1805 1127 1835 ducentibus,
1144 1804 1281 1831 viventem
1299 1803 1445 1833 obstruxit.
1460 1802 1494 1829 Et
1507 1802 1546 1828 sic
1563 1800 1597 1828 ab
1611 1800 1658 1827 illo
1674 1803 1744 1827 tem-

952 1857 1018 1885 pore
1035 1850 1070 1877 de
1084 1851 1207 1877 inemstis
1225 1850 1380 1877 Vestalibus
1398 1856 1491 1883 poenas
1505 1847 1587 1879 sumi,
1603 1851 1742 1881 receptum

952 1900 1005 1923 est.
1016 1894 1069 1927 Qui
1083 1902 1148 1921 vero
1160 1895 1221 1921 illas
1233 1893 1373 1923 violarint.
1392 1892 1463 1919 collo
1485 1891 1568 1918 furca
1584 1890 1612 1917 in
1627 1890 1685 1916 foro
1701 1887 1744 1916 in-

952 1945 1036 1971 serto,
1062 1939 1128 1966 nudi
1154 1939 1246 1974 ﬂagris
1273 1939 1425 1968 czeduntur,
1448 1937 1537 1964 donec
1562 1934 1741 1970 exspirarint.

952 1984 1087 2012 Caeterum
1100 1983 1181 2010 Marci
1195 1983 1286 2015 liberi,
1300 1990 1362 2010 cum
1385 1989 1500 2017 regnum
1524 1980 1566 2007 eis
1586 1987 1642 2006 non
1659 1979 1741 2006 rcsti~

953 2034 1053 2061 tuerct,
1076 2028 1124 2055 sed
1143 2027 1263 2054 Tullium
1289 2027 1435 2062 quemdam
1461 2034 1540 2054 serva
1569 2024 1622 2051 sibi
1646 2028 1742 2050 natum

951 2076 1080 2105 omnibus
1091 2075 1250 2107 anteferret,
1267 2075 1348 2109 idque
1359 2073 1465 2108 patricii
1477 2079 1586 2108 quoque
1601 2071 1742 2106 a‘gerrimc

951 2127 1122 2159 paterentur,
1141 2121 1306 2156 quibusdam
1327 2121 1436 2147 illorum
1462 2119 1565 2149 ascitis,
1582 2117 1695 2145 insidias
1715 2116 1741 2144 ei

951 2173 1048 2204 parant
1065 2177 1072 2195 ί
1088 2166 1247 2196 subornatis
1271 2166 1388 2196 duobus.
1415 2164 1462 2200 qui
1490 2163 1638 2198 agrestium
1665 2168 1741 2187 more

950 2213 1032 2242 asciis
1046 2217 1074 2240 et
1096 2213 1213 2240 falcibus
1232 2211 1341 2242 armati,
1356 2218 1419 2237 eum
1443 2209 1669 2244 aggrederentur.
1687 2206 1740 2240 Qui

949 2268 1011 2288 cum
1037 2259 1217 2293 Tarquinium
1236 2258 1263 2285 in
1287 2258 1347 2285 iuro
1370 2265 1423 2284 non
1442 2255 1622 2286 invenissent,
1645 2253 1677 2281 ad
1696 2261 1740 2280 re-

948 2306 1006 2341 gias
1027 2305 1099 2333 fores
1121 2309 1267 2337 venerunt,
1289 2305 1361 2331 inter
1384 2311 1443 2331 sese
1466 2302 1596 2334 rixantes,
1616 2304 1644 2328 et
1659 2307 1688 2327 se
1704 2299 1739 2326 ad

948 2362 1040 2389 regem
1056 2353 1164 2380 admitti
1182 2353 1362 2387 postulantes.
1374 2351 1433 2385 Quo
1449 2351 1603 2383 impetrato,
1618 2355 1680 2375 cum
1696 2348 1738 2374 in-

948 2399 1035 2427 vicem
1052 2399 1186 2430 dicerent,
1208 2406 1254 2425 rex
1280 2397 1306 2424 in
1333 2398 1450 2424 alterum
1474 2402 1584 2423 causam
1601 2393 1738 2420 dicentem

949 2445 1090 2476 intentus,
1117 2444 1151 2471 ab
1184 2444 1271 2470 altero
1305 2443 1449 2469 occiditur.
1475 2440 1554 2475 327
1587 2438 1637 2465 llic
1668 2437 1738 2463 Tar-

948 2489 1035 2524 quinii
1061 2489 1113 2516 fuit
1137 2488 1247 2521 exitus,
1269 2496 1331 2514 cum
1361 2495 1447 2514 annos
1475 2494 1522 2512 vm
1551 2489 1579 2512 et
1616 2491 1668 2510 xxx
1697 2489 1739 2509 re-

948 2538 1068 2570 gnasset.

106 2574 133 2602 δὲ
142 2577 247 2609 ταύτας
263 2579 449 2614 αἰσχύνοντες,
466 2581 507 2612 εις
518 2580 597 2613 ξύλον
609 2581 655 2608 τὸν
672 2581 775 2616 αὐχένα
802 2581 912 2617 δίκρουν
933 2582 1116 2616 sesamum
1148 2583 1176 2608 ὲν
1188 2583 1221 2618 τῇ
1238 2582 1336 2616 ἀγορᾷ,
1356 2581 1401 2608 καὶ
1414 2580 1484 2615 μετὰ
1496 2579 1575 2605 τοῦτ’)
1588 2575 1687 2611 γυμνοὶ
1698 2576 1738 2602 αἱ·

107 2623 247 2659 πιεζόμενοι
274 2626 471 2662 ἁποψύχουσιν.
492 2627 636 2655 Ἐπέθεντο
656 2627 748 2663 μέντοι
771 2629 811 2663 τῷ
850 2628 997 2664 Ταρκυνίῳ
1026 2630 1051 2656 οἱ
1080 2629 1127 2656 τοῦ
1143 2629 1270 2663 Μαρκίου
1296 2629 1400 2659 παῖδες,
1426 2627 1488 2653 ἐπεὶ
1515 2625 1552 2661 μὴ
1578 2625 1627 2660 τῆς
1650 2624 1738 2659 auxi;

108 2669 199 2703 αὐτοῖς
214 2672 387 2708 παρεχώρει,
403 2673 472 2701 ἀλλά
486 2682 547 2700 τινα
567 2674 695 2701 Τούλλιον
709 2675 842 2710 τεχθέντα
867 2676 892 2702 οἱ
910 2676 939 2709 ἐξ
968 2676 1168 2712 αίχμαλωτίδος
1190 2676 1294 2711 προῆγε
1307 2676 1415 2703 πάντων
1432 2682 1438 2689 ·
1450 2674 1464 2700 ὃ
1477 2674 1515 2706 δὲ,
1539 2672 1656 2708 μάλιστα
1675 2671 1737 2702 τοὺς

108 2718 276 2754 εὐπατρίδας
302 2721 407 2755 ἐλύπει,
437 2719 476 2749 ὧν
498 2732 576 2755 τινας
609 2724 894 2758 προσεταιρισάμενοι,
916 2725 990 2759 αὐτῷ
1021 2725 1236 2756 ὲπεῦούλευσαν,
1265 2725 1320 2752 δύω
1358 2724 1434 2756 τινὰς
1470 2722 1623 2758 χωριτικῶς
1646 2722 1737 2750 ὲσταλ,

111 2764 207 2797 μένους
227 2764 337 2798 ἀξίναις
353 2766 403 2793 καὶ
426 2767 571 2803 δρεπάνοις
587 2768 798 2803 ὁπλισαμένους,
824 2768 897 2803 αὐτῷ
917 2769 1062 2796 ἐπιθέσθαι
1096 2771 1366 2805 παρασκευάσαντες.
1402 2770 1433 2796 Oi
1447 2770 1508 2796 ἐπεὶ
1521 2768 1558 2804 μὴ
1574 2767 1736 2804 ἀγορᾲζυντι

108 2809 302 2846 τῷταρκυνίῳ
311 2812 449 2848 ἐνέτυχον,
459 2814 505 2840 ἐπὶ
523 2814 572 2846 τὰς
585 2813 671 2848 θύρας
685 2814 738 2840 τῶν
754 2814 898 2849 βασιλείων
918 2812 995 2851 ἧκον,
1024 2816 1151 2851 ἀλλήλοις
1172 2817 1253 2851 δῆθεν
1273 2816 1480 2851 διαμαχόμενοι,
1507 2814 1552 2841 καί
1576 2815 1601 2840 οι
1632 2815 1659 2844 ἐς
1674 2812 1736 2846 δ’ίίέν

110 2853 193 2884 ἐλθεῖν
205 2857 324 2891 ἐδέοντο,
360 2860 406 2886 καὶ
440 2862 567 2896 τυχόντες
600 2860 712 2892 τούτους
735 2862 775 2891 εἰς
801 2860 894 2895 λόγους
919 2861 1044 2897 ἀλλήλοις
1074 2863 1318 2897 ἀντικατέστησαν,
1348 2864 1393 2889 καί
1427 2862 1676 2895 δικαιολογουμένη)
1699 2861 1735 2894 τῲ
