2018 3147
253 128 304 161 571

905 135 1068 167 JOANNIS
1086 138 1245 168 ZONARIE

1829 141 1889 173 5'12

251 188 355 217 ail'ecit.
372 189 424 224 Qui
439 198 502 218 eum
521 191 627 226 trepido
641 192 739 219 nuntio
763 192 899 221 excitatus
918 195 1039 222 sermoni

1100 206 1154 229 τους
1168 198 1316 234 πηποίητο,
1335 199 1383 227 καὶ
1400 198 1464 231 τοὺς
1492 199 1645 235 Ῥωμαίους
1669 199 1738 235 πρὸς
1751 199 1781 226 τὸ
1795 200 1888 235 δημο-

252 235 472 268 iutervenisset,
487 241 570 271 atque
588 237 692 272 aliquid
719 237 854 271 dixisset,
874 238 1043 274 Tarquinius

251 288 346 309 senem
366 281 487 309 medium
508 282 616 317 arripit,
640 283 799 320 elatumque
813 293 828 313 e
842 286 935 320 curia,
953 287 980 314 in
999 288 1043 316 in-

252 327 382 354 feriorem
397 331 501 362 partem
518 335 567 362 per
578 329 680 364 gradus
690 330 795 366 dejicit.
811 331 861 359 Ille
873 333 906 359 ad
923 332 1042 367 Tarqui-

252 372 290 399 nii
305 372 448 400 audaciam
460 393 466 405 ,
485 381 575 409 eoque
589 376 675 411 magis
692 377 764 412 quod
780 378 815 404 ab
846 379 978 406 omnibus
995 380 1041 407 de-

251 420 366 446 stitutus
384 424 468 452 esset,
485 425 681 449 consternatus
693 443 700 455 ,
727 423 796 451 nihil
817 425 936 459 amplius
951 433 1039 460 neque

250 464 320 491 dixit
331 484 337 496 .
356 472 446 500 neque
461 465 537 495 fecit.
555 467 722 503 Tarquinius
735 477 802 496 vero
816 471 906 497 statim
924 479 1038 506 regnum

250 519 264 537 ιι
277 511 403 545 patribus
415 513 532 548 accepit,
543 518 572 541 et
584 522 633 549 per
644 516 777 549 quosdam
795 516 914 544 Tullium
926 517 1039 545 domum

249 563 279 583 se
303 558 483 593 recipientem
505 561 626 588 sustulit.
648 561 683 589 At
706 562 766 597 ejus
786 562 840 590 lilia
865 563 993 590 maritum
1012 563 1038 591 in

250 603 328 631 curia
344 603 504 633 deosculata
514 627 521 639 ,
534 614 625 642 regem
639 608 785 635 salutavit:
798 613 880 644 atque
894 610 922 636 in
939 610 1040 645 regiam

250 648 347 676 abiens
357 669 363 681 ,
379 657 429 684 per
446 651 532 685 patris
545 659 646 687 cerpus
658 659 820 688 carpentum
837 655 926 689 egisse
940 654 1038 682 fertur.

252 694 298 722 Sic
312 695 420 724 Tullius
436 698 636 733 rempublicam
654 700 874 734 administravit,
895 701 935 729 sic
956 702 1039 729 vitam

252 741 341 775 finiit,
361 750 424 770 eum
439 751 527 772 annos
542 753 603 772 xuv
619 751 770 781 regnasset.

1095 245 1228 278 κρατικον
1248 245 1329 279 ἐνῆγε
1345 245 1392 271 καὶ
1417 245 1448 271 τὸ
1474 245 1628 281 ἐλεύθερον.
1659 245 1720 272 Ἔτι
1736 246 1765 272 δι
1782 246 1888 280 μᾶλλον

1095 291 1141 317 ἐπὶ
1157 291 1263 323 τούτοις
1276 292 1410 327 ἠσχαλλον
1427 293 1452 318 οί
1465 292 1625 327 Ταρκύνιοι.
1639 292 1710 318 Ἀλλ’
1726 293 1740 319 ὁ
1754 292 1804 326 μὲν
1818 292 1875 319 νεώ

1093 346 1183 372 τερος,
1197 337 1252 364 κᾶν
1265 338 1452 373 ἐχαλέπαινεν,
1470 338 1563 373 ἔφερε,
1598 338 1637 373 τῷ
1662 338 1691 364 δὲ
1712 339 1802 372 χρόνῳ
1816 346 1888 372 προ-

1093 382 1187 417 ήκοντι
1199 383 1293 410 οὐκέτι
1307 384 1355 410 τοῦ
1378 384 1506 410 Τουλλίου
1521 384 1609 410 ἐδόκει
1633 384 1790 418 ἀνέχεσθαι.
1804 383 1889 409 Ἐπεὶ

1093 428 1120 454 δὲ
1140 428 1178 463 μὴ
1195 429 1411 456 συνευδοκοῦσαν
1428 429 1540 465 εὕρισκε
1565 430 1614 465 τὴν
1633 431 1762 464 γυναῖκα,
1776 431 1826 457 καὶ
1843 431 1890 456 τὸν

1093 474 1244 510 ὁμαίμονα,
1267 476 1348 508 αὐτὸς
1367 477 1416 511 μὲν
1440 476 1488 512 τὴν
1508 479 1639 510 γυναῖκα,
1662 477 1706 502 τὸν
1728 477 1750 503 δ’
1768 476 1899 513 ἀδελφὺν,

1092 520 1138 548 διὰ
1161 521 1210 555 τῆς
1237 523 1368 555 γυναικὸς
1395 523 1502 550 ἐκείνου
1529 523 1688 558 φαρμάκοις
1712 523 1814 555 ἀνεῖλε,
1841 523 1891 549 καὶ

1094 566 1241 601 συναφθεὶς
1259 569 1291 603 τῇ
1305 568 1425 603 συνεύνῳ
1438 568 1488 595 τοῦ
1503 569 1629 604 ἀδελφοῦ,
1643 568 1682 601 τῷ
1697 569 1821 603 Τουλλὶῳ
1840 568 1892 594 σὺν

1094 613 1164 648 αὐτῇ
1192 613 1367 641 ἐπεϐούλευε.
1396 615 1451 642 Καὶ
1467 616 1581 647 πολλοὺς
1601 616 1655 643 τῶν
1672 624 1703 641 τε
1731 615 1892 650 βουλευτῶν

1094 660 1142 686 καὶ
1155 659 1209 686 τῶν
1221 661 1394 696 εὐπατριδῶν
1406 662 1496 693 αίτίας
1515 662 1628 696 ἔχοντας
1647 661 1720 688 κατὰ
1738 661 1786 687 τοῦ
1802 659 1893 687 Τουλ-

1093 705 1151 732 λίου
1168 705 1266 737 πείσας
1283 707 1452 742 συνάρασθαί
1472 708 1509 740 οι,
1532 707 1697 739 ἐξαπιναίως
1721 707 1781 741 μετ’
1797 706 1894 733 αὐτῶν

1093 751 1134 783 είς
1147 750 1176 777 τὸ
1193 751 1335 787 συνέδριον
1355 754 1558 788 παραγέγονεν,
1581 754 1718 788 ἑπομένης
1743 751 1822 787 αὺτῷ
1845 753 1894 778 καὶ

250 789 301 823 τῆς
334 791 464 824 γυναικὸς
487 792 619 825 Τουλλίας
634 802 643 810 ο
670 795 717 820 καὶ
737 794 824 820 πολλὰ
848 794 897 830 μὲν
920 793 994 828 εἷπε,
1027 796 1077 832 τῆς
1097 796 1144 823 τοῦ
1168 797 1271 832 πατρὸς
1299 797 1379 830 ἀξίας
1401 799 1466 830 τοὺς
1491 799 1630 834 παρόντας
1655 799 1892 834 ἀναμιμνήσκωνν

252 834 338 881 πολλὰ
368 835 391 862 δ’
416 836 565 873 ἁπέσκωψε
591 839 659 874 πρὸς
681 839 727 866 τὸν
747 840 886 868 Τούλλιον.
913 841 992 868 Ἐπεὶ
1015 842 1038 869 δ’
1058 843 1164 875 ἐκεῖνος
1184 843 1271 870 ταῦτα
1303 843 1397 880 μαθὼν
1430 845 1532 879 ἐπέστη
1549 845 1664 881 σπουδῇ,
1678 844 1726 872 καί
1740 853 1767 871 τι
1787 845 1822 879 δὴ
1840 843 1891 871 καὶ

251 880 412 915 ἐφθέγξατο,
427 885 602 920 συνήρπασεν
619 885 711 920 αὐτὸν,
727 887 773 914 καὶ
786 887 886 922 ἐξάρας
917 885 972 916 ὦσε
1001 890 1071 917 κατὰ
1090 891 1145 917 τῶν
1166 891 1219 926 πρὸ
1235 891 1282 917 τοῦ
1310 891 1502 928 βουλευτηρίου
1525 880 1694 926 ἀναϐαθμόν.
1724 893 1781 919 Καὶ
1797 893 1814 919 6
1842 892 1893 926 μὲν

250 929 400 963 ταραχθεὶς
413 931 483 966 πρὸς
497 931 548 967 τὴν
568 932 616 959 τοῦ
632 933 787 970 Ταρκυνίου
806 936 922 970 τόλμαν,
940 937 988 964 καὶ
1014 937 1056 965 ὅτι
1075 939 1136 965 οὐδέ
1157 947 1200 971 τις
1226 939 1302 974 αὺτῷ
1332 940 1530 974 ὲπικούρησεν,
1550 939 1608 966 οὔτ’
1631 938 1708 967 εἶπεν
1729 940 1771 966 ἔτι
1815 940 1897 966 οὐδὲν

251 973 449 1022 ibt-limique.
466 978 622 1014 Ταρκύνιος
643 981 671 1007 δὲ
691 982 741 1016 τήν
760 991 790 1009 τε
822 982 963 1018 βασιλείαν
989 985 1071 1017 εὐθὺς
1091 986 1167 1020 παρὰ
1193 988 1243 1021 τῆς
1269 973 1369 1021 βουλῆς
1389 973 1482 1014 Habe.
1499 987 1554 1013 Καὶ
1578 987 1692 1022 πέμψας
1712 987 1803 1018 τινὰς,
1847 985 1895 1012 τὸν

252 1019 380 1048 Τούλλιον
396 1022 577 1058 κομιζόμενον
596 1025 687 1052 οίκαδε
702 1026 876 1062 διεχρήσατο.
899 1028 931 1055 Ἦ
967 1028 996 1055 δὲ
1031 1019 1157 1064 θυγάτηρ
1192 1019 1302 1057 ἐκείνου
1324 1019 1370 1058 τδν
1395 1031 1480 1066 ἄνδρα
1496 1032 1524 1058 ὲν
1540 1031 1580 1064 τῷ
1595 1019 1782 1066 βουλευτηρίῳ
1809 1040 1896 1058 κατα-

252 1066 390 1113 φιλήσασα
402 1088 410 1100 ,
444 1069 493 1096 καὶ
536 1070 649 1105 βασιλέα
687 1074 935 1109 προσαγορεύσασα
948 1095 954 1106 ,
993 1075 1041 1102 καὶ
1057 1076 1178 1104 ἀπιοῦσα
1193 1078 1262 1112 πρδς
1276 1078 1310 1104 τὰ
1340 1077 1474 1112 βασίλεια,
1490 1078 1520 1104 τὸ
1533 1078 1625 1113 ὄχημα
1639 1078 1711 1104 κατὰ
1728 1078 1776 1104 τοῦ
1789 1077 1894 1112 νεκροῦ

252 1111 301 1138 τοῦ
327 1113 429 1149 πατρὸς
439 1115 476 1146 ὡς
491 1112 565 1151 εἶχεν
579 1117 725 1152 ἐπήλασεν.
743 1119 822 1145 Οὕτω
838 1119 887 1155 μὲν
900 1120 946 1147 οὖν
957 1121 971 1147 ό
986 1120 1114 1152 Τούλλιος
1133 1121 1211 1157 ἦρξε,
1245 1123 1292 1149 καὶ
1308 1111 1395 1154 οὕτως
1426 1111 1737 1158 ἀπέθανεξβασιλεύσας
1750 1111 1896 1159 τέσσαρας

254 1159 397 1191 ἱνιαυτοὺς
414 1160 461 1187 ἐπὶ
481 1163 700 1197 τεσσαράκοντα.

290 1203 324 1231 Χ.
339 1205 507 1240 Tarquinius
520 1216 607 1243 regno
624 1215 765 1245 suscepto,
782 1211 891 1239 Romuli
907 1219 984 1240 more
998 1220 1044 1239 ar-
1061 1216 1082 1243 Β

254 1251 336 1279 matis
350 1260 451 1287 corpus
467 1254 661 1290 circumsepsit
674 1265 681 1283 :
702 1257 804 1292 quibus
815 1263 843 1285 et
859 1262 943 1285 noctu
958 1263 987 1286 et
1002 1259 1045 1285 in-

257 1299 349 1327 terdiu
363 1319 372 1332 ,
395 1300 470 1328 domi
488 1305 516 1329 et
538 1301 607 1330 foris
628 1311 694 1331 usus
723 1309 776 1332 est.
801 1304 869 1332 Nam
889 1306 963 1340 quod
987 1307 1045 1340 ipse

255 1355 321 1382 erga
333 1355 462 1376 socerum
473 1369 480 1381 ,
497 1357 567 1376 uxor
587 1357 652 1385 erga
666 1355 771 1385 patrem
789 1352 826 1378 ita
840 1359 870 1379 se
885 1352 1044 1388 gessissent,

256 1393 350 1421 timuit
366 1402 401 1422 ne
418 1402 433 1422 a
447 1395 540 1430 seipso
559 1396 694 1424 adversus
712 1405 743 1425 se
764 1399 920 1433 exemplum
936 1405 1047 1432 capere-

257 1445 311 1467 tur.
326 1440 386 1468 Jam
402 1441 466 1476 quia
481 1446 556 1470 metu
570 1450 684 1478 regnum
697 1444 842 1471 tutandum
853 1448 930 1476 erat,
947 1449 1045 1478 poten-

259 1486 382 1514 tissimos
401 1492 546 1515 senatores
562 1492 590 1515 et
606 1488 681 1516 cives
697 1490 915 1524 comprehensos
936 1489 1046 1517 occide-

257 1530 325 1558 bat:
348 1533 418 1559 alios
448 1533 563 1567 palam.
589 1534 691 1568 quibus
711 1534 815 1569 aliquid
847 1535 956 1562 crimini
981 1535 1048 1562 dare

255 1582 382 1612 poterat,
399 1579 468 1606 alios
487 1579 558 1606 clam
573 1587 581 1606 :
598 1580 748 1608 nonnullos
766 1581 792 1607 in
807 1580 935 1608 exsilium
954 1582 1046 1608 mitte-

257 1623 314 1650 bat.
323 1623 418 1658 Neque
427 1631 494 1651 vero
506 1624 589 1651 Tullii
601 1624 741 1652 studiosos
749 1625 892 1658 duntaxat,
907 1625 954 1653 sed
963 1627 1045 1653 etiam

258 1669 415 1704 tyrannidis
429 1677 486 1697 suae
500 1669 646 1705 adjutores
659 1671 792 1705 perdidit.
806 1671 846 1698 lta
858 1671 971 1707 optimis
985 1672 1047 1707 qui-

257 1714 366 1749 busque
394 1715 526 1743 senatorii
554 1720 582 1742 et
605 1716 745 1750 equestris
771 1717 878 1745 ordinis
908 1718 1044 1750 sublatis,

258 1767 322 1786 cum
335 1760 451 1787 seomni
464 1761 567 1796 populo
580 1760 702 1788 invisum
719 1769 780 1789 esse
800 1762 936 1794 crederet,
952 1763 1047 1790 statuit

204 1832 207 1834 .
258 1806 353 1833 nullos
370 1806 398 1833 in
415 1811 507 1841 patres
528 1806 640 1842 legere:
655 1807 704 1835 sed
719 1812 846 1836 senatum
861 1810 973 1844 penitus
996 1810 1047 1837 tol~

258 1851 315 1879 lere
329 1859 484 1888 aggressus,
499 1861 590 1889 neque
608 1854 693 1882 ullum
710 1860 867 1882 senatorem
881 1855 1047 1884 substituit:

1137 1212 1164 1238 I'.
1185 1210 1216 1238 Ὀ
1230 1211 1382 1244 Ταρκύνιος
1406 1211 1434 1237 δὲ
1460 1212 1510 1245 τὴν
1530 1211 1672 1247 βασιλείαν
1697 1212 1894 1247 παρειληφικ.

1099 1259 1267 1294 δορυφόρους
1281 1258 1352 1285 κατὰ
1370 1259 1509 1294 Ῥωμύλον
1526 1259 1614 1294 ἑαυτῷ
1645 1261 1827 1295 περιέστησε,
1847 1261 1895 1287 καὶ

1100 1305 1210 1339 νύκτιιιρ
1237 1304 1286 1331 καὶ
1320 1304 1380 1340 μεθ’
1413 1305 1519 1340 ἡμέραν
1542 1305 1634 1337 αὐτοῖς
1670 1307 1718 1333 καὶ
1752 1306 1893 1340 οἰκουρῶν

1100 1351 1148 1377 καὶ
1163 1349 1309 1386 ἀγοράζων
1329 1349 1473 1385 ἐκέχρητο.
1498 1349 1545 1382 Ἐξ
1561 1347 1599 1377 ὧν
1620 1351 1674 1386 γὰρ
1691 1351 1772 1381 αὐτὸς
1791 1352 1833 1382 είς
1849 1351 1895 1377 τὸν

1101 1397 1246 1431 κηδεστὴν,
1268 1395 1349 1432 καλή
1370 1395 1438 1430 γυνὴ
1459 1396 1527 1431 πρὸς
1546 1396 1592 1423 τὸν
1615 1397 1723 1430 πατέρα
1744 1397 1894 1430 ἐποίησαν,

1100 1442 1221 1474 καὶτοὺς
1240 1442 1351 1473 λοιποὺς
1365 1441 1510 1468 ἐδεδίεσαν.
1527 1441 1604 1468 Ἐπεὶ
1620 1442 1649 1468 δὲ
1661 1442 1699 1473 ὡς
1711 1442 1895 1477 τυραννήσων

1101 1489 1338 1524 παρεσκευάσατο,
1360 1488 1423 1519 τοὺς
1438 1488 1643 1519 δυνατωτάτους
1661 1488 1716 1514 τῶν
1736 1488 1894 1523 βουλευτῶν

1101 1534 1149 1560 καὶ
1173 1532 1227 1559 τῶν
1251 1533 1337 1560 ἄλλων
1359 1532 1554 1567 συλλαμϐάνων
1585 1532 1722 1558 ὲκτίννυεν
1736 1552 1743 1564 ,
1771 1528 1814 1563 οἷς
1846 1531 1895 1566 μὲν

1102 1579 1192 1606 αἰτίαν
1207 1577 1279 1613 εἶχεν
1304 1579 1463 1613 ἐπενεγκεῖν
1476 1598 1483 1610 ,
1503 1577 1628 1613 φανερῶς
1646 1577 1778 1612 ἀναιρῶν,
1799 1577 1851 1608 οὒς
1868 1576 1896 1602 δὲ

1101 1626 1199 1660 λάθρα,
1218 1625 1304 1657 ἐνίους
1326 1625 1356 1652 δέ
1380 1633 1412 1658 γε
1427 1625 1475 1652 καὶ
1489 1623 1673 1660 ὑπερώριςεν.
1698 1624 1736 1650 Οὐ
1757 1623 1814 1659 γὰρ
1831 1623 1896 1654 τοὺς

1101 1672 1140 1707 τῷ
1154 1671 1274 1707 Τουλλίῳ
1297 1672 1513 1707 προσκειμένους
1537 1671 1646 1706 μόνους,
1668 1671 1737 1697 ἀλλὰ
1758 1671 1807 1696 καὶ
1830 1669 1896 1700 τοὺς

1103 1718 1170 1753 πρὸς
1183 1717 1231 1753 τὴν
1253 1717 1404 1752 μοναρχίαν
1418 1716 1622 1751 συναραμένους
1641 1715 1716 1750 αὐτῷ
1726 1714 1897 1750 προσαπώλ-

1102 1763 1160 1790 λυε.
1180 1763 1234 1790 Kal.
1253 1763 1324 1789 οὕτω
1346 1763 1376 1788 τὸ
1399 1762 1544 1797 κράτιστον
1567 1761 1617 1796 τῆς
1642 1761 1749 1796 βουλῆς,
1773 1761 1823 1787 καὶ
1849 1761 1898 1795 τῆς

1103 1811 1219 1843 ἱππάδος
1250 1810 1383 1841 ἀνάλωσε,
1416 1809 1555 1844 μισεῖσοαί
1582 1817 1612 1835 τε
1636 1808 1689 1834 ὑπὸ
1711 1807 1813 1839 παντὸς
1848 1807 1896 1834 τοῦ

1102 1859 1188 1893 δήμου
1212 1857 1349 1884 ἐπίστευε.
1369 1855 1416 1882 Διὺ
1431 1854 1492 1882 οὐδὲ
1507 1855 1681 1888 ἁντικαθίστη
1704 1855 1733 1881 τὸ
1756 1854 1897 1889 παράπαν

259 1903 350 1931 neque
364 1905 426 1925 cum
443 1898 477 1925 iis
493 1899 541 1934 qui
558 1899 718 1933 restabant,
737 1900 888 1935 quidquam
905 1901 980 1936 quod
994 1901 1045 1928 ali-

1100 1905 1162 1931 ὰντὶ
1174 1904 1229 1931 τῶν
1245 1902 1442 1938 ἀπολλυμένων
1456 1902 1542 1934 τινὰς,
1568 1901 1637 1927 ἀλλὰ
1659 1901 1707 1928 καὶ
1727 1901 1777 1935 τὴν
1792 1909 1823 1934 γε
1830 1909 1897 1935 ροτ-

259 1944 339 1980 cnjus
368 1945 501 1972 momenti
534 1950 630 1979 esset,
656 1947 883 1974 communicavit.
915 1947 1048 1981 Quamvis

258 1990 332 2017 enim
349 1997 398 2018 eos
414 1996 600 2025 convocaret,
617 1999 672 2019 non
687 1996 779 2020 tamen
797 1993 860 2020 ideo
875 1993 1003 2026 faciebat,
1018 1998 1049 2021 ut

257 2035 375 2072 alicujus
399 2037 438 2064 rei
455 2038 583 2072 gerendae
597 2038 738 2074 adjutores
753 2045 847 2067 essent
860 2047 867 2066 :
882 2039 930 2067 sed
946 2044 976 2067 ut
990 2040 1048 2068 visa

256 2091 353 2111 eorum
371 2084 520 2118 paucitate,
531 2084 565 2112 ab
573 2085 704 2113 omnibus
713 2089 977 2114 contemnerentur:
991 2087 1050 2121 ple-

257 2137 342 2164 raque
366 2138 432 2158 vero
454 2139 504 2166 per
519 2139 548 2159 sc
577 2136 625 2159 aut
648 2131 719 2159 ﬁlios
734 2132 959 2160 administrabat.
988 2132 1050 2160 Fuit

258 2176 334 2203 aditu
360 2175 500 2211 aﬁatuque
520 2176 659 2209 diﬂicilis,
681 2177 813 2212 superbia
833 2183 860 2205 et
886 2178 1049 2205 crudelitate

257 2228 290 2248 ex
310 2229 389 2256 aequo
405 2229 469 2258 erga
488 2229 586 2249 omnes
602 2223 684 2258 33o
703 2231 789 2250 usus:
807 2230 839 2250 ac
861 2231 938 2250 more
957 2227 1051 2259 tyran-

258 2268 323 2294 nico
336 2272 390 2295 tam
406 2268 474 2303 ipse.
490 2276 572 2303 quam
589 2269 669 2296 liberi
684 2270 743 2304 ejus
758 2277 821 2297 cum
836 2269 966 2296 omnibus
983 2277 1049 2305 cge-

258 2317 334 2340 rnnt.
354 2313 540 2346 Quamobrem
553 2315 721 2342 satellitibus
735 2315 818 2342 etiam
840 2315 962 2346 diuisus,
982 2323 1049 2342 con-

258 2359 408 2396 ciliataque
432 2360 484 2388 sibi
510 2360 671 2388 Latinorum
697 2361 832 2392 custodia,
854 2365 882 2388 et
902 2361 928 2388 in
951 2361 1050 2389 Roma-

259 2415 359 2435 norum
387 2407 502 2435 ordines
517 2407 619 2435 inserta
634 2428 642 2440 ,
665 2406 692 2434 id
708 2406 844 2442 spectavit
855 2428 862 2439 ,
890 2411 921 2435 ut
936 2407 1050 2435 Latinos

259 2453 392 2483 Romanis
419 2457 562 2488 aequatos.
587 2461 638 2481 suo
664 2453 718 2481 sibi
742 2453 880 2481 beneﬂcio
901 2454 1050 2481 obstrictos

259 2500 389 2532 haberet,
407 2504 435 2528 et
450 2500 590 2528 Romanos
601 2500 741 2536 adjunctis
759 2501 862 2528 exteris
879 2500 972 2528 minus
995 2500 1051 2528 for-

259 2547 387 2576 midaret.
405 2547 542 2580 Gabinos,
559 2548 644 2575 armis
660 2546 810 2574 infeliciter
831 2547 960 2579 adortus,
986 2547 1050 2575 dolo

261 2595 412 2627 superavit.
429 2594 497 2622 Nam
519 2594 633 2621 Sextum
647 2593 732 2620 illium
759 2593 929 2628 transfugere
950 2593 1051 2621 Gabios

258 2639 358 2673 jussit:
375 2641 456 2675 cujus
469 2639 533 2668 facti
547 2644 579 2667 ut
589 2640 692 2675 justam
707 2639 811 2666 habere
836 2647 948 2666 causam
973 2639 1051 2667 vide-

262 2689 354 2716 retur.
373 2689 479 2720 patrem
504 2690 600 2721 aperte
623 2689 655 2713 ut
675 2690 822 2720 tyrannum
836 2689 863 2712 et
876 2685 1051 2721 fatdifragum

261 2734 304 2757 est
318 2731 481 2762 insectatus,
495 2737 580 2766 atque
591 2739 607 2758 a
617 2735 697 2766 patre
712 2730 836 2758 vicissim
848 2730 940 2766 flagris
952 2739 1050 2760 casus.

262 2776 367 2805 Deinde
381 2784 444 2804 cum
456 2784 489 2804 ex
502 2778 658 2812 composito
671 2778 704 2805 ad
715 2777 838 2805 Gabinos
851 2785 915 2803 cum
926 2777 1052 2811 pecuniis

262 2827 290 2850 ct
311 2824 395 2851 sociis
415 2823 622 2858 transfugisset,
641 2823 678 2851 illi
698 2827 727 2851 ut
741 2824 766 2851 ei
782 2827 940 2850 commento
954 2822 1050 2850 crede-

265 2874 338 2905 rent,
351 2874 379 2899 et
391 2868 535 2906 Tarquinii
550 2869 726 2902 crudelitate,
739 2873 767 2897 et
781 2868 876 2898 multis
886 2868 962 2896 Sexti
975 2868 1060 2910 veris

1103 1951 1163 1977 σίαν
1176 1949 1328 1978 καταλῦσαι
1349 1947 1488 1979 παντελῶς
1502 1948 1692 1981 ἐπιχειρήσας,
1705 1945 1766 1972 οὔτε
1781 1946 1895 1972 ἀντεισ-

1101 1997 1168 2032 ἧγεν
1195 1997 1224 2028 ἐς
1251 1995 1336 2030 αὐτὴν
1351 1994 1458 2026 οὐδένα,
1476 1993 1538 2020 οὔτε
1563 1995 1618 2024 τοῖς
1643 1991 1720 2020 οὖσιν
1746 1993 1896 2019 έπεκοὶνου

1100 2052 1127 2070 τι
1142 2043 1222 2077 λόγου
1235 2042 1320 2075 ἄξιον.
1341 2040 1488 2067 Συνεκάλει
1514 2040 1562 2074 μὲν
1591 2039 1645 2074 γὰρ
1669 2039 1778 2072 αὐτοὺς,
1791 2039 1823 2065 οὑ
1843 2039 1897 2074 μὴν

1101 2090 1171 2117 ὥστε
1194 2099 1220 2115 τι
1242 2089 1296 2114 τῶν
1311 2086 1468 2121 ἀναγκαίων
1487 2086 1660 2118 συνδιοικεῖν,
1682 2085 1739 2111 ἀλλ’
1756 2085 1802 2111 ἵνα
1824 2085 1897 2119 δήλη

1102 2135 1192 2162 αὐτῶν
1206 2136 1222 2169 ή
1242 2133 1381 2169 βραχύτης
1401 2133 1503 2166 γίνοιτο
1521 2132 1617 2162 ἅπασι,
1636 2131 1786 2158 κάντεῦθεν
1808 2140 1898 2157 κατα-

1102 2182 1252 2218 φρονεῖντα
1268 2181 1308 2207 Τὰ
1322 2180 1350 2207 δὲ
1371 2179 1484 2206 πλεῖστα
1507 2179 1568 2205 καθ’
1594 2178 1701 2209 ἑαυτὸν,
1718 2178 1733 2212 ἢ
1752 2178 1800 2203 καὶ
1823 2178 1896 2212 μετὰ

1102 2228 1156 2254 τῶν
1169 2227 1250 2253 υἱέων
1268 2226 1397 2260 ἔπραττε.
1417 2224 1604 2258 Δυσπρόσιτὸς
1627 2232 1656 2249 τε
1673 2224 1719 2249 καὶ
1733 2223 1895 2258 δυσπροσή-

1103 2281 1183 2308 γορος
1201 2270 1235 2307 ἦν
1257 2271 1304 2297 καὶ
1324 2271 1357 2306 τῇ
1383 2269 1519 2305 ὑπεροψίᾳ
1535 2269 1582 2295 καὶ
1597 2270 1629 2304 τῇ
1648 2269 1770 2303 ὠμότητι
1790 2270 1898 2302 ὁμοίως

1101 2318 1201 2354 ἐχρῆτο
1223 2317 1291 2352 πρὸς
1307 2317 1442 2348 ἅπαντας,
1455 2317 1503 2343 καὶ
1515 2315 1746 2351 τυραννικώτερον
1763 2315 1848 2346 αὐτός
1867 2324 1896 2341 τε

1103 2365 1151 2391 καὶ
1165 2364 1189 2390 οἱ
1206 2363 1300 2392 παῖδες
1317 2362 1399 2389 αὑτοῦ
1419 2361 1619 2396 προσεφέροντο
1630 2360 1726 2387 ἅπασι.
1743 2360 1792 2387 Διὰ
1806 2361 1898 2387 ταῦτα

1103 2409 1131 2436 δὲ
1157 2409 1206 2435 καὶ
1236 2409 1298 2440 τοὺς
1325 2407 1492 2443 δορυφόρους
1506 2406 1643 2437 ὑπόπτους
1668 2406 1748 2441 ἔχων,
1780 2406 1814 2432 ἐκ
1841 2406 1898 2432 τῶν

1103 2455 1225 2482 Λατίνων
1244 2453 1478 2490 προσηταιρίσατο
1502 2453 1690 2488 δορυφορικὸν,
1719 2453 1822 2483 καὶ”έ;
1847 2453 1898 2482 τὰς

1103 2501 1157 2528 τῶν
1177 2500 1323 2534 Ῥωμαίων
1339 2500 1429 2531 τάξεις
1443 2498 1573 2530 Λατίνους
1587 2499 1721 2534 ὲνέμιξεν,
1738 2499 1783 2524 ἵνα
1801 2499 1825 2524 οἱ
1846 2499 1898 2533 μὲν

1103 2548 1212 2575 Λατῖνοι
1231 2547 1382 2582 ἰσομοιρίας
1412 2548 1467 2578 τοῖς
1504 2545 1651 2580 Ῥωμαίοις
1679 2545 1827 2579 τυχόντες,
1849 2545 1899 2572 εὖ·

1103 2602 1178 2621 νοιαν
1202 2592 1276 2628 αὑτῷ
1301 2592 1425 2619 ἐντεῦθεν
1453 2592 1602 2626 ὀφείλωσι,
1629 2592 1676 2618 καὶ
1704 2592 1729 2617 οἱ
1760 2592 1897 2625 Ῥωμαῖοι

1102 2637 1183 2676 ἦττον
1204 2638 1357 2673 ὲκφοϐὦσιν
1374 2638 1468 2669 αὐτὸν,
1497 2637 1595 2673 μηκέτι
1624 2637 1696 2664 κατά
1719 2637 1790 2670 σφᾶς
1806 2636 1896 2669 ὄντες,

1102 2684 1172 2712 ἀλλὰ
1187 2685 1243 2716 τοῖς
1273 2683 1398 2714 Λατίνοις
1427 2682 1674 2713 συνοπλιτεύοντες.
1701 2681 1842 2713 Γαουῒνοις
1867 2681 1896 2708 δὲ

1106 2731 1196 2766 μάχην
1214 2729 1328 2764 συνῆψε,
1345 2729 1393 2755 καὶ
1408 2728 1501 2760 κακῶς
1517 2728 1566 2763 μὲν
1580 2728 1748 2763 ἠγωνίσατο,
1773 2727 1845 2761 δόλῳ
1866 2726 1897 2754 δὲ

1104 2777 1203 2807 αὐτοὺς
1220 2773 1395 2810 ἐχειρώσατο.
1412 2773 1603 2809 Λῦτομολῆσαι
1624 2774 1679 2809 γάρ
1695 2774 1787 2804 αὐτοῖς
1803 2773 1896 2807 Σέξτῳ

1107 2823 1225 2850 ὑπέθετο
1246 2821 1284 2856 τῷ
1312 2820 1384 2856 υίῷ·
1414 2820 1458 2847 ἵνα
1481 2819 1505 2846 δ’
1530 2820 1709 2855 εὐπρόσωπος
1740 2821 1815 2854 αὐτῷ
1845 2819 1896 2854 τῆς

1105 2867 1272 2903 αὐτομολίας
1284 2867 1421 2903 πρόφασις
1436 2867 1562 2902 γένηται,
1580 2867 1684 2898 ἐκεῖνος
1702 2866 1751 2901 μὲν
1767 2864 1896 2901 φανερῶς
