2018 3146
270 183 325 216 579

916 183 1080 214 JOANNIS
1101 183 1263 215 ZONAIL‘E

1848 182 1905 216 580

269 239 360 272 missi,
384 242 442 266 Iunt
459 244 490 264 re
515 235 618 264 infecta
641 234 841 264 discesserunt.
855 236 921 265 Post
953 238 1053 265 reversi

1110 240 1263 274 Ταρκυνίου
1279 238 1409 273 πρέσϐεις
1425 238 1464 270 si;
1482 237 1595 274 ’Ῥώμην
1611 236 1688 274 ἧκον,
1704 238 1770 274 περὶ
1784 239 1904 266 καθόδου

271 285 435 315 retulerunt,
452 281 475 309 si
491 281 562 308 bona
578 288 627 308 sua
644 280 707 316 ipsi,
722 281 820 309 amicis
835 286 864 309 et
891 283 1058 310 necessariis

269 332 458 360 redderentur,
477 327 549 355 unde
568 327 700 355 exsilium
717 327 877 359 tolerarent.
893 336 957 356 eum
971 335 1056 364 regno

267 377 349 414 335,
369 381 524 407 cessurum,
543 378 571 401 et
582 373 685 401 bellum
699 374 890 409 depositurum
912 382 983 402 esse.
999 374 1058 408 Qua

269 423 401 458 petitione
425 428 487 447 cum
512 419 590 446 multi
604 418 793 453 ﬂecterentur,
808 424 890 455 atque
906 419 964 454 ipse
990 421 1058 447 adeo

267 468 431 499 Collatinus,
451 466 527 493 Bruti
544 465 648 501 collega
668 466 788 493 :Brutus
807 473 822 493 e
837 466 913 493 curia
930 466 1056 493 iniorum

267 513 398 547 excurrit,
412 513 578 541 Collatinum
589 512 760 547 proditorent
776 513 905 547 appellat,
929 513 976 547 qui
992 512 1057 540 belli

266 567 294 589 et
324 559 477 596 tyrannidis
504 559 687 586 instrumenta
712 559 871 594 largiretur.
894 559 988 593 Legati
1008 566 1058 594 per

266 608 386 643 speciem
420 606 577 641 repetendae
603 605 727 640 pecuniae
760 605 854 632 Romae
882 605 1055 638 commorati,

266 654 376 682 nobiles
404 653 509 688 aliquot
541 651 730 679 adolescentes
759 658 948 686 corrumpere,
976 655 1058 686 atque

266 701 339 728 ittter
352 699 431 730 alios,
449 698 531 725 etiam
547 696 623 724 Bruti
639 696 711 724 ﬁlios
730 697 800 724 duos
813 698 847 724 ad
871 697 1057 732 proditionem

267 745 410 781 impellere
433 744 612 772 studuerunt.
631 747 653 770 Δ
670 743 772 778 quibus
799 742 917 778 benigne
944 747 1057 778 accepta

267 792 404 825 oratione,
415 792 505 819 visum
518 794 561 818 est
574 794 655 825 pacta
669 789 851 825 jurejurando
862 790 970 817 sancire
985 799 992 817 :
1009 794 1058 817 ea-

265 847 320 875 que
342 839 376 866 de
404 845 486 865 causa
502 837 530 864 in
544 836 618 865 aedes
641 843 712 872 pene
729 835 853 864 desertas
869 841 898 864 et
925 836 1058 864 obscuras

266 885 394 920 ingressi,
410 893 466 912 non
490 883 747 911 animadverterunt
774 883 811 910 ibi
824 891 884 911 esse
899 883 1057 911 Vindicium

1108 284 1298 319 διαλεγόμενοι
1310 292 1319 299 '
1334 283 1371 316 ὦς
1387 284 1410 311 δ’
1427 283 1504 310 οὐδὲν
1519 284 1611 320 ἧνυον,
1625 285 1713 319 ἕτεροι
1735 282 1812 316 αὖθις
1840 285 1904 311 ἐπέ-

1109 339 1225 366 στησαν,
1241 330 1408 365 ἀφίστασθαι
1422 330 1474 365 τῆς
1489 329 1645 365 βασιλείας,
1670 331 1718 358 καὶ
1744 331 1846 357 παύειν
1858 332 1904 357 τὴν

1109 376 1227 411 πόλεμον
1244 376 1369 410 λέγοντες
1398 375 1445 402 τδν
1471 375 1636 411 Ταρκύνιον,
1663 376 1687 402 εί
1710 376 1747 403 τὰ,
1770 377 1904 412 χρήματα

1108 422 1210 449 δοθεῖεν
1225 422 1311 458 αὐτῷ,
1327 423 1375 449 καὶ
1388 423 1445 455 τοῖς
1460 423 1560 457 φίλοις,
1575 423 1623 450 καὶ
1637 423 1693 454 τοῖς
1711 423 1839 455 οἰκείοις.
1858 424 1906 458 ἀφ’

1108 464 1146 494 ὦν
1161 467 1354 495 διαϐιώσονται
1377 468 1537 503 φεύγοντες.
1562 468 1776 503 Ἑπικλωμένων
1794 468 1825 494 δὲ
1840 469 1908 494 πολ-

1108 514 1173 547 λῶν,
1187 514 1235 542 καὶ
1254 515 1337 541 αὑτοῦ
1359 515 1524 541 Κολλατίνου
1539 514 1587 541 τοῦ
1612 514 1651 549 τῷ
1667 514 1778 550 Βρούτῳ
1799 515 1906 549 συναρε-

1109 569 1213 596 χον-τος,
1230 561 1271 593 εἰς
1285 561 1390 596 ἀγορὰν
1402 562 1417 588 ὁ
1432 561 1551 597 Βροῦτος
1577 561 1609 587 ἐκ
1628 561 1675 587 τοῦ
1707 560 1906 596 βουλευτηρίου

1109 606 1254 642 ἐξέδραμε,
1272 607 1408 643 προδότην
1424 608 1470 635 τὸν
1490 609 1654 636 Κολλατῖνον
1670 609 1829 642 ἀποκαλῶν,
1861 617 1907 634 πο-

1109 652 1192 688 λέμου
1231 653 1279 680 καὶ
1312 654 1469 689 τυραννίδος
1494 654 1620 690 ἀφορμὰς
1651 657 1846 691 χαριζόμενον.
1876 655 1908 682 0’.

1110 698 1239 733 πρέσδεις
1253 698 1282 725 δὲ
1308 699 1355 725 ἐπὶ
1384 700 1418 736 τῇ
1443 699 1497 726 τῶν
1520 699 1673 735 χρημάτων
1702 699 1844 735 προφάσει
1873 700 1905 734 τῇ

1115 743 1209 780 Ῥώμῃ
1226 744 1455 781 ἐνδιατρίϐοντες,
1470 744 1586 780 ἴσχυσαν
1602 745 1758 780 διαφθεῖραι
1772 744 1830 771 τῶν
1847 747 1907 772 ἑπι-

1111 791 1209 826 σήμων
1228 792 1312 824 τινὰς,
1328 791 1389 826 μεθ’
1411 787 1449 818 ὧν
1464 793 1512 819 καὶ
1528 791 1583 818 δύω
1599 791 1646 818 τοῦ
1666 791 1786 826 Βρούτου
1805 791 1906 822 παῖδας

1109 837 1224 864 ἔπεισαν
1238 838 1266 863 ἐν
1282 839 1314 872 τῇ
1338 837 1469 873 προδοσίᾳ
1484 838 1622 872 γενέσθαι.
1650 838 1695 870 Ὧς
1710 836 1758 865 οὖν
1776 838 1908 864 συνέπει-

1113 891 1162 910 σαν
1177 883 1210 910 τὰ
1226 883 1368 919 μειράκια,
1382 883 1454 916 ἔδοξε
1477 885 1525 911 καὶ
1552 884 1634 919 ὅρκον
1658 884 1802 920 προθεῖναι
1858 884 1907 910 καὶ

265 939 388 965 servum,
416 931 464 966 qui
479 938 536 958 non
554 930 589 957 de
605 929 750 962 industria,
779 930 828 957 sed
858 931 928 957 forte
946 930 1053 957 fortuna

1109 930 1156 957 ἐπὶ
1172 930 1278 962 τούτοις
1291 931 1330 962 εἰς
1345 930 1434 957 οίκίαν
1452 929 1648 966 συνῆλθον.⁷Ην
1657 928 1685 957 at
1699 931 1713 956 ὁ
1726 928 1805 962 οἶκος
1817 930 1908 966 ὑπέρ-

266 977 304 1005 ibi
318 977 494 1009 delitescens,
510 979 650 1010 spectator
668 980 805 1008 actorutu,
822 979 850 1002 et
866 975 977 1002 auditor
997 983 1056 1002 ser-

265 1029 378 1051 monum
398 1022 450 1050 fuit
469 1030 475 1049 :
495 1029 556 1056 qua:
571 1021 664 1049 omnia
683 1021 717 1048 ad
735 1020 838 1049 ctedem
864 1021 1010 1049 consulunt
1026 1025 1057 1048 et

266 1070 451 1105 proditionem
480 1069 559 1096 urbis
589 1068 762 1103 spectabant,
785 1068 886 1096 additis
907 1068 990 1095 etiatn
1021 1067 1055 1095 ad

265 1115 446 1151 Tarquinium
476 1115 588 1142 litteris.
613 1114 773 1150 Coniuratis
796 1114 938 1150 digressis,
959 1121 1056 1142 servus

265 1162 357 1190 omnia
371 1161 471 1189 defert.
488 1161 530 1188 llli
544 1160 701 1196 capiuntur,
715 1160 814 1188 littera:
826 1160 993 1188 aiferuntur.
1007 1161 1056 1188 Dc-

265 1207 406 1235 ducutttur
419 1207 447 1234 in
470 1205 560 1233 forum
580 1214 586 1233 :
603 1210 712 1234 astante
739 1206 879 1239 Vindicio,
896 1207 995 1234 littera:
1010 1214 1054 1234 re-

266 1254 397 1281 citantur.
421 1252 491 1280 Aliis
501 1257 630 1280 maestum
642 1252 781 1280 silentium
800 1253 970 1286 tenentibus,
984 1253 1055 1281 Bru-

267 1305 310 1327 tus
332 1299 493 1327 nominatim
523 1304 668 1334 utrumque
694 1298 780 1325 tilium
803 1299 964 1327 allocutus:
995 1298 1055 1326 Non

266 1345 405 1381 depellitt's,
417 1344 515 1379 inquit,
525 1345 623 1371 crimm
633 1344 708 1371 ?lllis
720 1345 884 1378 tacentibus,
898 1345 930 1372 ad
944 1345 1056 1373 lictores

266 1399 418 1420 conversus
430 1400 437 1418 :
451 1390 529 1423 Quod
547 1394 641 1422 restat,
657 1390 707 1422 ait,
723 1392 802 1417 vestri
830 1392 946 1418 muneris
961 1395 1009 1418 est.
1034 1390 1055 1418 li

265 1438 454 1466 adolescentes
468 1442 592 1472 arreptos
614 1437 706 1472 ﬂagris
729 1437 891 1465 ceciderunt
909 1445 917 1465 ζ
935 1443 1054 1471 quorum

266 1483 455 1510 misericordia
480 1489 542 1508 cum
565 1481 613 1508 alii
637 1486 826 1514 moverentur,
857 1487 935 1516 pater
965 1489 1056 1516 neque

265 1529 360 1556 oculos
373 1529 427 1556 alio
442 1527 552 1560 avertit,
575 1535 665 1562 neque
679 1528 766 1554 ullum
792 1527 993 1554 misericordia:
1018 1527 1056 1554 si-

265 1583 348 1610 gnum
364 1575 450 1608 dedit,
470 1574 560 1608 quoad
579 1574 668 1601 securi
695 1573 818 1608 percussi
839 1579 914 1601 sunt.
939 1573 996 1601 Hoc
1012 1574 1054 1601 ia-

263 1626 340 1648 ctum
361 1627 451 1655 neque
466 1618 577 1646 laudare
605 1625 695 1653 neque
717 1619 873 1653 vituperare
896 1623 1055 1654 promptum

265 1671 317 1694 est.
334 1666 390 1693 Aul.
403 1665 476 1693 enim
492 1664 602 1692 virtutis
621 1664 738 1691 altitudo
753 1664 978 1699 perturbationes
996 1673 1056 1693 om-

267 1719 315 1739 nes
330 1713 359 1740 in
372 1712 431 1747 ejus
454 1710 546 1738 animo
571 1711 719 1746 oppressit,
752 1715 800 1738 aut
820 1711 984 1739 calamitatis
997 1720 1056 1740 ma-

265 1758 380 1795 gnitudo
395 1758 421 1786 ei
452 1761 594 1792 stuporent
611 1757 714 1784 attulit.
742 1758 879 1785 Neutrum
903 1766 969 1786 vero
995 1759 1054 1787 exi-

264 1812 349 1840 guum
366 1807 417 1837 est,
433 1809 481 1831 aut
495 1803 646 1831 humanum
662 1811 669 1830 ί
686 1803 734 1831 sed
752 1809 800 1831 aut
824 1797 989 1839 divinitatis,
1005 1812 1054 1834 aut

265 1850 393 1878 belluinae
409 1849 598 1878 immanitatis.
620 1849 668 1877 llis
688 1850 853 1884 interfectis,
870 1859 885 1878 a
900 1851 986 1879 Bruto
1004 1859 1054 1887 po-

265 1897 396 1924 stulatum
410 1900 463 1930 est,
480 1900 511 1923 ut
534 1897 566 1924 de
587 1897 695 1924 caeteris
714 1904 825 1932 quoque
847 1899 1052 1932 pronuntiaret.

263 1943 304 1972 Ad
318 1951 378 1979 qua:
394 1943 439 1970 ille
452 1952 459 1971 :
472 1943 581 1976 Liberis,
593 1943 692 1978 inquit,
708 1944 771 1970 meis
785 1944 893 1972 idoneus
909 1945 947 1980 fui
955 1945 1053 1978 iudex;

262 1991 295 2018 de
311 1991 412 2017 certari:
426 1998 486 2017 vero
501 1990 598 2017 cit-ibus
609 1990 669 2024 jam
693 1991 779 2018 liberis
798 1991 924 2027 suﬁ'ragia
944 1992 1053 2027 ferenda

262 2036 395 2070 permitto.
414 2035 565 2063 Sententiis
589 2035 663 2067 latis,
680 2041 778 2063 omnes
792 2037 884 2064 securi
905 2042 971 2065 sunt
985 2046 1052 2073 per-

261 2082 346 2115 cussi,
361 2085 443 2117 atque
468 2081 541 2108 inter
560 2082 629 2109 alios
655 2082 764 2118 cognati
778 2082 884 2117 aliquot
898 2083 1029 2112 Collatini
1043 2093 1050 2112 :

260 2128 297 2154 ob
314 2136 383 2162 quos
397 2135 460 2155 cum
484 2128 664 2160 irasceretur,
679 2129 772 2164 populi
787 2138 802 2156 a
820 2129 904 2157 Bruto
921 2131 1051 2159 concitati

261 2174 390 2201 manibus
407 2181 476 2208 pene
491 2174 649 2208 discerptus
668 2178 752 2201 esset.
767 2174 941 2209 Magistratus
959 2179 1050 2202 tamen

260 2220 285 2247 ci
300 2223 341 2246 est
357 2219 517 2254 abrogatus,
534 2219 562 2246 Ρ.
582 2220 689 2248 Valerio
704 2228 865 2248 successore
886 2221 951 2248 dato
969 2231 976 2249 :
1004 2223 1049 2250 cui

1108 984 1178 1012 ημος
1194 975 1241 1002 καὶ
1271 975 1417 1010 σκοτώδης.
1437 975 1552 1002 Ἔλαϐεν
1568 975 1615 1003 οὖν
1640 976 1715 1003 ἔνδον
1739 976 1778 1002 ὢν
1792 976 1849 1002 οὐκ
1875 977 1906 1002 ἐκ

1108 1021 1249 1056 προνοίας,
1281 1020 1350 1047 ἀλλὰ
1375 1021 1508 1056 τυχαίως,
1544 1022 1654 1055 οἰκέτης
1685 1021 1773 1056 ὄνομα
1797 1021 1908 1048 Οὐινδί-

1107 1075 1167 1099 κιος
1186 1066 1254 1103 (92),
1272 1066 1319 1094 καὶ
1332 1067 1540 1102 κατακρυφοεῖς
1568 1068 1640 1100 ἐκεῖ,
1670 1066 1770 1102 θεατής
1794 1075 1827 1094 τε
1851 1065 1906 1093 τῶν

1107 1113 1253 1150 δρωμένων
1265 1111 1310 1149 ἧν,
1326 1113 1375 1140 καὶ
1393 1112 1450 1140 τῶν
1476 1112 1698 1148 βεϐουλευμένων
1714 1114 1855 1149 ἐπήκοοςθ
1873 1111 1905 1139 ἃ·

1106 1168 1161 1195 περ
1173 1158 1264 1196 ἦσαν,
1291 1159 1356 1191 τοὺς
1381 1159 1502 1190 ὑπάτους
1529 1159 1646 1192 ἀνελεῖν,
1672 1159 1720 1186 καὶ
1742 1159 1793 1195 τὴν
1819 1157 1904 1185 πόλιν

1107 1205 1264 1240 προδοῦναι,
1278 1205 1326 1232 καὶ
1341 1204 1429 1231 ταῦτα
1442 1205 1482 1240 τῷ
1494 1205 1640 1241 Ταρκυνίῳ
1666 1204 1711 1232 διὰ
1743 1204 1799 1231 τῶν
1837 1205 1906 1239 πρέ-

1107 1252 1196 1279 σὸεων
1215 1253 1426 1280 ἐπεστάλκασιν.
1446 1251 1633 1279 ’Δπελθόντων
1646 1252 1674 1278 δὲ
1688 1251 1735 1278 τοῦ
1748 1251 1905 1286 οἰκήματος

1107 1298 1162 1325 τῶν
1177 1299 1352 1334 συνωμοτῶν,
1381 1297 1499 1331 ἐξελθὼν
1513 1297 1527 1324 ὸ
1541 1297 1652 1333 οἰκέτης
1679 1298 1786 1324 ἃπαντα
1817 1305 1904 1323 κατε-

1109 1345 1226 1380 μήνυσε,
1239 1344 1286 1372 καὶ
1302 1344 1329 1371 οῖ
1339 1352 1369 1372 τε
1384 1344 1434 1380 τὴν
1443 1343 1591 1380 προδοσίαν
1605 1344 1807 1379 μελετήσαντες
1821 1352 1904 1369 συνε-

1105 1392 1262 1427 λήφθησαν,
1278 1391 1326 1418 καὶ
1342 1391 1376 1419 τὰ
1399 1391 1554 1427 γράμματα
1576 1390 1777 1426 ἐκομίσθησαν,
1795 1391 1846 1417 καὶ
1863 1391 1903 1422 είς

1107 1440 1157 1474 τὴν
1171 1439 1275 1474 ἀγορὰν
1286 1438 1482 1474 προαχθέντων
1498 1437 1600 1470 αὐτῶν,
1621 1437 1669 1463 καὶ
1693 1437 1740 1463 τὸν
1768 1437 1903 1464 Οὐινδικα

1108 1485 1328 1520 παρεστήσαντο,
1344 1485 1379 1512 τά
1393 1493 1424 1511 τε
1438 1484 1593 1521 γράμματα
1603 1482 1828 1518 ἀνεγνώσθησαν.
1848 1483 1903 1509 Καὶ

1107 1532 1131 1558 οι
1152 1531 1202 1566 μὲν
1215 1531 1290 1558 ἄλλοι
1304 1531 1333 1557 ιν
1362 1531 1500 1567 κατηφείᾳ
1519 1529 1602 1567 ἦσαν,
1634 1531 1682 1557 καὶ
1719 1531 1822 1566 σιωπῇ·
1843 1530 1857 1556 ὸ
1874 1529 1902 1555 δὲ

1108 1577 1226 1612 Βροῦτος
1242 1577 1372 1611 ὀνομαστὶ
1387 1577 1442 1604 τῶν
1457 1578 1539 1604 υῑέων
1567 1577 1697 1611 ἑκάτερον
1726 1575 1901 1611 προσειπὼν,

1109 1623 1170 1649 οὐκ
1196 1622 1406 1657 ἀπολογεῖσθε,
1426 1623 1489 1658 ἔφη,
1515 1622 1590 1656 πρὸς
1609 1621 1667 1656 τὴν
1692 1622 1902 1656 xatnroplar;

1107 1669 1161 1695 τῶν
1171 1669 1200 1695 δὲ
1219 1669 1395 1703 σιωπώντων,
1413 1670 1543 1705 στραφεὶς
1562 1669 1630 1705 πρὸς
1657 1669 1719 1700 τοὺς
1743 1668 1901 1703 ὑπηρέτας,

1113 1715 1280 1750 ’Υμέτερον,
1296 1714 1384 1748 εἶπεν,
1401 1715 1459 1750 ἤδη
1470 1717 1503 1743 τὸ
1511 1717 1618 1743 λοιπὸν
1630 1715 1729 1750 ἔργον.
1745 1715 1777 1741 οι
1791 1715 1821 1742 δὲ
1839 1714 1903 1741 συλ-

1105 1761 1234 1793 λαΰόντες
1250 1763 1314 1793 τοὺς
1329 1763 1501 1794 νεανίσκους,
1528 1762 1637 1798 pasam;
1649 1761 1810 1793 κατέξαινον
1823 1768 1832 1775 ⁵
1854 1762 1902 1788 καὶ

1105 1807 1160 1834 τῶν
1182 1807 1268 1835 ἄλλων
1283 1808 1480 1843 ἐπικλωμένων
1496 1809 1552 1840 τοῖς
1577 1808 1730 1843 πάσχουσιν
1745 1827 1753 1840 ,
1771 1808 1786 1834 ὁ
1804 1807 1901 1842 πατὴρ

1105 1853 1161 1881 οὔτ’
1177 1854 1311 1889 ἀλλαχόσε
1327 1855 1376 1885 τὰς
1391 1854 1468 1889 ὕψεις
1483 1855 1640 1889 ἀπήγαγεν,
1654 1853 1717 1881 οὒτε
1734 1854 1790 1889 μὴν
1802 1853 1899 1880 οἴκτου

1105 1909 1131 1926 τι
1143 1900 1302 1933 ἐνεδείξατο,
1321 1901 1404 1936 μέχρι
1419 1901 1530 1928 πελέκει
1550 1902 1599 1933 τὰς
1618 1900 1737 1935 κεφαλὰς
1753 1899 1810 1926 τῶν
1835 1899 1900 1925 παί-

1104 1947 1157 1974 δων
1167 1947 1322 1982 ἀπέκοψαν.
1348 1948 1434 1974 Τοῦτο
1446 1948 1475 1974 δὲ
1490 1947 1547 1974 οὔτ’
1566 1949 1700 1980 ἐπαινεῖν,
1717 1947 1779 1974 οὔτε
1799 1947 1900 1982 ψέγειν

1104 1994 1162 2020 ἐστὶ
1173 1994 1275 2029 ῥᾴδιον.
1299 1994 1330 2020 Ἡ
1352 1994 1406 2029 γὰρ
1422 1994 1524 2030 ἀρετῆς
1538 1994 1604 2029 ὕψος
1617 1995 1656 2026 εἰς
1669 1994 1807 2021 ἀπάθειαν
1835 1994 1899 2027 ἐξέ-

1105 2051 1204 2076 στησεν
1217 2043 1299 2069 αὑτοῦ
1311 2043 1359 2078 τὴν
1370 2043 1469 2078 ψυχὴν,
1484 2043 1500 2078 ἢ
1518 2042 1622 2074 πάθους
1632 2042 1746 2077 μέγεθος
1756 2043 1798 2072 είς
1814 2041 1900 2068 ἀναλ-

1103 2089 1214 2125 γησίαν.
1247 2089 1395 2124 Οὑδέτερον
1415 2089 1443 2116 δὲ
1458 2090 1557 2123 μικρὸν
1573 2088 1628 2115 οὐδ’
1640 2089 1824 2124 ἀνθρώπινον,
1838 2089 1899 2117 ἀλλ’

1103 2135 1120 2171 ἢ
1137 2136 1220 2167 θεῖον,
1236 2135 1252 2169 ἢ
1271 2134 1413 2169 θηριῶδες.
1429 2133 1508 2160 Οὕτω
1524 2135 1551 2161 δὲ
1563 2134 1668 2162 τούτων
1685 2135 1836 2168 Θανόντων,
1849 2136 1899 2162 καὶ

1103 2182 1168 2216 rrsz
1182 2181 1236 2207 τῶν
1253 2180 1340 2206 ἄλλων
1361 2180 1525 2214 συνωμοτῶν
1536 2180 1627 2216 ψῆφον
1644 2181 1768 2215 ἐνεγκεῖν
1778 2182 1794 2207 ὁ
1809 2181 1899 2216 Βροῦ-

1102 2236 1146 2258 τος
1157 2226 1291 2262 ἀπῄςητο.
1309 2226 1339 2254 ’0
1349 2227 1388 2260 δὲ,
1400 2226 1465 2260 Τοῖς
1485 2226 1545 2262 μὲν
1563 2227 1671 2260 υἱέσιν,
1688 2226 1779 2260 εἶπεν,
1802 2228 1899 2260 αὐτὸς

260 2274 275 2293 a
300 2266 376 2293 cultu
399 2271 427 2292 et
452 2266 627 2293 observantia
664 2266 777 2301 populi,
812 2265 959 2295 Publicolae
1003 2275 1047 2296 co-

1105 2273 1245 2307 ἀποχρῶν
1259 2274 1316 2308 εῙμι
1325 2273 1474 2308 δικαστής
1483 2281 1490 2288 ·
1512 2274 1579 2308 περὶ
1593 2273 1627 2300 δὲ
1637 2273 1696 2300 τῶν
1709 2273 1824 2306 ἄλλων,
1834 2267 1899 2306 τοῖς

259 2315 439 2347 gnomentunt
493 2310 555 2338 fuit.
602 2311 768 2346 Tarquinius
812 2314 954 2347 desperata
999 2321 1050 2348 per

259 2357 339 2392 335
355 2356 539 2391 proditionem
557 2358 630 2391 regni
644 2358 860 2392 recuperationc,
876 2359 909 2386 ad
930 2358 1047 2395 Tyrrhe-

258 2411 309 2430 nos
324 2411 352 2431 se
367 2402 494 2430 contulit.
510 2404 532 2430 A
550 2403 650 2438 quibus
666 2411 727 2430 cum
744 2404 848 2439 magnis
868 2406 1048 2440 copiisrcdu-

258 2453 378 2481 ceretur,
408 2449 535 2475 consules
557 2449 583 2475 in
610 2449 698 2476 aciem
725 2449 864 2477 Romanos
880 2452 1046 2480 eduxerunt.

257 2495 297 2522 Ae
315 2502 413 2530 pugna:
426 2495 562 2529 principio
573 2494 665 2522 Aruns
679 2495 821 2531 Tarquinii
835 2497 918 2529 mitts,
937 2503 965 2525 et
980 2498 1048 2525 Bru-

258 2545 302 2567 tus
320 2541 416 2568 consul
433 2541 585 2573 Romanus,
610 2541 678 2568 adeo
692 2542 800 2569 infestis
816 2543 916 2571 animis
932 2545 1004 2571 inter
1017 2553 1046 2572 se

258 2591 470 2618 concurrerunt,
487 2590 517 2613 ut
534 2591 643 2620 neuter,
668 2587 733 2614 dum
751 2588 857 2617 hostem
876 2591 1044 2626 vulneraret,

257 2631 301 2658 sui
319 2632 480 2667 protegendi
496 2633 621 2667 corporis
641 2640 756 2667 memor,
773 2640 888 2671 uterque
907 2636 963 2664 ictu
978 2645 1045 2665 con-

258 2676 345 2702 trario
365 2676 584 2712 transﬁgeretur.
612 2678 678 2706 Acti
704 2685 765 2707 orto
781 2681 886 2715 praelia,
910 2684 1046 2712 etntultis

259 2720 390 2756 utrinque
408 2722 496 2754 ensis,
514 2722 618 2751 incerta
643 2723 760 2752 victoria
775 2724 837 2753 fuit.
856 2725 922 2754 Sub-
934 2732 1044 2755 noctem

1101 2320 1240 2350 πολίταις
1250 2315 1418 2353 ἐλευθέροις
1431 2317 1502 2347 οὖσι
1516 2319 1571 2354 τῆς
1591 2320 1697 2354 ψήφου
1713 2320 1896 2354 παραφωρῶ.

1100 2365 1199 2399 Ψήψου
1211 2364 1299 2391 τοίνυν
1308 2364 1441 2400 δοθείσης,
1457 2365 1556 2397 πάντες
1568 2365 1896 2402 ἐπελεκίσθησαν-Ἦσαν

1100 2410 1128 2436 δὲ
1153 2409 1256 2436 τούτων
1271 2409 1343 2440 τινὲς
1357 2410 1395 2445 τῷ
1410 2411 1567 2446 Κολλατίνῳ
1584 2412 1779 2447 προσήκοντες,
1795 2412 1830 2439 δι’
1846 2412 1896 2444 οὓς

1103 2455 1149 2481 καὶ
1161 2455 1304 2490 ὠργίζετο.
1324 2456 1406 2482 Ὅθεν
1422 2457 1436 2482 ὀ
1448 2457 1568 2492 Βροῦτος
1580 2457 1652 2484 οὕτω
1664 2458 1725 2484 κατ’
1741 2458 1826 2485 αὑτοῦ
1847 2459 1895 2486 τὸν

1101 2503 1187 2538 δῆμον
1203 2503 1370 2538 παρώξυνεν,
1400 2504 1438 2536 ὡς
1468 2505 1568 2541 μικροῦ
1592 2506 1648 2532 δεῖν
1664 2506 1710 2533 καὶ
1730 2506 1894 2543 αὐτοχειρίᾳ

1100 2549 1181 2575 αὑτὸν
1192 2549 1297 2576 ἀνελεῖν
1307 2558 1315 2565 ·
1329 2550 1398 2577 ἀλλὰ
1408 2550 1489 2577 τοῦτο
1508 2552 1558 2586 μὲν
1571 2552 1621 2578 οὑκ
1638 2553 1780 2588 ἐποίησαν,
1794 2554 1847 2588 τὴν
1867 2554 1892 2579 δ’

1101 2596 1188 2631 ἀρχὴν
1202 2596 1361 2632 ἠνάγκασαν
1375 2598 1456 2625 αὑτὸν
1485 2598 1624 2626 ἀπειπεῖν.
1640 2599 1751 2625 Εῡοντο
1775 2599 1805 2626 δὲ
1830 2600 1893 2627 ἀντ’

1099 2642 1205 2668 ἐκείνου
1229 2643 1400 2679 συνάρχοντα
1440 2645 1556 2671 Πόπλιον
1582 2645 1742 2679 Οὐαλέριον,
1770 2645 1801 2677 ὂς
1832 2646 1892 2673 ﬂo-

1098 2688 1229 2720 πλικόλας
1266 2690 1484 2726 προσωνομάσθη
1498 2712 1506 2724 ,
1551 2692 1627 2726 δηλοῖ
1669 2691 1692 2719 δ’
1731 2693 1748 2727 ἡ
1790 2692 1891 2727 κλῆσις

1096 2733 1324 2770 ὲξελληνιζομένη
1376 2737 1524 2771 Δημοκηδῆ
1553 2757 1561 2770 ,
1603 2737 1620 2773 ἢ
1678 2738 1890 2774 Δημοτικώτα-

852 2821 953 2853 Variae
975 2824 1127 2858 lectiones
1150 2830 1180 2858 et
1198 2830 1292 2859 notm.

291 2899 348 2936 (92)
362 2901 540 2936 Οὐινδίκιος.
553 2903 591 2933 ita
606 2913 677 2935 unus
690 2915 705 2935 e
718 2908 785 2943 Reg.
803 2907 837 2937 At
851 2909 921 2938 alter
936 2916 962 2938 ct
981 2911 1053 2939 Colb,

1105 2912 1232 2944 πυνδίκιος
1250 2914 1406 2948 praeferunt.
