2018 3146
139 199 271 226 Κλαίδιον
294 197 554 233 προσγραψάμενος.
575 196 659 223 Ὀοεν
684 197 831 231 ἐμφρόνως
855 196 930 221 πολι-
946 199 966 226 Α

138 247 282 280 τενόμενος
301 245 453 280 ἀνέδραμεν
468 245 508 276 είς
522 244 552 270 τὸ
567 244 675 278 πρῶτον
692 243 812 278 ἀξίωμα,
828 243 875 269 καί
887 243 930 276 τέ-

140 301 180 324 νος
198 292 270 327 μέγα
284 292 315 318 τὸ
330 291 472 318 Κλαυδίων
488 290 633 317 κατέλιπεν
648 290 694 316 ἐπὶ
706 290 833 315 πλεῖστον
848 288 932 322 ἁνῡῆ-

140 348 198 369 σαν,
225 339 275 365 καὶ
298 336 492 373 προεληλυθὼς
519 338 558 368 είς
576 337 656 372 δόξης
679 337 830 372 ἀκρότητα.
852 338 884 363 Oi
903 337 932 363 δὲ

139 385 257 418 ᾓὸἶνοι,
272 385 320 412 καὶ
336 385 416 411 τοῦτο
430 383 478 410 τοῦ
493 383 614 418 πολέμου
631 384 810 419 ποιησάμενοι
827 383 932 419 πρόφα-

140 439 190 461 σιν,
203 429 314 465 στρατῷ
326 429 437 465 μεγαλῳ
449 429 520 458 κατὰ
531 429 581 464 τῆς
596 428 706 464 Ῥώμης
719 429 859 464 ἐπήλασαν
869 435 876 442 θ
889 426 930 460 οἷς

138 478 200 510 τοὺς
220 476 377 512 Ῥωμαίους
407 477 421 502 ὁ
446 475 617 507 Ποπλικόλας
646 475 857 509 ἀντεπαγαγὼν,
883 476 932 502 καὶ

139 524 336 560 στρατηγήσας
353 523 391 553 ὡς
410 522 523 558 ἄριστα,
545 521 645 557 μικροῦ
663 522 769 554 πάντας
791 521 929 555 ἀπώλεσε,

137 572 184 597 καὶ
199 570 245 597 τον
259 570 346 605 δῆμον
359 570 392 595 ἐκ
403 568 458 595 τῶν
476 568 607 604 λαφύρων
619 569 666 595 καὶ
679 568 734 595 τῶν
748 569 932 604 αἰχμαλώτων

136 617 290 652 ὠφέλησεν.
313 615 440 649 ’Λγαγὼν
462 615 484 641 δ’
509 616 556 642 ἐπὶ
580 616 613 650 τῇ
632 616 694 650 νίκῃ
720 615 864 650 Θρίαμϐον,
884 616 932 642 καὶ

135 663 193 693 τοῖς
208 662 270 696 p.51"
287 661 371 687 αὑτὸν
386 660 502 692 ὑπάτοις
520 660 658 695 παραδοὺς
678 661 727 695 τὴν
743 661 831 692 πόλιν,
851 660 931 692 εὐθὺς

134 706 313 741 ἐτελεύτησε.
327 706 448 741 δημοσίᾳ
465 707 573 739 ταςεὶς,
591 707 638 733 καὶ
653 706 798 742 θρηνηθείς
812 707 854 740 ἐφ’
872 706 932 733 ὅλον

134 753 273 780 ἐνιαυτόν.
302 753 333 779 Οί
358 753 450 787 μέντοι
478 752 588 779 Σαϐῖνοι
605 752 639 778 δι’
655 752 739 787 ὀργὴν
763 749 801 779 ὧν
818 752 930 783 ἔπαθον,

133 800 197 826 οὐδὲ
225 799 273 826 τὸν
304 799 427 834 χειμῶνα
453 799 609 834 ἠρέμησαν,
636 798 704 825 ἀλλὰ
724 798 773 834 τὴν
793 798 931 832 Ῥωμαῖδα

133 847 231 881 χώραν
255 846 442 880 κατέδραμον,
461 846 510 872 καὶ
531 845 577 871 τὸν
594 845 764 880 Ποστούμιον
786 846 931 874 ἐκάκωσαν

133 893 164 919 τὸ
176 893 307 927 δεύτερον
320 891 492 920 ὑπατεύοντα
505 901 512 907 ·
529 892 576 918 καὶ
592 889 665 918 εἷλον
681 892 714 918 ἂν
726 893 808 919 αὑτὸν
823 901 931 919 πανσυ-
947 879 967 906 Β

132 940 170 972 ὀὶ,
185 941 212 966 εὶ
229 939 268 975 μὴ
281 940 418 976 Μενήνιος
440 939 596 975 Ἀγρίππας
609 940 622 965 ο
638 939 780 974 συνάρχων
796 940 869 974 αὐτῷ
882 942 932 967 ἐπι

133 984 286 1019 εκούρησε.
309 984 515 1019 ΙΙροσπεσόντες
537 984 564 1010 δὲ
586 985 688 1016 αὐτοῖς,
710 985 825 1016 πολλοὺς
839 985 930 1020 ἔφθει-

136 1039 201 1065 ραν,
217 1030 290 1057 ὥστε
306 1030 370 1061 τοὺς
387 1030 498 1062 λοιποὺς
509 1030 695 1066 ἀναχωρῆσαι.
711 1031 789 1059 Μετὰ
802 1031 829 1058 δὲ
845 1031 932 1058 ταῦτα

135 1075 278 1111 Σπούριός
303 1085 332 1103 τε
356 1077 478 1107 Κάσσιος
503 1077 550 1103 καὶ
582 1077 744 1113 Ὀπιτὼριος
773 1079 933 1112 Οὑεργίνιος

134 1121 326 1154 ὑπατεύοντες
339 1123 396 1154 τοῖς
408 1122 534 1154 Σαϐίνοις
548 1123 718 1151 ἐσπείσαντο.
734 1125 889 1159 Καμερῖνον
904 1125 933 1152 δὲ

135 1168 167 1194 τὸ
185 1167 257 1196 ἄστυ
273 1168 393 1200 ἑλόντες,
404 1169 467 1200 τοὺς
485 1169 534 1203 μέν
550 1169 661 1200 πλείους
677 1172 852 1204 ἀπέκτειναν,
869 1173 933 1204 τοὺς

134 1214 164 1241 δὲ
183 1214 298 1246 λοιποὺς
320 1214 515 1249 ζωγρήσαντες
540 1215 681 1248 ἀπέδοντο,
709 1217 756 1243 καὶ
780 1218 829 1252 τὴν
855 1218 933 1244 πόλιν

136 1260 330 1295 κατέσκαψαν.
345 1261 514 1295 Ποστούμιος
526 1260 554 1287 δὲ
570 1261 699 1296 Κομίνιος
711 1262 758 1288 καὶ
772 1263 850 1294 Τῖτος
862 1264 934 1300 Λάρ-

136 1315 199 1337 κιος
220 1305 334 1338 δούλους
350 1305 426 1338 τινὰς
443 1306 490 1332 ἐπὶ
505 1307 658 1341 καταλήψει
684 1307 732 1333 τοῦ
755 1309 932 1335 Καπιτωλίου

137 1351 316 1386 συνωμοσίαν
340 1351 471 1386 θεμένους
500 1352 690 1385 συλλαῧόντες,
714 1353 856 1389 ἐφοειραν.
885 1355 933 1381 Σε-

137 1396 231 1431 ρούως
248 1404 279 1422 τε
295 1396 456 1427 Σουλπίκιος
478 1397 525 1423 καὶ
551 1397 666 1432 Μάρκος
686 1397 815 1428 Τούλλιος
835 1398 933 1431 ἑτέραν

137 1441 219 1473 αὖθις
245 1442 421 1477 συνωμοσίαν
449 1441 569 1475 δούλων,
598 1443 645 1469 καὶ
671 1443 761 1470 ἄλλων
788 1443 821 1478 δὴ
850 1452 932 1470 τινων

138 1488 301 1514 συστάντων
324 1488 417 1519 αὐτοῖς
443 1487 662 1523 προκατέλαϐον,
678 1487 859 1521 ἀγγελοείσαν
884 1489 932 1514 αὺ-

138 1536 196 1567 τοῖς
214 1535 283 1571 πρός
298 1543 379 1561 τινων
392 1534 446 1560 τῶν
465 1534 515 1569 τῆς
528 1533 675 1567 ἐπιϐουλῆς
692 1534 870 1568 μετεχόντων,
885 1534 932 1565 οὓς

140 1582 188 1609 καὶ
207 1581 356 1616 συσχόντες
371 1581 536 1616 περισταδὸν
551 1580 718 1615 κατέκοψαν,
732 1582 788 1613 τοῖς
803 1580 831 1607 δὲ
847 1589 932 1616 μηνυ-

138 1629 199 1658 ταῖς
215 1626 284 1654 ἄλλα
301 1634 332 1652 τε
351 1626 398 1652 καὶ
414 1626 537 1653 πολιτεία
556 1626 645 1661 ἐδόθη.
665 1625 749 1658 Αὖθις
764 1627 792 1653 δὲ
812 1627 932 1661 πολέμου

140 1674 217 1709 παρὰ
230 1673 354 1700 Λατίνων
370 1673 442 1700 κατὰ
458 1672 569 1708 Ῥώμης
589 1673 783 1708 κεκινημένου,
806 1673 855 1700 οὐκ
871 1673 934 1708 ἠθε-

139 1719 186 1747 ὶον
197 1720 222 1746 οί
238 1719 333 1746 πολλοὶ
354 1718 389 1745 τὰ
406 1719 476 1746 ὅπλα
494 1719 599 1750 λαὸεῑν,
613 1719 757 1754 ἀποκοπὴν
772 1720 825 1746 τῶν
843 1720 933 1755 χρεῶν

946 1565 967 1594 C

139 1766 283 1799 ἀξιοῦντες
297 1767 427 1801 γενέσθαι
443 1768 491 1793 καὶ
505 1766 550 1793 διὰ
565 1766 645 1793 τοῦτο
659 1767 758 1800 καινήν
771 1775 832 1793 τινα
846 1766 934 1802 ἀρχὴν

140 1812 185 1838 ἐπ’
202 1813 375 1847 ἀμφοτέροις
389 1813 481 1844 αὐτοῖς
498 1812 561 1838 τότε
581 1812 689 1847 πρῶτον
711 1812 736 1837 οί
747 1811 857 1838 δυνατοὶ
869 1820 936 1838 κατ-

139 1861 302 1896 εστήσαντο·
321 1859 458 1894 δικτάτωρ
473 1860 487 1886 ὁ
499 1860 599 1894 ταύτης
615 1860 768 1894 ἠξιωμένος
779 1859 933 1894 ὡνόμαστο·

139 1906 259 1942 ἠδύνατο
280 1906 310 1933 δὲ
332 1907 363 1939 ἐξ
381 1907 438 1933 τσου
458 1906 549 1932 πάντα
568 1906 625 1937 τοῖς
640 1905 792 1940 βασιλεῦσι.
812 1905 868 1939 Τὴν
886 1904 935 1939 μὲν

140 1952 196 1988 γὰρ
211 1952 261 1980 τοῦ
279 1952 414 1988 βασιλέως
429 1952 590 1986 ἐπωνυμίαν
611 1950 654 1978 διὰ
674 1953 737 1982 τοὺς
754 1951 934 1986 Ταρκυνίους,

139 1997 280 2033 ἐμίσησαν
298 2005 306 2013 ο
317 1996 367 2032 τὴν
380 1997 404 2023 δ’
417 1997 448 2023 ἐκ
460 1996 511 2031 τῆς
526 1996 677 2031 μοναρχίας
690 1995 825 2030 ὠφέλειαν
844 1995 935 2022 Θέλον-

140 2051 198 2075 τες,
213 2044 252 2075 ὼς
267 2042 337 2070 πολὺ
350 2042 496 2078 ίσχυούσης
510 2043 539 2073 ἐς
554 2042 604 2074 τὰς
616 2042 669 2068 τῶν
682 2042 810 2076 πολέμων
824 2043 870 2069 καὶ
882 2042 936 2070 τῶν

771 140 973 172 ANNAUUM
997 140 1068 172 LIB.
1092 142 1157 171 Vll.

1723 146 1776 178 586

983 195 1062 227 obiit,
1080 195 1198 230 publicis
1223 195 1380 231 sumptibus
1398 196 1496 228 elatus,
1525 204 1619 224 annuo
1634 202 1775 225 matrona-

984 248 1046 268 rum
1063 242 1149 268 luclu.
1164 241 1299 269 Cmterum
1314 242 1408 270 Sabini
1424 251 1457 270 ex
1475 243 1572 270 dolore
1587 248 1706 278 accepta:
1719 244 1776 271 cla-

983 287 1036 319 dis,
1055 295 1089 315 ne
1107 287 1225 315 hiberno
1242 288 1354 323 quidem
1379 294 1503 324 tempore
1520 290 1698 324 quieverunt,
1726 291 1776 318 scd

984 334 1142 362 incursione
1157 335 1185 362 in
1198 335 1352 362 Romanum
1366 343 1463 371 agrum
1475 336 1557 369 iacta,
1571 336 1774 369 Postliumium.

983 380 1083 408 iterum
1100 381 1255 414 consulem,
1277 381 1453 415 alﬂixerunt;
1471 391 1591 418 eumque
1608 391 1671 410 cum
1693 390 1775 411 exer-

982 429 1037 455 citu
1061 429 1212 462 cepissent,
1234 428 1287 455 nisi
1312 428 1456 456 Menenius
1476 429 1596 465 Agrippa
1618 430 1723 465 collega
1746 431 1774 458 ei

982 474 1086 502 auxilio
1107 474 1240 502 venisset.
1263 474 1334 501 Tum
1349 482 1416 502 vero
1439 480 1556 510 uterque
1575 476 1683 509 consul,
1702 475 1775 503 fasto

982 519 1009 545 in
1025 519 1120 546 hostes
1135 518 1250 554 impetu.
1269 519 1372 547 multos
1383 518 1496 552 occidit,
1512 520 1636 555 reliquos
1647 521 1777 557 proﬂiga-

981 565 1031 592 vit.
1050 564 1115 592 Post
1130 565 1189 592 haec
1210 565 1328 600 Spurius
1347 564 1460 593 Cassius
1474 570 1503 593 et
1523 565 1619 600 Opiter
1637 567 1776 602 Virginius

982 612 1121 645 consules,
1139 619 1234 647 pacem
1247 619 1311 639 cum
1338 611 1449 640 Sabinis
1466 612 1614 640 fecerunt:
1635 618 1663 641 et
1676 613 1776 642 Came-

982 659 1046 686 rino
1059 664 1150 694 capto,
1166 659 1314 694 plerosque
1335 660 1516 687 occiderunt:
1537 659 1649 695 reliqui,
1674 660 1777 695 oppido

982 713 1091 738 everso,
1114 705 1280 734 vzenierunt.
1314 705 1492 733 Posthumius
1517 705 1660 734 Cominius
1686 711 1715 734 et
1742 706 1776 734 T.

982 751 1098 787 Largius
1113 752 1220 787 aliquot
1233 759 1340 784 servos,
1357 751 1404 787 qui
1417 751 1452 779 de
1465 752 1628 787 occupando
1639 751 1777 786 Capitolio

981 799 1172 834 coniurarant,
1200 799 1364 826 occiderunt
1382 807 1390 826 :
1412 798 1645 835 quemadmodum
1665 798 1778 826 Servius

981 845 1064 881 338
1078 845 1217 880 Sulpicius
1238 851 1267 873 et
1291 845 1326 873 Μ.
1351 845 1457 873 Tullius
1474 851 1545 880 post,
1570 845 1653 873 aliam
1666 853 1778 881 quoque

983 892 1205 927 coniurationem
1233 900 1377 920 servorum
1392 897 1600 927 oppresserunt.
1626 900 1641 919 a
1658 893 1778 920 consciis

984 938 1150 973 quibusdam
1164 938 1325 970 indicatam.
1335 943 1364 966 et
1377 939 1536 974 coniuratos
1546 946 1650 966 corona
1661 938 1779 966 circum-

984 985 1064 1012 datos
1081 985 1265 1013 trucidarunt.
1279 986 1418 1014 Iudicibus
1434 993 1497 1013 cum
1509 985 1561 1012 alia
1576 985 1701 1024 praemia,
1720 991 1777 1012 tum

984 1030 1082 1058 civitas
1096 1030 1169 1058 data.
1197 1032 1219 1057 Λ
1243 1031 1349 1058 Latinis
1372 1032 1471 1058 iterum
1498 1031 1572 1058 bello
1589 1035 1675 1063 moto,
1699 1031 1779 1065 plebs

984 1084 1058 1104 arma
1073 1084 1175 1112 capere
1195 1077 1296 1109 noluit,
1322 1085 1408 1105 novas
1426 1077 1535 1104 tabulas
1550 1077 1685 1112 ﬂagitans.
1702 1077 1776 1110 Qua-

985 1127 1100 1159 propter
1124 1123 1321 1158 locupletiores
1352 1131 1455 1150 novum
1487 1124 1665 1159 magistratus
1691 1131 1779 1158 genus

983 1174 1125 1201 crearunt.
1141 1170 1201 1206 pari
1217 1170 1245 1197 in
1258 1178 1354 1197 onmes
1370 1170 1544 1202 auctoritate,
1561 1169 1684 1204 potentia
1700 1170 1775 1204 regia

983 1215 1143 1250 praeditum.
1169 1223 1250 1250 quem
1273 1216 1435 1243 dictatorem
1457 1220 1602 1243 vocarunt.
1627 1215 1696 1243 Nam
1712 1223 1778 1243 eum

984 1261 1058 1296 regis
1081 1266 1295 1296 cognomentum
1319 1266 1433 1296 propter
1458 1261 1626 1296 Tarquinios
1641 1261 1777 1294 odissent.

985 1315 1018 1335 ac
1032 1307 1201 1334 monarehiaa
1217 1308 1352 1335 utilitates
1368 1315 1465 1343 magna
1486 1309 1513 1335 vi
1531 1309 1565 1336 ad
1581 1309 1653 1336 bella
1664 1313 1692 1337 et
1703 1309 1779 1336 sedi-

985 1352 1091 1380 tionum
1108 1353 1245 1381 tumultus
1268 1354 1392 1388 praedita:
1415 1358 1594 1388 expeterent:
1623 1354 1709 1382 verbo
1734 1361 1780 1382 re-

981 1398 1067 1433 jeelo,
1088 1407 1146 1426 rem
1172 1399 1259 1434 ipsam
1284 1399 1336 1426 sub
1359 1399 1413 1427 alio
1436 1401 1548 1428 nomine
1571 1404 1637 1427 sunt
1648 1400 1778 1435 amplexi.

985 1442 1049 1470 Fuit
1063 1442 1156 1478 igitur,
1175 1448 1205 1470 ut
1220 1443 1287 1476 dixi,
1303 1444 1440 1473 dictatura
1454 1449 1590 1480 potestate
1603 1453 1689 1481 regno
1705 1453 1756 1481 par
1769 1454 1778 1474 :

985 1494 1169 1524 pmterquam
1183 1490 1256 1524 quod
1269 1490 1294 1518 ei
1308 1498 1410 1525 equum
1429 1491 1618 1519 conscendere
1635 1499 1691 1519 non
1711 1492 1779 1520 licc-

985 1536 1043 1569 bat,
1062 1536 1116 1564 nisi
1132 1537 1166 1563 ad
1191 1537 1294 1564 bellum
1317 1538 1402 1570 ituro,
1424 1546 1515 1574 neque
1535 1538 1606 1566 ullos
1630 1546 1665 1566 ex
1682 1538 1780 1566 terario

985 1589 1112 1619 sumptus
1123 1584 1214 1612 facere
1229 1585 1289 1612 sine
1306 1585 1428 1618 decreto,
1448 1587 1495 1614 sed
1511 1587 1556 1621 jus
1570 1587 1674 1619 dicere.
1690 1592 1718 1614 et
1732 1593 1780 1614 ca-

984 1631 1040 1665 pite
1063 1631 1185 1666 plectere
1208 1632 1283 1660 domi
1306 1637 1334 1660 et
1358 1633 1473 1667 militiae,
1498 1642 1553 1661 non
1570 1634 1695 1669 plebeios
1709 1633 1781 1661 duu-

985 1681 1070 1710 taxat.
1088 1677 1136 1706 sed
1150 1683 1180 1706 et
1196 1679 1337 1713 equestris
1357 1684 1386 1706 et
1407 1681 1540 1708 senatorii
1568 1681 1676 1708 ordinis
1692 1680 1781 1711 licuit.

986 1725 1096 1752 nemine
1107 1732 1171 1752 eum
1188 1725 1231 1752 vel
1245 1733 1386 1758 accusare,
1403 1727 1447 1753 vel
1463 1727 1638 1754 intercedere
1649 1726 1781 1759 audente,

985 1777 1018 1797 ac
1033 1777 1067 1797 ne
1083 1771 1151 1806 ipsis
1167 1771 1280 1806 quidem
1308 1771 1427 1800 tribunis
1443 1772 1551 1808 plebis:
1575 1780 1664 1808 neque
1686 1772 1722 1800 ab
1748 1780 1783 1800 eo

987 1817 1147 1851 provocatio
1172 1817 1235 1844 fuit.
1263 1818 1406 1846 Dictatura
1428 1823 1521 1846 tamen
1535 1819 1606 1847 ultra
1623 1827 1648 1846 vr
1672 1827 1783 1847 menses

987 1870 1042 1889 non
1068 1863 1272 1891 extendebatur
1285 1884 1292 1896 ,
1313 1868 1344 1891 ut
1366 1872 1401 1892 ne
1419 1865 1482 1900 quis
1498 1865 1526 1893 in
1550 1869 1626 1892 tanta
1646 1869 1783 1900 potestate

987 1913 1014 1936 et
1028 1909 1194 1936 auctoritate
1220 1910 1339 1938 maxima
1359 1911 1465 1938 diutius
1480 1911 1654 1943 immoratus,
1669 1919 1718 1946 per
1732 1919 1783 1939 su-

988 1953 1113 1988 perbiam
1134 1953 1163 1981 in
1181 1955 1349 1983 monarchiae
1373 1955 1557 1990 cupiditatem
1583 1956 1782 1985 delaberetur:

990 1999 1018 2027 id
1031 1998 1105 2034 quod
1123 2004 1186 2035 post
1200 2000 1273 2028 Julio
1288 2000 1389 2029 Caesari
1403 2001 1517 2035 accidit,
1535 2001 1702 2030 dictaturam
1716 2009 1784 2030 eon-

990 2048 1033 2071 tra
1047 2051 1153 2072 morem
1164 2045 1302 2080 majorum
1320 2050 1481 2073 consecuto.

143 2089 268 2116 στάσεων
292 2089 482 2124 περιστάσεις,
499 2090 528 2115 ἐν
553 2089 626 2124 ἄλλῳ
642 2088 745 2123 ταύτην
778 2088 890 2124 ὀνόματι
910 2090 1025 2119 εἴλοντο.
1063 2088 1119 2117 Ἦν
1151 2090 1201 2125 μὲν
1216 2089 1273 2124 οὖν,
1293 2091 1332 2123 ὡς
1362 2091 1481 2127 εἴρηται,
1498 2093 1515 2128 ὴ
1529 2090 1697 2127 δικτατωρία
1711 2091 1784 2119 κατά

141 2145 175 2170 γε
197 2138 250 2173 τὴν
264 2137 395 2170 ἐξουσίαν
424 2138 458 2172 τῇ
488 2137 614 2173 βασιλείᾳ
635 2138 794 2172 ίσὸρῤοπος,
814 2137 884 2174 πλὴν
897 2139 938 2165 ὅτι
960 2139 1009 2174 μὴ,
1039 2140 1082 2174 ἐφ’
1115 2139 1201 2166 ἵππον
1218 2139 1354 2175 ἀναϐῆναι
1368 2140 1382 2166 ὸ
1397 2140 1534 2174 δικτάτωρ
1551 2139 1677 2175 ἠδύνατο,
1699 2139 1724 2166 si
1744 2139 1785 2175 μὴ

141 2182 379 2218 ἑκστρατιύεσθαι
407 2182 532 2217 ἔμελλεν,
563 2181 625 2208 οὗτε
654 2183 686 2207 ἐκ
713 2181 768 2208 τῶν
795 2181 935 2216 δημοσίων
949 2183 1102 2218 χρημάτων
1131 2183 1273 2211 ἀναλῶσαι
1306 2193 1332 2210 τι
1351 2183 1416 2219 ἐξῆν
1432 2184 1518 2219 αὐτῷ,
1538 2184 1563 2210 ει
1580 2183 1617 2219 μὴ
1633 2183 1782 2219 ἐψηφίσθη.

141 2229 271 2262 Αικὰζειν
282 2228 312 2255 δὲ
329 2229 375 2255 καὶ
389 2228 562 2255 ἀποκτείνειν
581 2227 629 2254 καὶ
643 2227 714 2254 οἴκοι
736 2228 783 2254 καὶ
802 2229 832 2254 ἐν
862 2229 1023 2264 στρατείαις
1055 2229 1184 2264 ἠδύνατο,
1199 2229 1247 2256 καὶ
1276 2229 1307 2256 οὗ
1341 2230 1406 2261 τοὺς
1425 2229 1471 2256 τοῦ
1488 2230 1576 2265 δήμου
1592 2229 1702 2265 μόνους,
1714 2229 1784 2257 ἀλλὰ

140 2277 190 2304 καὶ
214 2278 248 2304 ἐκ
270 2276 326 2302 τῶν
346 2276 463 2307 ἱππέων,
476 2275 523 2301 καὶ
537 2274 566 2307 ἐξ
585 2274 671 2309 αὐτῆς
690 2275 740 2309 τῆς
756 2274 864 2309 βουλῆς.
899 2275 954 2302 Καὶ
971 2274 1027 2302 οὔτ’
1043 2275 1192 2310 ἐγκαλέσαι
1222 2283 1265 2307 τις
1277 2275 1364 2310 αὐτῷ,
1377 2274 1438 2301 οὒτ’
1451 2275 1574 2302 ἐναντίον
1588 2283 1613 2302 τι
1629 2275 1784 2311 διαπράξα-

142 2324 206 2351 σθαι
226 2324 335 2358 ῐσχυεν,
354 2322 416 2349 οὐδὲ
438 2323 462 2348 οἱ
477 2322 626 2356 δήμαρχοι,
646 2319 708 2346 οὔτε
723 2320 785 2354 δίκη
805 2321 937 2355 ἐφέσιμος
955 2321 1067 2355 ἐγένετο
1099 2321 1147 2348 ἀπ’
1164 2321 1259 2348 αὑτοῦ.
1289 2321 1346 2348 Οὐκ
1366 2322 1415 2348 ἐπὶ
1427 2321 1510 2348 πλέον
1522 2321 1550 2349 δέ
1569 2322 1623 2348 τῶν
1640 2321 1669 2355 ἐξ
1688 2322 1785 2357 μηνῶν

140 2369 158 2404 ἡ
182 2369 234 2404 τῆς
260 2366 446 2401 δικτατωρίας
469 2365 542 2401 ἀρχὴ
568 2364 758 2400 παρετείνατο,
775 2365 818 2391 ἵνα
838 2366 874 2399 μή
893 2374 936 2397 τις
954 2365 1045 2392 αὐτῶν
1061 2366 1091 2392 ἐν
1119 2365 1239 2400 τοσούτῳ
1255 2365 1354 2401 κράτει
1378 2366 1428 2392 καὶ
1461 2365 1573 2400 ἐξουσίᾳ
1588 2366 1702 2400 ἀκράτῳ
1718 2373 1785 2400 χρο-

139 2417 230 2450 νίσας,
262 2416 470 2451 ὑπερφρονήσῃ,
494 2414 627 2449 καὶπρὸς
654 2413 744 2448 ἔρωτα
773 2415 924 2448 μοναρχίας
952 2413 1101 2449 ἐκκυλισθῇ
1121 2422 1127 2429 '
1150 2414 1220 2449 ὅπερ
1250 2414 1278 2444 ἐς
1306 2414 1420 2449 ὕστερον
1435 2414 1482 2440 καὶ
1505 2415 1519 2440 ό
1534 2414 1645 2450 Καίσαρ
1666 2413 1781 2447 Ἰούλιος

139 2464 256 2496 ἔπαθεν,
273 2463 337 2490 ἐπεὶ
351 2463 427 2498 παρὰ
439 2463 473 2488 τὰ
489 2461 677 2496 νενομισμένα
691 2461 741 2494 τῆς
758 2461 942 2496 δικτατωρίας
952 2461 1061 2497 ἠξίωτο.

175 2506 229 2535 ΙΔ’.
248 2507 320 2533 Τότε
337 2507 387 2541 μὲν
401 2503 447 2532 οὖν
463 2506 622 2540 δικτάτορος
636 2505 785 2539 γενομένου
801 2505 934 2539 Λαρκίου,

1024 2505 1094 2533 XIV.
1116 2506 1195 2534 Tunc
1210 2505 1296 2542 igitur
1311 2505 1411 2542 Largio
1423 2505 1561 2534 dictatore
1574 2510 1679 2537 creato,
1697 2512 1785 2540 popu-

137 2554 220 2581 οὖδέν
240 2555 256 2579 ὁ
271 2552 359 2588 δῆμος
376 2552 565 2587 ἐνεωτέρισεν,
583 2551 652 2577 ἀλλὰ
666 2553 714 2578 καὶ
727 2552 755 2577 ἐν
771 2553 828 2582 τοῖς
843 2551 937 2583 ὅπλοις

136 2601 272 2634 ἐγένοντο
284 2607 290 2613 ·
304 2599 359 2625 τῶν
370 2599 398 2625 δέ
413 2597 540 2625 Λατίνων
555 2598 670 2632 ἡσυχίαν
682 2598 803 2631 ἀγόντων
813 2597 860 2623 ἐπὶ
874 2606 938 2623 συν-

137 2647 258 2682 θήκαις,
279 2645 304 2671 οί
327 2644 467 2671 δανεισταὶ
482 2645 546 2675 τοὺς
558 2643 701 2677 ὀφειλέτας
720 2643 939 2679 μετεχειρίζοντο

138 2692 316 2728 βιαιότερον,
333 2691 381 2718 καὶ
396 2692 409 2716 ὁ
426 2691 512 2725 δῆμος
526 2688 604 2720 αὖθις
620 2690 767 2721 ἐστασίαζε
788 2690 831 2715 διὰ
848 2690 937 2722 τοῦτο,

137 2740 217 2766 ὥστε
235 2738 284 2764 καὶ
307 2739 346 2769 εἰς
366 2737 398 2764 τδ
412 2737 555 2771 Συνέδριον
580 2736 755 2771 συνδραμεῖν,
771 2738 818 2763 καὶ
841 2736 939 2768 πάντες

139 2786 175 2812 ἂν
197 2783 254 2810 ὑπὸ
274 2783 330 2810 τῶν
353 2783 537 2809 εἰσπεσόντων
561 2784 590 2809 ἐν
607 2782 681 2817 αὐτῷ
695 2782 892 2817 διεφῡάρησαν,
916 2785 940 2809 εἰ

144 2831 185 2866 μή
202 2838 280 2861 τινες
295 2830 357 2862 τοὺς
370 2829 560 2860 Οὐολούσκους
575 2829 615 2860 εἰς
633 2829 683 2862 τὴν
696 2828 791 2863 χώραν
808 2828 940 2863 ἐμϐαλεῖν

143 2877 201 2912 ήδη
216 2876 415 2912 κατήγγειλαν.
435 2875 506 2911 Πρὸς
517 2876 549 2901 ’δὲ
564 2875 614 2909 τὴν
635 2874 764 2908 τοιαύτην
780 2875 912 2908 ἀγγελίαν
927 2877 941 2902 ὁ

345 2927 479 2956 Puncta
503 2926 560 2954 (in.
586 2923 761 2955 CXXXIV.

992 2553 1036 2580 lus
1059 2560 1193 2580 novarum
1220 2560 1314 2580 rerum
1341 2553 1434 2580 studio
1462 2552 1617 2587 repudiato,
1650 2553 1676 2579 in
1700 2552 1785 2579 armis

994 2599 1057 2626 fuit.
1073 2599 1127 2627 Sed
1143 2599 1242 2627 Latino
1258 2599 1330 2626 bello
1344 2599 1521 2634 pactionibus
1533 2599 1632 2633 sopito,
1648 2606 1710 2626 cum
1724 2607 1786 2626 cic-

994 2646 1097 2672 ditores
1112 2647 1223 2673 nomina
1237 2653 1286 2673 sua
1301 2645 1451 2673 violentius
1459 2649 1619 2676 tractarent,
1635 2649 1712 2672 tanta
1726 2645 1786 2679 ple-

995 2692 1038 2719 bis
1052 2697 1111 2719 orta
1123 2697 1165 2719 est
1181 2691 1346 2727 indignatio,
1365 2696 1395 2718 ut
1408 2692 1436 2718 in
1452 2691 1557 2718 curiam
1571 2699 1724 2719 concursus
1735 2692 1786 2718 lic-

995 2742 1055 2769 ret,
1078 2744 1109 2764 ac
1127 2739 1154 2764 in
1176 2744 1209 2764 eo
1232 2737 1353 2764 tumultu
1376 2741 1469 2772 patres
1488 2737 1573 2764 occisi
1597 2742 1701 2768 essent,
1731 2736 1785 2764 nisi

995 2781 1105 2814 quidam
1131 2782 1305 2809 nuntiassent
1339 2782 1454 2809 Volscos
1478 2782 1580 2809 infesto
1603 2783 1725 2809 exercitu
1751 2782 1785 2809 ad

996 2828 1092 2856 urbem
1121 2829 1332 2864 oppugnandam
1361 2829 1467 2858 venire.
1494 2829 1536 2857 Ad
1564 2836 1627 2857 eum
1656 2830 1785 2856 nuntium.

1005 2876 1083 2910 plebs
1098 2876 1215 2910 quievit,
1239 2884 1294 2904 non
1313 2877 1467 2905 reverentia
1481 2883 1604 2908 senatus.
1623 2876 1671 2904 sed
1687 2884 1786 2912 exspe-

1563 2925 1597 2956 19
