2018 3146
239 159 295 192 (ῖθ3

890 167 1049 197 ,ΙΟᾹΧΝΙΞ
1067 167 1225 198 ΖΟΝΑΒΕ

1816 169 1870 202 cui

241 219 441 254 antiquissimis
451 222 619 256 temporibus
633 223 666 250 ad
680 224 753 251 solos
764 225 895 258 patricios
907 227 1028 261 pertine-

1082 234 1123 260 γῳ
1152 227 1202 260 μὲν
1217 226 1300 261 τιμὴν
1327 227 1418 259 αὐτοῖς
1442 227 1522 262 ἔφερε
1553 228 1600 254 καὶ
1621 227 1740 262 ἀξίωμα,
1768 228 1871 263 (μόνοις

243 264 299 297 bat)
315 273 376 292 eum
390 274 484 294 revera
499 266 525 293 id
538 274 660 301 agerent,
676 277 710 297 ne
724 271 825 298 tribuni
841 277 867 298 et
883 273 1030 300 multitudo

242 311 352 344 quidvis
367 316 468 338 temere
483 318 606 347 agerent,
632 315 680 342 sed
701 325 747 351 per
765 325 874 345 causam
892 320 1031 354 auspicio-

242 361 303 380 rum
320 355 466 389 aliquando
491 356 705 391 impedirentur.
730 361 842 389 Patricii
860 369 889 390 et
918 368 1030 392 senatus

242 399 305 426 irati
328 401 502 435 consulibus,
528 408 559 430 ut
574 406 667 440 populi
687 406 851 440 fautoribus,
868 417 918 437 nec
934 410 1031 437 trium-

240 445 324 478 phum
337 445 534 481 decreverunt,
558 451 685 485 quamvis
705 458 822 488 uterque
836 454 931 482 hostes
947 455 1029 483 vicis-

241 494 293 523 set,
307 496 335 518 et
349 494 442 520 neutri
457 494 529 522 diem
545 496 578 523 de
594 505 670 525 more
687 499 861 534 assignarunt
877 510 882 528 :
900 502 947 528 sed
959 502 1030 529 mul-

241 536 332 564 titudo
350 543 378 566 et
395 539 509 567 biduum
526 541 610 570 ferias
624 544 783 576 celebravit.
807 551 835 574 ct
859 547 1028 582 triumphum

239 580 296 608 illis
320 581 455 611 decrevit.
484 585 521 612 Ea
542 587 679 615 discordia
704 589 767 617 l‘reti
789 591 893 624 hostes,
911 580 1030 627 receptis

241 628 324 664 349
337 631 437 659 animis
451 632 590 662 Romanos
603 635 774 664 invaserunt.
792 639 870 666 Anno
885 645 1028 674 sequente,

241 673 333 702 Marco
347 676 465 705 Genutio
483 684 511 706 et
526 679 557 707 C.
573 680 669 709 Curtio
688 684 858 717 consulibus,
874 673 1028 714 contentio-

243 728 292 748 nes
307 723 499 758 retindegratae
531 730 606 754 sunt.
633 727 700 755 Nam
723 729 837 764 plebeiis
856 733 1029 760 consulatum

241 769 435 802 expetenlibus
450 790 457 803 ,
472 772 546 806 quod
561 774 668 808 patricii
682 775 714 802 ad
731 776 838 810 plebem
856 782 1030 807 transeuntes

243 813 412 842 tribunatum
427 823 556 850 gererent
575 828 581 847 :
601 820 723 853 patriciis
739 829 805 849 vero
817 823 919 850 acriter
934 824 1029 852 defen-

243 859 378 893 dentihus.
406 863 492 890 umlta
506 865 641 892 violenter
653 866 890 902 invicemetldicta
910 874 938 896 et
957 869 1027 898 facta

240 910 316 934 sunt.
336 907 375 935 Ne
389 909 454 944 quid
470 918 534 938 vero
547 911 671 940 deterius
685 920 860 949 sequeretur.
878 915 1030 951 locupletes

243 951 431 985 magistratum
448 954 536 988 ipsum
551 956 622 990 plebi
640 963 848 991 concesserunt,
863 959 910 987 sed
926 968 1028 989 nomen

243 1004 297 1023 non
310 1000 550 1028 communicarunt
564 1011 570 1029 :
585 1002 771 1039 dixeruntque
786 1006 912 1033 tribunos
926 1007 1029 1034 milita-

243 1049 288 1069 res
313 1050 363 1077 pro
391 1045 563 1079 consulibus,
586 1055 620 1075 ne
648 1048 814 1077 honoratum
836 1051 1000 1079 vocabulum
1014 1061 1030 1080 ιι

243 1088 398 1121 promiscua
413 1091 490 1117 turba
510 1091 712 1126 iuquinaretur.
724 1094 830 1122 Placuit
844 1095 926 1131 igitur
938 1100 1030 1124 ternos

241 1134 276 1160 ab
297 1139 413 1169 utraque
431 1137 550 1165 faetioue
575 1139 701 1166 tribunos
719 1140 812 1176 deligi,
826 1142 945 1170 duormn
963 1151 1031 1170 con-

243 1179 333 1206 selum
349 1180 421 1208 loco.
440 1182 535 1217 Neque
554 1189 645 1212 tamen
667 1185 765 1213 borum
796 1195 897 1215 nomen
919 1188 1030 1223 penitus

241 1225 354 1258 defecit,
376 1234 439 1254 cum
464 1228 532 1255 alias
549 1230 654 1257 tribuni
669 1237 842 1260 crearentur.
864 1234 955 1268 Atque
972 1235 1031 1262 haec

243 1271 281 1298 ita
297 1279 358 1299 esse
379 1277 439 1300 acta
464 1275 593 1302 traditum
617 1282 669 1304 est.
689 1277 843 1306 Dictatores
866 1284 958 1307 autem
974 1288 1029 1307 non

242 1317 293 1343 soli
314 1318 442 1346 consules
463 1321 599 1354 (quamvis
618 1329 714 1349 eorum
735 1324 896 1357 auctoritas,
921 1325 1029 1352 illorum

244 1361 403 1396 magistratu
429 1365 516 1392 multo
539 1366 630 1393 minor
647 1367 732 1402 esset)
755 1368 803 1395 sed
828 1369 929 1397 tribuni
946 1371 1029 1397 etiam

243 1407 391 1442 aliquando
413 1409 603 1445 designarunt.
631 1412 730 1440 Fertur
754 1419 845 1442 tamen
869 1416 961 1444 nullus
980 1424 1030 1443 un-

241 1459 324 1486 quam
348 1454 477 1483 tribunus
501 1457 697 1492 triumphassc,
714 1460 841 1494 quamvis
861 1462 939 1488 multi
957 1470 1029 1497 smpe

243 1497 337 1526 hostes
358 1500 499 1528 vicissent.
523 1503 561 1530 Ac
584 1503 687 1530 tribuni
705 1509 761 1531 tum
780 1505 833 1532 hoc
848 1506 929 1533 modo
943 1508 1028 1535 creati

242 1549 319 1571 sunt.
341 1545 477 1573 Censores
491 1555 558 1575 vero
573 1556 646 1575 anno
664 1555 806 1584 sequente,
821 1551 939 1579 Barbato
952 1557 980 1580 et
993 1553 1028 1581 M.
1043 1567 1065 1596 ο

244 1589 366 1617 Macrino
389 1598 462 1618 coss.
491 1592 626 1628 designati
647 1599 711 1621 sunt
735 1595 766 1622 L.
786 1596 927 1631 Papyrius,
950 1603 978 1626 et
996 1598 1027 1626 L.

243 1635 435 1670 Sempronius.
451 1637 553 1664 Eorum
567 1640 678 1667 creandi
693 1649 773 1669 causa
793 1642 856 1675 fuit,
873 1645 944 1679 quod
963 1653 1029 1674 con-

242 1679 317 1707 sules
327 1682 362 1708 ob
377 1683 584 1711 multitudinem
607 1687 700 1714 omnia
715 1689 824 1723 negotia
845 1692 959 1726 exsequi
975 1700 1028 1720 non

243 1729 381 1760 poterant.
407 1728 476 1756 Nam
500 1730 563 1765 jura
590 1733 753 1762 censoribus
780 1736 913 1764 attributa
938 1739 972 1765 ad
1002 1739 1030 1766 id

244 1778 333 1805 usque
349 1776 458 1808 tempus
476 1778 632 1803 tenuerant.
657 1777 695 1804 Ac
718 1779 854 1815 principio
872 1781 929 1808 bini
953 1783 1029 1811 fuere

243 1824 375 1845 censores
404 1820 534 1854 patricii,
564 1822 611 1856 qui
641 1823 720 1851 initio
753 1829 781 1851 et
818 1831 958 1860 postremo
995 1829 1028 1857 ad

241 1864 461 1899 quinquennium
485 1866 681 1902 imperarunt:
705 1869 850 1907 interjeeto
874 1881 940 1900 vero
960 1879 1029 1902 tem-

241 1917 330 1944 pore,
356 1919 464 1940 menses
489 1922 554 1942 xvm
582 1915 706 1950 ipsisque
741 1919 900 1947 consulibus
932 1929 1029 1956 quam-

240 1955 282 1982 vis
316 1961 393 1990 parte
430 1957 564 1987 duntaxat
595 1962 740 1994 potestatis
769 1969 864 1990 eorum
897 1955 1026 2000 accepta,

239 2001 399 2034 superiores
426 2010 583 2032 evaserunt.
611 2006 732 2035 Muneris
757 2016 853 2036 eorum
876 2010 946 2043 fuit,
977 2020 1028 2046 pu-

241 2049 313 2076 blica
344 2049 487 2084 vectigalia
506 2051 618 2079 elocare
631 2072 638 2084 ,
657 2053 717 2080 vias
741 2059 768 2081 et
788 2055 897 2089 publica
914 2056 1027 2084 :ediiicia

239 2100 348 2125 curare,
365 2094 500 2129 cujusque
527 2095 674 2124 facultates
697 2098 864 2129 describere.
882 2108 974 2128 mores
986 2101 1027 2128 ci-

236 2140 312 2166 vium
328 2141 476 2168 observare
492 2145 520 2168 et
534 2142 679 2176 explorare
697 2153 704 2170 :
723 2151 755 2170 ac
779 2144 857 2172 laude
874 2145 981 2180 dignos,
998 2146 1024 2173 in

238 2185 337 2216 tribus,
350 2185 377 2212 iu
393 2186 519 2214 ordinem
530 2192 699 2221 equestrem,
716 2189 744 2215 in
761 2195 887 2217 senatum
907 2191 1024 2223 referre,

239 2237 291 2264 pro
324 2231 457 2266 cujusujue
483 2232 588 2260 meritis

240 2275 339 2302 eodem
369 2277 450 2304 modo
465 2285 498 2304 ex
518 2278 580 2305 albo
597 2278 701 2306 delere.
725 2279 754 2307 id
773 2281 845 2313 quod
864 2282 950 2316 majus
968 2287 1028 2310 erat

241 2322 276 2349 iis
290 2321 430 2355 omnibus,
446 2330 507 2357 qua:
527 2325 687 2352 consulitus
712 2326 950 2360 relinquebantur.
973 2328 1028 2355 Da-

239 2369 305 2395 baut
329 2374 421 2396 autem
442 2369 470 2396 in
496 2377 662 2405 unoquoque
682 2371 894 2406 jusjurandum,
924 2381 954 2401 se
977 2382 1028 2402 nec

236 2415 325 2449 gratia
357 2422 410 2442 nec
436 2415 501 2442 odio
529 2416 680 2450 quidquam
708 2422 819 2445 acturos
851 2427 858 2445 ε
895 2419 943 2445 sed
967 2420 1027 2446 sin-

237 2468 304 2488 cero
332 2461 446 2493 animo,
480 2467 512 2487 ea
545 2469 607 2495 qua:
636 2469 651 2488 e
690 2463 828 2497 republica
855 2468 966 2497 essent,
1000 2470 1028 2492 et

236 2507 463 2539 deliberaturos,
495 2513 524 2534 et
567 2512 688 2535 acturos.
725 2508 858 2543 Populum
898 2509 964 2536 item
993 2510 1026 2537 ad

239 2554 373 2588 rogandus
406 2554 502 2589 leges,
527 2553 610 2589 350
640 2555 749 2589 aliaque
779 2555 873 2582 munia
897 2563 1028 2583 convoca-

239 2598 303 2624 lant
332 2608 338 2624 :
365 2603 394 2625 et
430 2599 563 2634 majorum
592 2600 802 2634 magistratuum
836 2601 1025 2633 ornamentis,

239 2641 382 2670 lictoribus
404 2645 537 2679 exceptis,
563 2646 723 2672 utebantur.
742 2646 781 2672 Ac
806 2646 858 2672 tale
881 2654 1026 2674 censorum

239 2697 339 2717 munus
361 2690 422 2718 fuit.
446 2692 498 2724 Qui
515 2701 590 2726 vero,
616 2700 680 2720 cum
696 2700 796 2720 census
815 2695 957 2728 agebatur,
976 2701 1025 2721 sua

241 2736 353 2763 nomina
367 2741 394 2764 et
419 2737 562 2766 facultates
588 2740 705 2775 professi
727 2747 782 2767 nou
807 2745 905 2774 erant,
929 2748 1025 2768 eorum

241 2782 386 2810 facultates
410 2792 425 2810 a
451 2786 622 2818 censoribus,
642 2786 693 2821 ipsi
708 2794 722 2813 a
747 2787 908 2814 consulibus
923 2788 1024 2813 vende-

243 2828 353 2856 bantur.
370 2829 404 2856 Et
420 2830 477 2857 hate
494 2830 528 2857 ad
547 2835 654 2866 tempus
675 2832 785 2867 aliquod
806 2833 845 2859 sic
871 2837 931 2859 acta
949 2837 1024 2859 sunt.

241 2874 306 2903 I’ost
332 2877 512 2905 constitutum
534 2881 586 2911 est,
615 2883 644 2905 ut
668 2879 714 2914 qui
738 2879 822 2907 semel
850 2879 876 2906 in
897 2884 1023 2906 senatqu

1082 272 1135 307 γὰρ
1163 273 1241 298 τοῦτο
1270 274 1302 298 ἐκ
1333 273 1404 300 πάνυ
1444 273 1561 307 ἀρχαίου
1598 275 1654 304 τοῖς
1690 275 1871 309 εὐπατρίδαις

1082 318 1281 353 ἐπιτέτραπτο)
1310 319 1384 354 ἔργῳ
1412 319 1442 345 δὲ
1473 319 1588 353 κώλυμα
1621 317 1666 354 ἦν,
1683 320 1727 346 ἵνα
1757 321 1795 356 μὴ
1821 322 1872 355 ρᾳι

1081 364 1145 395 δίως
1166 365 1191 390 οἱ
1217 364 1354 400 δήμαρχοι
1377 365 1424 391 καὶ
1455 365 1486 391 τδ
1516 365 1617 400 πλῆθος
1651 366 1702 392 ὅσα
1733 366 1872 401 βούλοιντο

1082 409 1248 444 πράττοιεν,
1284 409 1354 436 ἀλλὰ
1395 410 1532 444 προφάςει
1576 411 1625 444 τῆς
1668 411 1871 443 οἰωνοσκοπίας

1082 455 1156 480 ἔστιν
1183 451 1214 481 οὗ
1243 454 1442 489 ὲμποδίζοιντο.
1471 455 1633 490 Ἀθχδμενοι
1654 455 1683 481 δὲ
1711 457 1770 486 τοῖς
1799 457 1872 482 ὑπά-

1082 509 1138 531 τοις
1155 501 1182 526 οἵ
1207 509 1236 527 τε
1267 501 1430 535 εὐπατρίδαι
1455 501 1502 527 καὶ
1530 501 1547 536 ἠ
1579 501 1672 536 βουλὴ,
1693 501 1730 533 ὠς
1760 501 1794 528 τὰ
1825 501 1873 528 τοῦ

1082 546 1205 580 πλήθους
1244 547 1413 582 φρονοῦσιν,
1447 548 1498 574 οὐκ
1520 547 1692 582 ἐψηφίσαντο
1729 549 1809 582 σφίσι
1839 548 1875 575 τὰ

1082 593 1215 623 ἐπινίκια,
1232 593 1350 628 πόλεμον
1373 594 1505 630 ἐκατέρου
1525 596 1705 630 νικήσαντος,
1724 595 1783 621 οὗθ’
1801 595 1875 630 ὴμέ-

1082 647 1133 673 ραν
1156 639 1264 673 ἑκάστῳ
1288 640 1440 675 ἀπένειμαν
1464 640 1560 676 ὥσπερ
1580 641 1698 673 εἴθιστο,
1723 642 1762 668 Th
1780 642 1875 676 μέντοι

1081 684 1185 719 πλῆθος
1222 686 1270 712 ἐπὶ
1293 686 1348 713 δύω
1377 695 1406 712 τε
1436 687 1545 721 ἡμέρας
1573 687 1697 722 ἑώρτασε
1716 708 1724 719 ,
1749 688 1798 714 καὶ
1817 689 1876 720 τοῖς

1081 730 1194 761 ὑπάτοις
1224 731 1255 757 τὰ
1288 732 1437 767 νικητήρια
1472 731 1652 766 ἐψηφίσαντο.
1691 733 1787 764 Οὕτως
1827 730 1875 759 οὖν

1081 775 1110 805 ἐς
1143 774 1275 809 διαφορὰς
1307 776 1361 802 τῶν
1406 776 1551 811 Ῥωμαίων
1581 777 1734 810 ἐλθόντων,
1764 779 1788 804 oi
1832 780 1876 805 ὲν-

1081 819 1177 852 αντίοι,
1195 820 1296 854 σφίσιν,
1325 821 1568 855 ἀναθαρσήσαντες
1582 843 1589 854 ,
1620 822 1740 857 ἐπῄεσαν
1764 823 1872 854 αὐτοῖς.

1081 866 1125 901 Τῷ
1142 866 1165 893 δ’
1181 866 1246 901 ἑξῆς
1264 866 1319 893 ἔτει
1332 867 1445 902 Μάρκου
1461 867 1606 894 Γενουκίου
1620 870 1667 894 καὶ
1684 869 1765 895 Γαΐου
1782 869 1875 904 Κουρ-

1080 912 1138 938 τίου
1170 912 1381 944 ὑπατευόντων,
1404 913 1448 939 ἐπ’
1476 912 1608 948 ἀλλήλους
1645 914 1807 948 ἐτράποντο.
1843 916 1877 941 Οἵ

1080 965 1110 983 τε
1126 957 1180 992 γὰρ
1194 957 1240 983 τοῦ
1254 957 1374 992 πλήθους
1390 957 1439 984 καὶ
1464 957 1611 984 ὑπατεύειν
1631 958 1739 992 ἤθελον,
1753 958 1876 994 ἐπείπερ

1079 1003 1253 1038 ὲδημάρχουν
1279 1005 1304 1029 ot
1331 1004 1492 1038 εὐπατρίδαι
1518 1004 1586 1038 πρὸς
1611 1004 1709 1035 αὐτοὺς
1739 1005 1876 1040 μεθιστά-

1082 1056 1169 1082 μενοι.
1198 1049 1252 1075 Καὶ
1276 1049 1305 1075 αἱ
1319 1049 1480 1083 εὐπατρίδαι
1498 1049 1557 1075 λίαν
1577 1050 1626 1084 τῆς
1651 1050 1756 1077 ὑπάτου
1783 1051 1875 1086 ἀρχῆς

1082 1094 1258 1129 περιείχοντο,
1285 1094 1332 1121 καὶ
1357 1094 1443 1121 πολλὰ
1477 1094 1538 1121 κατ’
1569 1095 1690 1130 ἀλλήλων
1722 1098 1770 1122 καὶ
1795 1097 1875 1131 βίαια

1080 1139 1174 1173 ἔλεγόν
1187 1149 1216 1166 τε
1237 1141 1285 1167 καὶ
1305 1141 1452 1175 ἔπραττον.
1475 1141 1536 1167 Ἵνα
1553 1141 1582 1167 δὲ
1597 1140 1634 1176 μὴ
1653 1141 1722 1176 πρός
1735 1150 1761 1167 τι
1778 1143 1875 1176 χεῖρον

1081 1186 1239 1221 χωρήσωσι,
1257 1187 1304 1212 τοῦ
1330 1187 1380 1221 μὲν
1407 1186 1488 1222 ἔργου
1511 1187 1560 1222 τῆς
1586 1187 1738 1222 ἡγεμονίας
1767 1188 1793 1213 oi
1827 1187 1875 1213 δυ-

1080 1233 1156 1258 νατοὶ
1184 1232 1276 1264 αὐτοῖς
1304 1232 1506 1267 παρεχώρησαν
1522 1236 1530 1246 ¹
1559 1233 1606 1259 τοῦ
1631 1233 1660 1259 δὲ
1684 1234 1822 1268 ὀνόματος
1843 1233 1874 1260 οὐ

1082 1277 1252 1311 μετέδωκαν,
1269 1277 1327 1305 ἀλλ’
1342 1278 1400 1304 ἀνθ’
1413 1278 1524 1305 ὑπάτων
1540 1278 1698 1313 χιλιάρχους
1711 1279 1876 1314 ὠνόμασαν,

1083 1323 1126 1350 ἶνα
1143 1323 1180 1358 μὴ
1200 1323 1231 1350 τὸ
1244 1323 1294 1357 τῆς
1308 1324 1430 1359 κλήσεως
1445 1323 1555 1358 ἔντιμον
1569 1323 1608 1357 τῷ
1637 1324 1759 1359 σύρφακι
1783 1326 1876 1360 ὁμίλῳ

1082 1367 1342 1402 καταρῥυπαίνοιτο.
1361 1360 1424 1394 ΔΚαὶ.
1452 1369 1526 1402 τρεῖς
1543 1368 1591 1401 ἀφ’
1606 1369 1747 1404 ἑκατέρων
1763 1369 1876 1405 χιλιάρ-

1081 1421 1146 1448 χους
1159 1413 1219 1439 ἀντὶ
1238 1413 1292 1439 τῶν
1308 1413 1355 1440 δύο
1369 1414 1480 1440 ὑπάτων
1504 1415 1642 1451 αἱρεῖσθαι
1663 1416 1820 1448 συνέδοξεν.
1837 1417 1874 1443 03

1082 1458 1173 1493 μέντοι
1186 1459 1217 1485 τὸ
1234 1459 1288 1486 τῶν
1305 1459 1418 1486 ὑπάτων
1445 1459 1553 1492 ἐξέλιπε
1578 1461 1670 1488 τέλεον
1686 1462 1787 1496 ὄνομα,
1804 1462 1877 1489 ἀλλὰ

1081 1504 1144 1530 ποτὲ
1162 1504 1210 1538 μὲν
1230 1504 1329 1531 ὕπατοι
1346 1505 1507 1532 καθίσταντο
1522 1507 1588 1532 ποτὲ
1614 1507 1642 1533 δέ
1666 1516 1698 1540 γε
1720 1507 1874 1542 χιλίαρχοι.

1081 1549 1160 1576 Οὕτω
1176 1550 1226 1585 μὲν
1256 1550 1344 1577 ταῦτα
1374 1551 1558 1586 παραδέδοται
1580 1553 1712 1587 γίνεσθαι,
1733 1554 1828 1580 καίτοι
1845 1554 1875 1579 οὐ

1083 1594 1163 1628 μόνον
1172 1595 1227 1621 τῶν
1237 1595 1349 1623 ὑπάτων
1361 1597 1526 1632 δικτάτορας
1537 1598 1715 1632 ἀνειπόντων,
1728 1599 1876 1626 καὶταῦτα

1082 1638 1150 1665 πολὺ
1181 1639 1230 1674 τῆς
1256 1641 1344 1676 ἀρχῆς
1360 1642 1468 1677 ἐκείνης
1491 1643 1709 1678 ἐλαττουμένων,
1736 1644 1806 1671 ἀλλὰ
1827 1647 1876 1672 καὶ

1081 1683 1229 1719 χιλιάρχων
1250 1685 1331 1712 τοῦτο
1359 1688 1551 1722 πεποιηκότων
1575 1689 1671 1715 ἐνίοτε.
1697 1690 1818 1724 Λέγεται
1836 1691 1876 1723 δὲ,

1081 1729 1122 1756 ὅτι
1137 1731 1224 1762 οὐδεὶς
1237 1731 1291 1758 τῶν
1317 1732 1476 1768 χιλιάρχων,
1505 1735 1596 1761 καίτοι
1618 1735 1724 1762 πολλῶν
1740 1737 1877 1768 πολλάκις

1081 1776 1260 1810 νικησάντων,
1280 1778 1400 1805 ἐπινίκια
1413 1779 1544 1814 ἐπεμψεν.
1560 1781 1590 1807 Οί
1603 1781 1653 1816 μὲν
1668 1779 1714 1808 οὖν
1735 1782 1876 1818 χιλίαρχοι

1081 1820 1151 1847 οὕτω
1176 1822 1236 1848 τότε
1270 1823 1420 1858 ᾑρέθησαν.
1443 1825 1475 1851 Οί
1491 1825 1519 1851 δὲ
1543 1827 1659 1861 τιμηταὶ
1680 1828 1720 1862 τῷ
1749 1829 1876 1864 ἐχομένῳ

1081 1866 1136 1893 ἔτει
1154 1867 1295 1902 Βαρδάτου
1311 1870 1358 1895 καὶ
1373 1871 1488 1906 Μάρκου
1504 1873 1647 1907 Μακρίνου
1666 1874 1874 1907 ὑπατευόντων,

1080 1915 1296 1950 κατεδείχθησαν
1318 1917 1366 1943 καὶ
1381 1917 1520 1952 ᾑρέθησαν
1540 1919 1656 1951 Λούκιος
1671 1929 1700 1946 τε
1718 1921 1875 1957 Παπείριος

1080 1961 1127 1985 καὶ
1145 1960 1259 1992 Λούκιος
1285 1961 1472 1996 Σεμπρώνιος.
1503 1964 1733 2001 Κεχειροτόνηντο
1763 1967 1804 2000 δὲ,
1832 1970 1875 1994 ὅτι

1079 2005 1104 2031 ot
1130 2005 1228 2032 ὕπατοι
1247 2007 1373 2034 ἀδύνατοι
1405 2009 1450 2035 ὲπὶ
1478 2011 1565 2037 πάντα
1592 2011 1636 2038 διὰ
1662 2013 1692 2038 τὸ
1709 2013 1813 2047 πλῆθος
1830 2015 1876 2047 ἐξ-

1080 2052 1175 2085 αρκεῖν
1202 2050 1282 2086 ἦσαν.
1310 2052 1351 2079 Τὰ
1375 2054 1430 2089 γὰρ
1444 2056 1500 2087 τοῖς
1515 2058 1645 2091 τιμηταῖς
1660 2058 1874 2094 ἀπονεμηθὲν-τα

1080 2097 1217 2131 προνόμια
1246 2098 1346 2124 ἐκεῖνοι
1362 2099 1444 2134 μέχρι
1459 2101 1519 2126 τότε
1535 2101 1655 2129 ἐποίουν.
1671 2102 1732 2129 Δύω
1750 2112 1781 2129 τε
1798 2101 1873 2138 ἦσαν

1079 2143 1102 2168 οί
1116 2143 1231 2178 τιμηταὶ
1247 2144 1276 2177 ἐξ
1294 2145 1382 2179 ἀρχῆς
1409 2145 1457 2171 καὶ
1479 2146 1512 2172 ἐκ
1527 2146 1582 2173 τῶν
1598 2147 1780 2182 εὐπατριδῶν.
1798 2147 1873 2184 Ἦρ-

1079 2197 1126 2224 χον
1140 2190 1168 2216 δὲ
1181 2190 1214 2216 τὰ
1235 2191 1284 2224 μὲν
1305 2191 1401 2225 πρῶτα
1416 2192 1464 2218 καὶ
1477 2192 1510 2218 τὰ
1531 2193 1675 2220 τελευταῖα
1697 2195 1743 2221 ἐπὶ
1767 2204 1872 2222 πεντα-

619 2239 627 2259 :
654 2233 784 2268 improbae
814 2235 875 2261 vitm
898 2235 1024 2264 homines

1080 2234 1162 2262 ετίαν.
1182 2235 1227 2261 Ἐν
1241 2235 1270 2262 δὲ
1288 2237 1326 2270 τῷ
1340 2237 1414 2272 μέσῳ
1426 2239 1514 2273 χρόνῳ
1533 2239 1581 2265 ἐπὶ
1603 2241 1677 2275 τρεῖς
1703 2241 1872 2277 ἑξαμήνους,

1080 2281 1128 2306 καί
1148 2281 1274 2314 ἐγένοντο
1299 2282 1355 2308 τῶν
1380 2283 1492 2310 ὑπάτων
1519 2285 1641 2319 μείζους,
1669 2287 1759 2313 καίτοι
1786 2287 1873 2323 μέρος

1079 2327 1128 2361 τῆς
1141 2327 1254 2353 ἐκείνων
1268 2327 1397 2359 λαδδντες
1424 2329 1523 2364 ἀρχῆς.
1548 2330 1629 2364 Ἐξῆν
1659 2331 1687 2357 δὲ
1711 2332 1804 2364 αὐτοῖς
1819 2333 1872 2364 τὰς

1078 2380 1109 2398 τε
1131 2372 1279 2407 προσόδους
1295 2373 1345 2405 τὰς
1363 2374 1454 2406 κοινὰς
1479 2375 1638 2410 ἐκμισθοῦν,
1657 2377 1704 2404 καὶ
1730 2378 1785 2404 τῶν
1800 2378 1871 2404 ὁδῶν

1079 2418 1127 2444 καὶ
1141 2418 1194 2444 τῶν
1207 2418 1345 2453 δημοσίων
1359 2420 1587 2456 οἰκοδομημάτων
1602 2423 1804 2457 ἐπιμελεῖσθαι,
1821 2426 1870 2452 καὶ

1079 2464 1128 2496 τὰς
1155 2465 1321 2499 ἀπογραφὰς
1348 2466 1397 2501 τῆς
1415 2467 1531 2494 ἑκάστου
1562 2469 1693 2503 εὐπορίας
1722 2470 1867 2503 διατελεῖν,

1079 2511 1125 2537 καὶ
1146 2511 1192 2538 τὸν
1218 2511 1274 2547 βίον
1298 2511 1354 2538 τῶν
1370 2512 1490 2538 πολιτῶν
1504 2514 1667 2542 ἐπισκοπεῖν
1679 2524 1709 2542 τε
1735 2517 1784 2543 καὶ
1810 2516 1870 2548 ἐξε-

1078 2557 1181 2590 τάζειν,
1202 2558 1251 2584 καὶ
1268 2558 1332 2589 τοὺς
1355 2558 1404 2593 μὲν
1428 2558 1520 2590 ἀξίους
1537 2560 1652 2587 ἐπαίνου
1669 2561 1698 2592 ἐς
1711 2562 1761 2593 τὰς
1780 2562 1869 2596 φυλὰς

1079 2604 1125 2630 καὶ
1140 2605 1169 2636 ἐς
1188 2603 1237 2639 τὴν
1261 2604 1367 2631 ἱππάδα
1390 2604 1437 2631 καὶ
1462 2605 1512 2641 τὴν
1537 2606 1683 2641 γερουσίαν
1703 2608 1868 2643 ἐγγράφειν,

1078 2646 1168 2678 καθὼς
1182 2647 1308 2679 ἑκάστοις
1330 2649 1482 2683 προσήκειν
1506 2650 1646 2685 ἐνομίζετο
1660 2660 1668 2667 σ
1692 2652 1755 2684 τοὺς
1779 2653 1801 2680 δ’
1815 2655 1867 2680 οὐκ

1078 2689 1107 2718 εὖ
1141 2692 1274 2727 βιοῦντας,
1298 2694 1484 2728 ἁπανταχόθεν
1500 2696 1600 2729 ὁμοίως
1630 2698 1801 2731 ἁπλλείφειν.
1833 2701 1866 2726 Ὃ

1080 2740 1171 2773 μεῖζον
1183 2739 1291 2766 παντων
1305 2737 1338 2774 ἦν
1352 2740 1405 2766 τῶν
1420 2741 1476 2771 τοῖς
1491 2741 1603 2773 ὑπάτοις
1617 2743 1862 2778 καταλειφθέντων.

1079 2785 1188 2816 Πίστεις
1199 2785 1221 2811 δ’
1236 2785 1364 2818 ἐνόρκους
1381 2786 1424 2819 ἐφ’
1443 2785 1550 2821 ἑκάστῳ
1573 2789 1732 2823 πεποίηντο,
1749 2792 1786 2820 ὡς
1802 2790 1864 2816 οὔτε

1079 2831 1146 2865 πρδς
1159 2830 1249 2865 χάριν,
1265 2830 1325 2857 οὔτε
1352 2831 1420 2865 πρὸς
1443 2831 1542 2866 ἔλθραν
1565 2842 1590 2859 τι
1610 2834 1744 2867 ποιοῦσιν,
1760 2835 1817 2862 ἀλλ’
1833 2836 1863 2868 ἐξ

1080 2877 1163 2911 ὀρθῆς
1189 2876 1300 2911 γνώμης
1330 2878 1361 2903 τὰ
1388 2878 1560 2913 τυμιςέροίιτα
1579 2881 1615 2915 τῷ
1633 2880 1714 2915 κοινῷ
1730 2882 1775 2908 καὶ
1799 2890 1859 2908 πκπγ
