2018 3146
141 161 197 192 605

778 163 980 193 ANNALIUM
1003 164 1076 193 LIB.
1091 165 1157 196 VII.

1728 166 1782 199 606

141 217 226 244 ποῦσι
239 217 290 244 καὶ
311 217 474 253 πράττουσι.
498 218 552 245 Καὶ
575 218 620 245 τὸν
635 217 722 253 δῆμον
739 218 785 245 ἐπί
800 227 829 244 τε
846 219 924 253 νόμω

988 218 1077 246 lectus
1091 222 1175 251 esset,
1200 227 1249 254 per
1272 226 1383 247 omnem
1405 224 1514 248 aetatem
1531 220 1559 248 in
1581 229 1615 248 co
1634 228 1781 251 maneret:

141 263 300 297 εἰσφοραῖς,
317 263 363 290 καὶ
377 263 434 295 τοῖς
446 263 538 295 ἄλλοις
560 264 748 299 συνήθροιζον,
768 265 815 291 καὶ
830 263 869 298 τῷ
883 263 938 290 τῶν

141 307 280 342 μειζόνων
299 309 394 344 ἀρχῶν
411 310 517 345 κόσμῳ,
539 310 609 344 πλὴν
632 310 789 345 ῥαὸδούχων
805 310 935 345 ἐχρῶντο.

140 354 266 390 Τοιαύτη
282 355 299 390 ἡ
313 355 369 382 τῶν
385 356 509 392 τιμητῶν
525 357 648 391 ὑπῆρχεν
664 358 747 392 ἀρχή.
765 355 827 383 Τῶν
843 357 937 389 μέντοι

140 400 180 435 μὴ
198 401 444 436 ἀπογραψαμένων
459 403 507 433 τὰς
523 402 618 434 οὐσίας
634 404 662 429 ὲν
685 404 746 434 ταῖς
761 403 936 437 ἀπογραφαῖς

137 447 189 473 καὶ
211 447 338 480 ἑαυτοὺς,
365 448 414 479 τὰς
445 448 496 482 μὲν
522 449 616 479 οὐσίας
639 448 664 475 οἱ
692 449 818 483 τιμηταὶ,
837 449 935 480 αὐτοὺς

137 493 162 520 δ’
176 494 304 525 ἐκείνους
320 494 345 520 οῖ
369 494 470 521 ὕπατοι
493 495 675 530 ἐπίπρασκον.
701 495 800 530 Χρόνῳ
823 495 873 530 μὲν
887 493 935 522 οὖν

134 549 192 566 τινι
208 540 288 567 ταῦθ’
303 540 391 572 οὕτως
407 540 545 576 ἐπράχθη.
561 541 697 576 Ὕστερον
711 541 739 568 δὲ
753 541 799 568 τὸν
815 542 889 575 ἅπαξ
901 543 932 577 τῇ

136 584 222 620 βουλῇ
256 585 481 620 καταλεχθέντα,
517 585 562 613 διὰ
596 585 655 621 βίου
692 587 831 622 βουλεύειν
860 587 933 620 εδοξε

135 632 202 666 μηδ’
226 632 442 666 ἀπαλείφεσηαι,
459 633 483 659 εἰ
500 633 539 668 μή
554 641 598 664 τις
611 633 745 668 ἀδικήσας
758 633 806 660 καὶ
828 634 933 668 κριθεὶς

132 677 274 712 ἠτίμωτο,
293 679 309 713 ἢ
326 679 420 710 κακῶς
433 679 487 711 ζῶν
498 679 630 714 ἠλέγχθη.
646 680 715 711 Τοὺς
729 679 784 714 γὰρ
795 679 933 711 τοιούτους

131 724 304 759 ἀπήλειφον,
317 726 364 752 καὶ
383 726 441 753 ἀντ’
455 726 546 753 αὐτῶν
564 727 676 762 ἐτέρους
692 727 854 761 ἐνέγραφον.
871 727 931 753 Τῶν

130 769 158 795 δὲ
178 771 361 806 προσκαίρως
373 772 513 806 ἀρχόντων
536 773 672 807 πρεσϐεῖα
691 772 742 799 μὲν
756 772 861 798 ἐδέδοτο
874 773 930 804 τοῖς

129 816 309 853 δικτατορσι,
329 818 470 853 δευτερεῖα
494 819 523 846 δέ
546 828 578 853 γε
602 821 660 851 τοῖς
687 820 829 854 τιμηταῖς,
861 820 877 853 ἡ
903 819 930 846 δὲ

989 271 1081 299 neque
1101 265 1241 293 deleretur
1260 274 1294 294 ex
1316 267 1389 300 albo,
1408 267 1460 294 nisi
1477 267 1512 296 ob
1531 267 1639 296 facinus
1664 268 1781 303 ignomi-

989 310 1069 337 nioso
1093 310 1199 346 judicio
1223 313 1424 341 condemnatus
1449 318 1540 345 esset.
1567 320 1615 341 aut
1644 314 1776 349 improba:

987 357 1051 384 vita:
1064 365 1220 385 convretus.
1243 357 1357 386 Talibus
1385 361 1460 387 enim
1478 361 1505 387 in
1521 361 1647 388 ordinem
1663 361 1778 392 coactis.

987 403 1056 431 alios
1072 403 1099 430 in
1115 411 1211 431 eorum
1223 404 1314 431 locum
1330 405 1546 432 substituebant.
1564 406 1592 432 In
1611 405 1779 441 magistrati-

987 449 1038 477 bus
1055 454 1211 484 temporum
1230 458 1313 477 causa
1334 451 1479 484 institutis,
1498 453 1653 487 principem
1666 453 1777 480 obtine-

986 495 1052 523 bant
1076 496 1166 523 locum
1191 496 1352 527 dictatores,
1379 497 1536 532 proximum
1556 505 1698 530 censores,
1721 503 1777 525 ter-

987 541 1055 568 tium
1065 542 1188 576 magistri
1201 542 1326 577 equitum
1339 551 1346 569 :
1360 543 1406 577 qui
1416 542 1495 574 ordo,
1507 543 1564 570 sive
1578 543 1605 570 in
1617 545 1776 579 magistratu

985 591 1091 620 essent,
1108 587 1166 615 sive
1181 595 1214 615 eo
1224 588 1369 621 abiissent,
1383 589 1594 616 observabatur.
1615 590 1692 622 Quod
1706 591 1727 617 si
1741 590 1774 617 ad

984 633 1117 661 humilius
1141 641 1241 662 munus
1267 634 1489 666 descendissent,
1513 635 1634 669 priorem
1658 635 1777 669 dignita—

985 685 1039 708 tem
1051 681 1213 709 inviolatam
1230 681 1403 709 obtinebant.
1424 682 1501 709 Unus
1515 681 1627 716 quidam
1648 682 1777 716 princeps

983 730 1096 754 senatus
1123 735 1173 761 per
1200 727 1227 754 id
1253 733 1372 759 tempus.
1397 727 1463 754 dum
1490 727 1513 754 is
1543 727 1631 754 honos
1655 727 1776 754 durabat

983 773 1084 806 (neque
1101 772 1175 799 enim
1202 778 1357 808 perpetuus
1379 775 1448 808 erat)
1478 773 1606 800 omnibus
1629 772 1775 808 dignitate,

982 827 1037 845 non
1054 819 1176 853 potentia
1191 820 1349 854 praestabat.
1478 811 1485 816 ’

127 865 212 900 τρίτη
243 865 320 898 τάξις
346 866 401 897 τοῖς
430 865 581 901 ἱππάρχοις
605 867 750 901 νενέμητο.
772 866 827 892 Καὶ
854 865 926 891 οὕτω
945 866 1032 892 ταῦτα
1057 865 1200 898 ἐτέτακτο,
1241 866 1293 892 κᾶν
1319 866 1350 891 ἐν
1395 866 1456 896 ταῖς
1487 865 1587 900 ἀρχαῖς
1616 863 1696 901 ἦσαν,
1723 865 1776 892 κᾶν

126 910 347 946 ἀπηλλάγησαν.
383 912 414 938 El
444 913 499 947 γάρ
525 921 567 944 τις
595 913 627 939 ἐκ
653 913 778 947 μείζονος
805 913 892 947 ἀρχῆς
926 912 966 944 εἰς
985 912 1185 946 ὺποδεεστέραν
1214 912 1346 946 κατέστη,
1372 912 1403 938 τὸ
1428 912 1478 946 τῆς
1504 912 1644 947 προτέρας
1667 911 1776 946 ἀξίωμα

125 955 208 992 εἶχεν
222 957 366 994 ἀκέραιον.
385 955 434 989 Εἷς
461 958 491 985 δέ
519 967 572 991 τις,
603 959 632 985 av
659 959 798 994 πρίγκιπα
818 959 866 993 μὲν
877 959 927 992 τῆς
947 958 1092 993 γερουσίας
1129 958 1274 993 ὠνόμαζον
1302 959 1418 992 (λέγοιτο
1444 959 1467 985 δ’
1493 959 1527 985 ἂν
1543 958 1604 986 καθ’
1640 958 1775 993 Ἕλληνας

125 1001 318 1038 πρόκριτος),
347 1003 515 1038 συμπάντων
547 1005 656 1038 προεῖχε
693 1004 738 1030 τὸν
774 1004 871 1038 χρόνον
897 1003 926 1029 ὃν
946 1003 1125 1038 προεκρίνετο
1150 1005 1192 1038 (οὐ
1221 1004 1276 1039 γὰρ
1301 1004 1345 1031 διὰ
1364 1004 1422 1039 βίον
1457 1013 1498 1036 τις
1523 1006 1565 1037 εἰς
1603 1004 1684 1032 τοῦτο
1709 1013 1778 1041 προ-

124 1049 308 1085 εχειρίζετο),
335 1051 383 1077 καὶ
404 1051 541 1087 προέφερε
556 1051 611 1077 τῶν
628 1051 717 1077 ἄλλων
741 1051 780 1086 τῷ
803 1050 938 1085 ἀξιώματι
958 1050 988 1076 οὐ
1003 1050 1057 1085 μὴν
1072 1051 1118 1077 καὶ
1134 1051 1249 1086 δυνάμει
1260 1052 1359 1087 ἐχρῆτό
1373 1061 1438 1080 τινι.

161 1096 214 1126 ις’.
227 1097 333 1133 Χρόνον
353 1098 403 1133 μὲν
418 1097 464 1124 οὖν
485 1107 548 1124 τινα
574 1099 689 1134 εἰρήνην
711 1098 780 1132 πρὶς
795 1097 924 1133 ἀλλήλους

1017 1096 1076 1124 XX.
1096 1097 1135 1124 Ad
1153 1098 1227 1126 hunc
1253 1099 1365 1126 modum
1390 1107 1457 1134 pace
1476 1100 1510 1127 ad
1530 1105 1639 1136 tempus
1651 1101 1726 1129 domi
1745 1107 1774 1130 et

124 1144 176 1171 καὶ
192 1143 265 1178 πρὸς
282 1145 347 1176 τοὺς
365 1145 524 1180 περιοίκους
539 1145 656 1179 ἤγαγον.
671 1142 738 1171 Εἶτα
761 1144 841 1179 λιμοῦ
867 1145 926 1170 tm-

123 1191 336 1225 κρατήσαντος,
350 1189 420 1217 ὥστε
436 1191 513 1222 τινὰς
527 1192 575 1217 καὶ
603 1191 644 1222 εἰς
661 1191 707 1216 τὸν
724 1189 847 1224 ποταμὸν
860 1191 926 1216 ἐαυ-

122 1237 195 1269 ub;
211 1237 353 1272 ὲμὸαλεῖν,
380 1237 418 1273 μὴ
441 1237 574 1273 φέροντας
591 1237 638 1264 τὸν
657 1238 734 1272 λιμὸν
750 1237 924 1264 ὲστασῖασαν.

123 1284 154 1311 οι
174 1283 231 1319 μὲν
247 1284 301 1319 γὰρ
324 1285 388 1316 τοὺς
413 1284 548 1319 εὐπόρους
578 1284 616 1315 ὼς
643 1285 707 1318 περὶ
733 1283 778 1309 τὸν
795 1285 866 1309 σῖτον
881 1291 926 1309 κα-

122 1330 322 1367 κουργοῦντας
335 1332 365 1357 ὲν
381 1330 456 1366 αἰτίᾳ
471 1330 632 1365 πεποίηντο,
649 1331 673 1356 οἱ
689 1330 717 1356 δὲ
731 1329 792 1361 τοὺς
805 1330 926 1365 πένητας

123 1377 163 1408 ὥς
187 1376 238 1412 τὴν
254 1377 307 1412 γῆν
323 1377 361 1413 μὴ
377 1376 591 1412 βουλευομένους
603 1376 783 1411 ἐργάζεσθαι.
807 1376 880 1402 Ἰδὼν
896 1376 925 1402 δὲ

121 1424 211 1450 τοῦτο
237 1423 372 1459 Σπούριος
399 1422 534 1455 Μάλλιος,
553 1423 624 1458 ἀνὴρ
653 1423 755 1454 ῖππεὺς
784 1422 923 1455 πλούσιος,

120 1467 271 1503 τυραννίδι
285 1467 491 1503 ἐπικεχείρηκε,
508 1469 554 1494 καὶ
570 1470 644 1495 σῖτον
657 1469 688 1495 ἐκ
707 1468 758 1504 τῆς
769 1468 924 1503 περιχώρου

122 1515 298 1549 πριάμενος,
318 1515 427 1546 πολλοῖς
443 1515 493 1550 μὲν
509 1515 696 1548 ἐπευωνίζων,
712 1515 822 1546 πολλοῖς
835 1515 864 1542 δὲ
878 1516 926 1542 καὶ

121 1562 233 1596 προῖκα
251 1561 349 1593 ὲδιδου,
369 1563 425 1588 κάκ
455 1561 551 1588 τούτου
576 1562 693 1597 συχνοὺς
709 1562 926 1597 προσῳκειωσά-

122 1617 226 1644 μενος,
241 1607 313 1635 ὅπλα
333 1616 363 1634 τε
381 1607 529 1644 ἐπορίσατο
546 1609 594 1634 καὶ
616 1608 764 1644 φρουροὺς,
778 1609 826 1635 καὶ
841 1608 922 1644 ἐκρά-

119 1664 214 1692 τησεν
226 1656 260 1682 ἂν
273 1655 322 1689 τῆς
339 1655 454 1687 πόλεως,
474 1656 499 1682 εί
519 1655 556 1690 μὴ
575 1654 725 1687 Μινούκιος
745 1655 923 1689 Αὐγουρῖνος,

120 1702 198 1737 ἀνὴρ
217 1701 408 1736 εὐπατρίδης,
431 1701 478 1728 ἐπὶ
508 1702 541 1736 τῇ
567 1701 704 1737 σιτοδοσίᾳ
744 1701 924 1736 τεταγμένος,

121 1750 175 1776 καὶ
205 1749 373 1784 αἰτιώμενος
403 1749 449 1775 ἐπὶ
476 1749 509 1783 τῇ
541 1747 670 1784 σιτιδείᾳ,
700 1748 855 1783 εἰσήγγειλε
887 1749 920 1784 τῇ

121 1795 211 1832 βουλῇ
225 1796 257 1822 τὸ
275 1795 474 1831 πραττόμενον.
498 1795 568 1822 Ἡδὲ
589 1795 730 1830 γερουσία,
751 1795 875 1830 μαθοῦσα
891 1796 922 1823 τὸ

121 1844 267 1877 μήνυμα,
298 1841 449 1877 δικτάτορα
477 1840 636 1876 παραυτίκα
664 1841 692 1867 ὲν
718 1841 757 1876 τῷ
793 1842 924 1877 συνεδρίῳ

120 1888 224 1914 ἀνεῖπε
255 1887 303 1913 τὸν
329 1887 458 1913 Κυΐντιον
486 1886 533 1912 τὸν
553 1886 672 1913 Λούκιον
691 1887 738 1913 τὸν
763 1887 921 1919 Κικινάτον,

120 1935 171 1962 καὶ
189 1933 283 1960 ταῦτα
299 1933 442 1968 παρήλικα
458 1933 522 1959 ὅντα
536 1932 779 1967 (ὀγδοηκοντούτης
796 1932 849 1967 γὰρ
865 1930 920 1968 ἦν).

121 1980 217 2007 Κάκεῖ
232 1979 285 2014 τὴν
299 1979 409 2014 ἡμέραν
426 1979 515 2005 πᾶσαν
538 1978 683 2005 ἀνάλωσαν
707 1979 921 2013 συγκαθήμενοι,

120 2026 158 2058 ὦς
172 2036 202 2054 τι
213 2026 248 2060 δὴ
265 2025 466 2060 βουλευόμενοι,
481 2025 522 2051 ἵνα
541 2025 579 2060 μὴ
592 2025 622 2051 τὸ
634 2025 747 2059 γεγονὸς
759 2025 922 2060 ἐκφοιτήσῃ.

120 2073 236 2104 Νυκτὺς
253 2071 283 2098 δὲ
299 2072 313 2098 ὀ
332 2072 470 2107 δικτάτωρ
484 2071 515 2098 τὸ
531 2071 705 2098 Καπιτώλιον
719 2072 766 2097 καὶ
786 2072 820 2097 τὰ
840 2071 922 2099 λοιπά

120 2120 154 2146 τὰ
185 2118 392 2153 ἐπικαιρότατα
410 2118 454 2144 διὰ
477 2118 532 2144 τῶν
559 2117 666 2144 ἱππέων
690 2116 920 2151 προκαταλαϐὼν,

120 2166 210 2193 ἕωθεν
239 2165 288 2192 ἐπὶ
316 2165 363 2191 τὸν
388 2164 509 2191 Μάλλιον
533 2163 641 2198 ἔπεμψε
666 2163 746 2189 Γαῖον
767 2163 922 2198 Σερουΐλιον

121 2214 168 2240 τὸν
181 2213 338 2247 ἵππαρχον,
350 2211 387 2242 ὡς
398 2211 431 2238 δι’
443 2205 506 2237 ἄλλο
514 2219 540 2237 τι
552 2211 657 2236 ἐκεῖνον
669 2209 920 2245 μετακαλούμενος.

128 2258 157 2286 Ὀ
167 2259 197 2286 δὲ
214 2257 442 2292 ὑποιοπήσαντός
454 2266 480 2283 τι
493 2257 539 2283 τοῦ
555 2257 688 2287 Μαλλίου,
703 2257 750 2284 καὶ
764 2256 922 2290 διαμέλλον-

121 2313 167 2338 τος
192 2305 299 2336 δείσας,
316 2305 354 2339 μὴ
375 2305 428 2330 ὑπὸ
452 2304 500 2330 τοῦ
527 2304 648 2338 πλήθους
672 2303 831 2340 ἐξαρπασοῇ
859 2302 919 2340 (ἤδη

123 2351 179 2386 γὰρ
199 2350 376 2386 συνέτρεχον)
397 2350 502 2376 ἔκτεινε
522 2349 568 2375 τὸν
591 2349 687 2385 ἄνδρα,
707 2349 723 2384 ἢ
743 2351 920 2385 αὐτογνωμο-

121 2398 222 2432 νήσας,
239 2397 256 2432 ἢ
270 2396 350 2423 τοῦτο
373 2394 586 2430 κεκελευσμένος
606 2396 673 2430 πρὸς
688 2395 735 2422 τοῦ
751 2396 920 2431 δικτάτορος.

977 1143 1046 1171 foris
1063 1145 1226 1176 constituta,
1245 1148 1320 1172 tanta
1344 1145 1432 1172 fames
1453 1146 1548 1173 urbem
1575 1148 1724 1182 oppressit,
1744 1151 1773 1175 ui

977 1190 1089 1226 quidam
1110 1190 1230 1218 inediam
1243 1199 1297 1218 non
1314 1192 1445 1224 terentes,
1465 1193 1492 1219 in
1507 1192 1610 1219 ﬂumen
1626 1201 1656 1221 se
1671 1194 1770 1228 ριν.)ιοὶ-

978 1237 1108 1272 pitarent.
1134 1238 1213 1266 Unde
1235 1243 1296 1265 orta
1314 1238 1463 1271 seditione,
1485 1246 1622 1274 pauperes
1639 1239 1773 1267 divitibus

977 1290 1094 1311 annona:
1118 1284 1354 1318 suppressionem,
1382 1284 1484 1312 divites
1507 1286 1676 1320 pauperibus
1699 1287 1773 1321 agt-ir

977 1329 1093 1356 cultura:
1114 1330 1268 1365 neglectum
1284 1331 1393 1358 crimini
1418 1331 1530 1358 dabant.
1550 1332 1610 1364 Qua
1632 1331 1669 1359 de
1682 1339 1770 1359 causa

976 1374 1095 1410 Spurius
1121 1375 1217 1403 Melius
1240 1383 1337 1411 eques,
1354 1377 1437 1404 homo
1457 1376 1544 1408 dives,
1571 1382 1729 1411 coemptum
1755 1386 1770 1404 a

977 1421 1103 1448 ﬁnitimis
1122 1421 1306 1454 frumentum,
1332 1423 1393 1450 aliis
1418 1422 1533 1449 minoris
1556 1422 1692 1455 vendidit,
1709 1423 1770 1450 aliis

976 1468 1097 1503 gratuito
1118 1468 1206 1495 dedit.
1225 1469 1318 1502 anue
1331 1476 1361 1495 re
1375 1468 1467 1495 multis
1477 1469 1529 1496 siti
1545 1469 1710 1500 comitialis,
1721 1477 1770 1504 spe

977 1515 1053 1550 regni
1063 1519 1209 1549 concepta,
1219 1522 1295 1541 arma
1303 1519 1331 1542 et
1340 1515 1474 1542 satellites
1483 1515 1667 1550 comparavit.
1679 1515 1769 1550 Atque

977 1562 1046 1588 urbe
1075 1561 1180 1596 potitus
1193 1566 1277 1593 esset,
1311 1562 1364 1589 nisi
1382 1562 1514 1589 Minutius
1541 1562 1710 1596 Augurinus.
1727 1563 1770 1589 vir

976 1607 1120 1641 patricius,
1140 1606 1178 1634 rei
1200 1606 1389 1634 frtnncntaria:
1406 1606 1564 1641 prcel‘ectus,
1584 1614 1647 1634 cum
1661 1608 1697 1634 ob
1719 1615 1768 1633 an-

975 1661 1055 1681 nona:
1070 1653 1214 1688 penuriam
1234 1658 1428 1684 accusaretur,
1449 1661 1507 1680 rem
1531 1653 1564 1680 ad
1580 1658 1707 1680 senatum
1721 1653 1770 1681 de-

976 1700 1093 1727 tutisset.
1133 1699 1185 1732 Qui
1213 1699 1306 1727 statim
1339 1699 1370 1726 L.
1400 1699 1544 1732 Quintium
1570 1699 1766 1727 Cincinnatum

976 1746 1138 1774 dictatorem
1157 1745 1287 1773 dixerunt
1305 1746 1396 1773 virum
1414 1751 1520 1774 exacta:
1543 1747 1643 1780 aetatis,
1666 1755 1769 1774 annum

977 1798 1103 1829 agentem
1129 1798 1306 1828 Lxxx,atque
1328 1793 1356 1820 in
1378 1793 1455 1821 curia
1475 1799 1562 1821 totum
1579 1794 1652 1821 diem
1665 1794 1757 1822 delibo

975 1839 1096 1866 rantium
1113 1839 1206 1873 specie
1224 1839 1429 1871 consederunt,
1445 1847 1478 1866 ne
1493 1839 1519 1866 id
1540 1840 1681 1867 decretum
1696 1840 1770 1868 I‘oras

974 1885 1176 1912 eliiuinaretur.
1188 1884 1277 1912 Noctu
1294 1885 1414 1912 dictator
1427 1886 1598 1920 Capitolium
1614 1892 1642 1913 et
1655 1887 1706 1913 alia
1722 1895 1769 1922 op-

975 1938 1093 1965 portuna
1108 1931 1168 1958 loca
1188 1939 1238 1966 per
1255 1933 1364 1966 equites
1380 1937 1510 1966 occupat.
1530 1932 1608 1959 Mane
1620 1932 1653 1959 C.
1670 1932 1765 1960 Servi-

974 1977 1041 2004 lium
1064 1977 1225 2012 magistrum
1244 1979 1371 2012 equitum
1387 1978 1420 2004 ad
1438 1978 1548 2005 Melium
1566 1978 1661 2011 mittit,
1682 1980 1765 2013 quasi

974 2031 1023 2059 per
1039 2024 1120 2051 aliam
1133 2031 1244 2051 causam
1268 2025 1479 2052 accersendum.
1499 2025 1577 2060 351
1601 2025 1635 2052 At
1653 2026 1698 2052 ille
1713 2025 1767 2052 Me—

975 2071 1044 2097 lium
1058 2070 1162 2105 aliquid
1181 2071 1370 2106 suspicantem
1394 2075 1422 2098 et
1439 2072 1681 2106 tergiversantem,
1696 2072 1768 2098 veri-

974 2122 1018 2144 tus
1034 2125 1068 2144 ne
1084 2125 1220 2144 concursu
1241 2117 1334 2152 populi
1352 2117 1519 2152 eriperetur,
1546 2117 1688 2149 interﬁcit,
1706 2117 1764 2144 sive

973 2168 1071 2197 suopte
1090 2163 1216 2195 consilio,
1234 2163 1292 2190 sive
1307 2162 1451 2190 dictatoris
1468 2163 1560 2197 jussu.
1576 2161 1617 2189 Ob
1632 2162 1705 2196 quod
1723 2162 1764 2189 la-

972 2215 1047 2237 ctutn
1066 2210 1254 2237 tumultuante
1276 2208 1465 2242 multitudine,
1488 2208 1616 2242 Quintius
1632 2209 1766 2235 concione

974 2256 1077 2287 habita,
1099 2262 1126 2284 et
1139 2256 1281 2283 frumento
1304 2256 1465 2288 distributo,
1489 2259 1618 2282 accusata
1636 2254 1765 2281 multato-

972 2311 1026 2338 que
1044 2303 1166 2334 nemine,
1186 2307 1291 2330 motum
1306 2310 1370 2330 cum
1389 2302 1506 2330 sedavit.
1527 2301 1632 2329 Deinde
1647 2301 1764 2328 Ronmni

973 2351 1052 2378 bellis
1085 2350 1162 2384 petiti
1190 2358 1204 2376 ιι
1228 2349 1345 2376 diversis
1367 2349 1508 2384 gentibus,
1529 2353 1642 2376 Cteteras
1670 2348 1765 2382 paucis

973 2396 1070 2424 diebus
1085 2395 1219 2429 vicerunt,
1240 2395 1288 2423 sed
1306 2403 1368 2422 cum
1382 2395 1533 2430 Tyrrhenis
1549 2394 1629 2429 longo
1641 2399 1765 2428 tempore

122 2443 332 2478 Θορυδηοέντος
347 2442 371 2468 δ’
388 2442 435 2468 ἐπὶ
449 2441 537 2477 τούτῳ
553 2441 601 2468 τοῦ
619 2441 750 2476 πλήθους,
766 2443 779 2468 ὁ
792 2443 918 2474 Κοΐντιος

976 2443 1159 2470 deccrtarunt.
1175 2442 1285 2472 Milites,
1303 2449 1365 2468 cum
1383 2441 1563 2469 Posthuntius
1573 2440 1652 2467 vietis
1670 2439 1766 2473 [Equis

121 2488 335 2524 δημηγορήσας,
354 2488 401 2515 καὶ
423 2489 497 2514 σῖτον
522 2488 599 2522 σφίσι
617 2487 780 2524 παρασχὼν,
810 2489 856 2514 καὶ
882 2490 918 2524 μή

123 2545 186 2563 τινα
196 2537 294 2570 ἕτερον
310 2536 326 2570 ἢ
343 2535 473 2567 κολάσας,
490 2535 506 2570 ἢ
521 2535 762 2569 ἐπαιτιασάμενος,
781 2536 827 2562 τὸν
840 2536 920 2572 θόρυ-

123 2580 171 2605 ϐον
185 2579 301 2606 ἔπαυσε.
315 2579 446 2614 Πολέμων
459 2579 486 2605 δὲ
500 2581 557 2610 τοῖς
579 2579 725 2615 Ῥωμαίοις
741 2581 771 2606 ἐκ
782 2580 918 2616 διαφόρων

125 2625 211 2651 ἱθνῶν
228 2625 468 2659 ἐπενηνεγμένων,
483 2626 546 2657 τοὺς
563 2626 613 2661 μὲν
629 2627 658 2653 ὲν
671 2627 779 2660 ὀλίγαις
798 2627 918 2662 ἡμέραις

125 2671 269 2707 ἐνίκησαν,
279 2673 335 2702 τοῖς
349 2671 378 2697 δὲ
391 2672 543 2706 Τυρσηνοῖς
555 2672 601 2698 ἐπὶ
614 2673 720 2707 μακρὸν
730 2671 916 2708 ἐπολέμησαν.

125 2719 296 2754 Ποστουμίου
312 2718 340 2744 δὲ
355 2719 533 2754 νενικηκότος
549 2720 613 2750 τοὺς
639 2720 783 2752 Αίκουοὺς,
803 2720 851 2746 καὶ
870 2729 917 2755 με‹

127 2764 212 2800 γάὶην
241 2765 320 2791 πόλιν
348 2765 455 2796 ἑλόντος
479 2764 582 2797 αὐτῶν,
607 2765 648 2791 ὅτι
672 2765 735 2800 μήτ’
763 2766 871 2800 ἐκείνην
894 2767 918 2792 οἱ

126 2811 295 2846 στρατιῶται
312 2813 352 2844 είς
379 2813 521 2848 προνομὴν
549 2813 771 2848 ἐξεχωρήθησαν,
803 2814 874 2849 μήτε
891 2823 917 2840 τι

124 2857 172 2891 τῆς
193 2858 269 2890 λείας
297 2859 463 2894 αἰτήσαντες
489 2859 597 2891 ἔλαϐον,
618 2861 664 2886 τόν
688 2869 718 2886 τε
745 2861 847 2895 ταμίαν
871 2861 916 2887 τὸν

122 2904 308 2940 διιιιθὲμενον
328 2905 411 2940 αὐτὴν
430 2906 610 2941 περιστάντες
631 2906 790 2940 ἐφόνευσαν,
809 2907 854 2935 καὶ
872 2906 916 2934 τὶν

975 2496 1099 2524 magnam
1113 2496 1210 2516 eorum
1228 2488 1324 2515 urbem
1338 2491 1522 2522 expugnatam
1533 2508 1540 2518 ,
1558 2495 1613 2513 non
1629 2486 1765 2520 diripien—

973 2536 1036 2563 dam
1058 2535 1189 2569 dedisset,
1210 2543 1302 2568 neque
1323 2543 1356 2561 ex
1382 2533 1520 2560 manubiis
1535 2532 1686 2568 quidquam
1699 2539 1765 2558 con-

972 2584 1115 2615 cessisset,
1162 2586 1329 2617 qumstorcm
1373 2580 1515 2616 primum,
1547 2579 1647 2606 deinde
1675 2578 1764 2613 ipsum

972 2629 1053 2656 etiam
1072 2628 1263 2655 Posthuminm
1278 2649 1285 2660 ,
1300 2628 1488 2661 objurgantem
1503 2647 1510 2657 ,
1526 2630 1552 2652 et
1568 2625 1649 2652 aedis
1668 2631 1764 2652 aucto-

972 2683 1015 2702 res
1032 2675 1064 2701 ad
1081 2675 1246 2710 supplicium
1261 2673 1457 2709 postulantem,
1474 2672 1635 2699 occiderunt
1649 2681 1655 2699 :
1673 2679 1763 2707 neque

969 2728 1067 2748 recens
1095 2726 1206 2756 captum
1229 2721 1384 2751 duntaxat,
1410 2719 1457 2746 sed
1483 2727 1592 2746 omnem
1621 2719 1761 2753 publicum

966 2775 1062 2802 agrum
1082 2766 1134 2794 sibi
1156 2767 1344 2794 vindicarunt.
1378 2766 1417 2793 Ae
1441 2766 1571 2793 diuturna
1596 2765 1693 2792 fuisset
1716 2765 1761 2792 illa

966 2814 1079 2847 seditio,
1107 2813 1160 2841 nisi
1187 2813 1250 2841 belli
1273 2815 1307 2840 ab
1329 2813 1428 2848 :Equis
1447 2812 1626 2848 redintegrati
1651 2817 1759 2838 terrore

967 2861 1147 2896 quievisscnt.
1172 2860 1294 2887 Cmdium
1318 2868 1397 2895 poena
1413 2860 1440 2886 in
1463 2859 1560 2894 paucis
1584 2863 1759 2892 consumpta,

969 2907 1061 2935 hostes
1077 2908 1214 2935 vicerunt.
1231 2906 1415 2940 Quamobrem
1432 2911 1559 2941 potentes
1573 2910 1599 2933 ct
1614 2906 1759 2933 manubias
