2018 3146
163 179 209 210 ω)

771 178 973 208 ANNMJUM
993 178 1067 207 LIB.
1088 178 1152 209 Vll.

1742 178 1796 210 610

162 236 235 266 λωνι,
266 234 353 269 εὐχὴν
373 234 455 261 τοῦτο
475 234 540 270 πρὶν
556 234 749 269 ποιῃσάμενος.
781 235 906 261 ’Λνέυετο
926 234 951 260 δὲ

1008 240 1062 258 non
1079 233 1107 259 in
1123 233 1277 267 direptione
1293 233 1381 266 urbis,
1398 232 1446 260 sed
1459 235 1582 267 tempore
1595 231 1688 266 elapso
1704 239 1798 260 excin-

161 281 205 307 καὶ
221 281 354 315 κρατῆρα
368 281 497 315 χρυσοῦν,
514 281 545 306 ὲκ
558 280 605 306 τεῦ
620 281 675 306 τῶν
688 281 827 314 γυναικῶν
849 280 952 314 κόσμου

160 326 360 360 πεποιημένον,
378 326 436 353 ἀνθ’
447 323 478 353 οὗ
495 326 562 360 τιμὴ
579 326 674 358 αὐταῖς
691 327 865 362 παραχρῆμα
883 326 954 360 ter:-

160 381 249 406 ewto.
274 372 305 398 'll
324 372 354 398 δὲ
383 369 427 407 ἦν,
455 372 487 398 τὸ
516 373 560 398 ἐπ’
589 372 734 408 ἐχημάτων
758 373 842 404 αὑτὰς
860 373 888 403 ἐς
904 373 954 402 τὰς

158 418 333 452 πανηγύρεις
365 418 480 453 φοιτᾷν,
509 418 656 454 αὑτοποδίᾳ
686 418 858 454 βαδιζούσαις
887 418 954 453 πρό-

157 473 239 500 τερον
270 466 300 495 ἐς
328 464 424 496 αὑτάς.
442 463 488 499 Τῷ
511 464 540 490 δὲ
557 465 691 500 Καμίλλῳ
723 465 912 500 προσώχθισεν
940 466 954 491 ὁ

158 511 257 546 δῆμος,
273 510 321 536 καὶ
342 511 492 546 ἐνεμέσησε
508 511 537 537 τδ
557 511 618 546 μὲν,
646 511 688 537 ὅτι
707 511 756 547 τὴν
773 511 889 546 δεκάτην
899 511 954 537 τῶν

158 558 291 592 λαφύρων
319 557 371 583 οὐκ
400 558 430 582 ἐν
458 557 497 591 τῷ
521 556 721 592 διαρπάζεσοαι
750 557 856 589 ταῦτα,
887 557 954 584 ἀλλὰ

159 604 259 638 καιροῦ
287 603 473 638 παρελθόντος
494 603 613 635 ἐξείλετο
636 603 675 638 τῷ
700 603 761 639 Θεῷ
776 612 783 620 ·
806 605 836 630 τὸ
858 605 881 631 δ’
912 604 954 630 ὅτι

157 650 191 676 τά
217 659 246 676 τε
273 650 345 676 ἄλλα
378 650 503 684 σοϐαρῶς
531 649 732 684 ὲθριάμῦευσε,
763 651 812 677 καὶ
847 651 954 686 πρῶτος

163 695 315 730 Ῥωμαίων
338 695 426 730 λευκῷ
449 695 593 730 τεθρίππῳ
614 696 649 722 τὰ
671 696 794 723 ἐπινίκια
819 696 953 731 ἔπεμψεν.

163 742 195 768 Ἦ
209 742 238 768 δὲ
254 742 310 768 τῶν
325 743 468 768 ἐπινικίων
488 741 597 776 πομπὴ,
619 742 652 776 ἦν
666 742 713 768 καὶ
735 742 871 777 θρίαμϐον
890 743 955 768 ἑκά-

156 788 231 820 ὶουν,
249 787 342 814 τοιάδε
357 795 399 818 τις
415 788 531 821 ἐγίνετο.
548 787 613 814 Ὀτε
637 796 662 814 τι
685 787 852 823 κατωρϐώθη
870 789 953 823 μέγα,

157 834 205 860 καὶ
216 833 365 860 ἐπινικίων
377 833 498 867 ἐπάξιον,
514 834 694 869 αὐτοκράτωρ
707 835 806 861 αὐτίκα
823 836 838 861 ὀ
853 843 956 870 στρατη

154 881 224 913 ηγέις
239 879 294 906 ὑπὺ
308 879 364 906 τῶν
380 879 555 914 στρατιωτῶν
579 880 736 915 ὠνομάζετο
750 902 757 913 ,
778 881 826 907 καὶ
846 881 954 912 κλῶνας

153 925 262 960 δάφνης
279 925 400 960 περιέδει
427 926 486 957 ταῖς
515 926 635 961 ῥάϐδοις,
664 927 711 953 καὶ
737 929 793 958 τοῖς
813 927 951 962 δρομοκή-

155 970 218 1005 ρυξι
248 970 290 1007 (ι)
316 972 372 1002 τοῖς
394 970 444 1006 τὴν
461 971 540 1006 νίκην
564 973 779 1006 καταγγέλλουσι
798 974 830 1007 τῇ
863 974 950 1006 πόλει,

152 1016 287 1051 κομίζειν
310 1015 406 1042 ἐδίδου.
440 1016 541 1043 Ἐλθὼν
566 1017 594 1042 δὲ
611 1018 701 1044 οἴκαδε
726 1018 775 1053 τὴν
805 1020 951 1053 γερουσίαν

153 1062 333 1098 συνήθροιζε,
351 1063 400 1090 καὶ
421 1063 482 1098 ᾔτει
511 1063 686 1098 ψηφίσασθαί
706 1065 729 1090 οἱ
757 1066 790 1091 τὰ
817 1065 948 1093 ἐπινίκια.

153 1108 212 1135 Καὶ
240 1109 268 1135 εί
297 1107 376 1143 ἔτυχε
399 1108 490 1144 ψήφου
515 1109 591 1143 παρά
613 1117 642 1135 τε
656 1109 706 1143 τῆς
723 1110 822 1144 βουλῆς
840 1111 950 1138 καὶτοῦ

151 1156 267 1191 δήμου,
300 1155 459 1183 {Setiam-310
489 1155 564 1191 αὐτῷ
600 1157 646 1182 καὶ
674 1157 690 1190 ή
729 1158 872 1192 ἐπωνυμία
902 1158 950 1184 τοῦ

153 1202 374 1237 αὐτοκράτορος.
392 1202 446 1228 Καὶ
473 1202 497 1228 εἰ
524 1202 573 1235 μὲν
598 1203 626 1228 ὲν
651 1203 683 1236 τῇ
705 1203 775 1238 ἀρχῇ
799 1201 833 1238 ἦν
854 1203 904 1235 ἔτι,
921 1205 950 1230 ὲν

153 1245 338 1284 ᾗτυγχάνων
354 1248 476 1282 ἐνίκησε,
499 1249 586 1284 ταύτῃ
600 1249 646 1274 καὶ
671 1250 866 1284 πανηγυρίζων
891 1251 951 1276 ἐκέ-

155 1302 252 1329 χρητο.
271 1294 303 1320 Εἰ
325 1294 347 1320 δ’
361 1295 375 1320 ὁ
401 1295 496 1329 χρόνος
516 1295 686 1330 παρελήλυθε
706 1296 754 1330 τῆς
773 1296 869 1331 ἀρχῆς,
886 1297 951 1323 ἄλλο

155 1348 182 1366 τι
212 1341 374 1376 πρόσφορον
391 1341 460 1376 αὐτῇ
476 1341 612 1375 ἐλάμΰανς
643 1343 738 1376 δνομα.
771 1342 875 1379 Ἰδιώτῃ
896 1343 951 1378 γὰρ

155 1387 309 1420 νικητήρια
355 1385 463 1421 πέμψαι
509 1386 654 1422 ἀπείρητο.
699 1388 952 1424 Ἐντκευασάμενος

155 1432 184 1458 δὲ
201 1434 236 1466 τῇ
267 1432 394 1466 ἐπινικίιμ
422 1434 517 1468 σκευῇ,
543 1434 590 1459 καὶ
615 1433 828 1469 περιϐραχιόνια
850 1435 950 1468 λαθὼν.

157 1479 293 1512 στέφανόν
309 1487 338 1505 τε
349 1479 451 1514 δάφνης
471 1479 689 1514 ἀναδησάμενος,
707 1481 755 1507 καὶ
773 1481 871 1508 κλάδον
885 1490 953 1518 κρα-

155 1524 212 1550 τῶν
230 1526 260 1551 ἐν
278 1526 311 1559 τῇ
336 1525 422 1560 δεξιᾷ,
437 1525 482 1552 τὸν
505 1525 592 1560 δῆμον
615 1526 778 1553 συνεκάλει·
803 1529 852 1554 καὶ
873 1528 952 1554 ἐπαι-

156 1572 238 1602 νέσας
280 1572 340 1602 τοὺς
375 1572 663 1607 συστρατευσαμένους
694 1573 769 1608 αὐτῷ
796 1573 951 1610 καὶκοινῇ,

156 1619 206 1644 καὶ
241 1618 297 1653 ἰδίᾳ.
334 1618 429 1650 τινὰς,
468 1618 594 1653 ἐδωρεῖτο
620 1618 670 1654 μὲν
693 1620 769 1653 σφίσι
798 1619 948 1655 χρήματα,

158 1664 241 1699 ἐτίμα
266 1664 295 1690 δὲ
325 1664 374 1690 καὶ
407 1664 524 1698 κόσμῳ,
561 1665 769 1701 περιϐραχιόνιά
808 1666 838 1693 τέ
876 1675 950 1700 τισι,

158 1713 204 1740 καὶ
223 1713 328 1748 δῦρατα
355 1712 472 1747 ἀσίδηρα
500 1714 625 1748 παρεῖχε,
650 1715 697 1740 καὶ
711 1714 860 1749 στεφάνους
893 1716 949 1747 τοῖς

160 1761 210 1796 μὲν
228 1759 361 1795 χρυσοῦς,
380 1760 437 1791 τοῖς
448 1759 476 1785 δὲ
490 1759 629 1794 ἀργυροῦς
652 1759 749 1792 ιδίδου,
776 1759 895 1794 τοῦνομά
920 1769 950 1786 τε

159 1808 278 1834 ἑκάστου
294 1807 403 1841 καὶτῆς
418 1806 558 1840 ἀριστείας
574 1806 719 1841 φέροντας,
736 1806 767 1833 τὸ
784 1807 948 1842 ὲκτύπωμα.

156 1855 188 1881 Εἰ
201 1854 259 1889 γὰρ
277 1852 384 1888 τείχους
398 1860 440 1883 ¹τις
454 1851 560 1887 πρῶτος
575 1852 673 1886 ὲπέόη,
685 1852 733 1879 καὶ
746 1852 852 1887 τείχους
864 1853 878 1879 δ
891 1853 948 1879 στέ-

157 1909 243 1935 φανος
261 1898 331 1930 εἶδος
349 1899 480 1934 ἐφέρετο·
493 1898 510 1933 ἢ
526 1898 574 1925 καὶ
595 1898 807 1933 ἐξεπολιόρκησε
835 1907 873 1931 τι,
903 1899 952 1926 καὶ

155 1947 236 1973 τοῦτο
251 1946 365 1972 κάκεῖνο
379 1945 521 1971 εἱκὸνιστο.
544 1943 749 1978 Ἐναυκράτησέ
763 1952 815 1975 τις,
830 1944 926 1970 ναυσὶν
938 1945 952 1971 ὁ

157 1992 294 2026 στέφανος
311 1990 494 2024 ἐκεκόσμητο.
519 1988 723 2024 ἰπποκράτησέ
737 1996 789 2019 τις,
800 1989 912 2015 ἱππικόν
925 1998 952 2015 τι

155 2037 361 2070 ἑξετετὺπωτο.
385 2035 415 2062 '0
428 2035 457 2061 δὲ
470 2035 584 2070 πολίτην
599 2035 660 2061 τινὰ
676 2035 708 2060 ὲκ
727 2035 828 2070 μάχης,
855 2034 873 2071 ἢ
890 2035 952 2061 ἐτέ-

157 2093 204 2120 ρου
222 2083 365 2115 κινδύνου,
385 2082 402 2117 ἥ
421 2082 452 2108 ἐκ
468 2080 628 2116 πολιορκίας
645 2082 753 2113 σώσας,
781 2080 907 2115 μέγιστόν
922 2089 952 2107 τε

153 2129 210 2165 εἶχε
225 2129 275 2155 τὸν
297 2127 421 2158 ἔπαινον,
438 2127 485 2153 καὶ
503 2125 640 2160 ἐλάμϐανε
658 2126 792 2159 στέφανον
811 2125 954 2160 γινόμενον

153 2179 185 2204 ὲκ
199 2176 300 2211 δρυὸς,
318 2174 347 2206 ὃς
365 2174 435 2200 πολὺ
454 2174 563 2201 πάντων
575 2174 622 2200 καὶ
634 2172 688 2199 τῶν
702 2172 829 2208 ἀργυρῶν
840 2172 886 2198 καὶ
899 2172 954 2198 τῶν

151 2223 267 2260 χρυῖῶν
283 2222 323 2252 ὡς
339 2220 512 2255 ἐντιμότερος
529 2218 727 2255 προτετίμητο.
755 2218 811 2245 Καὶ
841 2219 872 2245 οὐ
892 2219 953 2245 κατ’

150 2271 242 2304 ἄνδρα
267 2267 352 2303 μόνον
370 2266 573 2301 ἀριστεύσαντα
590 2264 678 2291 ταῦτα
692 2265 803 2297 ἐδίδοτο,
817 2264 886 2290 ἀλλὰ
904 2265 951 2291 καὶ

147 2315 258 2351 λόχοις,
271 2314 323 2340 καὶ
338 2311 533 2348 στρατοπέδοις
547 2311 619 2342 ὅλοις
642 2312 798 2345 παρείχετο.
825 2311 879 2337 Καὶ
899 2311 953 2336 τῶν

147 2362 294 2396 λαφύρων
310 2359 396 2385 πολλὰ
413 2358 462 2393 μὲν
488 2359 545 2389 τοῖς
562 2357 813 2392 στρατευσαμένοις
837 2356 956 2383 διανενέ-

147 2417 239 2444 μτιτο.
255 2406 330 2440 Ἤδη
346 2405 373 2431 δέ
387 2412 460 2435 τινες
474 2404 523 2430 καὶ
540 2403 622 2429 παντὶ
651 2402 692 2437 τῷ
719 2402 798 2437 δήμῳ
821 2402 955 2435 διέδοσαν,

145 2455 198 2482 καὶ
213 2451 367 2478 ἐδαπάνων
381 2451 421 2481 είς
435 2450 485 2485 τὴν
505 2449 672 2484 πανήγυριν,
689 2448 738 2474 καὶ
764 2448 952 2483 ὲδημοσίευον.

146 2501 210 2527 Καὶ
221 2498 294 2525 εἴτι
314 2495 520 2531 περιιλέλειπτο
532 2514 540 2528 ,
553 2495 594 2526 είς
607 2495 699 2528 ναοὺς,
712 2495 753 2526 είς
767 2494 857 2526 στοὰς,
873 2494 890 2529 ἢ
905 2494 952 2520 καί

146 2553 173 2571 τι
185 2544 293 2577 ἕτερον
304 2540 436 2575 δημόσιον
448 2539 529 2574 ἔργον
539 2539 695 2574 ἀνήλισκον.
707 2538 790 2565 Ταῦθ’
801 2539 815 2565 ὁ
824 2539 953 2573 πομπεὺς

149 2589 293 2623 ποιήσας,
304 2587 345 2617 είς
358 2586 389 2612 τὸ
409 2585 488 2621 ἅρμα
502 2586 640 2613 ἀνέϐαινε.
657 2585 695 2611 Τὸ
712 2585 740 2612 δὲ
753 2585 784 2619 δὴ
803 2585 880 2620 ἅρμα
892 2585 951 2611 οὔτ’

150 2633 366 2670 ἀγωνιστηρίῳ,
381 2631 445 2658 οὔτε
467 2630 674 2666 πολεμιστηρίῳ
690 2628 724 2666 ἦν
737 2631 867 2665 ἐμφερὲς,
892 2630 949 2657 ἀλλ’

151 2683 180 2712 ἒς
193 2679 307 2713 πύργου
334 2678 500 2714 περιφεροῦς
521 2677 622 2713 τρόπον
655 2675 824 2712 ἐξείργαστο.
841 2676 897 2702 Καὶ
919 2677 950 2703 οὺ

157 2727 239 2762 μόνος
251 2723 286 2761 ἦν
297 2725 328 2751 ὲν
346 2724 386 2759 τῷ
398 2725 503 2759 ἅρματι
515 2742 525 2756 ,
542 2723 600 2750 ἀλλ’
620 2722 653 2750 ἄν
679 2732 711 2758 γε
735 2723 783 2749 καὶ
805 2722 905 2754 παῖδας
932 2723 947 2758 ἧ

1005 283 1097 314 ptam:
1118 284 1176 305 tum
1193 279 1266 313 quod
1285 280 1311 306 in
1327 279 1478 314 triumpho,
1492 285 1593 314 przcter
1611 283 1710 306 «ctera
1725 279 1799 306 inso-

1004 323 1107 350 lentius
1119 329 1192 355 acta,
1206 323 1341 350 candidos
1357 331 1444 358 equos
1463 324 1558 350 currui
1572 324 1721 358 junxisset.
1736 323 1802 350 Fuit

1005 376 1096 398 autem
1123 369 1257 403 triumphi
1285 369 1440 404 bujusmodi
1460 369 1542 396 ratio.
1566 370 1604 396 lle
1624 369 1693 396 bene
1710 374 1799 405 gesta,

1004 418 1136 452 justaquc
1166 420 1244 450 parta
1276 415 1411 446 victoria,
1438 415 1493 442 dux
1521 417 1612 443 statim
1632 424 1646 442 a
1664 416 1800 443 militibus

1004 463 1155 497 imperator
1171 461 1334 496 appellatus,
1348 460 1437 488 fuscus
1451 462 1591 488 laureatos
1604 470 1652 496 per
1666 470 1796 490 cursores

1005 509 1031 536 in
1056 509 1151 536 urbem
1173 508 1309 535 mittebat.
1331 507 1444 534 Domum
1475 516 1622 539 reversus.
1647 514 1799 536 convocato

1004 561 1114 587 senatu,
1126 556 1238 583 decerni
1253 555 1303 582 sibi
1320 555 1489 589 triumphum
1505 556 1636 590 petebat:
1651 564 1682 582 ac
1698 556 1798 583 suifra-

1005 603 1058 637 giis
1076 610 1091 629 a
1118 607 1215 629 senatu
1237 602 1399 636 populoque
1422 601 1597 636 impetratis,
1624 601 1798 635 imperatoris

1005 657 1160 684 cognomen
1187 655 1244 676 tum
1268 649 1294 676 ei
1314 648 1543 676 confirmabatur.
1567 648 1645 680 Quod
1665 647 1687 674 si
1705 647 1797 674 adhuc

1007 696 1198 731 magistratum
1222 703 1321 730 gerens
1342 695 1480 729 aliquem,
1509 694 1629 723 vicerat,
1658 700 1691 720 co
1712 693 1796 720 etiam

1008 743 1035 770 in
1053 743 1216 770 celebritate
1229 743 1368 769 utebatur.
1385 742 1433 768 Sin
1451 746 1560 776 tempus
1575 740 1697 770 exierat,
1723 739 1798 766 aliud

1007 796 1109 815 nomen
1135 787 1188 814 sibi
1221 787 1458 814 accommodatum
1490 785 1658 812 assnmebat.
1687 783 1798 810 Privato

1005 835 1080 862 enim
1116 834 1288 869 triumphare
1324 841 1379 860 non
1407 831 1518 859 licebat.
1545 831 1717 866 Triumphali
1749 830 1799 857 lia-

1007 879 1066 906 bitu
1107 883 1248 910 ornatus,
1292 878 1408 905 armillis
1436 877 1574 911 sumptis.
1617 877 1712 904 laurea
1755 884 1799 903 re-

970 916 991 942 B
1006 925 1135 957 dimittis,
1151 930 1179 952 et
1195 933 1301 952 ramum
1317 924 1414 951 dextra
1427 928 1541 955 tenens,
1571 922 1704 957 populum
1729 929 1798 948 cou—

1007 971 1135 998 vocabat.
1157 970 1189 997 Et
1209 970 1344 997 militibus
1366 969 1496 1004 publice,
1529 966 1694 1002 quibusdam
1713 965 1796 993 etiam

1006 1017 1120 1044 seorsim
1150 1017 1290 1048 laudatis,
1327 1015 1473 1051 pecuniam
1501 1014 1639 1044 donabat,
1668 1016 1798 1040 ct'orna-

1005 1067 1098 1090 menta
1121 1071 1128 1089 :
1154 1062 1235 1097 353
1257 1067 1287 1088 ut
1304 1061 1445 1094 armillas,
1461 1061 1556 1088 hastas
1578 1059 1638 1086 sine
1651 1058 1744 1088 ferro.
1770 1064 1800 1085 ιιι

1005 1115 1123 1136 coronas
1137 1108 1201 1135 aliis
1217 1115 1326 1138 aureas,
1349 1107 1411 1134 aliis
1443 1111 1599 1141 argenteas,
1625 1113 1755 1140 expresso
1771 1107 1799 1131 in

1006 1155 1040 1182 iis
1053 1155 1166 1182 nomine
1181 1159 1209 1182 et
1225 1154 1347 1182 facinore
1371 1153 1435 1180 viri.
1457 1153 1524 1180 Nam
1540 1152 1588 1187 qui
1606 1160 1715 1179 murum
1740 1151 1798 1185 pri-

1006 1207 1067 1226 mus
1081 1199 1299 1231 conscenderat,
1316 1204 1363 1226 aut
1391 1198 1534 1226 castellum
1557 1201 1728 1231 expugnarat
1742 1216 1749 1226 ,
1773 1195 1798 1221 ei

1006 1246 1121 1273 muralis
1133 1250 1161 1273 et
1176 1244 1359 1272 obsidionalis
1373 1244 1500 1271 dabatur.
1514 1243 1564 1276 Qui
1582 1243 1668 1270 classe
1682 1242 1796 1271 vicerat.

1005 1293 1065 1327 ejus
1083 1299 1184 1318 corona
1196 1291 1288 1325 specie
1309 1290 1420 1316 navium
1441 1293 1511 1316 erat.
1538 1289 1565 1314 bi
1578 1288 1684 1322 equetri
1707 1294 1797 1322 pugna

1007 1337 1121 1368 vicerat,
1129 1336 1233 1371 aliquid
1240 1340 1368 1370 equestre
1377 1334 1439 1361 cllin
1448 1335 1571 1370 gebuur.
1579 1334 1648 1367 Quit
1655 1342 1703 1361 ero
1710 1334 1797 1361 civem

1006 1381 1152 1417 iuprmliol
1163 1381 1320 1412 obsidione,
1337 1380 1425 1407 aliove
1441 1379 1565 1414 periculo
1577 1380 1717 1409 liberarat,
1733 1385 1796 1404 emn

1005 1435 1143 1456 summam
1154 1427 1264 1454 laudem
1272 1427 1484 1461 assequebatur,
1499 1431 1556 1452 tum
1572 1432 1703 1460 quernum
1716 1432 1798 1451 coro-

1006 1481 1069 1500 nam
1075 1472 1328 1507 accipiebat,cujus
1336 1472 1425 1498 honos
1433 1471 1563 1497 omnibus
1571 1470 1708 1505 argenteis
1715 1474 1742 1497 et
1751 1477 1799 1496 au-

1006 1520 1061 1548 reis
1070 1519 1277 1554 przel'erebatur.
1290 1518 1351 1545 llazc
1358 1517 1430 1544 dona
1441 1525 1494 1544 non
1504 1517 1607 1544 viritim
1619 1521 1737 1550 tantum,
1749 1516 1797 1543 sed

1006 1571 1035 1594 et
1046 1564 1244 1593 cobortib.tset
1253 1564 1424 1591 exercitibus
1433 1563 1498 1590 totis
1510 1563 1713 1598 praebebantur.
1730 1564 1797 1597 Spo-

1007 1613 1107 1639 liorum
1116 1618 1212 1645 ntagna
1222 1617 1285 1644 pars
1294 1609 1365 1636 inter
1373 1609 1709 1636 militesdistribuebatur.
1723 1608 1796 1635 Fue~

1002 1663 1066 1686 runt
1074 1657 1168 1688 etiam,
1177 1656 1224 1691 qui
1235 1656 1419 1690 totisumptus
1429 1654 1461 1682 ad
1472 1655 1583 1689 specula
1593 1655 1702 1688 publica
1711 1655 1795 1689 largi-

1002 1703 1195 1737 rentnr.Quod
1204 1707 1361 1737 supererat,
1379 1702 1406 1729 in
1423 1701 1498 1733 fana,
1515 1702 1542 1729 in
1553 1701 1688 1736 porticus,
1706 1702 1794 1729 ctalia

1002 1751 1113 1786 publica
1120 1758 1203 1785 opera
1213 1749 1394 1777 conferebant
1413 1747 1654 1783 llistriumphator
1664 1749 1794 1783 peractis,

1002 1805 1115 1826 currum
1123 1796 1339 1828 conscendebat,
1351 1803 1440 1831 neque
1451 1795 1568 1828 bellicis,
1579 1803 1669 1830 neque
1677 1796 1710 1822 iis
1717 1796 1796 1822 simi-

1003 1845 1056 1873 lem
1068 1865 1074 1876 ,
1089 1852 1206 1879 quorum
1221 1843 1248 1870 in
1259 1843 1331 1870 ludis
1346 1850 1412 1870 usus
1428 1848 1479 1875 est,
1492 1842 1539 1870 sed
1554 1843 1640 1869 instar
1652 1842 1737 1870 turris
1748 1850 1796 1870 ro-

1003 1890 1095 1917 tundae
1107 1890 1274 1916 coniectum.
1288 1888 1384 1922 Neque
1397 1889 1473 1915 solus
1484 1896 1516 1915 eo
1526 1888 1678 1915 vehebatur
1693 1908 1700 1915 .
1712 1888 1760 1915 sed
1772 1888 1796 1916 si

1003 1937 1113 1967 liberos,
1124 1940 1307 1970 autcognatos
1313 1935 1419 1969 aliquos
1428 1934 1556 1964 habebat,
1566 1935 1607 1962 vel
1617 1942 1680 1961 suas
1689 1936 1730 1961 vel
1738 1935 1798 1962 illo-

1003 1991 1065 2010 rum
1083 1982 1188 2017 puellas
1197 1987 1225 2009 et
1236 1982 1344 2016 puellos
1361 1982 1389 2008 in
1406 1989 1440 2008 co
1454 1981 1619 2013 collocabat,
1632 1982 1798 2015 grandiores

1003 2025 1226 2062 equisjugalibus
1236 2031 1263 2053 et
1278 2025 1465 2052 anterioribus
1481 2026 1648 2060 imponebat.
1662 2026 1690 2052 Si
1704 2026 1798 2060 plures

1005 2079 1085 2101 erant
1097 2093 1104 2105 ,
1118 2073 1197 2107 equis
1216 2072 1408 2106 singularibus
1422 2072 1557 2099 victorem
1579 2072 1795 2099 comitabanlur.

1005 2120 1173 2148 Czetcrorum
1198 2119 1298 2146 civium
1320 2118 1463 2153 equitabat
1488 2126 1586 2150 nemo,
1607 2118 1656 2146 sed
1681 2118 1795 2146 laureati

1005 2174 1103 2194 muucs
1119 2166 1320 2201 sequebantur.
1346 2165 1423 2192 Unus
1440 2165 1504 2192 item
1523 2165 1650 2199 publicus
1671 2164 1797 2192 minister

1007 2213 1034 2240 in
1052 2214 1113 2247 ipso
1128 2219 1210 2238 rurru
1228 2211 1392 2242 vehebatur,
1407 2218 1537 2238 coronam
1554 2218 1664 2237 auream
1678 2211 1798 2245 gemmis

968 2260 991 2289 υ
1006 2258 1199 2291 interpalatam
1209 2264 1293 2291 supra
1305 2257 1453 2291 caputeius
1464 2261 1571 2288 tenens,
1581 2262 1607 2283 et
1618 2261 1692 2283 retro
1700 2256 1795 2283 videre

1003 2305 1124 2340 jubens:
1151 2310 1206 2338 quo
1227 2302 1378 2333 monebat.
1399 2306 1430 2329 ut
1450 2302 1564 2337 1'9“qu
1597 2303 1660 2330 vita:
1683 2310 1797 2330 cursum

1006 2350 1183 2387 provideret,
1205 2356 1256 2376 nec
1270 2355 1303 2376 eo
1323 2348 1428 2376 honore
1445 2349 1534 2375 elatus
1549 2349 1716 2383 superbiret.
1741 2350 1796 2383 Ap—

1008 2405 1091 2433 pensa
1114 2403 1225 2431 quoque
1240 2400 1300 2422 erat
1317 2395 1414 2423 currui
1434 2395 1496 2422 nola
1511 2400 1539 2422 et
1555 2395 1692 2431 ﬂagellum
1704 2416 1711 2428 ,
1735 2404 1798 2430 qua:

1007 2443 1172 2474 innuebant,
1201 2442 1303 2469 eumin
1325 2445 1415 2468 tantas
1433 2442 1603 2469 calamitates
1620 2449 1700 2476 posse
1728 2442 1798 2469 inei—

1007 2489 1072 2517 dere
1083 2509 1090 2520 .
1109 2493 1138 2515 ut
1157 2492 1205 2515 aut
1218 2487 1311 2523 ﬂagris
1329 2487 1493 2517 caederetur,
1510 2491 1558 2514 aut
1573 2486 1671 2521 capitis
1682 2487 1798 2514 damna-

1006 2541 1095 2565 retur.
1109 2535 1177 2563 Nam
1192 2535 1239 2571 qui
1262 2535 1297 2562 ob
1314 2534 1425 2562 facinus
1442 2539 1569 2562 extremo
1590 2533 1726 2569 supplicio
1740 2534 1801 2561 alli—

1005 2583 1153 2612 ciebantur
1165 2602 1173 2615 ,
1205 2582 1284 2609 nolas
1298 2586 1406 2617 gestare
1428 2581 1555 2609 solebant
1571 2590 1577 2608 :
1595 2588 1630 2608 ne
1644 2580 1706 2615 quis
1723 2581 1796 2608 inter

1004 2629 1139 2661 eundum,
1154 2633 1282 2657 contactu
1295 2629 1405 2656 illorum
1427 2628 1536 2663 piaculo
1552 2635 1581 2654 se
1595 2628 1794 2663 obstringeret.

1006 2676 1052 2704 Sic
1069 2681 1162 2702 autem
1172 2675 1299 2703 exornati
1317 2675 1414 2702 urbem
1432 2674 1660 2709 ingrediebantur
1672 2694 1679 2706 ,
1700 2674 1799 2708 spoliis

1003 2727 1032 2750 et
1053 2721 1175 2749 victoriae
1197 2721 1350 2757 insignibus
1372 2721 1617 2752 antecedentibus,
1641 2721 1669 2748 in
1693 2719 1799 2755 quibus

968 1595 990 1623 C

756 2801 856 2832 Varias
872 2801 1026 2833 lectiones
1049 2804 1079 2833 et
1101 2804 1195 2833 mum.

189 2868 228 2902 (ι)
242 2865 464 2902 Δρομοκήρυξι.
489 2865 658 2900 Tabellariis,
677 2873 730 2901 qua
751 2872 819 2894 voce
839 2873 953 2894 rursum

157 2904 188 2931 ad
202 2902 421 2938 ilarpocration.
437 2909 463 2935 p.
484 2902 548 2928 Q72.

994 2864 1081 2893 utitur
1101 2864 1183 2896 infra,
1215 2864 1264 2892 lib.
1279 2872 1317 2898 ix,
1334 2869 1400 2892 sect.
1418 2863 1522 2894 8.Vidc
1533 2863 1644 2892 llenric.
1659 2863 1798 2891 Valcsium
