2018 3146
278 182 330 212 66⁵1

925 184 1088 216 JOANNIS
1109 185 1268 215 ZONARE

1855 188 1909 219 668

278 239 500 272 prehendissem,
515 241 604 268 omnis
623 240 775 276 eonjuratio
799 240 929 275 dissipata
946 245 998 268 est.
1019 242 1066 269 Se-

1119 241 1173 268 θὼν
1190 242 1218 268 δὲ
1233 241 1313 268 τοῦτο
1329 241 1423 277 Ἕριος
1438 242 1570 274 Ποντίλιος,
1584 243 1599 269 ὀ
1609 243 1659 277 τῆς
1673 243 1800 278 βοηθείας
1813 245 1911 279 ἄρχων

277 287 372 319 quenti
390 290 482 314 aestate
504 287 618 313 Romani
633 291 661 313 et
681 286 922 321 Carthaginienses
940 287 1021 314 simul
1037 292 1066 315 et

279 331 305 357 in
323 331 415 358 Sicilia
431 337 455 358 et
473 333 499 358 in
521 332 647 360 Sardinia
663 333 765 360 bellum
786 339 939 368 gesserunt.
960 334 1065 362 Deinde

278 384 340 402 cum
361 377 472 404 Attilius
500 378 615 406 Latinus
637 379 663 406 in
687 379 807 407 Siciliam
826 381 957 411 venisset,
981 386 1065 415 atque

277 421 464 449 Mutistratum
483 425 578 451 urbem
595 433 610 452 a
626 425 708 453 Floro
733 426 872 453 obsessam
889 427 1039 454 invenisset
1056 435 1064 455 :

277 466 363 500 copiis
391 467 464 494 illius
490 476 566 501 usus,
589 477 651 497 eum
674 472 773 498 mcenia
787 477 967 506 oppugnaret,
985 472 1063 506 oppi~

276 510 340 538 doni
368 513 506 548 principio
530 522 592 542 cutn
619 516 891 550 Carthaginiensibus
904 517 928 544 ei
956 517 1066 544 fortiter

277 556 446 585 restiterunt.
466 558 517 586 Sed
532 561 663 588 uxoribus
683 567 710 588 et
733 563 828 589 libet-is
841 562 1064 591 latnentautilnts.

276 601 376 628 omissa
397 602 568 637 defensione,
582 606 858 642 Carthaginiensibus
870 613 950 634 noctu
961 608 1065 642 digres-

276 647 323 677 sis.
343 648 431 682 primo
445 650 567 678 diluculo
585 657 677 686 portas
690 653 762 680 ultro
771 658 949 688 aperuerunt.
964 654 1064 680 Verum

277 691 392 721 Romani
411 695 536 730 ingressi,
555 698 658 724 nemini
674 704 856 732 pepercerunt
871 708 878 726 :
894 700 981 726 donec
994 699 1065 726 Alti-

277 737 329 765 lius
354 743 526 774 pronuntiari
552 744 643 778 jussit,
661 745 779 778 przcdant
804 750 832 772 et
857 746 985 773 homines
1004 746 1064 780 ejus

276 783 333 812 fore
349 788 395 820 qui
411 789 537 822 cepisset.
557 790 626 817 Tum
643 791 754 818 detnutn
778 792 891 827 reliquis
904 792 1001 827 captis.
1018 801 1065 819 ur-

276 829 337 857 bem
352 832 485 868 direptam
500 835 693 864 incenderunt.

1120 288 1343 322 προσεποιήσατο
1360 290 1529 324 συμφρονεῖν
1557 288 1661 320 αὐτοῖς,
1688 289 1732 316 ἴνα
1763 289 1909 324 ἁκριϐὡσῃ

1119 335 1174 360 πᾶν
1191 335 1221 360 τι
1237 334 1397 370 δεδογμένον
1412 335 1515 366 αὐτοῖς,
1532 336 1579 362 καὶ
1600 335 1662 361 ἐπεὶ
1685 335 1722 371 μὴ
1751 332 1808 367 οἷός
1828 344 1859 361 τε
1875 334 1911 370 ἦν

1119 380 1314 414 καταμηνῦσαι
1337 380 1367 406 τὸ
1385 379 1523 415 βούλευμα
1543 381 1654 414 (πάντες
1669 382 1723 415 γὰρ
1741 381 1808 416 περὶ
1825 381 1910 407 αὑτὸν

1117 423 1188 460 ἦσαν
1205 426 1231 452 οἱ
1251 426 1394 461 Σαμνῖται)
1410 426 1519 452 ἔπεισεν
1532 426 1632 457 αὐτοὺς
1647 427 1745 462 βουλῆς
1767 427 1911 461 ἀγομένης

1117 471 1158 501 είς
1171 471 1220 504 τὴν
1234 471 1338 504 ἀγορὰν
1354 471 1546 505 ἀθροισθῆναι,
1568 471 1615 498 καὶ
1627 472 1795 506 καταϐοῆσαι
1812 471 1911 504 αὑτοῦ,

1117 514 1155 546 ὡς
1172 516 1236 550 περὶ
1251 516 1297 542 τὸν
1310 517 1385 543 οἶτον
1397 517 1605 551 ἀδικουμένους,
1631 517 1714 552 ὅνπερ
1739 517 1910 552 ἐλάμϐανον.

1119 564 1180 590 Τῶν
1202 564 1231 591 δὲ
1245 565 1324 592 τοῦτο
1344 566 1530 600 ποιησάντων,
1556 563 1774 600 μεταπεμφθεὶς,
1802 563 1843 594 ὡς
1866 562 1910 588 αἷ-

1117 617 1174 640 τιος
1189 609 1236 635 τοῦ
1255 609 1383 644 θορύϐου,
1399 610 1529 644 ὲξέςηνεν
1553 610 1644 641 αὐτοῖς
1666 609 1715 644 τὴν
1742 608 1912 643 ἐπιϐουλήν.

1118 655 1172 681 Καὶ
1185 655 1245 681 τότε
1264 655 1313 689 μὲν
1330 656 1523 691 ἡσυχάσαντας
1541 656 1720 690 ἀπέπεμψαν.
1740 655 1851 686 Νυκτὸς
1880 654 1912 680 δὲ

1118 702 1266 728 συνέλαϐον
1282 703 1394 730 ἕκαστοι
1406 704 1460 730 τῶν
1474 704 1591 738 ἐχόντων
1604 704 1716 735 δούλους
1728 703 1804 733 τινὰς
1818 702 1848 735 ἐξ
1860 703 1913 728 αὺ-

1117 745 1182 779 τῶν,
1195 747 1242 773 καὶ
1259 747 1347 779 οὕτως
1363 749 1379 782 ή
1396 749 1471 775 πᾶσα
1492 748 1602 783 διελύθη
1637 747 1804 782 συνωμοσία.
1824 747 1871 781 Τῷ
1887 747 1912 773 δ’

1117 793 1304 829 ἐπιγενομένῳ
1318 794 1393 829 θέρει
1410 794 1439 821 ἐν
1451 803 1481 821 τε
1494 796 1526 829 τῇ
1545 794 1657 829 Σικελίᾳ
1677 794 1725 820 καὶ⁵
1748 795 1779 828 τῇ
1806 793 1914 828 Σαρδοῖ

1117 839 1177 873 ἅμα
1191 841 1364 875 ἐπολέμησαν
1375 841 1400 867 οι
1421 841 1554 875 Ῥωμαῖοί
1566 849 1594 867 τε
1613 841 1660 866 καὶ
1673 841 1697 867 οἰ
1708 840 1911 875 Καρχηδόνιοι.

275 877 330 904 Καὶ
346 880 417 913 μετὰ
429 881 501 908 τοῦτ’
522 883 656 914 ’Ᾱττίλιος
676 885 792 916 Λατῖνος
822 886 851 916 ἐς
873 893 922 919 την
943 885 1068 912 Σικελίαν
1088 886 1186 917 ἐλθὼν.
1224 889 1272 914 καὶ
1293 887 1500 923 Μουτίστρατον
1541 887 1619 915 πόλιν
1648 888 1701 914 ὑπὸ
1732 887 1778 914 τοῦ
1795 886 1912 921 Φλώρου

275 927 512 965 πολιορκουμένην
521 931 621 966 εὑρὼν,
638 934 669 967 τῇ
685 935 846 968 παρασκευῇ
859 935 965 960 ἐκείνου
996 935 1141 970 ἐχρήσατο.
1159 936 1214 962 Καὶ
1244 937 1398 971 προσϐολὰς
1415 937 1481 972 περὶ
1499 937 1530 962 τὸ
1575 938 1665 971 τεῖχος
1692 936 1776 962 αὐτοῦ
1812 943 1914 961 ποιου-

277 974 370 1013 μένου,
389 977 498 1011 πρῶτον
515 978 565 1012 μὲν
597 980 621 1005 οἰ
646 979 790 1014 ἐπιχώριοι
821 981 890 1014 μετὰ
904 980 958 1006 τῶν
982 980 1173 1015 Καρχηδονίων
1207 981 1344 1016 ἠμύνοντο
1377 982 1525 1016 κραταιῶς.
1542 981 1603 1008 Τῶν
1630 982 1656 1008 δὲ
1683 980 1823 1012 γυναικῶν
1857 981 1912 1007 καὶ

274 1020 330 1046 τῶν
346 1022 449 1048 παίδων
466 1024 494 1054 ἐς
511 1023 618 1058 δάκρυα
639 1025 686 1050 καὶ
718 1026 746 1056 ἐς
777 1025 902 1059 οίμωγὰς
939 1026 1144 1061 προαχθέντων,
1181 1027 1232 1053 οὐκ
1266 1027 1408 1061 ἀντέσχον.
1435 1027 1655 1060 ’Υπεξελθόντων
1676 1027 1703 1053 δὲ
1729 1020 1828 1058 νῦκτδς
1852 1027 1914 1053 τῶν

276 1065 482 1101 Καρχηδονίων,
508 1069 565 1103 ἅμα
577 1071 610 1104 τῇ
628 1069 665 1104 ἕῳ
687 1069 737 1101 τὰς
762 1070 850 1102 πύλας
882 1070 1021 1097 ἐθελονταὶ
1056 1072 1082 1097 οἱ
1101 1071 1244 1107 ἐπιχώριοι
1275 1072 1458 1100 ἀνεπέτασαν.
1472 1072 1648 1103 Είσελθόντες
1662 1072 1689 1098 δὲ
1711 1073 1738 1098 οἱ
1759 1072 1912 1106 Ῥωμαῖοι,⁹

277 1115 382 1146 πάντας
398 1115 536 1149 ἐφόνευον·
564 1117 616 1149 ἕως
635 1116 769 1153 ἐκήρυξεν
796 1119 811 1144 6
845 1119 990 1152 Ἀττίλιος,
1013 1119 1063 1153 τὴν
1083 1119 1181 1152 λοιπήν
1213 1127 1243 1145 τε
1275 1119 1350 1146 λείαν
1367 1120 1415 1146 καὶ
1430 1119 1495 1151 τοὺς
1515 1119 1676 1153 ἀνθρώπους
1699 1119 1746 1145 τοῦ
1777 1118 1914 1151 λαϐόντος

276 1159 357 1188 εἶναι.
379 1163 492 1189 "Exta-rs
509 1163 562 1199 γὰρ
578 1164 641 1195 τοὺς
657 1164 767 1196 λοιπούς
786 1173 816 1191 τε
832 1165 1007 1200 ἐζώγρησαν,
1019 1166 1066 1192 καὶ
1084 1166 1134 1201 τὴν
1152 1165 1230 1192 πόλιν
1247 1166 1501 1201 προδιαρπάσαντες
1514 1167 1704 1203 κατέπρησαν.

311 1208 368 1236 Xll.
386 1210 452 1237 inde
471 1211 645 1238 Camarinam
672 1212 904 1248 incircumspecte
933 1214 1064 1248 aggressi,
1083 1218 1102 1246 Β

276 1262 358 1291 atque
376 1258 402 1283 in
420 1257 479 1284 loca
501 1257 609 1284 insidiis
621 1263 753 1293 occupata
769 1259 885 1294 delapsi,
904 1267 1000 1286 omnes
1017 1267 1064 1294 pe—

276 1305 388 1336 rissent,
405 1305 456 1332 nisi
476 1305 510 1331 M.
526 1304 719 1339 Calphurnius,
735 1306 861 1333 tribunus
875 1305 1006 1338 militum,
1019 1315 1064 1333 ea-

276 1349 428 1377 lamitatcm
454 1358 513 1377 eam
546 1356 606 1378 arte
636 1352 810 1379 correxisset.
838 1352 905 1379 Nam
940 1360 1003 1380 cum
1031 1360 1065 1378 ex

276 1396 404 1423 omnibus
417 1404 501 1423 unum
516 1397 652 1424 tumulum
669 1397 705 1424 ob
718 1398 899 1433 praecipitium
913 1406 966 1425 non
982 1406 1065 1425 occu-

275 1446 368 1476 patum
380 1442 503 1476 vidisset,
518 1451 565 1472 ccc
591 1443 676 1478 389
688 1451 703 1470 ο
721 1444 833 1471 consule
850 1444 951 1471 milites
965 1444 1044 1478 petiit
1057 1453 1064 1471 :

275 1494 345 1520 quos
368 1495 430 1514 cum
448 1496 564 1522 propere
591 1489 636 1515 illo
658 1488 829 1520 adduxisset.
846 1494 876 1516 ut
892 1489 1018 1517 hostibus
1037 1490 1064 1516 iu

276 1541 304 1559 se
320 1534 472 1565 conversis,
485 1534 579 1561 caeteri
598 1533 763 1569 effugerent,
781 1543 836 1561 non
857 1534 988 1569 deceptus
1010 1539 1063 1562 est.

275 1578 344 1605 Nam
361 1579 457 1606 hostes
483 1587 579 1606 eoruut
606 1580 709 1614 impetu
727 1580 855 1614 perculsi,
874 1581 987 1608 consule
1003 1589 1066 1608 cum

277 1626 335 1652 suis
367 1630 397 1652 ut
415 1626 471 1659 jam
494 1625 582 1660 captis
619 1625 733 1657 relictis,
754 1630 849 1652 contra
866 1625 1065 1660 Calphurnium

278 1676 480 1698 concurrerunt
504 1675 555 1698 :et
581 1671 668 1698 atroci
692 1679 782 1707 pugna
803 1672 961 1704 commissa,
987 1673 1066 1700 multi

277 1717 360 1743 ctiam
373 1725 406 1744 ex
419 1717 482 1749 illis,
496 1717 543 1744 sed
557 1717 595 1747 illi
618 1725 666 1744 ccc
686 1725 783 1744 omnes
800 1718 952 1752 perierunt,
968 1726 1068 1753 pra-ter

279 1770 363 1788 unum
380 1763 580 1797 Calphurnium
595 1773 601 1789 :
626 1763 672 1797 qui
695 1772 756 1790 cum
777 1772 830 1798 pra:
846 1764 1008 1791 vulneribus
1024 1765 1066 1791 in-

278 1814 335 1835 star
356 1810 456 1836 mortui
484 1809 557 1836 inter
569 1809 702 1837 cadavera
725 1810 869 1845 jacuisset,
896 1810 991 1838 vivens
1019 1819 1065 1838 re-

279 1860 382 1889 pertus.
406 1856 493 1882 evasit
515 1856 670 1883 incolumis.
694 1857 800 1884 Interea
820 1865 886 1884 vero
918 1857 984 1884 dum
1020 1865 1067 1885 ccc

1154 1213 1203 1239 IB'.
1227 1214 1350 1240 Ἐκεῖθεν
1371 1214 1395 1240 δ’
1427 1215 1475 1241 ἐπὶ
1503 1215 1665 1250 Καμερίναν
1692 1215 1912 1250 ἀπερισκέπτως

1116 1260 1258 1294 γενόμενοι
1277 1263 1306 1290 ἐς
1323 1260 1411 1295 χωρία
1433 1260 1669 1296 προλελοχισμένα
1688 1262 1830 1288 ἐνέπεσον·
1860 1263 1911 1288 καὶ

1117 1306 1233 1332 πανσυδὶ
1247 1306 1280 1332 ἂν
1297 1306 1470 1342 ἐφθάρησαν,
1489 1308 1513 1333 εί
1526 1308 1564 1342 μὴ
1579 1308 1692 1342 Μάρκος
1715 1308 1911 1343 Καλπούρνιος

1118 1350 1268 1386 χιλιαρχῶν
1285 1351 1366 1387 σοφίᾳ
1384 1352 1500 1386 μετῆλθε
1516 1353 1546 1379 τὸ
1566 1353 1738 1389 δυστύχημα.
1762 1354 1836 1381 Ἰδὼν
1853 1354 1909 1389 γάρ

1116 1406 1178 1424 τινα
1188 1397 1243 1423 τῶν
1259 1398 1340 1433 πέριξ
1355 1398 1445 1432 λόφων
1467 1399 1549 1433 μόνον
1574 1399 1627 1426 ὑπὸ
1653 1400 1701 1426 τοῦ
1726 1400 1910 1435 κρημνώδους

1118 1443 1157 1478 μὴ
1178 1444 1463 1479 προκατειλημμένον,
1489 1445 1602 1476 ὁπλίτας
1632 1446 1810 1480 τριακοσίους
1830 1447 1910 1481 παρὰ

1117 1488 1164 1514 τοῦ
1186 1489 1289 1514 ὑπάτου
1314 1490 1444 1524 ᾐτήσατο,
1470 1490 1518 1516 καὶ
1547 1491 1595 1516 σὺν
1624 1491 1716 1521 αὐτοῖς
1742 1492 1786 1516 ἐπ’
1801 1491 1909 1517 ἐκεῖνον

1116 1533 1257 1568 ὥρμησεν,
1287 1533 1320 1560 ἶν’
1335 1535 1359 1560 οἱ
1374 1535 1487 1568 πόλεμοι
1516 1534 1584 1570 πρὸς
1612 1535 1713 1566 αὐτοὺς
1731 1535 1908 1570 τράπωνται,

1118 1580 1268 1607 κάντεῦθεν
1283 1581 1308 1606 οί
1335 1581 1425 1607 λοιποὶ
1450 1580 1606 1614 διαφύγωσι
1618 1589 1625 1596 ·
1639 1581 1686 1608 καὶ
1700 1581 1779 1616 ἔσχεν
1805 1582 1908 1614 οὕτως.

1124 1626 1167 1657 Ὡς
1180 1626 1234 1660 γὰρ
1247 1626 1296 1660 τὴν
1314 1625 1404 1660 ὁρμὴν
1419 1626 1511 1652 αὐτῶν
1528 1624 1598 1652 εἶδον
1613 1627 1637 1652 oi
1659 1627 1786 1657 ἐναντίοι,
1802 1627 1910 1655 ἐκπλα-

1118 1671 1222 1705 γέντες,
1238 1671 1285 1697 τὸν
1313 1672 1362 1706 μὲν
1384 1671 1488 1698 ὕπατον
1514 1673 1562 1698 καὶ
1579 1674 1642 1704 τοὺς
1674 1673 1738 1706 περὶ
1756 1673 1853 1705 αὑτὸν,
1871 1673 1909 1704 ὼς

1117 1718 1167 1753 ήδη
1185 1718 1352 1749 ἑαλωκότας,
1378 1718 1534 1750 κατέλιπον,
1552 1719 1599 1744 ἐπὶ
1614 1718 1641 1744 δὲ
1656 1718 1701 1744 τὸν
1716 1718 1910 1753 Καλπούρνιον

1118 1763 1298 1798 συνέδραμον.
1313 1763 1368 1789 Καὶ
1398 1764 1488 1798 μάχης
1505 1764 1619 1798 ἰσχυρᾶς
1641 1763 1797 1797 γεγονυίας,
1814 1764 1911 1790 πολλοὶ

1120 1809 1170 1844 μὲν
1185 1809 1332 1841 κάκείνων,
1350 1809 1450 1841 πάντες
1464 1809 1486 1835 δ’
1501 1810 1524 1835 οί
1549 1810 1702 1844 τριακόσιοι
1719 1810 1819 1837 ἔπεσον
1831 1819 1840 1826 ο
1860 1811 1910 1843 μό-

1117 1863 1162 1886 νος
1176 1855 1205 1881 δὲ
1216 1855 1420 1890 περιεσὲσωστο
1442 1856 1455 1881 6
1477 1855 1679 1890 Καλπούρνιος,
1697 1857 1814 1890 τρωθεὶς
1833 1856 1886 1892 μέν
1901 1866 1908 1873 ·

279 1905 409 1935 pugnant,
425 1901 508 1928 etiam
533 1902 628 1929 consul
653 1901 777 1933 Attilius,
800 1903 903 1929 evitato
929 1903 1063 1937 periculo,

1119 1900 1207 1927 λαθὼν
1230 1901 1253 1927 δ’
1275 1902 1304 1927 ἐν
1323 1902 1380 1932 τοῖς
1407 1903 1516 1936 νεκροῖς
1544 1902 1671 1936 κείμενος
1685 1902 1737 1928 ὑπὲρ
1749 1903 1804 1928 τῶν
1817 1912 1911 1938 τραυο

277 1946 422 1973 Camarina
438 1952 465 1974 et
487 1947 548 1974 aliis
572 1948 686 1974 urbibus
703 1948 802 1982 partim
815 1948 851 1980 vi,
868 1949 967 1983 partim
987 1949 1065 1976 dedi-

279 2000 353 2019 tzonc
382 1993 513 2025 subactis,
539 1993 572 2020 ad
598 1993 726 2028 Liparum
747 1994 932 2028 proficiscitur
956 2005 962 2022 :
983 2003 1064 2030 quam

277 2046 339 2065 cum
363 2038 499 2066 Hamilcar
524 2040 593 2066 clam
617 2045 699 2067 noctu
713 2046 885 2074 occupasset,
901 2041 992 2068 subita
1003 2050 1067 2068 cru-

279 2085 372 2119 ptione
395 2086 476 2117 (acta,
494 2087 595 2114 multos
611 2087 726 2114 excidit.
744 2087 827 2114 Caius
843 2095 909 2114 vero
933 2087 1067 2122 Sulpitius

278 2139 333 2158 non
347 2132 428 2158 modo
444 2132 577 2160 Sardinia!
603 2135 734 2168 pleraque
751 2134 810 2160 loco
837 2133 980 2161 infestavit
995 2142 1002 2160 :
1018 2133 1065 2161 sed

277 2178 450 2205 successibus
472 2179 570 2210 elatus,
594 2179 677 2206 etiam
693 2185 789 2206 contra
813 2179 924 2214 Libyam
954 2181 1006 2207 iter
1022 2181 1065 2208 in-

279 2224 376 2250 tendit.
410 2224 449 2250 Ac
465 2217 707 2259 Carthaginienses
735 2233 797 2252 cmn
824 2225 959 2252 Annibale
977 2227 1065 2253 solve-

280 2273 353 2298 runt,
369 2270 462 2303 patrize
478 2275 631 2297 metuentes
645 2280 651 2297 ι
665 2271 712 2297 sed
726 2276 807 2298 vento
820 2272 936 2298 adverso
952 2272 1065 2306 repulsi,

278 2315 360 2342 ambo
375 2321 557 2344 recesserunt.
586 2317 691 2344 Deinde
714 2318 826 2344 Attilius
843 2318 1005 2344 Annibalem
1018 2326 1067 2353 per

279 2362 447 2389 subornatos
459 2363 623 2398 transfugas,
643 2368 771 2398 tanquam
791 2363 883 2390 denuo
904 2364 930 2390 in
946 2363 1065 2393 Africam

279 2410 466 2444 navigaturus.
486 2409 603 2444 decepit.
622 2409 690 2437 Cum
705 2410 789 2444 igitur
803 2410 931 2438 celeriter
948 2418 963 2437 e
981 2415 1062 2445 portu

278 2456 414 2488 solvisset,
429 2455 564 2490 Sulpitius
575 2461 671 2482 contra
682 2463 746 2482 eum
762 2456 898 2488 invectus,
918 2457 1064 2491 plerasque

277 2510 361 2530 naves
382 2503 454 2537 ejus,
480 2510 535 2536 pra:
554 2502 669 2536 caligine
692 2502 738 2529 diu
766 2502 923 2537 ignorantes
940 2503 1004 2536 quid
1027 2503 1065 2529 rei

276 2555 361 2578 esset.
383 2556 415 2576 ac
442 2549 576 2580 turbatas,
599 2548 731 2575 demersit
753 2557 759 2575 :

278 2596 468 2631 profugerunt.
478 2599 561 2630 atque
574 2595 669 2622 inanes
680 2598 766 2629 capta:
778 2599 853 2620 sunt.
869 2594 935 2621 Nam
947 2594 1064 2621 Annibal

279 2649 340 2668 cum
359 2647 467 2676 portum
494 2649 548 2668 non
579 2645 667 2668 tutum
686 2648 746 2667 esse
762 2639 878 2670 videret,
898 2639 932 2666 iis
952 2639 1064 2670 relictis.

280 2687 307 2713 in
331 2687 425 2714 urbem
451 2687 548 2715 Sulcos
565 2695 595 2715 se
612 2687 729 2714 contulit
751 2695 757 2713 :
775 2685 868 2720 ibique
887 2689 947 2712 orta
971 2690 1066 2711 contra

280 2740 342 2759 cum
362 2732 496 2759 seditione
510 2731 788 2767 Carthaginiensium,
806 2738 868 2757 cum
882 2730 957 2757 solus
972 2730 1004 2756 ad
1020 2737 1067 2757 eos

282 2778 438 2813 prodiisset,
458 2779 550 2812 periit.
565 2778 604 2806 Ex
618 2787 652 2806 eo
666 2783 789 2812 tempore
807 2777 923 2804 Romani
942 2777 1068 2804 securius

281 2833 362 2861 agros
384 2824 557 2860 populantes,
581 2825 613 2852 ab
632 2824 764 2851 llannone
789 2823 853 2850 victi
868 2827 940 2850 sunt.
960 2823 1022 2849 llaac
1034 2830 1068 2850 eo

282 2880 354 2898 anno
380 2876 454 2907 gesta
477 2875 542 2898 sunt
560 2880 567 2898 :
587 2876 614 2897 ct
639 2871 812 2898 continenter
832 2869 936 2904 lapides
952 2868 986 2895 de
998 2869 1068 2895 coelo

285 2917 365 2946 simul
383 2917 486 2953 plures,
507 2916 648 2953 grandinis
670 2917 766 2950 instar,
787 2916 879 2943 Roma:
896 2914 1067 2942 dccidumnt.

1118 1949 1221 1982 μάτων,
1234 1948 1271 1980 ὡς
1294 1949 1441 1985 τεθνηκὼς,
1460 1950 1526 1976 ἔνθα
1557 1949 1626 1982 ζωὸς
1651 1950 1776 1984 εὑρεθεξ
1803 1950 1909 1984 ἐσώθη.

1123 1995 1168 2021 Ἐν
1220 1995 1242 2021 δ’
1253 1995 1278 2021 οἱ
1305 1996 1457 2030 τριακόσιοι
1477 1996 1622 2030 ἐμάχοντο,
1639 1997 1653 2022 6
1673 1995 1775 2028 ὕπατος
1794 1997 1909 2031 ἀπεχώ-

1119 2048 1195 2075 ρησε.
1219 2041 1364 2075 Διαφυγὼν
1387 2042 1410 2068 δ’
1425 2041 1522 2073 οὕτως,
1540 2042 1588 2076 τήν
1612 2050 1642 2068 τε
1666 2042 1830 2076 Καμαρῖναν
1861 2043 1908 2068 καί

1117 2085 1199 2117 ἄλλας
1224 2087 1317 2118 πόλεις
1340 2087 1390 2118 τὰς
1409 2087 1458 2122 μὲν
1493 2087 1548 2122 βίᾳ,
1579 2087 1628 2118 τὰς
1652 2086 1682 2113 δὲ
1702 2087 1749 2114 καὶ
1773 2087 1910 2122 ὁμολογίᾳ,

1120 2132 1319 2167 παρεστήσατο.
1344 2132 1485 2160 Ἐντεῦθεν
1507 2133 1554 2158 ἐπὶ
1567 2132 1616 2166 τὴν
1632 2133 1761 2168 Λιπάραν
1777 2132 1910 2168 ὥρμησεν

1117 2179 1131 2204 ὁ
1155 2178 1295 2210 Ἀττίλιος.
1318 2179 1425 2209 Νυκτὸς
1449 2178 1479 2204 δὲ
1501 2179 1590 2205 λαθὼν
1612 2179 1802 2214 προκατέσχεν
1823 2180 1910 2214 αὐτὴν

1117 2225 1130 2250 6
1165 2224 1296 2258 Ἀμίλκας
1314 2233 1321 2240 ·

1117 2270 1265 2305 διέφθειρε.
1286 2271 1365 2301 Γάϊος
1391 2271 1420 2298 δὲ
1443 2271 1605 2302 Σουλπίκιος
1621 2270 1670 2305 τῆς
1690 2279 1719 2296 τε
1740 2271 1862 2306 Σαρδοῦς
1876 2272 1909 2298 τὰ

1118 2317 1232 2343 πλεῖστα
1257 2317 1421 2352 κατέδραμε,
1447 2317 1495 2343 καὶ
1523 2317 1733 2351 ὑπερφρονήσας
1753 2318 1786 2342 ὲκ
1799 2317 1908 2348 τούτου,

1118 2362 1248 2397 ὥρμησεν
1268 2362 1316 2389 ἐπὶ
1338 2362 1387 2398 τὴν
1416 2362 1529 2397 Λιϐύην.
1548 2362 1602 2389 Καί
1625 2362 1740 2397 ἀπῆραν
1757 2362 1807 2396 μὲν
1823 2364 1873 2388 καὶ
1885 2363 1909 2388 ot

1118 2409 1300 2444 Καρχηδόνιοι
1321 2409 1370 2435 σὺν
1384 2408 1423 2444 τῷ
1446 2408 1566 2443 ’Λννίϐᾳ,
1580 2409 1644 2443 περὶ
1665 2409 1721 2439 τοῖς
1741 2408 1813 2434 οἴκοι
1836 2408 1908 2434 δεδόο

1117 2464 1174 2486 τες.
1197 2455 1440 2486 ’Δντιπνεύσαντος
1454 2454 1484 2480 δὲ
1513 2454 1669 2488 πνεύματος
1697 2454 1807 2488 σφίσιν,
1824 2455 1908 2488 ἄμφω

1118 2500 1309 2536 ὑπεχώρησαν.
1336 2502 1391 2527 Καὶ
1426 2501 1496 2535 μετὰ
1515 2500 1600 2527 ταῦτα
1627 2499 1728 2534 ἔσφηλε
1756 2500 1801 2526 διά
1825 2508 1909 2526 τινων

1347 2225 1396 2250 καὶ
1427 2225 1581 2255 ἐπεξελθὼν
1609 2224 1765 2257 αῐψνιδίως,
1791 2225 1908 2256 πολλοὺς

785 2548 898 2583 reliqua:
914 2549 946 2575 ad
963 2553 1062 2575 terram

1119 2547 1340 2582 ψευδαυτομόλων
1361 2548 1406 2574 τὸν
1427 2547 1552 2574 Ἀννίϐαν
1566 2548 1580 2573 ὁ
1600 2547 1742 2577 Ἀττίλιος,
1760 2546 1797 2577 ὡς
1812 2546 1842 2576 ἐς
1858 2547 1909 2579 τὴν

1119 2593 1223 2628 Λιϐύην
1257 2592 1336 2622 αὖθις
1362 2593 1558 2628 πλευσόμενος.
1574 2592 1679 2628 Σπουδῇ
1704 2601 1734 2618 τε
1759 2589 1807 2618 οὖν
1831 2592 1909 2626 αὐτῴ

1120 2639 1294 2675 ἒξαναχθέντι
1327 2639 1495 2670 ἐπιπλεύσας
1524 2640 1539 2665 ὸ
1573 2639 1747 2670 Σουλπίκιος,
1780 2639 1831 2669 τὰς
1857 2638 1910 2672 μὲν

1120 2684 1232 2715 πλείους
1248 2684 1304 2710 τῶν
1327 2685 1395 2711 νεῶν
1408 2684 1560 2718 ἁγνοοὺσας
1577 2684 1629 2710 ὑπὸ
1644 2684 1760 2719 ὁμίχλης
1776 2684 1823 2710 ἐπὶ
1840 2684 1911 2710 πολὺ

1119 2732 1150 2757 τὸ
1167 2731 1320 2765 γινόμενον,
1345 2731 1393 2757 καὶ
1419 2731 1624 2766 ταραττομένας
1651 2730 1796 2757 κατέδυσεο
1810 2730 1861 2761 τὰς
1880 2730 1912 2756 δὲ

1120 2775 1215 2805 λοιπὰς
1238 2774 1447 2808 καταφυγούσας
1469 2775 1498 2805 ἐς
1519 2776 1571 2809 τὴν
1590 2775 1643 2808 γῆν
1666 2776 1748 2805 κενὰς
1772 2772 1855 2800 εἷλεν.
1880 2774 1915 2799 ’0

1120 2821 1175 2855 γὰρ
1195 2820 1329 2852 Ἀννίϐας,
1354 2820 1405 2846 οὐκ
1420 2819 1530 2854 ἀσφαλῆ
1544 2820 1590 2846 τὸν
1617 2820 1713 2855 λιμένα
1728 2820 1809 2855 ὁρῶν,
1826 2828 1915 2845 κατα-

1120 2865 1206 2892 λιπὼν
1228 2866 1312 2897 αὑτὰς
1332 2866 1507 2901 ἀνεχώρησεν
1529 2867 1569 2897 είς
1589 2866 1665 2892 πόλιν
1685 2865 1830 2897 Σουλκούς.
1849 2865 1903 2890 Ἔν

1122 2913 1155 2939 θα
1178 2913 1382 2940 στασιασάντων
1399 2911 1468 2947 πρὸς
1485 2911 1566 2938 αῢτὺν
1587 2911 1793 2947 Καρχηδονίωι,
1809 2910 1911 2945 προῆλ-
