2018 3146
237 147 292 179 633

887 143 1008 174 JOANN
1014 143 1049 173 IS
1068 142 1229 174 ZONAIUE

1809 142 1867 173 684

240 205 375 234 rationem
390 204 500 242 adigere
513 206 669 234 voluerunt.
687 203 801 231 Romani
815 203 892 238 prius
906 207 1029 238 acceptas

1081 203 1199 238 χηδόνιοι
1216 203 1245 234 ἐς
1258 201 1364 229 τελείαν
1389 201 1544 235 ἀπόγνωσιν
1565 200 1629 232 τοὺς
1651 199 1805 236 Ῥωμαίους
1819 199 1868 226 τοῦ

239 251 331 279 clades
343 253 476 280 resarcire
487 251 664 278 studuerunt.
682 249 736 277 Sed
749 255 833 284 penes
846 249 897 277 hos
912 249 1027 277 victoria

238 298 300 327 fuit.
325 298 392 326 Nam
405 296 672 332 Carthaginiensium
699 303 802 329 naves,
834 300 934 332 prater
959 295 1028 323 alias

238 344 371 375 sarcints,
389 343 558 370 frumentum
576 346 605 369 et
633 342 778 376 pecuniam
807 341 947 373 vehentes,
964 348 1026 376 gra-

239 389 383 416 vabantur.
413 388 511 414 Hanno
539 387 669 422 elapsus,
703 387 795 414 statim
832 386 1025 422 Carthaginem

238 433 406 469 properavit.
425 432 476 459 Sed
498 439 513 459 a
529 432 638 459 civibus
652 432 794 459 iracundia
811 436 839 459 et
861 435 935 458 metu
950 437 1026 458 com-

238 479 329 511 motis,
354 479 381 505 in
402 485 513 505 crucem
529 483 607 506 actus
628 483 681 509 est,
698 483 727 505 et
746 478 826 512 legati
848 477 882 504 de
906 484 972 512 pace
992 477 1026 503 ad

237 526 363 553 Catulum
383 526 469 552 missi.
487 525 538 558 Qui
556 525 630 560 quod
650 529 677 552 et
709 531 800 551 annus
814 524 873 559 ejus
886 524 942 558 jam
956 529 1026 557 pene

237 572 352 604 exierat,
377 578 467 606 neque
488 571 565 598 brevi
584 576 707 606 tempore
724 569 898 605 Carthaginis
919 570 1027 596 exscin-

237 618 335 645 dendae
359 626 435 653 spem
464 618 593 648 habebat,
617 621 645 644 et
674 616 885 644 successoribus
911 615 1025 651 gloriam

237 664 362 691 laborum
380 671 493 691 suorum
507 663 660 695 invidebat,
677 670 692 689 a
712 669 779 697 pace
793 670 847 689 non
863 662 1025 692 abhorrens,

238 711 364 738 inducias
379 710 453 743 fecit,
472 710 600 746 pecunia,
616 709 754 736 frumento
762 713 789 736 et
800 708 942 736 obsidibus
950 715 1028 735 acce-

237 757 303 792 ptis,
324 761 354 784 ut
378 757 492 784 Romam
515 757 619 791 legatos
633 756 790 788 mitterent;
807 763 840 782 ea
855 754 1025 785 conditione,

238 808 269 830 ut
286 807 341 831 tota
356 803 449 830 Sicilia
466 807 492 829 et
505 801 635 830 omnibus
651 801 913 836 circumiacentibus
929 799 1026 827 insulis

238 849 368 877 Romanis
382 849 522 881 cederent,
538 855 626 883 neque
644 847 966 874 Hieronemlaeesserent
984 851 1026 874 :et

235 895 382 929 pecuniam
394 894 492 929 partim
508 881 660 929 pace—facta
671 893 776 925 statim,
793 892 889 927 partim
906 898 1028 926 postnu-
1044 881 1064 908 Β

237 946 377 969 merarent
395 950 402 969 :
423 945 452 968 et
474 941 613 968 Romanos
630 939 753 975 captivos
770 938 856 974 gratis
869 937 1027 970 redderent,

237 997 302 1017 suos
311 995 375 1016 vero
385 985 757 1021 redimerent.’l‘alipactione
766 984 836 1012 facta
845 984 942 1019 (solam
954 983 1027 1011 enim

237 1035 289 1062 sub
298 1036 393 1070 jugum
406 1033 546 1061 missionis
555 1032 732 1068 ignominiam
741 1031 858 1058 Amilcar
867 1031 1029 1065 deprecatus

236 1081 291 1115 est)
308 1078 444 1106 militibus
460 1085 476 1105 e
498 1077 700 1105 munitionibus
715 1075 834 1108 eductis,
851 1074 963 1102 domum
984 1082 1029 1101 re-

237 1126 299 1158 diit,
320 1126 482 1160 priusquam
503 1123 699 1160 jusjurandum
721 1121 843 1149 daretur.
867 1120 919 1154 Qui
936 1120 1029 1148 Romae

237 1176 327 1204 erant,
351 1171 466 1198 victoria
492 1170 622 1198 celeriter
647 1168 767 1204 cognita,
793 1167 832 1195 ita
857 1172 923 1194 sunt
946 1165 1030 1201 399

236 1219 337 1246 animis
354 1217 431 1248 elati,
444 1217 522 1251 quasi
545 1215 626 1251 plane
649 1214 817 1242 debellatum
839 1217 937 1241 esset:
955 1212 1029 1246 lega-

239 1265 328 1300 tisque
347 1263 542 1299 prasentibus,
563 1269 592 1289 se
615 1269 670 1289 non
682 1261 802 1296 amplius
823 1260 966 1287 continere
980 1265 1029 1293 po-

239 1315 362 1341 luerunt,
386 1317 435 1344 spe
462 1310 547 1336 totius
568 1307 669 1334 Africae
692 1306 861 1341 occupandae
880 1309 1027 1339 concepta.

238 1355 334 1391 Itaque
358 1353 564 1382 conditionibus
586 1361 602 1380 a
623 1360 676 1380 con
696 1352 789 1379 ulibus
808 1350 959 1386 propositis
972 1357 1028 1378 non

237 1402 457 1437 acquiescentes,
474 1405 500 1428 et
517 1399 661 1435 pecuniam
683 1398 823 1434 promissa
845 1399 926 1432 longe
942 1398 1030 1432 majo-

237 1456 294 1476 rem
311 1449 511 1483 postularunt:
530 1451 559 1474 et
582 1445 797 1478 interdixerunt,
813 1452 847 1472 ne
869 1444 957 1479 longis
980 1451 1029 1471 na—

239 1495 318 1522 vibus
336 1495 378 1521 vel
395 1494 428 1521 ad
444 1493 562 1524 Italiam,
576 1492 618 1519 vel
634 1491 668 1518 ad
684 1491 751 1518 alias
765 1491 856 1518 socias
871 1490 1028 1524 provincias

237 1541 412 1571 accederent,
430 1543 477 1566 aut
494 1537 673 1565 conductitiis
689 1536 752 1564 inde
766 1536 901 1562 militibus
917 1540 1028 1562 uteren-
1040 1547 1062 1578 ρ

238 1593 292 1614 tur.
311 1588 400 1620 Atque
417 1585 454 1611 ita
470 1586 559 1619 primo
574 1583 645 1610 bello
664 1582 781 1614 Punico,
799 1589 871 1609 anno
888 1587 986 1616 quarto
1000 1585 1028 1608 et

238 1633 371 1661 vicesima
391 1640 406 1658 a
420 1629 551 1658 Romanis
571 1629 711 1660 confecto,
734 1628 850 1655 Catulus
877 1627 1029 1662 triumpha-

237 1681 287 1707 vit.
303 1679 422 1711 Qnintus
439 1683 502 1704 vero
524 1675 679 1706 Luctatius,
710 1677 772 1709 post
799 1673 974 1701 consulatum
1001 1673 1029 1700 in

238 1726 359 1755 Siciliam
385 1723 537 1759 profectus,
561 1729 623 1748 cum
651 1720 736 1748 fratre
760 1720 858 1747 Catulo
881 1720 972 1747 omnia
991 1719 1029 1746 ibi

237 1771 388 1799 ordinavit.
420 1769 520 1796 Siculis
554 1775 630 1794 arma
659 1767 809 1802 adempta:
843 1770 899 1793 tota
928 1766 1028 1798 insula,

238 1817 367 1844 Hieronis
391 1819 507 1849 excepto
532 1812 659 1847 imperio,
676 1820 691 1839 a
715 1811 846 1839 Romanis
860 1811 984 1844 subacta,
1002 1815 1030 1838 et

238 1861 359 1890 amicitia
388 1867 451 1887 eum
474 1857 752 1893 Carthaginiensibus
786 1856 947 1884 constituta.
975 1856 1029 1883 Sed

239 1913 348 1942 utrique
363 1906 444 1941 paulo
458 1910 520 1941 post
536 1904 652 1932 scorsim
668 1903 720 1930 alia
735 1910 845 1938 gessere
862 1902 943 1930 bella.
961 1902 1028 1930 Nam

237 1954 489 1989 Carthaginienses,
499 1951 598 1985 reliqui
613 1957 709 1977 eorum
726 1949 910 1984 stipendiarii,
925 1953 953 1976 et
968 1956 1028 1976 ser-

232 2002 302 2029 r-vitia
320 2000 448 2031 civitatis,
460 2003 488 2026 et
504 1997 581 2024 multi
596 2004 629 2024 ex
642 1996 777 2028 finitimis,
793 1996 907 2022 adversa
919 1995 1028 2022 illorum

237 2050 347 2076 fortuna
365 2045 439 2078 freti,
457 2045 625 2071 invaserunt.
642 2042 756 2069 Romani
772 2048 833 2069 cum
853 2041 887 2068 ab
902 2041 1029 2068 hostibus

237 2095 346 2123 illorum
369 2095 589 2123 accerserentur,
617 2089 687 2116 adeo
705 2096 760 2115 non
787 2092 978 2120 assenserunt,
1000 2092 1030 2115 ut

236 2147 298 2167 cum
323 2146 372 2174 per
396 2138 501 2172 legatos
530 2135 710 2163 reconciliare
737 2134 798 2161 illos
823 2140 877 2160 non
903 2137 1030 2169 possent,

236 2194 333 2213 omnes
352 2182 624 2218 Carthaginiensium
651 2181 774 2215 captivos
796 2180 882 2215 gratis
908 2179 1030 2206 dimitte—

236 2237 310 2264 rent,
339 2231 509 2257 frumentum
537 2229 691 2260 mitterent,
716 2235 732 2254 c
763 2226 847 2254 sociis
876 2225 1027 2261 provinciis
1044 2212 1068 2242 D

235 2276 429 2306 coiiscribendi
447 2275 543 2302 militis
560 2278 724 2309 potestatem
742 2272 852 2305 darent,
872 2272 1026 2300 clementiae

235 2324 345 2352 laudem
367 2322 452 2357 magis
477 2325 655 2355 occupantes,
683 2327 764 2354 quam
787 2319 846 2346 suis
875 2318 1027 2346 rationibus

236 2371 422 2399 consulentes.
449 2368 526 2397 Unde
562 2372 626 2402 post
655 2367 684 2394 in
713 2366 821 2401 negotia
860 2365 1026 2393 inciderunt.

236 2419 356 2447 Amilcar
371 2418 444 2445 enim
460 2414 615 2443 Barchinus
634 2413 691 2447 ille,
707 2413 788 2440 victis
807 2412 934 2439 hostibus
945 2431 952 2444 ,
973 2412 1028 2439 Ro-

236 2473 342 2498 manos,
364 2470 521 2499 quanquam
537 2462 577 2489 eis
602 2460 816 2492 infensissimus,
840 2458 910 2486 bello
931 2463 1026 2493 petere

236 2520 291 2539 non
319 2519 413 2542 ausus,
440 2513 536 2537 contra
563 2507 774 2542 magistratuum
805 2505 972 2532 voluntatem
1000 2504 1029 2531 in

239 2559 396 2594 Hispaniam
411 2557 489 2584 abiit.
508 2555 562 2582 Sed
583 2554 641 2581 hate
656 2557 717 2588 post
733 2552 804 2579 facta
819 2555 894 2578 sunt.

1077 248 1208 277 ναυτικοῦ
1220 248 1432 282 καταστήσωσιν
1443 255 1451 262 ’
1466 247 1491 274 oi
1507 247 1530 273 δ⁶
1542 247 1586 274 ἵνα
1601 246 1648 273 καὶ
1667 247 1717 278 τὰς
1730 246 1868 281 προτέρας

1077 295 1301 322 ἁνακαλέσωνται
1318 293 1480 329 συμφοράς’
1501 293 1576 327 ὅμως
1587 291 1610 318 δ’
1621 291 1669 319 οὖν
1686 292 1710 318 οί
1734 291 1869 326 Ῥωμαῖοι

1077 342 1127 377 τὴν
1139 341 1218 377 νίκην
1233 341 1396 377 ήραντο.Τὰ
1409 340 1463 375 γὰρ
1481 339 1536 366 τῶν
1551 338 1745 373 Καρχηδονίων
1762 338 1870 372 σκάφη,

1078 388 1176 423 φορτία
1199 388 1317 423 φέροντα
1346 387 1414 423 πρλλς
1444 387 1500 418 τοῖς
1529 386 1629 417 ἄλλοις,
1658 385 1705 412 καὶ
1720 386 1807 416 σῖτον,
1823 385 1870 410 καὶ

1078 434 1129 469 χρή
1135 443 1218 469 ματα,
1233 433 1409 468 1ὲὸαρύνοντο.
1419 433 1449 459 '0
1461 433 1483 460 δ’
1497 433 1612 465 Ἄννων,
1625 430 1777 466 διαφυγὼν,
1787 430 1871 461 εὐθὺς

1077 481 1118 512 είς
1128 480 1177 515 τὴν
1191 479 1355 515 Καρχηδόνα
1366 478 1498 514 ἠπείχθη.
1511 479 1542 504 Οἱ
1553 477 1733 512 Καρχηδόνιοι
1745 476 1774 502 δὲ
1789 475 1871 510 θυμῷ

1077 526 1239 560 ληφθέντες,
1255 525 1303 552 καὶ
1317 525 1404 560 φόϐῳ,
1420 524 1466 551 τὸν
1479 523 1528 559 μὲν
1543 523 1767 556 ἀνεσταύρωσαν,
1781 522 1870 557 πρέσ-

1078 571 1136 602 ϐεις
1148 570 1175 597 δὲ
1191 570 1260 605 πρὸς
1273 571 1384 605 είρήνην
1397 569 1435 604 τῷ
1449 569 1565 604 Κατύλῳ
1575 569 1746 602 πεπόμφασι.
1763 568 1818 594 Καὶ
1829 567 1872 602 τῷ

1079 616 1146 651 πρὸς
1161 615 1259 650 βουλῆς
1276 613 1310 650 ἦν
1325 615 1374 641 τὸν
1387 614 1506 649 πόλεμον
1524 613 1747 644 καταλύσασθαι,
1764 613 1807 639 ὅτι
1823 612 1886 640 ἐπὶ.

1078 661 1160 697 ἐξόδῳ
1174 660 1258 693 οὖσης
1271 660 1344 695 αὐτῷ
1355 660 1405 694 τῆς
1425 660 1513 695 ἀρχῆς
1527 659 1589 686 οὗτε
1609 659 1642 686 δι’
1655 658 1747 692 ὀλίγου
1759 659 1875 693 ἐξαιρή-

1078 716 1133 734 ait»
1145 708 1193 741 τὴν
1212 707 1373 742 Καρχηδόνα
1391 705 1515 740 ἤλπιζεν,
1531 705 1593 732 οὒτε
1605 706 1658 736 τοῖς
1671 704 1804 738 διαδόχοις
1819 704 1874 738 τὴν

1077 754 1156 786 δόξαν
1175 753 1229 780 τῶν
1241 754 1338 780 ἑαυτοῦ
1352 753 1442 780 πόνων
1457 752 1620 779 καταλιπεῖν
1638 751 1729 787 ἡθελε,
1742 751 1788 778 Διὸ
1803 751 1874 777 ἁνα-

1078 799 1169 836 κωχὴν
1181 800 1340 834 ἐποιήσατο,
1366 800 1414 826 καὶ
1438 799 1568 834 χρήματα
1584 798 1631 825 καὶ
1646 799 1718 824 σῖτον
1733 798 1780 823 καὶ
1795 798 1872 832 δμή-

1077 854 1145 882 .ρους
1162 846 1236 881 αὐτῷ
1252 845 1354 877 δόντες,
1372 845 1405 872 ἵν’
1422 845 1451 876 ἐς
1475 845 1523 880 τὴν
1546 844 1656 879 Ῥώμην
1674 843 1855 878 πρεσϐεύσων
1866 857 1873 862 -

1078 901 1123 918 ται
1156 892 1202 918 ἐπὶ
1228 891 1267 927 τῷ
1292 891 1417 923 Σικελίας
1444 899 1474 917 τε
1491 891 1591 927 αὐτοὺς
1616 891 1708 925 πάσης
1737 889 1872 923 ἐκστῆναι

1086 938 1242 972 Ῥωμαίοις,
1272 938 1319 965 καὶ
1344 938 1434 969 πάσας
1455 937 1504 969 τὰς
1526 937 1607 972 πέριξ
1621 937 1721 972 νήσους
1735 936 1873 967 ἐκλιπεῖν,

1079 985 1126 1011 καὶ
1139 985 1209 1020 μήτε
1226 984 1265 1020 τῷ
1283 984 1387 1019 Ἱέρωνι
1403 984 1542 1018 πολεμεῖν·
1559 983 1607 1009 καὶ
1621 983 1752 1018 χρήματα
1772 981 1806 1008 τὰ
1820 982 1873 1017 μὲν

1078 1029 1138 1065 ἅμα
1152 1030 1191 1064 τῷ
1217 1029 1382 1056 σπείσασθαι
1405 1028 1507 1060 δοῦναι,
1519 1028 1553 1054 τὰ
1570 1028 1597 1054 δὲ
1611 1028 1657 1054 καὶ
1673 1027 1788 1062 ὕστερον
1799 1034 1808 1043 ·
1822 1027 1874 1053 καὶ

1079 1076 1141 1107 τοὺς
1154 1075 1204 1110 μὲν
1214 1076 1326 1102 ἐκείνων
1339 1075 1507 1110 αὐτομόλους
1523 1074 1570 1100 καὶ
1584 1072 1775 1108 αἰχμαλώτους
1791 1074 1874 1107 προῖ-

1079 1130 1116 1148 κα
1126 1120 1279 1156 ἐκπέμψαι,
1291 1121 1354 1152 τοὺς
1366 1120 1390 1146 δ’
1401 1120 1506 1147 ἑαυτῶν
1526 1118 1670 1155 πρίασθαι.
1685 1118 1803 1152 Τοιαύτη
1821 1118 1874 1152 μὲν

1079 1164 1125 1193 οὖν
1140 1167 1156 1201 ή
1172 1165 1307 1201 σύμϐασις
1322 1165 1484 1200 ὡμολόγητο
1503 1164 1605 1199 (μόνην
1626 1165 1680 1199 γὰρ
1693 1164 1741 1199 τὴν
1759 1163 1807 1190 τοῦ
1823 1163 1875 1194 ζυ-

1078 1212 1128 1247 γοῦ
1144 1211 1257 1247 ἀτιμίαν
1285 1213 1299 1238 ὁ
1327 1211 1462 1246 Ἀμίλκας
1489 1210 1696 1246 παρῃτήσατο)·
1724 1210 1801 1236 καὶὸ
1820 1208 1874 1244 μὲν

1077 1256 1163 1284 ταῦτα
1181 1256 1355 1291 συνθέμενος,
1374 1255 1420 1282 καὶ
1437 1255 1499 1286 τοὺς
1512 1254 1684 1290 στρατιώτας
1698 1255 1731 1281 ὲκ
1744 1254 1799 1280 τῶν
1812 1263 1872 1280 τει-

1079 1303 1135 1338 χῶν
1148 1300 1300 1336 έξαγαγὼν,
1313 1300 1485 1342 ἀπέπλευσεν
1496 1300 1598 1333 οἴκαδε,
1611 1301 1676 1336 πρὶν
1689 1300 1753 1332 τοὺς
1769 1301 1874 1334 ὅρκους

1078 1348 1269 1384 ἐπενεχθῆναι.
1292 1348 1325 1374 Οί
1350 1347 1372 1374 δ’
1392 1347 1422 1373 ἐν
1432 1348 1465 1382 τῇ
1492 1347 1587 1382 Ῥώμῃ
1603 1348 1653 1382 τήν
1682 1355 1710 1373 τε
1736 1347 1815 1382 νίκην
1825 1347 1873 1373 διὶ

1080 1396 1195 1432 βραχέος
1213 1395 1314 1431 ἔμαθον
1329 1394 1376 1420 καὶ
1400 1393 1560 1428 ἐπήρθησαν
1586 1393 1625 1423 ὡς
1650 1393 1810 1420 παντάπασι
1825 1402 1874 1419 κε-

1079 1442 1256 1477 κρατηκότες.
1280 1441 1336 1467 Καὶ
1357 1439 1411 1466 τῶν
1437 1439 1578 1474 πρέσϐεων
1607 1439 1749 1472 ἐλθόντων,
1776 1440 1872 1466 οὐκέτι

1079 1489 1206 1524 κατέχειν
1223 1488 1337 1519 ἑαυτοὺς
1350 1487 1495 1522 ἠδύναντο,
1524 1487 1571 1513 καὶ
1597 1486 1646 1521 τὴν
1668 1485 1772 1521 Λιὸύην
1796 1487 1874 1521 ἔχειν

1079 1535 1189 1562 ἅπασαν
1214 1534 1341 1570 ἤλπιζον.
1359 1533 1405 1559 Διὸ
1429 1533 1489 1559 οὐδὲ
1505 1533 1565 1563 ταῖς
1591 1532 1638 1559 τοῦ
1653 1532 1759 1559 ὑπάτου
1774 1533 1875 1568 ὁμολο·

1079 1581 1153 1615 γίαις
1166 1580 1321 1615 ἐνέμειναν,
1339 1578 1408 1606 ἀλλὰ
1437 1578 1485 1605 καὶ
1500 1578 1631 1613 χρήματα
1658 1579 1759 1610 αὐτοὺς
1780 1578 1874 1614 πολλῷ

1080 1626 1167 1652 πλείω
1182 1625 1237 1652 τῶν
1251 1625 1451 1659 ὑπεσχημένων
1467 1623 1637 1659 ἐπράξαντο·
1650 1624 1696 1650 καὶ
1712 1625 1874 1660 ἀπηγόρευ-

1080 1679 1131 1698 σαν
1147 1671 1223 1706 σφίσι
1250 1671 1319 1706 μήτε
1333 1670 1384 1706 τὴν
1406 1670 1531 1702 Ἰταλίαν,
1546 1671 1612 1706 μήτε
1628 1670 1678 1705 τὴν
1691 1670 1743 1703 ἔξω
1758 1678 1873 1706 συμμα-

1080 1717 1140 1753 χίδα
1160 1716 1234 1751 σφῶν
1250 1717 1370 1751 μακραῖς
1380 1716 1460 1742 ναυσὶ
1478 1716 1646 1750 παραπλεῖν,
1661 1715 1677 1750 ἢ
1691 1715 1874 1751 μισθοφόροις

1079 1763 1151 1790 τισὶν
1175 1762 1223 1788 ἀπ’
1253 1761 1343 1788 αὐτῶν
1375 1761 1540 1796 κεχρῆσθαι.
1575 1761 1605 1788 '0
1625 1761 1675 1796 μὲν
1700 1759 1747 1788 οὖν
1761 1762 1872 1797 πρῶτος

1080 1809 1136 1840 τοῖς
1154 1806 1352 1843 Καρχηδονίοις
1368 1807 1486 1841 πόλεμος
1502 1807 1559 1838 τοίς
1574 1806 1721 1841 Ῥωμαίοις
1737 1808 1776 1838 εἰς
1790 1807 1873 1833 τοῦτο

1081 1853 1215 1889 κατέληξε
1238 1853 1361 1888 τετάρτῳ
1377 1853 1432 1879 ἓτει
1448 1852 1496 1880 καὶ
1514 1853 1641 1886 εἰκοστῷ,
1669 1853 1718 1880 καὶ
1731 1853 1776 1879 ἐπ’
1793 1853 1873 1888 αὺτῷ

1080 1901 1184 1935 ἢγαγεν
1197 1901 1211 1926 ὸ
1224 1900 1350 1931 Κατύλος
1366 1900 1400 1926 τὰ
1409 1899 1541 1932 ἐπινίκια,
1555 1900 1670 1931 Κύῖντος
1679 1899 1707 1927 δὲ
1722 1900 1873 1932 Λουτάτιες

1082 1946 1248 1978 ὑπατεύσας,
1259 1945 1383 1981 ἀπῆλθεν
1397 1947 1425 1977 ἐς
1439 1945 1577 1978 Σικελίαν,
1594 1945 1641 1971 καὶ
1652 1945 1723 1979 μετὰ
1733 1944 1780 1972 τοῦ
1792 1945 1872 1972 ἀδελ-

1081 1994 1131 2029 φοῦ
1159 1993 1283 2020 Κατύλου
1307 1993 1397 2019 πάντα
1412 1992 1447 2018 τὰ
1471 1993 1532 2018 ἐκεῖ
1553 1992 1753 2026 κατεστήσατο,
1775 1992 1823 2018 καὶ
1837 1992 1873 2018 τὰ

1081 2041 1150 2068 ὅπλα
1163 2039 1217 2066 τῶν
1230 2041 1258 2066 ὲν
1274 2039 1343 2074 αὐτῇ
1360 2038 1513 2073 ἀφείλοντο.
1531 2038 1641 2065 Σικελία
1658 2039 1707 2073 μὲν
1721 2036 1767 2065 οὖν
1783 2038 1871 2069 οὕτως

1080 2087 1133 2114 ὑπὸ
1154 2086 1300 2122 Ῥωμαίων
1322 2085 1469 2112 δεδούλωτο
1493 2084 1562 2120 πλὴν
1577 2085 1626 2119 τῆς
1644 2085 1731 2121 ἀρχῆς
1755 2084 1803 2112 τοῦ
1824 2085 1872 2111 Ίέ-

1083 2141 1178 2169 ρωνος·
1197 2134 1229 2158 ὲκ
1244 2132 1272 2158 δὲ
1293 2131 1389 2157 τούτου
1407 2131 1476 2166 πρὸς
1495 2131 1558 2162 τοὺς
1574 2131 1777 2166 Καρχηδονίους
1792 2131 1870 2166 φιλία

1081 2177 1115 2214 ἦν
1125 2179 1228 2210 αὐτοῖς.
1259 2178 1361 2212 Ἄμφω
1386 2176 1410 2202 δ’
1440 2174 1520 2207 αὖθις
1535 2176 1576 2208 εἰς
1602 2176 1738 2210 πολέμους
1757 2176 1870 2210 ἐτέρους

1081 2225 1166 2261 χωρὶς
1182 2223 1242 2259 μετ’
1259 2223 1349 2257 ὀλίγον
1374 2222 1557 2256 κατέστησαν.
1582 2221 1645 2252 Τοῖς
1659 2221 1712 2256 γὰρ
1728 2222 1870 2256 Καρχηδο-

1079 2271 1145 2302 νίοις
1162 2271 1190 2297 οἴ
1209 2279 1240 2296 τε
1256 2269 1410 2304 περίλοιπον.
1424 2268 1479 2295 τῶν
1502 2267 1761 2303 μισθοφορησάντων
1780 2269 1867 2302 σφίσι,

1081 2319 1128 2345 καὶ
1143 2317 1172 2344 τδ
1190 2316 1315 2343 δουλεῦον
1327 2316 1357 2342 τὸ
1370 2317 1399 2342 ὲν
1415 2317 1448 2350 τῇ
1467 2315 1555 2347 ¹πόλει,
1568 2315 1614 2341 καὶ
1626 2314 1681 2340 τῶν
1694 2314 1869 2349 ὁμορούντων

1081 2365 1176 2392 πολλοὶ
1190 2364 1259 2398 πρὸς
1274 2363 1324 2394 τὰς
1348 2361 1489 2397 συμφορὰς
1514 2361 1604 2389 αὐτῶν
1629 2360 1820 2387 συνεπέθεντο.
1839 2361 1871 2386 (if

1081 2421 1113 2448 γε
1131 2412 1183 2447 μὴν
1202 2411 1347 2445 Ῥωμαῖοι,
1364 2408 1608 2443 ἐπικαλεσαμένων
1631 2407 1729 2438 αὐτοὺς
1751 2407 1807 2433 τῶν
1823 2416 1869 2433 πο-

1079 2458 1235 2494 λεμούντων
1270 2456 1397 2487 ἐκείνοις,
1428 2453 1486 2480 οὗθ’
1515 2454 1691 2489 ὑπήκουσαν,
1722 2453 1792 2480 ἀλλὰ
1822 2454 1868 2478 καὶ

1079 2502 1390 2539 ἀντιπρεσθευσάμενοι,
1405 2501 1452 2526 καὶ
1467 2500 1504 2535 μὴ
1519 2499 1681 2535 δυνηθέντες
1700 2498 1798 2526 καταλλ
1806 2498 1868 2530 άξαι

1079 2549 1198 2582 αὐτοὺς,
1224 2548 1351 2579 καὶτοὺς
1376 2546 1566 2582 αἰχμαλώτους
1580 2545 1635 2572 τῶν
1664 2544 1867 2580 Καρχηδονίων,

238 2590 317 2635 ὅσους
334 2602 417 2639 εἶχον,
450 2600 561 2636 ἀφῆκαν
582 2600 695 2635 προῖκα,
717 2599 764 2624 καὶ
778 2599 850 2624 σῖτον
871 2595 1009 2631 ἔπεμψαν,
1022 2595 1068 2621 καὶ
1085 2594 1267 2630 μισθοφόρους
1282 2593 1314 2619 ὲκ
1330 2592 1379 2627 τῆς
1398 2592 1501 2623 οίκιίας
1521 2590 1690 2626 συμμαχίδος
1717 2590 1810 2621 αὐτοῖς
1822 2591 1868 2614 ἐπ-

239 2637 390 2686 αγαγέσθαι
420 2649 584 2686 ἐπέτρεψαν,
600 2647 679 2680 δόξαν
709 2645 857 2676 ἐπιεικείας
885 2644 1037 2679 θηρώμενοι
1067 2643 1177 2678 μᾶλλον,
1196 2641 1213 2676 ἢ
1240 2640 1288 2666 τοῦ
1314 2639 1500 2682 συμφέροντος
1516 2638 1608 2669 αὐτοῖς
1628 2637 1866 2673 προμηθούμενοι·

238 2682 306 2726 ὅθεν,
330 2682 588 2732 πράγματα’έσχον
611 2692 763 2719 εἰσέπειτα.
799 2692 828 2716 '0
853 2690 908 2726 γὰρ
935 2689 1066 2724 ’Δμίλκας
1086 2689 1189 2719 ἐκεῖνος
1203 2687 1217 2713 ὁ
1239 2685 1385 2720 Βαρχίδης,
1416 2684 1477 2711 επεὶ
1491 2684 1553 2715 τοὺς
1578 2682 1716 2715 ἐναντίους
1731 2683 1866 2718 ἐνίκησεν,

239 2745 286 2775 ἐπὶ
303 2728 428 2780 peace-'3‘;
464 2728 626 2776 Ῥωμαίους,
658 2739 759 2773 καίπερ
783 2737 872 2772 κάρτα
902 2735 989 2771 μισῶν
1013 2735 1121 2767 αὐτοὺς,
1150 2733 1200 2760 οὐκ
1227 2731 1361 2766 ἑτόλμηιε
1377 2729 1551 2765 στρατεῦσαι,
1577 2729 1606 2760 ες
1624 2729 1652 2756 δὲ
1675 2728 1725 2765 τὴν
1751 2729 1867 2765 Ἰϐηρίαν

240 2778 319 2825 παρᾶ
351 2790 466 2824 γνώμην
478 2788 532 2814 τῶν
548 2788 617 2814 οῐκοι
630 2786 716 2813 τελῶν
737 2784 855 2819 ἀπῆρεν.
885 2782 967 2811 Ἀλλὰ
980 2782 1068 2809 ταῦτα
1089 2781 1137 2816 μὲν
1152 2781 1260 2815 ἐγένετο
1275 2778 1399 2813 ὓστερον.

272 2836 365 2864 XVlll.
381 2835 452 2863 Tum
468 2839 559 2862 autem
578 2832 694 2861 Romani
711 2838 774 2859 cum
790 2829 904 2857 Faliscis
920 2828 1024 2856 bellum

228 2889 388 2920 fgesserunt,
403 2881 503 2910 Hanlio
516 2880 656 2916 Torquato
673 2885 767 2914 agrum
780 2877 891 2905 illorum
901 2879 1003 2903 urente
1015 2881 1023 2901 :

1118 2826 1172 2854 IH’.
1189 2826 1256 2852 Τότε
1272 2825 1300 2851 δὲ
1318 2825 1365 2851 καὶ
1379 2825 1404 2850 οἱ
1425 2824 1556 2858 Ῥωμαῖοι
1571 2823 1716 2855 Φαλίσκοις
1729 2822 1865 2858 ἐπολέμη-

1079 2881 1140 2906 σαν,
1157 2874 1204 2902 καὶ
1234 2871 1337 2903 Μήλιος
1364 2870 1554 2906 Τουρκουᾶτος
1580 2869 1630 2905 τὴν
1656 2870 1748 2907 χώραν
1776 2869 1863 2896 αὐτῶν
