2018 3146
260 197 313 230 (-87

895 194 1058 225 JOANNIS
1078 193 1239 224 ZONAR/E

1842 191 1898 225 £88

261 252 530 288 Carthaginiensibus
543 249 654 278 clamad
670 249 848 277 rebellionem
862 249 966 277 incitati
981 253 1056 276 sunt.

1114 250 1260 286 φροντίσας
1286 248 1441 284 έπολέμησε
1464 249 1519 281 τοῖς
1547 247 1687 284 Κυρνίοις,
1711 246 1766 280 ἕως
1797 247 1898 276 uoto“

261 300 428 329 Defecerunt
440 302 468 326 et
482 297 558 325 Corsi
577 305 584 323 :
603 304 654 324 nec
668 296 784 332 Ligures
803 296 983 332 quieverunt.
1001 296 1053 323 Se-

260 346 357 382 quenti
373 351 447 372 anno
474 343 591 371 Romani
619 343 707 378 copiis
734 342 868 370 trifariam
892 343 998 374 divisis.
1024 346 1055 370 ut

261 392 356 419 hostes
369 389 452 418 simul
475 389 547 416 bello
570 389 705 422 infestati,
729 389 831 416 auxilia
846 388 964 416 invicem
982 388 1055 415 ferre

261 446 317 465 non
335 442 458 472 possent,
472 435 663 463 Posthumium
678 435 808 463 Albinum
825 435 852 462 in
873 435 1055 471 Ligusticum,

261 483 310 518 Sp.
336 482 487 510 Carvilium
513 486 609 509 contra
641 480 753 514 Corsos,
784 480 811 507 in
840 480 994 508 Sardiniam
1024 479 1054 507 P.

261 530 421 558 Cornelium
445 529 552 556 aedilem
578 529 725 555 miserunt.
744 527 879 556 Consules
895 528 960 554 licet
983 526 1056 554 haud

262 575 333 604 citra
348 575 482 608 laborem,
497 575 566 602 citra
589 582 694 601 moram
719 578 810 601 tamen
831 574 959 601 mandata
981 581 1059 602 exse-

262 622 319 650 cuti
336 626 411 650 sunt.
431 621 532 648 Sardos
547 620 616 647 nihil
636 619 774 647 modicum
796 620 897 647 animis
913 620 1057 656 agitantes,

262 669 401 697 Carvilius
420 669 523 703 ingenti
539 668 634 703 praalio
649 667 770 700 subegit.
785 666 933 695 Cornelius
943 667 1017 694 enim
1032 672 1060 694 ct

267 716 345 744 multi
361 715 463 743 milites
480 714 577 742 morho
591 714 743 749 perierunt.
767 713 900 741 Romanis
917 713 1059 748 digressis,

265 762 345 791 Sardi
369 765 397 789 et
423 761 539 796 Ligures
575 761 610 788 de
647 760 755 795 integro
790 759 961 788 defecerunt.
991 759 1062 787 Con-

265 813 306 836 tra
352 808 469 843 Ligures
508 807 608 834 missus
648 811 690 834 est
729 806 752 839 ρ
790 806 891 834 Fabius
918 806 1062 837 Maximus.

265 855 292 882 in
322 853 476 881 Sardiniam
505 853 674 887 Pomponius
707 852 822 879 Manius.
856 851 1065 888 Carthaginien-

264 908 329 932 ses,
372 904 401 926 ut
458 905 554 925 eorum
606 897 742 925 bellorum
789 904 927 930 auctores,
972 898 1065 928 hostes

262 945 388 982 iudicati,
427 945 497 980 jussi
539 951 686 971 numerare
721 944 877 978 pecuniam,
913 949 940 972 et
976 946 1065 972 omni-

265 992 318 1019 bus
345 990 443 1018 cedere
473 989 582 1021 insulis,
612 993 642 1015 ut
662 996 723 1022 qum
753 989 940 1016 Romanorum
960 993 1063 1016 essent.

266 1038 301 1065 Et
315 1041 346 1064 ut
376 1036 540 1064 sententiam
560 1042 637 1062 suam
665 1042 749 1069 magis
764 1034 944 1067 declararent,
959 1035 1064 1063 hastam

267 1083 322 1110 illis
336 1086 364 1109 et
389 1081 540 1109 caduceum
569 1081 712 1113 miserunt,
734 1082 845 1116 optione
875 1082 948 1115 data,
971 1088 1065 1110 utrum

265 1129 387 1156 mallent.
450 1127 502 1154 Sed
549 1127 789 1162 Carthaginienses
840 1128 908 1155 nihil
959 1129 1065 1164 territi,

270 1181 328 1203 tum
361 1173 395 1201 ad
434 1174 487 1201 alia
527 1173 729 1208 responderunt
763 1174 899 1208 asperius,
943 1179 1000 1201 tum
1035 1181 1065 1202 se

274 1224 404 1248 neutrum
419 1219 488 1246 velle
508 1217 649 1250 dixerunt,
674 1218 722 1245 sed
745 1218 811 1245 illud
836 1211 964 1245 alacriter
985 1226 1066 1246 acce-

270 1271 379 1300 pturos,
396 1264 470 1299 quod
489 1263 570 1298 legati
597 1263 783 1298 reliquissent.
804 1262 853 1290 Hic
869 1263 973 1291 mutuis
991 1263 1064 1291 odiis

267 1310 423 1345 conceptis,
442 1309 534 1336 neutri
549 1308 650 1335 bellum
668 1309 806 1344 auspicari
820 1313 885 1336 stitit
904 1309 976 1337 ausi.
993 1310 1064 1336 Con-

268 1361 309 1384 tra
323 1355 425 1383 Sardos
441 1358 533 1382 autem
551 1353 643 1380 denuo
660 1354 870 1386 tumultuantes,
894 1353 975 1381 ambo
990 1360 1063 1381 coss.

266 1403 457 1431 M.Malleolus
475 1407 503 1429 et
521 1401 556 1428 M.
581 1401 710 1428 :Emilius
730 1400 818 1434 missi,
842 1408 966 1436 magnam
994 1408 1065 1435 prae-

267 1451 329 1478 dam
343 1453 477 1485 ceperunt
491 1457 498 1476 ;
514 1456 575 1483 quae
589 1450 630 1475 eis
647 1456 661 1475 a
673 1447 777 1480 Corsis,
796 1455 859 1475 cum
885 1455 920 1475 eo
941 1447 1065 1482 appulis-

268 1500 340 1529 sent,
356 1499 400 1522 est
412 1501 517 1529 erepta.
538 1494 596 1526 Qua
612 1493 644 1520 de
663 1500 743 1520 causa
760 1498 822 1528 post
838 1493 954 1520 Romani
970 1497 1063 1520 utros-

268 1550 322 1578 que
340 1543 509 1569 invaserunt.
525 1539 561 1566 Μ.
574 1539 753 1572 Pomponius,
770 1539 817 1572 qui
831 1538 933 1566 Sardos
949 1537 1063 1565 infesta-

1105 296 1285 332 ἐχειρώσατο.
1302 296 1334 323 Ol
1349 296 1377 322 δὲ
1398 296 1531 331 Ῥωμαῖοι
1543 294 1574 321 τὸ
1589 294 1812 329 παρασπόνδημα
1826 295 1898 322 ἁπο-

1105 343 1337 377 προσποιοῦμενοι
1348 342 1474 377 ἔπεμψαν
1484 342 1576 372 αὐτοῖς
1586 341 1737 371 ἐκδιδόντες
1748 340 1789 368 τὸι
1807 340 1899 368 Κλαύ-

1105 387 1172 414 διον.
1192 388 1237 419 Ὠς
1253 387 1276 414 δ’
1290 388 1342 415 οὐκ
1371 387 1481 423 ἐδέχθη,
1504 387 1642 421 ἐξήλασαν
1667 386 1761 413 αὐτόν.
1781 386 1846 412 Ἐπὶ
1870 385 1900 412 δὲ

1107 434 1313 470 Καρχηδονίους
1328 434 1473 469 μέλλοντες
1498 433 1683 470 στρατεύσειν,
1701 433 1740 464 ὡς
1755 433 1812 463 τοῖς
1825 431 1902 466 σφῶν

1107 481 1241 514 ἐμπόροις
1259 480 1488 516 λυμαινομένους,
1508 480 1588 506 τοῦτο
1617 479 1666 515 μὲν
1689 479 1740 505 οὐκ
1754 478 1902 513 ἐποίησαν,

1108 526 1239 561 χρήματα
1261 526 1284 553 δ’
1298 526 1531 562 ἐπιπραξάμενοι,
1547 525 1734 552 ἀνενεώσαντο
1749 524 1799 556 τὰς
1815 532 1903 550 novo

1108 573 1168 604 δάς”
1185 572 1297 607 ἔμελλον
1326 572 1355 599 δὲ
1385 573 1447 608 μηδ’
1475 572 1514 604 ὣς
1530 574 1558 604 ὲς
1583 572 1693 607 μακρὰν
1720 571 1748 598 ut
1765 570 1904 604 συνθῆκαι

1111 620 1214 654 μένειν.
1232 619 1282 654 ,Τὰ
1309 619 1359 654 μὲν
1375 616 1423 646 οὖν
1449 619 1503 645 τῶν
1516 618 1710 653 Καρχηδονίων
1722 616 1904 651 ἀνεϐέϐλητο’

1110 666 1156 692 ἐπὶ
1167 665 1196 692 δὲ
1204 665 1268 697 τοὺς
1280 665 1443 701 Σαρδονίους
1456 664 1494 700 μὴ
1507 664 1687 699 πειθομένους
1697 663 1790 692 αὐτοῖς
1801 661 1906 696 ἐστρά-

1111 720 1212 739 τευσαν
1239 712 1288 738 καὶ
1307 711 1451 746 ἐνίκησαν.
1468 711 1548 738 Μετὰ
1563 711 1593 737 δὲ
1611 709 1697 737 ταῦτα
1710 709 1825 736 ἔπεισαν
1839 708 1906 738 τοὺς

1113 758 1276 794 Σαρδονίους
1290 757 1316 784 οι
1342 757 1522 793 Καρχηδόνιοι
1538 756 1642 791 -κρύφα
1667 756 1724 786 τοῖς
1756 754 1908 789 Ῥωμαίο¹ς

1114 805 1310 840 ὲπαναστῆναι,
1322 804 1370 831 καὶ
1383 804 1491 836 τούτοις
1500 804 1525 830 οί
1537 803 1650 839 Κύρνιοι
1659 802 1908 837 προσαπέστησαν,

1115 852 1163 879 καὶ
1177 852 1202 878 οί
1222 852 1323 885 Λίγυες
1341 851 1392 886 οὐχ
1419 850 1574 886 ἡσύχασαν.
1601 850 1646 885 Τῷ
1669 849 1691 876 δ’
1718 847 1909 882 ὲπιγσνομένῳ

1117 898 1172 924 ἔτει
1186 897 1270 932 τριχῆ
1284 897 1333 928 τὰς
1350 895 1481 932 δυνάμεις
1496 896 1645 930 διελόμενοι
1664 895 1689 921 οι
1711 894 1856 928 Ῥωμαῖοι,
1874 890 1911 918 ιγ’

1117 945 1174 979 ἅμα
1188 943 1389 979 πολεμούμενοι
1400 943 1504 976 πάντες
1519 943 1557 978 μὴ
1570 941 1750 977 συμϐοηθεῑεν
1763 939 1909 975 ἀλλήλοις,

1117 990 1284 1026 Ποστούμιον
1296 990 1347 1025 μὲν
1358 990 1477 1017 Ἀλϐῖνον
1492 990 1533 1021 τίς
1547 989 1597 1023 τὴν
1621 988 1801 1022 Λιγυστικὴν,
1816 986 1910 1012 Σπού-

1117 1045 1175 1072 ριον
1200 1036 1230 1063 δὲ
1254 1036 1419 1071 Καρουΐλιον
1444 1037 1491 1062 ἐπὶ
1517 1036 1581 1067 τοὺς
1596 1036 1744 1071 Κυρνίους,
1768 1035 1798 1066 ἒς
1813 1034 1910 1069 δὲτὴν

1115 1083 1210 1117 Σαρδὼ
1218 1083 1264 1109 τὸν
1273 1083 1427 1118 ἀστυνόμον
1443 1082 1581 1109 Πούπλιον
1597 1081 1750 1117 Κορνήλιον
1764 1079 1910 1115 ἔπεμψαν.

1115 1129 1169 1155 Καὶ
1188 1129 1212 1155 οί
1233 1129 1283 1162 μὲν
1296 1128 1395 1155 ὕπατοι
1412 1129 1462 1155 οὐκ
1478 1128 1587 1158 ἀπόνως
1602 1127 1662 1163 μὲν,
1689 1128 1719 1154 οὺ
1740 1127 1863 1162 βραδέως
1879 1125 1910 1151 δὲ

1114 1175 1149 1201 τὰ
1163 1175 1372 1210 προσταχθέντα
1381 1175 1458 1210 σφίσι
1471 1173 1658 1209 κατέπραξαν.
1675 1173 1743 1205 Τοὺς
1759 1172 1787 1199 δὲ
1801 1171 1910 1207 Σαρδο-

1115 1219 1187 1252 νίους
1198 1220 1234 1254 μή
1247 1228 1273 1245 τι
1288 1219 1400 1254 μέτριον
1411 1218 1580 1254 φρονοῦντας
1593 1218 1691 1252 ἰσχυρᾷ
1701 1217 1777 1253 μάχῃ
1787 1216 1914 1251 Καρουΐ-

1115 1265 1171 1296 λιος
1181 1264 1386 1300 κατεστρέψατο
1396 1271 1405 1281 ·
1416 1267 1430 1291 ό
1445 1265 1502 1299 γὰρ
1518 1265 1667 1299 Κορνήλιος
1691 1264 1737 1290 καὶ
1753 1264 1808 1289 τῶν
1825 1271 1915 1298 στραο

1114 1311 1222 1338 τιωτῶν
1248 1311 1341 1337 πολλοὶ
1366 1311 1420 1338 ὑπὸ
1446 1311 1526 1337 νόσου
1540 1310 1711 1346 ἐφθάρησαν.
1752 1310 1831 1336 Ἐπεὶ
1844 1310 1869 1336 δ’
1885 1310 1912 1336 οἱ

1121 1357 1252 1392 Ῥωμαῖοι
1264 1358 1295 1383 ὲκ
1302 1357 1353 1392 τῆς
1364 1357 1455 1392 χώρας
1465 1357 1556 1383 αὐτῶν
1566 1357 1774 1392 ἀπηλλάγησαν,
1785 1356 1914 1390 ἀπέστη-

1115 1412 1164 1431 σαν
1180 1403 1259 1436 αὖθις
1285 1404 1310 1430 οι
1327 1403 1467 1439 Σαρδόνιοι
1482 1403 1530 1431 καὶ
1545 1404 1570 1430 οί
1595 1404 1706 1438 Λίγυες.
1719 1404 1837 1435 Κύῖντος
1859 1403 1913 1437 μὲν

1114 1449 1160 1476 οὖν
1173 1449 1273 1480 Φάϐιος
1290 1449 1417 1484 Μάξιμος
1436 1449 1565 1484 ἐπέμφθη
1578 1449 1647 1484 πρὸς
1657 1450 1772 1484 Λίγυας,
1788 1450 1818 1481 ἐς
1831 1449 1862 1476 δέ
1879 1457 1914 1483 γε

1113 1496 1163 1531 τὴν
1177 1495 1271 1532 Σαρδὼ
1287 1495 1451 1531 Πομπώνιος
1464 1497 1579 1528 Μάνιος.
1596 1496 1665 1528 Τούς
1679 1505 1711 1531 τε
1727 1497 1781 1532 μὴν
1797 1498 1914 1532 Καρχη-

1114 1541 1231 1574 δονίους,
1246 1541 1284 1573 ὡς
1299 1543 1403 1574 αἰτίους
1414 1542 1506 1573 αὐτοῖς
1517 1542 1572 1569 τῶν
1583 1542 1711 1578 πολέμων
1726 1543 1818 1577 ὄντας,
1829 1543 1915 1569 πολε-

268 1589 324 1620 bat,
343 1596 405 1615 cum
432 1593 528 1614 eorum
556 1585 691 1620 plurimos
715 1585 743 1611 in
770 1584 899 1612 saltuosis
923 1585 1062 1619 specubus

1116 1586 1194 1622 μίους
1207 1587 1327 1622 ἔκριναν,
1344 1588 1391 1615 καὶ
1406 1588 1567 1623 πέμψαντες
1580 1589 1647 1624 πρὶς
1661 1589 1916 1624 αὐτοὺς,χρὴμα.τά

269 1635 378 1662 abditos
401 1633 532 1668 indagare
560 1639 615 1658 non
643 1636 746 1665 posset,
771 1638 883 1665 sagaces
915 1639 997 1659 canes
1029 1639 1063 1659 ex

270 1681 346 1708 Italia
363 1678 510 1707 accersivit
526 1687 534 1705 ι
551 1685 600 1713 per
615 1685 720 1711 eosque
745 1676 904 1704 tramitibus
919 1677 1064 1704 hominum

270 1732 298 1753 et
325 1725 463 1760 pecudum
490 1723 671 1758 investigatis,
710 1722 812 1749 multos
845 1723 910 1750 inde
934 1724 1063 1751 extraxit.

270 1772 352 1800 Caius
362 1779 427 1799 vero
445 1770 571 1805 Papirius
585 1768 686 1796 Cursor
706 1768 819 1802 planitie
834 1769 940 1804 pulsos.
957 1777 1019 1797 cum
1036 1771 1063 1797 in

271 1823 378 1845 montes
393 1816 539 1852 adegisset,
564 1823 614 1851 per
642 1814 756 1842 insidias
773 1816 876 1843 multos
897 1817 989 1843 amisit
1007 1826 1013 1844 :
1036 1821 1065 1845 et

271 1872 328 1899 prae
349 1864 393 1891 siti
420 1863 514 1898 plures
540 1862 688 1890 amisisset.
712 1861 739 1888 ni
764 1869 826 1889 sero
853 1862 962 1890 tandem
992 1871 1063 1898 aqua

273 1910 394 1941 inventa,
422 1908 515 1937 Corsis
540 1911 570 1935 ut
593 1906 762 1935 deditionem
788 1907 921 1940 facerent,
950 1916 1064 1943 persua-

271 1956 363 1983 sisset.

1114 1642 1144 1660 τε
1158 1633 1292 1669 ἀπῄτουν,
1313 1635 1359 1660 καὶ⁸
1373 1634 1491 1661 ἁπασῶν
1502 1635 1612 1662 ἐκπλεῖν
1623 1635 1677 1661 τῶν
1687 1635 1777 1670 νήσων
1793 1636 1917 1662 ἐπέτατ-

1115 1689 1173 1712 τον,
1191 1681 1229 1713 ὡς
1244 1682 1338 1713 αὐτοῖς
1364 1681 1565 1718 διαφερουσῶν.
1594 1682 1785 1716 Ἐκφαίνοντες
1812 1683 1842 1710 δὲ
1863 1677 1916 1710 καὶ

1115 1728 1166 1761 τὴν
1177 1728 1312 1763 σφετέραν
1327 1727 1459 1761 διάνοιαν,
1475 1729 1541 1764 δόρυ
1556 1729 1649 1760 αὐτοῖς
1662 1729 1838 1761 ἐπέστειλαν,
1862 1729 1916 1755 καὶ

1116 1773 1260 1808 κηρύκιον,
1282 1773 1310 1800 ἓν
1324 1773 1434 1800 ἑλέσθαι
1450 1766 1608 1806 κελεύοντες
1622 1776 1713 1802 ὁποῖον
1725 1775 1757 1802 ἂν
1771 1774 1917 1809 ἐθελήσω-

1118 1828 1171 1846 σιν.
1181 1820 1212 1845 Οί
1223 1819 1263 1852 δὲ,
1275 1819 1358 1854 μηδὲν
1371 1819 1589 1854 ὑποπτήξαντες,
1602 1821 1635 1848 τά
1647 1829 1676 1847 τε
1688 1820 1756 1848 ἄλλα
1773 1820 1916 1856 τραχύτε-

1119 1874 1165 1901 ρον
1182 1865 1378 1899 ἀπεκρίναντο,
1399 1866 1446 1892 καὶ
1457 1867 1511 1892 τῶν
1521 1866 1702 1901 πεμφθέντων
1718 1867 1811 1901 σφίσιν
1822 1868 1916 1900 αἱρεῖο

1119 1912 1181 1938 σθαι
1195 1911 1243 1947 μὲν
1257 1909 1334 1938 εἷπον
1351 1912 1504 1947 οὐδέτερον,
1531 1912 1659 1947 δέχεσθαι
1669 1912 1692 1939 δ’
1708 1913 1827 1947 ἑτοίμως
1842 1912 1917 1939 ὁπό-

1118 1966 1198 1994 τερον
1211 1957 1431 1992 καταλείψουσιν.
1459 1959 1601 1985 Ἐντεῦθεν
1620 1959 1670 1994 μὲν
1696 1959 1810 1993 ἑμίσουν
1825 1959 1917 1994 ἀλλή-

268 2002 345 2034 λους,
360 2001 465 2029 ὤκνουν
480 2002 508 2029 δὲ
531 2001 652 2036 πολέμου
676 2000 875 2036 κατάρξασθαι.
888 2002 1061 2038 Κινηθέντων
1079 2006 1102 2033 δ’
1134 2003 1213 2037 αὖθις
1226 2005 1281 2032 τῶν
1293 2005 1454 2040 Σαρδονίων,
1473 2006 1517 2033 ἐπ’
1534 2006 1634 2037 αὐτοὺς
1648 2007 1673 2032 oi
1691 2006 1790 2033 ὕπατοι
1825 2007 1919 2042 ἄμφω

259 2048 467 2084 sapit-suam,
481 2048 595 2083 Μάρκος
611 2047 639 2074 δὲ
656 2047 796 2078 Μαλέολος
824 2047 871 2074 καὶ
885 2048 999 2083 Μάρκος
1013 2052 1156 2087 Αἰμίλιος·
1189 2052 1237 2079 καὶ
1253 2051 1338 2079 πολλὰ
1367 2052 1416 2088 μὲν
1431 2052 1541 2088 λάφυρα
1555 2052 1664 2080 ἔλαϐον.
1699 2053 1780 2088 Πιρὰ
1809 2053 1839 2079 δὲ
1857 2053 1919 2079 τῶν

272 2095 399 2130 Κυρνίων
412 2096 590 2131 προσχόντες,
602 2094 695 2125 αὐτοῖς
710 2093 782 2121 αὐτὰ.
798 2094 986 2130 ἀφῃρέθησαν.
1015 2097 1062 2124 Διὸ
1081 2098 1150 2133 μετά
1179 2097 1267 2125 ταῦτα
1280 2098 1323 2125 ἐπ’
1339 2099 1514 2134 ἀμφοτέρους
1546 2100 1571 2125 οι
1593 2100 1726 2135 Ῥωμαῖοι
1747 2099 1916 2134 ἐτράποντο-

269 2142 330 2168 ιΚαὶ
347 2143 459 2177 Μάρκος
488 2141 538 2176 μὲν
557 2139 720 2175 Πομπώνιος
736 2139 872 2174 Σαρδόνας
895 2139 953 2175 (25)
987 2141 1079 2177 ἔφερε,
1101 2144 1148 2170 καὶ
1169 2143 1263 2179 μαθὼν
1289 2144 1352 2176 τοὺς
1376 2144 1504 2176 πλείονας
1520 2145 1610 2171 αὐτῶν
1623 2146 1651 2177 ἐς
1670 2146 1790 2180 σπήλαια
1821 2146 1918 2181 ὑλώδη

275 2190 322 2216 καὶ
349 2188 531 2223 δυσεξεύρετοι
548 2187 729 2220 καταδύντας,
753 2186 795 2222 μὴ
821 2187 971 2221 δυνάμενός
1001 2197 1031 2215 τε
1064 2190 1165 2222 αὐτοῦς
1198 2191 1299 2227 εὑρεῖν,
1330 2191 1414 2223 κύνας
1444 2194 1476 2219 ὲκ
1504 2192 1554 2228 τῆς
1579 2191 1696 2229 Ἰταλίας
1714 2192 1920 2227 μετεπέμψατο

277 2234 399 2270 εὕρινας,
413 2234 462 2260 καὶ
476 2233 511 2259 δι’
528 2233 640 2260 ἐκείνων
654 2233 701 2259 τὶν
723 2232 814 2259 στίϐον
838 2233 885 2259 καὶ
901 2234 955 2260 τῶν
979 2235 1131 2270 ἀνθρώπων
1156 2238 1204 2265 καὶ
1234 2238 1289 2265 τῶν
1320 2239 1501 2273 βοσκημάτων
1515 2239 1613 2274 εὑρὼν,
1632 2239 1718 2266 πολλὰ
1744 2239 1918 2274 ἀπετέμετο.

276 2279 358 2311 Γάϊος
373 2279 401 2305 δὲ
417 2278 566 2314 Παπείριος
585 2279 616 2304 ἐκ
637 2279 687 2314 μὲν
704 2278 758 2305 τῶν
787 2278 888 2305 πεδίων
914 2280 977 2312 τοὺς
1003 2281 1138 2316 Κυρνίους
1166 2283 1308 2317 ἀπήλασε·
1342 2284 1502 2319 βιαζόμινος
1526 2285 1554 2312 δὲ
1589 2285 1659 2319 πρὸς
1673 2285 1707 2312 τὰ
1717 2285 1779 2320 ὅρη,
1795 2287 1921 2320 συχνοὺς

277 2329 307 2363 ἐξ
324 2327 434 2361 ἐνέδραις
447 2325 578 2359 ἀπέβαλεν
596 2326 707 2357 πλείους
722 2334 753 2352 τε
780 2326 813 2353 ἂν
841 2325 938 2358 ὓδατος
961 2328 1065 2365 ἀπορίᾳ
1085 2329 1234 2363 ἀπώλεσεν,
1260 2332 1284 2358 εί
1303 2333 1341 2367 μή
1377 2341 1430 2359 που
1462 2332 1535 2368 ὕδωρ
1556 2332 1605 2367 6ψὲ
1623 2340 1688 2359 ποτε
1714 2333 1850 2368 ἀνεφάνη,
1867 2334 1920 2360 καὶ

277 2378 369 2403 ἔπεισε
387 2375 445 2406 τοὺς
461 2374 596 2411 Κυρνίους
608 2373 785 2409 ῥμολογῆσαι.

312 2421 384 2451 XIX.
397 2421 453 2448 Sub
468 2421 520 2448 hoc
530 2424 639 2455 tempus
650 2419 771 2447 Atnilcar
784 2420 838 2447 dux
849 2419 1061 2457 Carthaginien-

1149 2423 1200 2450 IG’.
1218 2424 1297 2451 Κατὰ
1311 2424 1406 2451 τοῦτον
1419 2424 1464 2451 τδν
1483 2425 1579 2460 χρόνον
1606 2426 1654 2452 καὶ
1669 2425 1804 2460 Ἀμίλκας
1822 2426 1837 2452 ό
1853 2427 1918 2453 τῶν

275 2469 359 2500 sium,
371 2467 405 2494 ab
418 2465 546 2500 llispanis
561 2465 652 2492 victus
667 2465 809 2492 occubuit.
820 2464 888 2492 Nam
901 2473 963 2493 cum
981 2467 1068 2494 aciem

277 2517 372 2540 contra
387 2518 435 2539 eos
455 2510 653 2543 instruxisset,
669 2509 708 2537 illi
726 2517 827 2537 currus
846 2510 954 2538 facibus
968 2516 996 2539 et
1009 2512 1071 2547 pice

277 2558 373 2593 plenos
390 2562 454 2584 ante
482 2556 563 2592 402
587 2557 682 2590 copias
708 2555 980 2590 Carthaginiensium
1007 2565 1071 2593 pro-

279 2604 416 2631 duxerunt
435 2612 443 2631 :
459 2610 580 2638 cumque
597 2610 683 2638 prope
699 2607 812 2630 ventum
829 2607 917 2635 esset,
930 2603 964 2630 iis
975 2603 1072 2631 incen-

279 2651 329 2683 sis,
345 2651 468 2686 iumenta
479 2651 594 2678 incitata
611 2650 638 2677 in
657 2640 917 2685 rabiem‘agerunt:
938 2658 1027 2685 eaque
1044 2659 1072 2678 re

279 2695 453 2724 adversarios
468 2697 594 2724 turbatos
604 2715 612 2728 ,
625 2695 762 2727 divulsus.
779 2700 808 2722 et
826 2696 854 2722 in
870 2696 961 2730 fugam
975 2704 1070 2724 versos

280 2743 427 2774 assectati,
443 2746 472 2769 et
491 2742 590 2770 ducem
604 2746 632 2770 et
647 2742 781 2777 plurimos
801 2742 871 2769 alios
894 2742 1068 2770 ceciderunt.

277 2787 410 2816 Amilcari
433 2793 496 2823 post.
515 2788 673 2816 diuturnam
688 2788 849 2816 felicitatem
866 2789 899 2815 ad
918 2788 992 2815 hunc
1009 2796 1069 2816 mo-

1120 2470 1314 2506 Καρχηδονίων
1329 2472 1480 2508 στρατηγὸς
1498 2472 1567 2506 πρὸς
1587 2471 1702 2508 Ἰϐήρων
1713 2472 1839 2507 νικηθεὶς
1852 2472 1923 2499 ἔθα-

1119 2525 1174 2544 νεν.
1193 2517 1497 2553 ’Δντιπαραταξιμένου
1511 2520 1566 2553 γὰρ
1577 2518 1680 2553 σφίσιν,
1698 2518 1809 2553 ἁμάξας
1825 2515 1922 2554 δᾲδωῦ

1120 2562 1167 2589 καὶ
1182 2562 1283 2597 πίσσης
1300 2565 1401 2597 μεστὰς
1417 2564 1470 2598 πρὸ
1486 2563 1534 2590 τοῦ
1560 2564 1676 2599 στρατοῦ
1693 2565 1749 2590 τῶν
1770 2565 1924 2599 Καρχηδο-

1120 2608 1185 2635 νίων
1204 2609 1374 2644 προήγαγον,
1391 2611 1437 2636 καὶ
1461 2610 1663 2645 πλησιάσαντες
1681 2610 1790 2646 ἀνῆψαν
1814 2611 1921 2644 αὐτᾶς,

1120 2654 1169 2680 καὶ
1183 2654 1217 2680 τὰ
1242 2653 1357 2681 ἕλκοντα
1382 2655 1468 2687 αὑτὰς
1482 2655 1619 2690 ὑποζύγια
1647 2656 1863 2690 ἑπισπέρχοντες
1874 2655 1924 2682 οἰ-

1125 2708 1256 2735 στρησαν.
1269 2700 1331 2727 Κάκ
1343 2701 1437 2727 τούτου
1450 2701 1693 2736 συνταραχθέντων
1702 2701 1756 2728 τῶν
1769 2701 1922 2733 ἐναντίων,

1123 2745 1344 2773 διασπασθέντων
1357 2756 1387 2774 τε
1402 2747 1449 2774 καὶ
1465 2748 1657 2784 τραπομένων,
1673 2748 1800 2783 ἑπόμενοι
1820 2748 1927 2774 κάκεῖ-

1124 2799 1169 2817 νον
1187 2792 1234 2817 καὶ
1245 2791 1341 2823 ἄλλους
1355 2792 1496 2825 πλείστους
1509 2793 1670 2829 ἐφόνευσαν,
1681 2794 1736 2821 Καὶ
1759 2794 1773 2821 ὁ
1787 2793 1848 2829 μὲν,
1866 2793 1925 2819 ἐπὶ

883 2859 987 2889 Variae
1008 2859 1162 2905 lectiones
1185 2865 1215 2892 et
1229 2867 1328 2895 notos.

310 2919 373 2955 (25)
395 2918 564 2953 Σαρδῶνας.
584 2918 650 2947 Mss.
659 2926 756 2947 omnes
771 2917 905 2955 Σαρδόνα;
921 2918 1034 2948 habent.
