2018 3146
227 160 282 191 ίο95

861 165 1023 195 JOANNIS
1041 166 1204 197 ΖΟΝΑΒιΕ

1799 173 1852 202 696

231 224 319 253 puero
345 224 441 247 contra
466 220 604 246 Romanos
618 220 798 248 exercitatus.
819 219 918 248 Aiebat
942 221 1016 249 enim

1070 223 1148 256 νίὸας
1160 220 1238 256 οὗτος
1256 225 1322 257 παῖς
1336 225 1383 252 τοῦ
1401 226 1530 261 ’Δμίλκου
1546 227 1594 255 τοῦ
1615 227 1750 263 Βαρχίδου
1763 228 1854 262 ἐγένε-

229 265 350 292 Amilcar
379 273 408 292 se
425 272 521 292 omnes
547 264 627 298 ﬁlios,
653 268 782 301 tanquam
794 267 901 294 catulos
927 275 1014 302 quos-

230 311 291 338 dam
310 315 403 338 contra
435 311 495 338 illos
509 310 593 338 alere.
610 310 688 339 Illum
702 318 794 341 autem
807 320 890 348 quem
904 314 1015 349 ingenio

229 357 309 391 longe
325 357 433 383 cmteris
449 357 611 385 antecellere
627 359 744 391 videret,
759 360 941 396 jurejurando
952 361 1018 388 ade-

228 405 276 440 git,
294 411 323 431 se
339 404 446 432 hostem
472 405 530 432 fore
547 407 649 442 populo
672 407 808 440 Romano.
831 408 870 436 Ea
883 408 918 435 de
932 416 1015 436 causa

228 458 290 477 cum
308 450 370 478 aliis
390 458 454 478 eum
472 451 638 488 disciplinis,
659 459 716 481 tum
733 455 761 482 in
776 462 805 482 re
826 454 937 482 militari
953 454 1017 482 dili-

228 501 326 532 genter
341 498 456 530 erudiit,
475 506 561 534 usque
581 499 614 527 ad
630 507 732 528 annum
755 501 845 529 aetatis
863 501 1016 529 decimum-

227 543 368 578 quintum.
385 545 464 573 Unde
478 547 548 581 patri
564 546 591 573 in
607 547 724 582 imperio
738 547 888 576 succedere
900 555 955 575 non
969 555 1016 582 po-

228 590 283 618 tuit
315 599 322 619 :
350 591 398 619 sed
422 597 484 626 post
498 592 662 621 Asdrubalis
686 593 803 624 obitum,
830 601 932 621 annum
957 597 1015 621 tum

227 641 335 664 sextum
348 642 374 664 et
386 638 548 666 vicesimum
562 647 656 674 agens.
667 639 736 667 nihil
745 644 903 670 cunctatus,
919 639 1016 675 Hispa-

227 683 351 711 niensem
366 685 518 713 exercitum
535 686 628 713 statim
642 687 799 721 occupavit.
817 686 851 713 Et
866 686 1018 721 imperator

227 737 243 756 a
258 731 392 758 militibus
407 731 553 763 salutatus,
569 732 662 759 eﬁecit
680 737 710 759 ut
724 732 806 759 etiam
823 732 858 759 ah
875 732 958 768 4ος
972 741 1016 760 ur-

227 777 307 804 banis
319 778 527 812 magistratibus
538 777 590 805 sibi
604 778 777 814 principatus
791 779 1016 807 conﬁrmaretur.

227 822 277 849 llis
302 822 444 857 perfectis,
470 824 625 858 spreiosum
648 825 789 859 quaerebat
803 825 912 853 titulum
939 825 1016 853 inva-

228 867 311 895 dendi
330 868 479 902 Rmnanus,
500 876 580 903 quem
596 869 620 897 ei
641 870 855 906 Zacynthiorum
879 871 970 899 coloni
989 872 1016 899 in

227 914 359 949 Hispania
385 915 607 950 suppeditarunt.-
635 917 763 950 Quicum
791 926 845 945 non
865 918 962 953 procul
981 918 1016 945 ab

227 969 307 989 amne
323 962 403 990 [hero
419 962 588 994 habitarent,
601 963 712 998 paulum
725 971 740 991 a
751 964 820 991 mari
836 965 946 998 remoti,
962 965 1018 992 Ro-

227 1015 325 1036 manos
339 1016 436 1043 magno
450 1009 542 1037 studio
555 1014 582 1037 et
601 1010 707 1038 honore
724 1011 863 1043 colebant,
889 1016 972 1050 atque
987 1012 1016 1040 in

227 1054 451 1090 Carthaginiensi
463 1055 568 1083 fallere
587 1056 695 1091 excepti
717 1062 807 1085 erant.
826 1058 864 1085 Ea
885 1055 919 1086 de
934 1066 1016 1086 causa

227 1101 329 1129 bellum
345 1102 387 1130 eis
403 1102 496 1130 intulit
512 1103 645 1135 Annibal,
663 1103 737 1130 haud
772 1104 896 1139 ignarus,
913 1105 1017 1132 Roma-

227 1155 279 1176 nos
294 1152 341 1176 aut
352 1155 433 1183 opem
447 1149 487 1176 eis
498 1149 614 1181 laturos,
626 1154 674 1176 aut
686 1149 778 1178 clades
789 1158 884 1178 eorum
897 1151 1015 1178 ulturos.

227 1195 269 1222 Eo
280 1195 441 1227 accedebat,
455 1195 528 1230 quod
541 1203 590 1223 eos
605 1203 717 1232 magnas
731 1204 798 1231 opes
809 1197 912 1225 habere
925 1204 1016 1228 norat.

227 1241 328 1275 quibus
345 1241 371 1268 in
388 1241 486 1276 primis
498 1242 598 1276 egebat
616 1250 623 1269 :
639 1248 666 1270 et
681 1242 743 1269 aliis
769 1243 935 1274 rationibus.
953 1251 1015 1278 qua:

227 1291 324 1315 contra
343 1287 483 1315 Romanos
500 1288 584 1316 etiam
600 1288 625 1315 ei
659 1288 803 1323 profutura
819 1294 909 1322 erant,
929 1289 1018 1317 addu-

226 1336 301 1364 ctus,
315 1332 483 1367 Saguntinos
495 1337 537 1360 est
551 1333 676 1361 adortus.
686 1333 817 1368 Hispania
833 1341 908 1367 vero,
923 1334 950 1361 in
963 1342 1016 1368 qua

227 1378 268 1406 illi
285 1378 420 1411 habitant,
447 1386 511 1406 cum
528 1378 654 1408 ﬁnitimis
680 1379 749 1407 locis
774 1380 905 1407 omnibus
921 1381 947 1407 in
963 1381 1018 1407 Eu-

227 1431 295 1459 ropa
313 1432 412 1452 versus
434 1425 611 1454 Occidentem
627 1425 690 1459 sila,
704 1426 739 1453 ad
756 1434 831 1454 mare
847 1427 974 1459 interius,
991 1432 1018 1456 et

227 1469 355 1498 Herculis
370 1471 514 1499 columnas
531 1476 558 1500 et
573 1472 712 1501 Oceanum
736 1473 816 1507 longe
829 1474 961 1505 excurrit,
977 1478 1017 1501 at-

227 1523 282 1550 que
295 1516 379 1544 etiam
395 1517 585 1544 continentem
600 1517 762 1552 longissimo
778 1523 867 1545 tractu
884 1525 971 1552 usque
982 1519 1016 1545 ad

1067 278 1109 301 το,
1125 270 1174 297 καὶ
1189 271 1222 298 ἐκ
1235 271 1339 298 παίδων
1355 271 1436 304 εὐθὺς
1454 273 1500 299 ἐπὶ
1517 275 1582 306 τοὺς
1598 273 1752 308 Ῥωμαίους
1767 274 1853 310 ἠσκή-

1067 314 1112 350 θη.
1132 315 1238 348 Πάντας
1251 316 1305 352 γὰρ
1320 317 1384 349 τοὺς
1397 318 1473 350 υἱοὺς
1487 319 1502 345 ό
1521 318 1654 354 ’Δμίλκας
1669 318 1764 353 ὥσπερ
1779 321 1852 350 τινὰς

1068 359 1206 395 σκύμνους
1218 362 1261 388 in‘
1275 363 1373 394 αὐτοὺς
1387 363 1498 399 τρέφειν
1506 364 1609 398 ἔλεγεν,
1621 365 1724 391 ἐκεῖνον
1734 364 1775 397 δὲ,
1786 365 1851 392 πολὺ

1070 408 1102 442 τῇ
1117 407 1196 442 φύσει
1212 409 1385 443 προφέροντα
1405 410 1488 445 ὀρῶν,
1504 411 1551 438 καὶ
1562 410 1676 446 ὥρκωσε
1688 410 1855 445 πολεμήσειν

1067 453 1169 485 αὐτοῖς.
1187 454 1242 481 Καὶ
1257 454 1301 481 διὰ
1311 455 1390 482 τοῦτο
1404 455 1438 482 τά
1449 465 1478 483 τε
1493 457 1560 484 ἄλλα
1573 457 1621 484 καὶ
1634 457 1668 484 τὰ
1683 457 1802 492 πολέμια.
1816 458 1854 484 ἔτι

1068 500 1170 534 μᾶλλον
1198 501 1280 528 αὐτὸν
1309 502 1473 536 ὶξεδίδασκε,
1504 505 1753 540 πεντεκαιδεκαέτη
1778 505 1853 532 ὄντα.

1068 545 1151 572 Ὅθεν
1169 547 1219 572 οὐκ
1237 547 1369 583 ἠδυνήθη,
1388 548 1515 581 θανόντος
1530 550 1605 585 αὐτῷ
1618 550 1666 577 τοῦ
1680 551 1796 586 πατρὸς,
1808 551 1857 586 τὴν

1068 591 1238 626 στρατηγίαν
1251 591 1435 626 διαδέξασθαι.
1452 593 1530 620 Ἐπεὶ
1542 595 1569 621 δὲ
1582 595 1596 621 ὁ
1618 596 1782 631 Ἀσδρούϐας
1797 597 1858 622 ἐτε-

1066 634 1208 668 λεύτησεν,
1227 636 1317 663 οὐκέτι
1330 637 1489 673 ἐμέλλησεν.
1503 638 1533 670 ἒξ
1550 639 1596 665 καὶ
1612 639 1716 666 είκοσιν
1726 640 1796 667 ἐτῶν
1811 641 1857 666 τό-

1066 689 1096 707 τε
1117 681 1251 715 γεγονὼς,
1275 682 1343 710 ἀλλὰ
1363 683 1394 710 τό
1413 692 1442 710 τε
1462 685 1621 720 στράτευμα
1647 687 1676 713 ὲν
1695 687 1728 722 τῇ
1751 687 1859 723 Ἰϐηρίᾳ

1067 727 1166 754 αὐτίκα
1187 729 1394 763 προσκατέλαὼ
1416 731 1485 765 (50),
1508 732 1556 758 καὶ
1573 733 1725 768 στρατηγὸς
1742 733 1790 759 ὑπ’
1808 734 1858 759 αὑ-

1067 774 1123 800 τῶν
1137 774 1316 809 ἀναδειχθεὶς,
1333 775 1488 812 διῳκήσατο
1503 777 1550 803 καὶ
1564 778 1640 811 παρὰ
1656 778 1711 804 τῶν
1725 778 1795 805 οἴκοι
1811 786 1875 805 τε-,

1067 821 1123 848 λῶν
1140 821 1321 857 βεϐαιωθῆναι
1343 823 1418 858 αὗτῷ
1438 823 1488 858 τὴν
1514 824 1675 858 ἡγεμονίαν.
1700 825 1815 859 Πράξας
1832 825 1860 852 δὲ

1068 866 1167 898 ταῦτα,
1189 868 1354 903 προφάσεως
1367 869 1523 904 εὐπρεποῦς
1546 870 1632 897 ἐδεῖτο
1655 871 1696 902 εἰς
1717 871 1766 907 τὴν
1784 871 1860 898 κατὰ

1034 895 1055 924 Β
1075 895 1220 947 Ῥωμαίων
1236 895 1401 949 ὁρμὴν,,καὶ
1417 895 1522 950 ἑαύτήῦ
1534 895 1765 950 ἐποιήσατοττοίίς
1779 917 1812 942 ἐν
1827 918 1860 952 τῇ

1068 959 1173 995 Ἰϐηρίᾳ
1188 959 1364 992 Ζακυνθίους.
1379 958 1458 988 Οὗτοι
1473 962 1541 996 γὰρ,
1558 962 1589 988 οὐ
1602 962 1698 998 τιόρρω
1713 962 1760 988 τοῦ
1774 970 1862 989 ποταμ

1070 1006 1120 1041 μοΰ
1135 1006 1272 1039 οέκοῦντες
1283 1007 1331 1034 τοῦ
1346 1007 1454 1043 Ἴϐηρος
1470 1008 1527 1036 ἄνω
1539 1010 1588 1044 τῆς
1608 1009 1745 1044 θαλάσσης
1756 1009 1860 1045 βραχῦ,

1068 1053 1125 1084 τοῖς
1153 1052 1301 1088 Ῥωμαίοις
1327 1055 1516 1089 προσέκειντο,
1532 1054 1655 1082 κάκεῖνοι
1683 1055 1730 1083 καὶ
1754 1056 1861 1092 ἐτίμων

1068 1099 1167 1132 αὐτοὺς
1184 1100 1231 1126 καὶ
1250 1101 1280 1126 ὲν
1291 1101 1350 1132 ταῖς
1370 1101 1439 1136 πρὸς
1456 1102 1520 1133 τοὺς
1540 1102 1740 1137 Καρχηδονίους
1758 1103 1863 1138 συνθή-

1068 1155 1130 1179 καις
1138 1146 1302 1181 ,ἐξαιρέτους
1315 1147 1529 1180 ἰπεποιήκεσαν.
1548 1148 1598 1175 Διά
1612 1149 1688 1175 ταῦτ’
1704 1147 1750 1177 οὖν
1766 1150 1780 1176 ὁ
1799 1149 1864 1177 ’Δνο

1068 1192 1146 1224 νίϐας
1159 1193 1277 1227 πόλεμον
1291 1193 1377 1228 ἤρατο
1394 1193 1461 1229 πρὸς
1475 1194 1585 1227 αὐτοὺς,
1602 1195 1680 1227 είδὼς
1698 1196 1740 1222 ὅτι
1760 1196 1776 1231 ἢ
1795 1197 1863 1223 ἐπι-

1068 1239 1252 1273 κουρήσουσιν
1281 1238 1306 1264 οί
1331 1238 1461 1273 Ῥωμαῖοι
1477 1241 1534 1270 τοῖς
1550 1239 1710 1271 Ζακυνθίοις
1731 1240 1815 1276 ἧκαί
1835 1249 1862 1268 τι

1069 1283 1187 1310 παθοῦσι
1202 1284 1401 1319 τιμωρήσουσι.
1417 1285 1464 1311 Διά
1478 1293 1507 1311 τε
1525 1282 1573 1312 οὖν
1583 1285 1669 1312 ταῦτα
1685 1285 1734 1313 καὶ
1751 1287 1794 1312 ὃτι
1814 1287 1863 1312 καὶ

1071 1330 1158 1365 μέγαν
1172 1329 1288 1356 πλοῦτον
1304 1329 1453 1364 κεκτῆσθαι
1472 1331 1570 1362 αὐτοὺς
1582 1331 1743 1365 ἐγίνωσκεν,
1758 1329 1789 1358 οὗ
1813 1332 1863 1359 καὶ

1070 1377 1188 1412 μάλιστα
1201 1376 1312 1412 ἔχρῃζε,
1328 1377 1375 1403 καὶ
1390 1377 1424 1402 δι’
1441 1376 1523 1412 ἕτερα
1542 1378 1617 1404 αίτια
1632 1377 1680 1404 καὶ
1696 1377 1768 1404 κατὰ
1789 1378 1863 1404 Ῥω-

1070 1424 1160 1458 μαίων
1173 1423 1248 1457 αὐτῷ
1260 1422 1479 1458 συμϐαλλόμενα,
1492 1423 1548 1453 τοῖς
1560 1423 1721 1455 Ζακυνθίοις
1732 1423 1862 1450 ἐπέθετο.

1075 1469 1107 1495 'H
1118 1468 1140 1495 δ’
1155 1468 1270 1503 Ἰϐηρία,
1287 1465 1344 1503 ἐνῇ
1358 1468 1383 1495 οἱ
1400 1467 1544 1495 Ζακύνθιοι
1561 1467 1677 1501 οἰκοῦσι,
1698 1470 1744 1495 καὶ
1760 1469 1776 1504 ή
1791 1477 1864 1504 προ-

1070 1514 1152 1549 σεχὴς
1172 1514 1241 1549 αὐτῇ
1266 1515 1341 1541 πᾶσα
1372 1514 1401 1541 ἐν
1424 1523 1454 1541 τε
1477 1516 1510 1549 τῇ
1528 1513 1648 1552 Εὐρώπῃ
1663 1515 1732 1551 πρδς
1750 1515 1863 1549 δυσμάς

228 1566 337 1589 montes
353 1562 498 1596 Pyrenaeos
512 1566 650 1597 occupat:
664 1563 710 1597 qui
724 1570 738 1589 a
761 1563 840 1595 mari,
859 1563 932 1598 quod
952 1564 1016 1591 olim

1070 1561 1139 1593 ἐστι,
1152 1560 1199 1587 καὶ
1215 1561 1262 1587 ἐπὶ
1279 1561 1346 1588 πολὺ
1366 1561 1415 1596 μὲν
1432 1562 1508 1596 παρὰ
1519 1561 1568 1597 τὴν
1579 1561 1633 1588 ἔσω
1643 1561 1797 1595 θάλασσαν,
1813 1563 1865 1589 καὶ

228 1607 392 1642 Bebrycium
407 1607 564 1640 dicebatur,
586 1613 648 1643 post
661 1603 840 1637 Narbonense
850 1611 1016 1645 appellatum

227 1658 282 1686 est,
302 1661 390 1688 usque
398 1654 432 1681 ad
446 1654 569 1682 exterius
583 1662 658 1682 mare
670 1663 797 1690 magnum
812 1655 963 1690 pertinent,
977 1661 1019 1684 to-

229 1705 340 1735 tamque
352 1700 512 1735 Hispaniam
526 1708 541 1728 a
556 1700 643 1728 Gallia
658 1701 773 1728 ﬁnitima
788 1701 931 1729 dirimunt.
945 1702 1016 1730 Intra

228 1752 277 1772 eos
293 1744 386 1772 multae
401 1744 517 1772 diversas
534 1749 631 1781 gentes
646 1746 842 1779 consederunt,
856 1754 908 1774 nec
923 1747 1017 1782 lingua

227 1789 338 1822 eadem,
365 1797 416 1817 nec
430 1789 518 1817 forma
546 1790 708 1825 reipublicae.
730 1795 862 1819 utentes:
880 1790 954 1820 unde
967 1800 1018 1819 nec

228 1836 327 1865 eodem
352 1837 464 1865 nomine
480 1837 664 1872 appellantur.
688 1837 756 1864 Nam
778 1837 895 1864 Romani
919 1837 1018 1872 Hispa-

227 1891 289 1916 nos,
314 1882 403 1911 Graeci
423 1883 458 1910 ab
471 1883 551 1911 Ibero
567 1890 649 1911 amne
668 1883 762 1911 lheros
779 1888 890 1911 vocant.
909 1883 1017 1918 Sagunt—

228 1929 279 1957 tini
303 1937 368 1957 cum
391 1929 598 1962 obsiderentur,
624 1930 726 1957 auxilia
742 1933 769 1957 et
791 1929 972 1957 ﬁnitimorum
990 1936 1018 1957 et

227 1978 414 2006 Romanorum
431 1978 615 2013 implorarunt
633 1987 640 2003 :
658 1985 691 2005 ac
707 1977 770 2005 illos
800 1978 946 2012 prohibuit
961 1979 1019 2005 An-

226 2024 312 2051 nibal.
335 2024 453 2052 Romani
469 2029 562 2052 autem
583 2024 681 2060 legatis
705 2024 737 2051 ad
753 2032 817 2052 eum
834 2024 937 2057 missis,
954 2032 1017 2060 pos-

227 2070 365 2103 tularunt,
383 2075 414 2097 ut
437 2069 559 2105 Sagunto
577 2070 740 2097 abstineret.
757 2070 836 2103 Quod
852 2071 880 2098 ni
902 2070 1015 2103 faceret,

226 2115 416 2149 minabantur,
430 2123 459 2143 se
470 2115 665 2150 Carthaginem
689 2110 781 2142 statim
799 2115 832 2142 ad
846 2123 909 2143 eum
932 2123 1017 2142 accu—

227 2163 346 2190 sandum
386 2163 574 2198 navigaturos.
611 2162 646 2189 At
675 2162 793 2189 Annibal
821 2169 856 2189 ex
886 2162 1016 2197 Hispanis

227 2209 362 2244 quosdam
377 2209 464 2241 misit,
485 2209 532 2243 qui
547 2216 597 2243 per
615 2207 677 2236 ﬁdei
696 2213 722 2235 et
737 2208 867 2236 amicitia:
895 2209 1015 2243 speciem

225 2253 326 2289 legatis
354 2253 643 2288 appropinquantibus
668 2253 805 2285 dicerent,
834 2261 890 2280 non
918 2253 1015 2281 adesse

226 2301 337 2332 ducem.
368 2299 466 2335 procul
492 2299 519 2326 in
544 2300 602 2326 loca
634 2300 758 2334 quaedam
788 2299 925 2335 incognita
952 2307 1016 2335 pro-

224 2347 351 2374 iectum:
378 2349 590 2380 moneremque,
617 2349 647 2372 ut
667 2345 872 2380 quamprimum
890 2345 1015 2373 discede-

226 2396 300 2425 rent,
315 2399 351 2419 ne
368 2391 489 2418 adventu
509 2391 619 2418 illorum
636 2390 758 2426 cognito,
773 2399 822 2426 per
839 2391 1015 2426 imperatoris

225 2435 381 2463 absentiam
393 2436 427 2462 ab
440 2435 583 2464 eﬁ'renatis
597 2435 733 2463 militibus
745 2435 902 2463 interirent.
918 2435 1014 2470 Legati

225 2489 290 2510 vera
307 2482 353 2509 illa
366 2489 429 2510 esse
444 2481 507 2513 rati,
523 2480 718 2516 Carthaginem
740 2481 878 2508 abierunt.
894 2480 1014 2509 indicto-

225 2536 279 2564 que
302 2528 431 2561 concilo,
445 2527 718 2562 Carthaginiensium
740 2527 787 2554 alii
803 2535 899 2562 pacem
923 2535 1018 2556 suase-

228 2580 310 2608 runt;
327 2574 412 2603 factio
449 2582 515 2602 vero
538 2573 695 2607 Annibalis,
715 2574 882 2609 Saguntinos
896 2581 960 2601 esse
975 2574 1017 2601 in-

225 2619 325 2653 jurios,
346 2626 375 2648 et
387 2621 529 2649 Romanos
552 2627 583 2647 ea
604 2627 665 2655 qua:
682 2619 753 2646 nihil
775 2619 808 2646 ad
827 2619 901 2654 ipsos
917 2618 1017 2648 attine-

227 2670 299 2698 rent,
319 2666 429 2693 curiose
451 2666 595 2701 complecti
614 2665 764 2692 asserebat.
782 2664 905 2699 Denique
922 2664 949 2691 in
962 2672 1011 2692 eo-

227 2720 288 2740 rum
301 2711 382 2748 407
400 2713 566 2739 sententiam
580 2712 649 2739 itum
668 2715 722 2744 est,
737 2710 784 2746 qui
801 2709 864 2737 belli
883 2710 1016 2739 Romanis

227 2757 364 2787 inferendi
389 2761 516 2786 auctores
535 2763 625 2785 erant.
650 2758 760 2785 interea
787 2756 851 2783 dum
896 2756 1015 2785 Annibal

1070 1605 1146 1640 παρὰ
1161 1606 1211 1637 τὰς
1231 1606 1410 1641 Ἡρακλείους
1431 1607 1532 1643 στήλας
1554 1608 1601 1634 τόν
1621 1616 1650 1634 τε
1668 1607 1802 1635 Ὠκεανὸν
1817 1609 1865 1635 αὐ-

1069 1651 1115 1677 τὸν
1136 1651 1262 1686 προήκει,
1280 1652 1327 1678 καὶ
1344 1653 1458 1687 προσέτι
1475 1652 1522 1679 καὶ
1537 1652 1587 1687 τήν
1601 1652 1716 1688 ἤπειρον
1736 1653 1787 1688 τὴν
1804 1653 1864 1680 ἄνω

1069 1696 1114 1723 διὰ
1128 1697 1256 1723 πλείστου
1272 1697 1353 1733 μέχρι
1370 1698 1417 1725 τοῦ
1437 1699 1594 1735 Πυρηναίου
1608 1699 1732 1734 νέμεται.
1747 1699 1783 1726 Τὸ
1805 1701 1864 1734 γὰρ

1070 1742 1134 1777 ὅρος
1152 1743 1241 1776 τοῦτο,
1259 1745 1290 1770 ὲκ
1302 1745 1350 1777 τῆς
1365 1745 1504 1780 θαλάσσης
1514 1747 1563 1781 τῆς
1582 1745 1666 1772 πάλαι
1684 1746 1734 1781 μὲν
1751 1745 1864 1780 Βεϐρύ-

1069 1797 1135 1821 κων,
1160 1788 1273 1824 ὕστερον
1297 1790 1327 1816 δὲ
1348 1790 1553 1826 Ναρὸωνηαίων
1571 1792 1736 1826 ἀρξάμενον,
1759 1793 1789 1823 ἐς
1809 1793 1864 1826 τὴν

1069 1834 1121 1868 ἔξω
1135 1835 1184 1871 τὴν
1201 1835 1325 1870 μεγάλην
1340 1836 1481 1869 διατείνει,
1508 1837 1593 1864 πολλὰ
1613 1837 1663 1872 μὲν
1680 1838 1757 1870 ἐντὸς
1774 1838 1863 1864 αὑτοῦ

1069 1882 1116 1909 καὶ
1130 1881 1274 1916 σύμμικτοι
1291 1882 1355 1917 ἔθνη
1369 1881 1441 1917 ἔχον,
1456 1884 1546 1910 πᾶσαν
1565 1883 1593 1910 δὲ
1606 1884 1656 1920 τὴν
1667 1883 1791 1919 Ἰσηρίαν
1806 1884 1866 1910 ἀπὸ

1068 1928 1117 1963 τῆς
1134 1928 1285 1963 προσοίκου
1302 1927 1438 1960 Γαλατίας
1453 1929 1592 1965 ἁφορῐζον.
1606 1929 1675 1957 οὔτε
1685 1930 1708 1956 δ’
1720 1930 1864 1965 ὁμόφωνοι

1067 1972 1149 2010 ἦσαν,
1166 1973 1227 2000 οὔτε
1242 1976 1319 2009 κοινῇ
1334 1975 1533 2008 ἐπολιτεύοντο,
1551 1975 1613 2002 ὅθεν
1628 1976 1688 2002 οὐδὲ
1702 1977 1742 2008 είς
1759 1975 1789 2003 ἓν
1800 1976 1865 2002 ὄνος

1070 2029 1108 2056 μα
1129 2021 1247 2048 ἐτέλουν.
1269 2021 1301 2047 Oi
1313 2021 1375 2060 psv
1391 2022 1447 2058 γὰρ
1465 2022 1600 2057 Ῥωμαῖοι
1618 2022 1772 2054 Ὶσπανοὺς,
1789 2023 1816 2048 οἱ
1839 2022 1864 2048 δ’

1069 2067 1200 2103 Ἕλληνες
1218 2067 1331 2103 Ἴϐηρας
1347 2068 1403 2094 ἀπὸ
1424 2068 1470 2095 τοῦ
1485 2069 1610 2103 ποταμοῦ
1627 2068 1737 2103 Ἴϐηρος
1757 2069 1864 2100 αὐτοὺς

1068 2114 1249 2142 ἐπεκάλεσαν.
1278 2115 1310 2141 Ol
1336 2114 1386 2149 μὲν
1412 2113 1458 2141 οὖν
1473 2114 1620 2142 Ζακύνθιοι
1634 2112 1707 2142 οὗτοι
1731 2115 1863 2150 ἐπολιορ-

1068 2162 1177 2194 κοῦντο,
1191 2161 1240 2188 καὶ
1251 2161 1377 2196 ἔπεμψαν
1394 2161 1462 2196 πρὸς
1475 2162 1538 2192 τοὺς
1554 2161 1715 2196 περιοίκους
1727 2161 1776 2188 καὶ
1789 2161 1864 2196 πρὸς

1068 2208 1132 2239 τοὺς
1158 2207 1311 2241 Ῥωμαίους
1335 2207 1498 2242 ἐπικουρίας
1523 2207 1658 2241 δεόμενοι.
1691 2207 1773 2234 Ἀλλὰ
1794 2207 1863 2238 τοὺς

1071 2255 1120 2289 μὲν
1135 2254 1149 2280 ό
1170 2254 1293 2284 ’Δννίσας
1306 2253 1443 2280 ἐκώλυσεν
1457 2261 1465 2269 ·
1481 2253 1506 2279 oi
1518 2253 1711 2291 tib'Pwtmim,
1725 2253 1862 2287 πρέσϐεις

1068 2301 1137 2335 πρὸς
1154 2301 1258 2326 ἐκεῖνον
1274 2299 1442 2335 πέμψαντες,
1462 2299 1500 2335 μὴ
1523 2299 1652 2332 πελάζειν
1673 2300 1730 2330 τοῖς
1753 2300 1863 2326 Ζακυν-

1068 2346 1136 2377 θίοις
1156 2345 1293 2378 ἐκέλευον,
1313 2346 1362 2372 καὶ
1379 2346 1404 2372 ει
1420 2345 1458 2381 μὴ
1477 2345 1608 2378 πείθοιτο,
1627 2347 1655 2377 ἐς
1672 2346 1721 2380 τὴν
1743 2346 1862 2381 Καρχη-

1067 2391 1131 2419 δόνα
1144 2391 1262 2418 πλεῦσαι
1279 2392 1361 2423 εὐθὺς
1375 2392 1422 2418 καὶ
1436 2392 1625 2427 κατηγορῆσαι
1637 2390 1723 2419 αὐτοῦ
1738 2391 1861 2426 ἐπηπεί-

1066 2438 1161 2474 λησαν.
1186 2438 1214 2465 '0
1230 2437 1252 2464 δ’
1284 2437 1421 2471 Ἀννίϐας,
1449 2439 1481 2465 ὲκ
1498 2438 1553 2466 τῶν
1569 2439 1726 2474 ἐπιχωρίων
1744 2439 1862 2472 πέμψας

1067 2485 1143 2516 τινὰς
1157 2484 1195 2516 ὡς
1209 2483 1316 2510 εὔνοιαν
1328 2484 1480 2519 τηροῦντας
1494 2485 1550 2516 τοῖς
1565 2478 1712 2519 πρέσϐεσιν
1723 2484 1774 2520 ήδη
1788 2484 1860 2520 πλη‹

1069 2531 1128 2557 σίον
1149 2529 1219 2562 οὖσι,
1238 2530 1429 2565 παρεσκεύασε
1451 2529 1541 2564 λέγειν
1557 2530 1650 2561 αὐτοῖς
1669 2531 1707 2566 μὴ
1727 2531 1860 2565 παρεῖναι

1067 2576 1113 2603 τὸν
1130 2575 1294 2611 στρατηγὸν,
1314 2576 1409 2611 πόρρω
1423 2584 1474 2603 που
1497 2577 1525 2607 ις
1541 2576 1670 2610 ἄγνωστα
1684 2576 1775 2611 χωρία
1790 2576 1861 2603 ἁπο-

1067 2622 1237 2657 δημήσαντα,
1255 2621 1301 2649 καὶ
1318 2621 1457 2657 παρῄνουν
1472 2621 1664 2656 ἀπαλλαγῆναι
1676 2621 1714 2653 ὡς
1727 2621 1859 2656 τάχιστα,

1067 2668 1132 2703 πρὶν
1155 2667 1369 2701 καταγγελθεϊεν
1395 2668 1432 2698 ὡς
1460 2667 1599 2702 πάρεισιν,
1618 2667 1661 2694 ινα
1679 2667 1717 2703 μὴ
1741 2668 1787 2694 διὰ
1806 2667 1860 2701 τὴν

1067 2712 1212 2747 ἀναρχίαν,
1229 2712 1277 2738 τοῦ
1297 2711 1454 2747 στρατηγοῦ
1469 2713 1507 2748 μὴ
1524 2713 1670 2748 παρόντος,
1685 2713 1857 2740 ἀπόλωνται.

1067 2758 1099 2784 Ol
1119 2758 1168 2794 μὶν
1179 2755 1226 2785 οὖν
1245 2758 1443 2790 πιστεύσαντες
1457 2758 1551 2790 αὐτοῖς
1564 2759 1605 2790 είς
1619 2759 1670 2794 τὴν
1691 2758 1860 2795 Καρχηδόνα

829 2831 931 2861 Varia;
947 2831 1105 2862 lectiones
1127 2835 1159 2862 et
1175 2835 1270 2863 notaa.

260 2895 315 2926 (30)
330 2895 444 2922 Αὐτίκα
468 2895 679 2928 προπαιέλαϐε.
699 2895 776 2923 Alter
803 2895 889 2923 codex
905 2895 1007 2929 Wolﬁi,

1067 2895 1176 2924 οσέλασε
1192 2896 1248 2925 duo
1264 2897 1329 2932 Reg.
1345 2901 1373 2925 et
1390 2897 1466 2926 Colb.
1484 2896 1703 2932 προσκατέλαϐι.
