2018 3146
259 166 314 198 69E)

895 165 1059 196 JOANNIS
1079 164 1242 196 ZONARIE

1831 167 1886 201 τοο

257 232 309 258 pax
328 225 476 257 attulisset,
495 228 551 251 tum
568 223 705 258 pecuniis,
730 227 786 250 tum
803 222 899 257 copiis,
920 226 976 248 tum
1001 229 1039 248 so-

1097 222 1157 247 τέον
1171 222 1315 249 ἐσκόπουν.
1339 221 1393 249 Καί
1419 231 1460 254 τίς
1481 223 1658 259 Ἀσδρούϐας.
1682 221 1723 256 εἷς
1746 224 1801 252 τῶν
1833 227 1888 253 ὑπὸ

257 269 306 296 ι’ἱιῗς
330 270 497 305 comparatis
520 268 716 303 repudiandae;
742 268 914 303 subiecitque
933 277 938 294 τ
960 267 988 295 Si
1006 267 1046 294 vel

255 315 305 342 soli
316 314 442 342 Annibali
462 323 509 341 suo
526 315 659 340 arbitrati.
681 323 735 341 rem
750 322 840 350 gerere
855 314 1043 350 permisissent,

257 362 345 387 munia
363 362 411 387 rite
428 360 644 386 administratum
657 362 700 392 iri,
717 365 740 388 ct
761 361 830 395 ipsos
854 361 926 387 omni
948 360 1045 387 laboris

256 406 374 434 molestia
393 407 531 433 carituros.
555 407 603 433 Illo
622 407 680 434 haec
695 407 800 439 loculo,
814 415 929 442 magnus
946 405 1044 433 Hanno

255 457 360 482 contra,
378 460 431 478 non
451 456 565 485 temere,
582 461 671 488 neque
687 454 722 480 ob
741 462 823 488 parva
837 459 865 480 ct
881 453 967 480 aliena
990 454 1045 480 cri-

255 498 330 525 mina
354 498 455 525 bcllum
484 499 511 526 in
537 500 735 534 rempublicam
760 500 956 527 retrahendum
983 507 1044 527 esse

254 544 374 576 censuit,
394 551 455 571 cum
477 545 530 572 alia
543 553 669 580 purgare,
686 546 739 572 alia
767 546 932 573 inauctores
954 550 1043 573 trans-

253 589 326 618 ferre
358 590 449 618 liccat.
467 591 517 624 Qui
537 599 598 618 cum
615 591 724 619 dicendi
746 591 827 619 ﬁnem
847 591 965 624 fecisset,
978 591 1044 619 Car-

253 636 468 671 thaginicnsium
482 637 616 670 seniores,
644 638 782 672 primique
806 637 872 665 belli
895 644 1042 669 memores,

254 679 271 708 il
285 680 293 707 i
308 685 372 708 sunt
387 682 492 709 assansi
511 690 516 708 :
537 683 628 709 cmteri
650 683 848 714 adolescentes,
866 683 941 718 iique
957 683 1043 718 potis-

254 726 354 753 simum
369 728 415 762 qui
446 728 589 755 Ainibalis
607 735 718 755 causam
734 729 862 763 agebant,
878 730 979 756 acriter
993 729 1042 756 ad-

254 773 356 799 versati
375 777 450 800 sunt.
469 773 504 801 Ut
523 778 615 801 autem
636 773 705 800 nihil
729 774 798 800 certi
817 774 942 808 responsi
959 774 1043 802 dede-

253 823 328 850 runt,
353 818 512 854 legatosque
536 820 726 855 neglexerunt,
745 820 780 847 M.
806 820 907 848 Fabius
929 821 992 848 sinu
1009 829 1042 848 ex

252 866 313 898 trga
340 863 412 892 facto
436 865 519 897 :Hic,
541 865 642 900 inquit,
671 866 740 894 vobis
770 866 867 894 bellum
895 871 920 894 et
949 875 1041 902 pacem

1097 267 1144 294 τοῦ
1165 268 1287 294 Ἀννίϐου
1315 271 1658 305 προπαρεσκευασμένων,
1688 271 1886 300 αυνεϐούλευσε

1098 314 1174 348 σφίσι
1185 315 1282 350 χρῆναι
1295 315 1344 350 τήν
1363 324 1393 342 τε
1409 316 1527 350 ἀρχαίαν
1541 316 1698 351 ἐλευθερίαν
1710 317 1887 352 ἀνακτήσασ-

1097 360 1152 393 θαι,
1169 361 1217 387 καὶ
1233 361 1283 396 τὴν
1299 362 1330 388 ὲκ
1346 362 1396 396 τῆς
1417 362 1531 397 εἰρήνης
1543 362 1665 390 δουλείαν
1682 363 1888 399 ἀποτρίψασθαι

1096 407 1142 433 καὶ
1158 407 1293 442 χρήμασι,
1317 408 1364 434 καὶ
1380 408 1523 443 δυνάμεσι,
1542 409 1589 435 καὶ
1609 411 1766 444 συμμάχοις
1784 419 1886 444 συγκι-

1096 454 1285 488 κροτημένοις,
1298 453 1446 488 ἐπαγαγὼν
1463 455 1514 486 ὅτι,
1533 454 1598 482 Κᾶν
1607 454 1646 488 τῷ
1667 456 1788 489 Ἀννίϐᾳ
1801 457 1888 490 μόνῳ

1095 498 1153 524 ὅσα
1166 499 1309 531 βούλεται
1324 500 1432 534 πρᾶξαι
1448 500 1637 535 ἐπιτρέψητε,
1654 502 1703 528 καὶ
1719 501 1756 528 τὰ
1771 502 1890 536 προσ-ἠ-

1086 553 1187 571 ’κοντα
1201 545 1297 579 ἔσται,
1323 547 1371 573 καί
1385 547 1476 573 οὐδὲν
1490 547 1575 574 αὐτοὶ
1589 547 1749 579 πονήσετε.
1765 547 1888 574 Τοιαῦτα

1094 589 1121 616 δὲ
1134 590 1217 616 αὑτοῦ
1233 591 1370 624 είπόντος,
1393 592 1497 618 Ι’Δννων
1520 592 1534 618 ὀ
1566 592 1653 627 μέγας
1677 592 1889 628 ἐναντιούμενος

1093 638 1150 669 τοῖς
1162 636 1210 663 τοῦ
1227 637 1387 673 Ἀσδρούϐου
1396 638 1497 672 λόγοις,
1512 638 1626 672 γνώμην
1640 640 1795 673 εἰσήνεγκε,
1814 638 1888 673 μήτε

1095 683 1205 719 ρᾳῖίως,
1228 684 1296 718 μήτε
1315 684 1422 719 μικρῶν
1439 684 1487 710 καὶ
1521 683 1671 718 ἀλλοτρίων
1701 684 1888 719 ἐγκλημάτων

1093 729 1175 756 ἕνεκα
1192 730 1238 756 τὸν
1254 730 1373 765 πόλεμον
1389 730 1431 765 ἐφ’
1453 731 1567 762 ἑαυτοὺς
1595 731 1810 762 ἐπισπάσασθαι,
1832 739 1890 757 πα-

1094 776 1142 810 ρὸν
1155 776 1189 801 τὰ
1204 776 1253 811 μὲν
1267 775 1358 809 λῦσαι,
1382 776 1416 802 τὰ
1432 776 1460 803 δὲ
1491 778 1519 809 ἐς
1555 777 1618 807 τοὺς
1641 777 1795 812 δράσαντας
1814 778 1890 804 αὐτὰ

1092 823 1200 858 τρέψαι,
1220 823 1274 849 Καὶ
1286 824 1300 849 ὁ
1317 823 1368 858 μὲν
1380 823 1468 850 ταῦτα
1484 824 1569 850 εἰπὼν
1591 823 1743 851 ἐπαύσατο.
1773 825 1835 851 Τῶν
1856 824 1889 851 δι

1094 869 1288 905 Καρχηδονίων
1305 871 1329 896 οἱ
1345 870 1396 906 μὲν
1408 870 1588 905 πρεσϐύτεροι
1604 871 1651 897 καὶ
1667 870 1715 897 τοῦ
1745 870 1810 905 πρὶν
1836 879 1890 905 με·

251 914 347 944 porlo:
365 915 453 938 utrum
466 912 562 946 placet,
574 914 681 940 sumite.
699 913 766 940 Cum
784 913 992 949 respondissent
1011 921 1039 941 se

1094 902 1227 952 μνημένοι
1242 902 1373 950 πολέμου,
1393 902 1468 951 αὐτῷ
1484 902 1672 944 συνετίθεντο·
1698 918 1722 943 ol
1737 902 1805 943 8‘.“
1823 902 1889 952 ηλιο

249 960 380 983 neutrum
396 957 506 992 quidem
530 965 651 992 sumere,
666 959 712 986 sed
730 964 823 986 utrum
844 959 966 986 dedisset
982 959 1040 986 ala-

250 1001 334 1029 criter
358 1008 532 1038 accepturos.
546 1005 647 1032 bellum
665 1006 706 1033 eis
729 1007 822 1033 statim
850 1006 959 1033 indixit.
983 1006 1040 1033 Hoc

251 1047 335 1081 igitur
349 1049 441 1082 modo,
457 1056 485 1077 et
498 1051 541 1078 his
557 1051 591 1078 de
606 1052 698 1079 causis
716 1052 788 1079 inter
798 1053 1040 1088 Carthaginienses

250 1097 279 1120 et
295 1093 434 1123 Romanos
451 1097 568 1124 alterum
590 1097 693 1125 bellum
709 1103 753 1126 est
777 1099 940 1131 conﬂatum,
964 1099 1039 1126 futu-

251 1145 335 1173 raque
355 1140 489 1169 divinitus
513 1142 675 1170 denuntiata
695 1148 770 1171 sunt.
792 1145 860 1172 Nam
880 1146 974 1173 Roma:
990 1147 1040 1174 bos

251 1183 371 1213 humana
394 1195 460 1215 voce
478 1188 587 1216 locutus
604 1194 661 1223 est;
683 1195 711 1217 et
728 1191 799 1218 alius
814 1191 888 1220 ludis
907 1192 1040 1220 Romanis

249 1238 283 1260 ex
298 1232 405 1260 aedibus
426 1241 454 1261 se
473 1234 500 1261 in
525 1235 648 1262 Tiberim
665 1237 858 1272 praecipitavit,
882 1246 914 1266 ac
939 1240 1038 1274 periit;

250 1277 364 1306 fulmina
385 1281 470 1307 multa
487 1286 550 1308 sunt
573 1283 680 1316 delata;
697 1284 808 1319 sanguis
831 1289 889 1311 tum
911 1292 925 1312 e
943 1285 1040 1312 statuis

252 1325 386 1356 manavit,
403 1328 460 1354 tam
481 1335 496 1354 e
515 1328 611 1356 militis
628 1330 771 1365 cujusdam
789 1331 905 1366 clypeo;
924 1331 1040 1359 alterius

250 1377 345 1397 ensem
359 1371 441 1407 lupus
457 1380 489 1400 ex
503 1373 570 1409 ipsis
586 1376 685 1403 castris
700 1376 803 1411 rapuit.
816 1377 947 1404 Annibali
973 1385 1038 1405 vero

249 1417 344 1444 multa:
372 1415 482 1453 ignotae'
507 1419 601 1448 bestize
624 1421 735 1449 Iberum
763 1423 928 1457 transeunti,
953 1425 1039 1451 veluti

249 1463 322 1491 viam
339 1471 547 1500 monstrarunt;
571 1472 598 1495 et
618 1469 755 1496 somnium
782 1469 939 1505 hujusmodi
957 1478 1040 1505 appa-

249 1509 314 1536 ruit.
335 1509 490 1544 Aliquando
507 1513 560 1540 sibi
576 1514 652 1541 visus
667 1519 710 1542 est
725 1522 740 1542 a
755 1514 808 1542 diis
823 1515 850 1542 in
862 1515 979 1542 concilio
993 1523 1039 1543 se-

1092 963 1151 999 κίᾳ,
1167 963 1212 989 καὶ
1237 962 1347 997 μάλισθ’
1372 963 1429 989 ὅσοι
1449 962 1482 989 τὰ
1508 962 1555 990 τοῦ
1589 962 1711 990 Ἀννίϐου
1733 962 1888 998 ἔπραττον,

1093 1009 1211 1044 ἰσχυρῶς
1228 1009 1382 1043 ἀντέλεγον.
1393 1009 1435 1040 Ὠς
1452 1008 1474 1035 δ’
1488 1009 1565 1036 οὐδὲν
1581 1010 1667 1043 σαφὲς
1682 1010 1888 1044 ἀπεκρίναντο,

1091 1056 1138 1082 καὶ
1154 1057 1182 1082 ἐν
1196 1056 1328 1090 ὀλιγωρίᾳ.
1342 1056 1407 1086 τοὺς
1425 1054 1558 1090 πρέσϐεις
1583 1053 1666 1090 εἰχον,
1696 1057 1711 1082 ὀ
1735 1055 1850 1090 Μάρκος
1873 1056 1891 1082 ὁ

1090 1103 1203 1135 Φάϐιος,
1215 1102 1264 1134 τὰς
1278 1103 1374 1137 χεῖρας
1393 1101 1446 1128 ὑπὸ
1464 1101 1495 1127 τὸ
1509 1100 1616 1136 ἱμάτιον
1646 1101 1803 1133 ὑποϐαλὼν,
1836 1101 1890 1128 καὶ

1091 1149 1225 1180 ὑπτιάσας
1243 1148 1339 1179 αὑτὰς,
1355 1148 1405 1182 ἔφη
1417 1155 1423 1162 '
1446 1146 1520 1182 Ἐγὼ
1533 1147 1592 1181 μὲν
1617 1147 1746 1179 ἐνταῦθ’,
1759 1144 1783 1173 ὦ
1806 1149 1888 1181 Καρ-

1091 1197 1236 1231 χηδόνιοι,
1249 1195 1298 1222 καί
1313 1196 1367 1222 τὸν
1381 1196 1516 1230 πόλεμον
1528 1195 1576 1221 καί
1590 1195 1646 1228 τὴν
1654 1194 1779 1228 εἰρήνην
1791 1195 1888 1228 φέρω·

1091 1242 1175 1277 ὑμεῖς
1191 1241 1216 1267 δ’
1232 1242 1378 1274 ὁπότερον
1389 1240 1489 1267 αὐτῶν
1510 1239 1666 1272 ,ϐούλεσθε
1692 1240 1812 1266 ἕλεσθε.
1839 1239 1889 1265 ’Λ-

1092 1287 1277 1322 ποκριθέντων
1289 1286 1317 1313 δὲ
1333 1286 1483 1321 μηδέτερον
1508 1285 1557 1320 μὲν
1585 1285 1735 1320 αἱρεῖσθαι,
1751 1283 1888 1320 δέχεσθαι

1090 1333 1112 1359 δ’
1131 1333 1248 1367 ἑτοίμως
1260 1332 1391 1368 ὁπότερον
1407 1332 1620 1366 καταλείψουσιν
1630 1339 1637 1347 ⁸
1653 1331 1819 1366 ἐπήγγειλεν
1832 1331 1889 1357 αὺ-

1091 1379 1146 1410 τοῖς
1162 1378 1262 1405 αὐτίκα
1281 1377 1327 1404 τὸν
1349 1377 1477 1413 πόλεμον.
1498 1377 1577 1405 Οὕτω
1600 1377 1650 1413 μὲν
1675 1378 1723 1404 καὶ
1739 1378 1784 1404 διὰ
1796 1377 1890 1405 ταῦτα.

1091 1425 1117 1451 οἵ
1137 1433 1167 1451 τε
1188 1424 1321 1459 Ῥωμαῖοι
1332 1424 1379 1451 καὶ
1397 1424 1421 1451 οἱ
1440 1424 1624 1460 Καρχηδόνιοι
1639 1423 1670 1450 τὸ
1683 1424 1809 1459 δεύτερον
1822 1425 1889 1450 ἐπο-

1090 1471 1224 1505 λέμησαν,
1244 1471 1334 1497 mut
1358 1470 1497 1503 δαιμόνιον
1520 1470 1556 1496 τὰ
1567 1470 1741 1506 γενησόμενα
1762 1470 1889 1505 προεσή-

1093 1525 1188 1551 μηνεν.
1207 1516 1251 1542 Ἐν
1265 1517 1318 1551 γὰρ
1334 1518 1366 1551 τῇ
1380 1516 1477 1552 Ῥώμῃ
1488 1516 1666 1552 ἀνθρωπίνως
1677 1516 1791 1552 ἐλάλησε
1806 1516 1888 1551 βοῦς,

249 1554 379 1584 dentibus
394 1559 498 1586 accersi
519 1562 546 1585 et
561 1561 765 1594 quamprimum
791 1560 818 1587 in
841 1561 946 1588 Italiam
962 1569 1039 1589 exer-

1092 1564 1140 1591 καὶ
1150 1563 1245 1598 ἕτερος
1257 1563 1284 1589 ὲν
1299 1563 1332 1599 τῇ
1344 1562 1398 1590 τῶν
1420 1562 1567 1598 Ῥωμαίων
1581 1563 1737 1598 πανηγύρει
1751 1563 1780 1596 ἐξ
1792 1561 1888 1594 οἰκίας

249 1602 335 1627 citum
351 1602 452 1630 ducere
465 1604 556 1638 juberi
577 1613 582 1631 :
597 1606 631 1632 ab
647 1606 741 1642 eisque
759 1606 857 1634 ducem
874 1607 982 1635 itineris
995 1616 1041 1635 ac-

249 1646 367 1680 cepisse,
381 1655 462 1682 quem
476 1656 531 1676 non
546 1655 705 1685 respectans
718 1658 890 1687 sequeretur.
909 1653 963 1681 Sed
977 1662 1039 1682 cum

249 1699 279 1718 se
293 1691 378 1728 409
394 1696 589 1729 convertisset,
617 1705 742 1733 magnam
762 1699 891 1734 ingruere
920 1705 1040 1736 tempes-

249 1741 296 1764 tat«
308 1746 333 1765 m
354 1739 466 1774 vidisse,
487 1741 692 1778 draconemque
707 1745 786 1780 sequi
803 1745 921 1780 ingentis
936 1747 1040 1782 magni-

249 1783 365 1812 tudinis.
383 1786 449 1819 Quze
474 1795 538 1814 cum
555 1789 713 1823 miraretur,
743 1791 887 1819 ductorem
915 1800 1037 1828 rogasse,

249 1829 379 1863 quidnam
399 1840 430 1860 ea
449 1833 501 1861 sibi
518 1834 638 1862 vellent?
654 1837 702 1871 qui
718 1838 895 1872 responderit
918 1847 925 1866 :
943 1838 984 1867 Ea
998 1840 1039 1867 illi

248 1875 285 1900 ad
300 1877 448 1905 vastitatem
465 1878 555 1907 Italia:
567 1881 720 1916 adiumento
733 1883 824 1917 futura
837 1892 902 1912 esse.

1089 1610 1130 1641 είς
1143 1608 1189 1635 τὸν
1213 1608 1324 1644 Τίϐεριν
1345 1608 1441 1635 ἑαυτὸν
1457 1609 1564 1644 ἑρῤιψε,
1581 1609 1626 1636 καὶ
1640 1609 1760 1644 ἐφθάρη,
1778 1617 1888 1644 κεραυ-

1091 1655 1131 1681 νοί
1144 1663 1173 1681 τε
1188 1653 1281 1681 πολλοὶ
1299 1654 1439 1689 ἐφέροντο,
1455 1655 1504 1680 καὶ
1521 1651 1591 1690 αἷμα
1613 1654 1643 1680 τὸ
1661 1655 1710 1689 μὲν
1740 1653 1770 1686 ἐξ
1798 1654 1889 1687 ἀγαλ-

1091 1701 1185 1737 μάτων
1199 1700 1288 1735 ὢφθη,
1311 1700 1339 1726 τὸ
1361 1700 1389 1726 δὲ
1406 1699 1436 1732 ἐξ
1457 1700 1570 1732 ἀσπίδος
1591 1700 1761 1735 στρατιώτου
1784 1699 1888 1735 specu,

1089 1748 1183 1783 ἐτέρου
1199 1756 1227 1773 τε
1243 1747 1320 1781 ξίφος
1331 1748 1360 1780 ἐξ
1376 1747 1459 1774 αὐτοῦ
1476 1747 1522 1774 τοῦ
1538 1748 1720 1782 στρατοπέδου
1734 1746 1817 1777 λύκος
1831 1746 1887 1781 ἥρ-

1088 1803 1171 1822 πασε.
1186 1794 1231 1829 Τῷ
1247 1793 1269 1820 δ’
1289 1794 1398 1828 Ἀννίϐα
1413 1793 1494 1828 θηρία
1514 1793 1599 1820 πολλὰ
1616 1793 1664 1820 καὶ
1690 1793 1820 1826 ἄγνωστα
1836 1793 1888 1818 τὸν

1090 1841 1189 1875 Ἴϐηρα
1203 1838 1370 1865 διαϐαίνοντι
1399 1837 1641 1873 προκαθηγήσατο,
1668 1838 1714 1864 καὶ
1729 1837 1791 1872 wn:
1813 1837 1888 1863 ὀνεί-

1090 1896 1137 1923 ρου
1150 1886 1249 1921 ἐφάνη.
1267 1884 1362 1917 Ἔδοξε
1378 1884 1433 1919 γὰρ
1451 1893 1516 1911 ποτε
1529 1884 1591 1915 τοὺς
1609 1884 1687 1914 eam;
1704 1885 1732 1910 ἐν
1747 1883 1887 1918 ἐκκλησίᾳ

251 1922 425 1957 καθημένους
443 1927 676 1962 μεταπέμψασθαί
688 1937 717 1956 τε
732 1930 816 1956 αὑτὸν
850 1932 898 1958 καὶ
923 1922 1095 1968 στρατεῦσαι
1121 1935 1162 1960 ὅτι
1190 1931 1306 1966 τάχιστα
1329 1930 1370 1962 είς
1399 1930 1449 1965 τὴν
1477 1929 1594 1957 Ἰταλίαν
1633 1929 1796 1965 προστάξαι,
1837 1926 1888 1955 καὶ

250 1969 344 1998 λαϐεῖν
356 1974 422 2008 παρ’
437 1975 528 2002 αὐτῶν
542 1977 591 2012 τῆς
607 1977 668 2004 ὁδοῦ
693 1978 826 2013 ἡγεμόνα,
856 1980 903 2007 καὶ
933 1983 1144 2020 ἀμεταστρεπτὶ
1175 1982 1221 2009 ὑπ’
1237 1980 1321 2007 αὐτοῦ
1350 1978 1531 2013 κελευσθῆναι
1562 1977 1691 2005 ἕπεσθαι.
1713 1978 1887 2012 Μεταστρα-

247 2017 330 2052 φῆναι
345 2018 374 2045 δὲ
398 2021 446 2048 καὶ
461 2021 525 2048 ίδεῖν
555 2023 678 2058 χειμῶνα
697 2024 786 2059 μέγαν
817 2026 972 2062 χωροῦντα,
991 2031 1038 2057 καὶ
1055 2017 1192 2066 δράκοντα
1222 2027 1297 2062 αὐτῷ
1330 2025 1569 2053 ἐπακολουθοῦντα
1586 2025 1738 2060 ἀμήχανον,
1751 2026 1799 2050 καὶ
1814 2025 1886 2050 θαυ-

247 2064 334 2098 μάσαι
353 2066 466 2102 ἔρεσθαι
480 2077 510 2096 τε
525 2070 571 2097 τὸν
582 2070 702 2106 ἀγωγὸν.
727 2072 754 2099 τί
784 2073 871 2101 ταῦτα
903 2073 977 2104 εἷεν*
1009 2078 1057 2105 καὶ
1073 2064 1121 2106 τὸν
1147 2078 1253 2105 ειπεῖν·
1279 2073 1317 2104 Ὦ
1353 2074 1481 2106 Ἀννίεαο
1503 2073 1598 2101 ταῦτα
1626 2072 1887 2108 συμπορθήσοντά

245 2116 296 2137 σοι
311 2110 368 2145 τὴν
391 2112 524 2142 Ἰταλίαν
536 2114 664 2150 ἔρχεται.

280 2158 376 2187 XXIII.
410 2160 472 2189 Ilaec
499 2162 601 2191 bonam
626 2172 704 2200 spem
730 2166 872 2201 Annibali,
902 2169 1035 2198 Romanis

246 2215 376 2243 magnum
406 2209 534 2238 timorem
562 2212 727 2241 attulerunt.
745 2214 798 2248 Qui
810 2217 896 2251 copiis
923 2222 952 2245 et
965 2226 1036 2246 coss.

247 2254 375 2282 bifariam
397 2255 564 2290 disrributis,
581 2257 776 2294 Sempronium
802 2261 926 2297 Longum
947 2263 975 2291 in
990 2264 1034 2291 Si-

248 2300 338 2315 nm...“
356 2300 489 2315 n\:nn---nl
518 2302 544 2315 ε..
558 2303 710 2315 ΙΙε----εμᾼκ
727 2306 748 2315 n
770 2306 786 2315 η
807 2307 812 2313 -
836 2308 841 2313 -
958 2309 964 2315 .
1016 2311 1020 2315 .

1091 2262 1178 2292 δὲτὰς
1192 2260 1324 2295 δυνάμεις
1352 2259 1378 2285 ot
1398 2258 1534 2293 Ῥωμαῖοι
1561 2258 1706 2290 διελόντες,
1739 2255 1891 2315 aulicam:

246 2300 339 2327 eiliam
356 2300 501 2335 miserunt,
518 2302 545 2330 in
557 2303 713 2339 Hispaniam
727 2306 758 2333 P.
770 2306 936 2342 Scipionem.
950 2309 1036 2338 Anni‘

247 2347 292 2374 bal
322 2355 389 2375 vero
419 2347 612 2383 impressionis
637 2351 664 2378 in
679 2351 785 2380 Italiam
807 2354 898 2388 primo
926 2363 1037 2391 quoque

247 2398 373 2429 tempore
395 2394 527 2423 facienda:
556 2396 692 2431 cupidus,
709 2399 761 2426 iter
798 2401 985 2429 acceleravit:
1004 2410 1037 2430 ac

247 2439 374 2473 Calliam,
387 2448 448 2476 quae
467 2442 539 2470 intra
572 2443 733 2478 Pyremeum
748 2449 776 2472 et
794 2445 958 2474 lthodanum
982 2452 1035 2481 est,

247 2487 319 2514 citra
331 2487 539 2515 dimicationem
558 2489 667 2517 transiit
680 2499 687 2517 :
700 2498 791 2526 neque
810 2492 959 2527 quisquam
972 2500 1036 2520 cum

245 2539 280 2559 eo
297 2540 462 2569 congressus
475 2538 528 2567 est,
541 2535 701 2570 priusquam
715 2536 749 2564 ad
765 2537 930 2566 Rhodanum
945 2538 1037 2566 venis-

246 2583 300 2606 set.
316 2578 356 2607 lbi
368 2588 399 2609 se
417 2581 456 2608 illi
468 2581 591 2609 ostendit
604 2581 698 2617 Scipio
714 2592 722 2610 :
737 2587 766 2611 et
783 2589 944 2620 quanquam
975 2586 1036 2621 ejus

244 2625 332 2660 copiae
342 2627 464 2655 nondum
474 2628 663 2661 advenissent,
674 2633 762 2657 tamen
774 2638 836 2658 cum
845 2631 1034 2667 popularibus,

246 2679 399 2706 eorumque
411 2673 546 2708 ﬁnitimis,
571 2682 657 2702 naves
682 2683 743 2710 qua:
759 2675 786 2703 in
804 2676 917 2704 llumiue
944 2681 1034 2710 erant,

247 2718 424 2751 communiit,
465 2721 631 2756 alveumque
660 2721 801 2750 eustodiit.
825 2723 956 2757 Annibal,
982 2724 1034 2751 etsi

249 2763 384 2798 temporis
398 2764 502 2800 aliquid
529 2767 700 2795 instruendis
722 2767 839 2801 ratibus,
872 2769 983 2804 scaphis
1007 2773 1036 2796 et

246 2807 377 2836 lintribus
398 2811 570 2845 consumpsit
594 2831 601 2844 ,
620 2816 711 2839 tamen
726 2813 819 2840 omnia
835 2813 868 2840 ad
891 2815 1034 2850 trajectum

247 2855 414 2890 necessaria,
446 2856 624 2885 multitudine
648 2866 796 2893 operarum
826 2860 903 2898 prius
918 2860 1034 2895 paravit,

244 2908 327 2936 quam
346 2901 468 2939 Scipioni
483 2910 538 2932 sua:
555 2903 678 2939 legiones
694 2904 880 2934 advenissent.
899 2905 1035 2935 Fratrem-

1125 2170 1191 2196 KI".
1207 2168 1300 2195 Ταῦτα
1319 2166 1359 2202 τῷ
1384 2167 1434 2202 μὲν
1468 2165 1579 2201 ’Δννίϐᾳ
1613 2165 1737 2201 χρηστὴν
1771 2164 1885 2194 ἐλπίδα,

1091 2216 1149 2247 τοῖς
1167 2215 1196 2241 δέ
1216 2213 1364 2248 Ῥωμαίοις
1378 2212 1467 2246 δεινὴν
1488 2211 1609 2239 ἐνεποίει
1632 2211 1794 2246 ἐκφόϐησιν.
1814 2211 1884 2246 Διχῆ

1888 2254 1895 2272 l

1090 2307 1212 2338 ὑπάτους
1228 2304 1407 2340 Σεμπρώνιον
1423 2304 1475 2340 μὲν
1486 2304 1592 2338 Λόγγον
1609 2304 1638 2336 ἐς
1655 2304 1780 2331 Σικελίαν
1797 2303 1890 2344 ἐπεμοξ

1088 2354 1154 2388 ψαν,
1175 2353 1204 2381 ἐς
1215 2352 1245 2379 δέ
1259 2351 1308 2387 τὴν
1331 2351 1452 2386 Ἰϐηρίαν
1469 2349 1610 2377 Σκιπίωνα
1628 2350 1774 2378 Πούπλιον.
1802 2350 1831 2377 '0
1855 2350 1884 2377 δὲ

1094 2399 1230 2432 Ἀννίϐας,
1254 2399 1295 2430 εἰς
1313 2398 1364 2433 τὴν
1388 2396 1503 2426 Ἰταλίαν
1527 2396 1564 2428 ὡς
1591 2396 1708 2431 τάχιστα
1735 2396 1882 2430 ἐπιθυμῶν

1088 2445 1235 2476 είσϐαλεῑν,
1251 2443 1353 2478 σπουδῇ
1369 2443 1480 2478 ἐχώρει,
1496 2443 1545 2469 καὶ
1565 2443 1658 2469 πᾶσαν
1672 2441 1723 2477 τὴν
1743 2442 1883 2469 Γαλατίαν

1088 2491 1138 2526 τὴν
1151 2489 1252 2526 μεταξὺ
1267 2489 1315 2516 τοῦ
1335 2488 1489 2524 Πυρηναίου
1514 2488 1561 2514 καὶ
1576 2487 1624 2514 τοῦ
1650 2487 1779 2515 Ῥοδανοῦ
1796 2487 1882 2515 οὖσαν

1088 2538 1192 2572 ἀμαχεὶ
1211 2535 1314 2572 διῆλθε,
1333 2535 1383 2563 καὶ
1403 2535 1485 2570 μέχρι
1503 2534 1553 2569 μὲν
1569 2534 1618 2561 τοῦ
1635 2534 1759 2569 ποταμοῦ
1785 2535 1883 2561 Ῥοδι-

1088 2582 1134 2609 νοῠ
1148 2581 1236 2613 οὐδεὶς
1253 2581 1295 2613 είς
1314 2581 1409 2616 χεῖρας
1422 2577 1490 2616 ἧκεν
1517 2578 1603 2614 αὐτῷ.
1641 2579 1715 2605 Ἑκεί
1733 2578 1756 2605 δ’
1775 2580 1790 2605 ὁ
1818 2580 1883 2606 Σκι-

1089 2628 1161 2656 πίων
1176 2627 1311 2662 ἐπεφάνη,
1326 2625 1429 2661 καίπερ
1447 2625 1485 2660 μὴ
1499 2623 1643 2660 παρούσης
1670 2624 1745 2659 αὐτῷ
1766 2625 1818 2658 τῆς
1833 2625 1881 2651 δυ-

1089 2674 1208 2710 νάμεως,
1220 2673 1294 2708 ὅμως
1312 2673 1383 2707 μετὰ
1393 2671 1448 2697 τῶν
1462 2670 1620 2706 ἐπιχωρίων
1643 2671 1691 2697 καὶ
1707 2671 1761 2696 τῶν
1786 2671 1881 2702 αὐτοῖς

1089 2720 1246 2756 προ-τοίχων
1261 2719 1296 2746 τά
1306 2727 1335 2745 τε
1349 2718 1427 2746 πλοῖα
1439 2717 1473 2744 τὰ
1488 2718 1516 2744 ἐν
1526 2716 1565 2752 τῷ
1576 2717 1693 2752 ποταμῷ
1703 2716 1880 2752 προδιέφθει-

1089 2775 1130 2802 ρε,
1147 2766 1193 2793 καὶ.
1206 2765 1236 2792 τὸ
1254 2764 1344 2800 ῥεῦμα
1355 2763 1440 2790 αὑτοῦ
1467 2763 1511 2790 διὰ
1527 2762 1653 2797 φυλακῆς
1663 2763 1824 2796 ἐποιήσατο.
1849 2762 1879 2788 ὐ

1088 2811 1134 2839 οὖν
1156 2811 1281 2843 ’Δννίϐας
1294 2811 1388 2848 ἐτριψε
1407 2810 1456 2843 μέν
1471 2818 1532 2836 τινα
1560 2810 1668 2844 χρόνον,
1687 2809 1736 2836 καὶ
1755 2809 1877 2843 σχεδίας,

1088 2857 1137 2884 καὶ
1149 2857 1253 2892 oud-eq,
1271 2857 1338 2883 ἄλλα
1353 2864 1382 2882 τε
1412 2855 1460 2883 καὶ
1492 2854 1627 2890 μονόξυλα
1648 2854 1876 2886 κατασκευάζων,

1090 2904 1180 2939 Ἐφθη
1196 2903 1218 2930 δ’
1234 2902 1280 2931 οὖν
1303 2903 1356 2930 ὑπὸ
1370 2901 1546 2938 πολυχειρίας
1567 2901 1602 2929 τὰ
1628 2901 1696 2934 πρὸς
1722 2901 1876 2933 περαίωσιν
