2018 3146
239 158 254 184 ἰ
259 157 294 183 U3

240 208 385 237 resistente
403 212 431 235 et
446 214 551 242 sparsa,
564 205 671 234 facilius
684 204 813 233 infra'eos
827 205 949 232 transiit.
966 203 1027 231 Sci-
1041 203 1063 232 A

241 256 286 291 pio
299 255 332 282 ab
352 253 479 281 hostibus
504 252 702 287 deprehensus.
731 259 760 279 se
774 251 836 279 loco
856 259 912 278 non
927 249 1023 277 movit.

241 300 279 327 Ac
293 306 410 334 pugnam
431 296 549 328 iniisset,
577 295 629 322 nisi
644 295 747 323 Gallica
770 295 873 323 auxilia
894 299 976 323 noctu
991 294 1025 321 ad

241 346 336 372 hostes
362 341 583 376 transfugissent.
616 341 654 368 Ea
682 349 712 368 re
727 341 864 374 turbatus,
885 345 913 368 et
930 340 1026 368 dolore.

241 390 363 418 vulneris
377 392 501 419 vexatus.
518 388 570 415 sub
594 393 701 415 noctem
718 393 808 416 castra
825 388 851 415 in
877 387 1024 415 editiorem

240 438 330 464 locum
358 433 509 463 transtulit.
540 434 699 468 vallumque
731 433 905 466 communiit,
931 439 1027 468 perse-

240 486 340 518 quente
364 481 485 508 nemine.
500 481 606 508 Deinde
624 480 868 515 Carthaginienses
879 482 1026 510 venerunt,

240 535 268 557 et
278 529 389 556 ﬂumine
406 527 552 562 interjeeto
565 527 644 563 411
660 526 847 554 castrametati
863 531 937 553 sunt.
954 525 1026 552 Dum

239 574 333 609 Scipio
350 578 407 600 tum
436 581 469 600 ex
485 572 581 600 dolore
607 572 740 604 vulneris,
758 577 815 600 tum
835 571 871 598 ob
885 576 1026 605 acceptam

239 621 344 649 cladem
375 625 436 647 seso
455 619 610 649 continens.
637 621 730 652 plures
750 618 844 653 copias
872 621 1027 652 exspectat,

241 666 360 695 Annibal
373 665 465 693 multis
481 664 580 692 frustra
597 663 718 697 tentatis;
742 667 771 690 ut
783 671 846 690 eum
861 663 895 690 ad
908 670 1027 698 pugnam

240 714 366 746 eliceret.
380 720 444 740 cum
457 711 570 746 penuria
583 715 753 738 commeatus
764 710 915 741 laboraret,
929 709 1028 737 castel-

240 761 297 789 lum
312 761 449 796 quoddam
466 764 508 787 est
520 759 643 790 adortus.
657 758 684 785 in
695 766 751 793 quo
771 757 887 786 Romani
911 757 1028 785 multum

241 807 374 834 frumenti
397 806 548 840 repositum
573 804 734 832 habebant:
751 808 779 832 et
806 803 871 838 quia
901 803 927 830 vi
959 802 1028 831 nibﬂ

243 852 412 887 proﬁciebat,
431 852 612 879 castellanum
628 850 746 886 pecunia
766 850 927 884 corrumpit,
957 853 987 876 ut
1001 848 1029 876 id

242 899 292 926 sibi
306 898 404 934 prodat
421 907 429 925 ι
446 905 503 933 quo
515 902 665 932 occupato,
686 897 768 925 etiam
798 896 904 924 caeteris
930 894 1030 930 partim

248 945 286 978 vi,
311 945 411 980 partim
440 952 508 971 auro
521 951 551 971 se
578 943 729 979 potiturum
759 942 890 977 speravit.
925 941 1031 968 Interea

244 990 366 1025 Longus.
385 990 508 1018 Siciliam
523 990 613 1025 legato
623 989 738 1021 credita,
756 988 906 1016 accersitus
919 987 952 1014 ad
970 985 1031 1013 Sci-

244 1039 354 1071 pionem
378 1037 475 1064 venit:
497 1044 547 1064 nec
571 1035 659 1062 multo
685 1039 746 1070 post
770 1042 803 1063 ex
826 1033 988 1066 ambitione,
1003 1036 1032 1060 et

243 1083 317 1118 quad
336 1083 503 1118 prmdatores
527 1081 834 1117 quosdamsuperarat,
856 1079 922 1107 dum
939 1079 967 1106 in
982 1087 1032 1114 pu-

244 1137 325 1164 gnam
356 1130 422 1160 ruit,
451 1129 480 1156 in
502 1128 618 1156 insidias
641 1128 772 1163 delapsus
788 1127 923 1162 impingit,
942 1133 969 1153 et
999 1126 1032 1153 ab

244 1176 378 1203 Annibale
407 1183 469 1203 cum
495 1175 636 1210 equitibus
661 1179 688 1202 et
714 1173 868 1208 elephantis
898 1173 924 1199 in
941 1172 1032 1208 fugam

244 1223 416 1249 convertitur
434 1231 441 1249 :
457 1222 485 1248 in
513 1229 568 1256 qua
586 1220 664 1248 multi
691 1220 766 1252 caesi,
778 1219 859 1247 multi
888 1223 990 1247 temere
1006 1219 1033 1246 in

244 1266 359 1294 ﬂuvium
382 1267 545 1303 prrcipitali
571 1267 724 1302 perierunt,
741 1266 821 1301 pauci
847 1273 908 1293 cum
941 1265 1034 1299 Longo

243 1320 369 1341 evasere.
381 1312 500 1340 Annibal
526 1320 593 1340 vero
607 1320 639 1339 ea
665 1312 780 1339 victoria
792 1319 846 1339 non
862 1315 905 1338 est
917 1311 1033 1344 Iactatus,

244 1359 316 1394 quod
330 1364 358 1386 et
368 1359 471 1386 milites
481 1359 582 1386 multos
599 1363 626 1386 et
638 1357 801 1393 elephantos
813 1365 910 1385 omnes
934 1362 1035 1392 praeter

244 1413 341 1437 unum,
372 1405 473 1440 frigore
501 1408 529 1432 et
547 1404 709 1432 vulneribus
723 1403 865 1432 confectos
893 1403 1033 1430 amiserat.

243 1450 335 1478 Factis
349 1449 432 1485 igitur
446 1449 505 1478 sine
524 1449 628 1479 ﬁndere
649 1448 780 1476 induciis.
795 1448 904 1483 utrique
930 1447 964 1475 ad
991 1455 1037 1475 so-

244 1496 303 1524 cios
315 1504 346 1523 se
360 1496 550 1526 contulerunt.
569 1499 598 1523 et
613 1494 640 1521 in
652 1502 750 1523 eorum
763 1493 881 1520 urbibus
906 1493 1037 1520 hiberna—

244 1546 317 1569 runt.
332 1543 371 1569 Ac
387 1541 518 1569 Romanis
532 1545 702 1568 commeatus
722 1540 831 1566 abunde
855 1539 1030 1573 suppetebat.
1048 1548 1070 1577 α

244 1587 361 1614 Annibal
375 1591 465 1613 autem
483 1593 546 1613 cum
558 1593 590 1613 ea
605 1593 665 1620 qua:
675 1585 742 1611 socii
758 1584 873 1615 dabant,
890 1583 958 1610 satis
979 1591 1034 1611 non

245 1636 348 1664 essent,
368 1631 555 1658 Romanorum
580 1636 664 1664 pagos
677 1632 706 1655 et
739 1628 839 1663 oppida
869 1628 1035 1662 invadenda,

244 1678 312 1705 alias
328 1677 466 1707 vincebat.
481 1675 549 1703 alias
561 1674 746 1709 repellebatur
763 1683 771 1702 :
786 1673 937 1708 aliquando
953 1681 1038 1708 eque—

245 1723 296 1751 atri
321 1722 472 1750 certamin
492 1729 507 1748 a
534 1721 628 1755 Longo
658 1720 759 1752 victus.
791 1719 892 1747 vulnus
919 1720 1036 1755 accepit.

247 1769 326 1799 Unde
340 1768 452 1804 quidam
463 1776 496 1795 ex
511 1767 644 1795 Romanis
659 1770 768 1801 sumpta
782 1765 892 1798 ﬁducia,
912 1774 961 1801 per
978 1774 1038 1794 sese

247 1820 344 1842 contra
364 1821 427 1842 eum
446 1814 546 1841 muenia
572 1815 962 1847 oppugnantem,eruperunt.
981 1811 1037 1839 Sed

247 1866 274 1888 et
300 1860 337 1887 illi
355 1859 416 1887 caesi
430 1864 505 1890 sunt,
518 1862 546 1886 et
562 1857 693 1892 oppidum
705 1857 776 1884 facta
805 1857 946 1884 deditione
959 1865 1038 1884 ever-

247 1913 308 1934 sum
322 1913 330 1932 :
343 1910 371 1932 et
387 1913 420 1932 ex
436 1903 552 1939 captivis
566 1903 681 1930 Romani
701 1909 798 1929 omnes
820 1901 969 1934 interfecti,
986 1909 1038 1929 ca:-

247 1950 298 1978 teri
309 1948 426 1976 dimissi.
440 1949 569 1976 Eamdem
585 1948 720 1975 rationem
739 1947 767 1974 in
778 1947 907 1974 omnibus
921 1947 1037 1981 captivis

246 1994 413 2027 observavit,
432 1999 463 2022 ut
475 2001 523 2028 per
540 2001 588 2021 eos
600 1993 683 2022 urbes
697 1993 750 2020 sibi
776 1992 947 2020 conciliaret.
962 1992 1037 2025 Quin

246 2050 280 2068 ex
294 2041 408 2076 reliquis
424 2040 506 2067 etiam
513 2039 609 2071 Gallis,
621 2038 768 2074 Liguribus
775 2043 803 2065 et
815 2038 1036 2071 Etruscisﬁmulti,

247 2087 379 2116 Romanis
396 2087 424 2114 in
443 2085 501 2114 suis
513 2085 624 2120 oppidis
634 2085 734 2120 partim
747 2084 856 2118 occisis,
878 2085 978 2119 partim
991 2085 1038 2112 de-

248 2133 327 2166 ditis,
339 2132 514 2160 defecerunt.
540 2130 657 2158 Annibal
678 2131 705 2158 in
729 2130 869 2158 Etruriam
892 2130 994 2162 iturus,
1022 2139 1037 2158 a

249 2178 343 2213 Longo
359 2184 458 2213 magna
474 2179 638 2211 tempestate
653 2175 798 2203 lacessitus
809 2179 851 2202 est
867 2183 874 2201 :
893 2179 921 2202 et
942 2175 1037 2202 multis

873 146 1035 177 JUANNIS
1056 145 1217 176 ZONARIE

1803 142 1862 173 τοι

1078 202 1207 237 διαϐῆναι
1225 200 1387 237 προσέταξε.
1402 200 1456 228 Καὶ
1464 199 1537 227 οὕτω
1555 197 1602 226 τοῦ
1617 198 1712 230 ὕδατος
1728 197 1791 233 περὶ
1806 200 1866 229 τοῖς

1076 247 1168 280 ὄγκοις
1185 247 1240 274 τῶν
1254 246 1330 280 ζώων
1346 245 1573 281 ὲμποδιζομένου,
1585 244 1633 271 καὶ
1649 243 1867 278 σκεδαννύμενοι»

1078 294 1143 328 ῥᾷον
1160 292 1238 320 κάτω
1257 291 1334 327 σφῶν
1348 291 1546 328 διεπεραιώθη.
1564 289 1759 324 Καταληφθεὶς
1777 289 1823 316 οὖν
1852 289 1868 314 ὁ

1077 339 1198 366 Σκιπίων
1213 339 1285 366 κατὰ
1300 339 1393 373 χώραν
1408 337 1512 373 ἔμεινε.
1537 337 1593 364 Καὶ
1606 336 1755 371 ἐμαχέσατ’
1772 335 1816 367 ἂν,
1842 334 1869 361 εί

1079 386 1115 420 μὴ
1134 385 1232 416 νυκτὺς
1246 385 1271 412 οἱ
1288 385 1419 416 Γαλάται,
1434 384 1460 410 οἱ
1478 383 1538 418 μετ’
1560 382 1645 410 αὐτοῦ
1665 381 1869 417 ηὐτομόλησαν.

1083 432 1112 458 '0
1129 431 1152 459 δ’
1164 432 1212 458 οὖν
1227 431 1360 464 Σκιπίων,
1377 428 1424 457 ἐπὶ
1447 429 1534 465 τούτῳ
1557 428 1714 464 ταραχθεὶς,
1738 427 1786 454 καὶ
1813 427 1870 454 ὑπὸ

1077 477 1125 505 τοῦ
1149 477 1308 513 τραύματος
1341 476 1568 511 ταλαιπωρήσας,
1592 474 1644 501 ὑπὸ
1664 475 1752 502 νύκτα
1787 471 1871 506 αὖθις

1078 523 1221 557 ἐξανέστη,
1234 522 1280 549 καὶ
1295 522 1342 549 ἐπὶ
1352 521 1490 557 μετεώρου
1503 520 1534 547 τδ
1541 521 1689 554 τάφρευμα
1705 520 1869 553 ἐποιήσατο.

1078 568 1176 601 Δίωξις
1183 569 1212 595 δὲ
1221 567 1306 595 αὑτοῦ
1322 567 1372 594 οὐκ
1382 567 1501 601 ἐγένετο.
1513 566 1590 592 Μετὰ
1606 565 1635 592 δὲ
1645 564 1726 591 τοῦτο
1737 564 1873 598 ἀφίκοντο

1079 613 1126 640 καὶ
1140 614 1164 640 oi
1181 613 1376 648 Καρχηδόνιοι,
1388 612 1436 639 καὶ
1449 611 1496 637 τὸν
1510 610 1636 644 ποταμὸν
1648 609 1692 636 διὰ
1700 609 1782 643 μέσον
1791 616 1874 643 ποιη-

1080 659 1205 695 σάμενοι,
1222 658 1515 694 ἐστρατοπεδεύσαντο.
1536 657 1565 683 '0
1592 656 1642 691 μὲν
1672 654 1720 682 οὖν
1746 654 1875 682 Σκιπίων

1080 706 1125 733 διά
1141 714 1170 732 τε
1186 705 1217 733 τδ
1231 705 1344 741 τραῦμα
1360 705 1406 731 καὶ
1429 704 1474 730 διὰ
1499 703 1534 730 τὰ
1557 701 1752 737 συμϐεϐηκότα
1778 701 1874 734 ἀνεῖχε

1080 752 1128 779 καὶ
1140 751 1255 787 δύναμιν
1267 752 1473 786 μετεπέμπετο·
1496 748 1620 779 Ἀννίϐας
1640 748 1679 780 δὲ,
1697 746 1783 773 πολλὰ
1810 753 1877 772 πει-

1081 797 1168 834 ράσας
1182 797 1371 833 παρακινῆσαι
1386 796 1454 830 πρὸς
1473 795 1571 831 μάχην
1588 793 1683 825 αὐτὸν,
1712 793 1774 819 ἐπεὶ
1804 791 1874 818 οὒτε

1082 843 1155 871 τοῦτ’
1169 843 1302 878 ἠδυνήθη,
1318 843 1364 870 καὶ¹
1376 842 1482 877 τροφῆς
1495 840 1639 871 ἑσπᾶνισι,
1653 838 1776 874 φρουρίῳ
1787 846 1878 874 προσ-

1082 890 1188 923 έϐαλεν,
1204 890 1233 916 ὲν
1247 886 1268 923 ᾧ
1281 890 1354 920 σῖτος
1380 888 1464 919 πολὺς
1477 887 1531 914 τῶν
1545 885 1691 921 Ῥωμαίων
1706 885 1806 912 ἔκειτο.
1817 884 1879 911 Καὶ

1083 936 1166 972 μηδὲν
1196 935 1344 971 περαίνων,
1371 934 1419 961 τὸν
1441 933 1618 969 φρούραρχον
1645 931 1783 966 διέφθειρε
1805 931 1880 966 χρή-

1083 990 1160 1016 μασι,
1179 981 1290 1008 κάκεῖνό
1304 989 1333 1007 τε
1348 980 1479 1016 προδοθὲν
1494 979 1584 1010 ἔλαϐε,
1603 978 1698 1005 καὶτὰ
1712 978 1781 1005 ἄλλα
1798 978 1880 1012 σχεῖν

1081 1027 1116 1054 τὰ
1139 1027 1186 1062 μὲν
1203 1027 1306 1058 ὅπλοις,
1328 1026 1361 1052 τὰ
1374 1026 1401 1052 δὲ
1418 1025 1523 1061 χρυσίῳ
1545 1024 1692 1058 ἐπήλπισε.
1709 1024 1770 1050 Κάν
1785 1022 1881 1058 τούτῳ

1082 1073 1096 1099 6
1110 1073 1227 1107 Λόγγος,
1239 1068 1288 1107 τὴν
1300 1071 1424 1098 Σικελίαν
1438 1071 1478 1106 τῷ
1492 1070 1694 1106 ὑποστρατήγῳ
1711 1068 1879 1102 πιστεύσας,

1083 1118 1152 1152 πρὸς
1170 1117 1216 1144 τὸν
1240 1117 1381 1145 Σκιπίωνα
1408 1115 1580 1151 κεκλημένος
1610 1115 1736 1149 ἀφίκετο⁸
1766 1113 1816 1141 καὶ
1844 1113 1880 1140 οὐ

1083 1164 1174 1199 πολλῷ
1190 1163 1305 1199 ὕστερον
1319 1163 1372 1190 ὑπὸ
1390 1162 1560 1198 φιλοτιμίας,
1579 1161 1628 1188 καὶ
1640 1162 1681 1188 ὅτι
1697 1160 1775 1191 τινὰς
1788 1168 1881 1187 κατα-

1083 1210 1232 1246 τρέχοντας
1244 1210 1294 1245 τὴν
1306 1209 1401 1245 χώραν
1416 1208 1582 1243 ἐκράτησεν,
1594 1208 1634 1239 εἰς
1649 1206 1806 1243 παράταξιν
1820 1206 1880 1241 ὧρ-

1085 1264 1167 1290 μησε,
1194 1255 1241 1282 καὶ
1268 1255 1373 1290 ἐσφάλη
1409 1253 1533 1288 ἐνέδραις
1559 1252 1728 1288 περιπεσώνι
1754 1252 1802 1278 καὶ
1826 1251 1879 1278 τοῦ

1090 1301 1200 1328 Ἀννίϐα
1231 1299 1420 1334 ιπεξελθόντος
1448 1299 1517 1334 μετὰ
1542 1299 1597 1325 τῶν
1627 1298 1718 1331 πεζῶν
1741 1297 1790 1325 καὶ
1821 1296 1881 1326 τῶν

1085 1346 1250 1380 ἐλεφάντων,
1264 1346 1289 1372 οἱ
1308 1346 1367 1380 μετ’
1380 1345 1462 1371 αὐτοῦ
1477 1344 1639 1380 ἐτράπησαν
1651 1345 1691 1375 είς
1705 1344 1807 1380 φυγὴν,
1827 1345 1881 1371 καὶ

1086 1392 1182 1418 πολλοὶ
1192 1390 1381 1426 διεφθάρησαν
1396 1390 1481 1426 φόνῳ,
1493 1389 1588 1416 πολλοὶ
1604 1390 1633 1416 δὲ
1648 1390 1696 1416 καὶ
1712 1391 1752 1421 εἰς
1764 1390 1810 1416 τὸν
1828 1398 1882 1416 πο-

1085 1438 1174 1473 ταμὸν
1185 1437 1398 1472 ἀπερισκέπτως
1412 1436 1578 1471 ἐμπεσόντες
1590 1435 1754 1470 ὲπνίγησαν,
1767 1435 1805 1467 ὡς
1820 1435 1882 1462 ὀλί-

1086 1492 1151 1517 γους
1172 1483 1242 1518 μετὰ
1257 1481 1304 1509 τοῦ
1323 1483 1430 1517 Λόγγου
1453 1481 1650 1517 περισωθῆναι.
1664 1481 1788 1515 Νικήσας
1810 1481 1881 1516 μέν·

1089 1537 1129 1556 τοι
1144 1530 1158 1555 ὁ
1174 1529 1310 1561 Ἀννίϐας,
1322 1528 1372 1555 οὐκ
1387 1527 1507 1564 ἔχαιρεν,
1524 1529 1566 1554 ὅτι
1577 1527 1748 1563 στρατιώτας
1765 1536 1796 1553 τε
1813 1528 1882 1554 πολ-

1088 1575 1150 1606 λοὺς
1163 1576 1284 1607 καὶτοὺς
1305 1573 1455 1608 ἐλέφαντας
1471 1574 1540 1608 πλὴν
1566 1574 1624 1604 ἑνὸς
1636 1573 1689 1600 ὑπὸ
1708 1573 1755 1600 τοῦ
1770 1573 1881 1608 χειμῶ-

1088 1630 1132 1653 νος
1156 1621 1204 1648 καὶ
1238 1620 1293 1647 τῶν
1321 1620 1491 1655 τραυμάτων
1519 1620 1669 1647 ἀπέϐαλεν.
1695 1619 1809 1654 Ἀνοχὴν
1831 1619 1882 1646 οὖν

1087 1666 1222 1694 ἄσπονδον
1237 1664 1430 1702 ποιησάμενοι,
1455 1666 1524 1701 πρὸς
1546 1666 1596 1700 τὴν
1613 1665 1772 1700 συμμαχίδα
1800 1666 1881 1699 σφῶν

1088 1713 1214 1748 ἑκάτεροι
1226 1712 1382 1747 ἐχώρησαν,
1396 1713 1448 1739 κάν
1463 1714 1522 1744 ταῖς
1545 1712 1654 1738 πόλεσιν
1684 1711 1773 1738 αὐτῶν
1802 1711 1881 1746 ἐχεί-

1091 1758 1187 1793 μαζον.
1200 1758 1256 1785 Καὶ
1271 1759 1327 1789 τοῖς
1351 1757 1401 1792 μὲν
1421 1757 1570 1792 Ῥωμαίοις
1592 1757 1698 1790 ἄφθονα
1720 1756 1817 1791 ἐφοίτα
1841 1756 1880 1783 τὰ

1088 1805 1240 1839 ὲπιτήδειω
1250 1804 1279 1830 '0
1289 1803 1313 1831 δ’
1327 1804 1463 1837 Ἀννίϐας,
1477 1804 1528 1830 οὐκ
1539 1803 1710 1839 ἀρκούμενος
1729 1804 1785 1834 τοῖς
1800 1803 1882 1837 παρὰ

1087 1849 1142 1875 τῶν
1156 1849 1309 1884 συμμάχων
1323 1848 1486 1884 διδομένοις,
1503 1849 1563 1880 ταῖς
1573 1857 1603 1875 τε
1624 1848 1732 1884 κώμαις
1752 1849 1800 1876 καὶ
1815 1850 1881 1879 ταῖς

1089 1895 1184 1922 πόλεσι
1202 1895 1256 1922 τῶν
1277 1895 1422 1930 Ῥωμαίων
1436 1896 1628 1930 προσπίπτων,
1640 1895 1674 1922 τὰ
1685 1895 1735 1930 μὲν
1746 1896 1849 1930 ὲκράτε
1856 1906 1877 1930 ι,

1087 1941 1121 1967 τὰ
1133 1940 1155 1968 δ’
1180 1941 1361 1976 ἀπεκρούετο,
1388 1940 1435 1968 καί
1466 1949 1534 1967 ποτε
1557 1941 1597 1976 τῷ
1621 1941 1728 1976 ιππικῷ
1746 1941 1799 1968 ὑπὸ
1827 1941 1880 1967 τοῦ

1088 1988 1194 2022 Λόγγου
1209 1987 1332 2022 νικηθεὶς
1348 1986 1467 2022 ἐτρώθη.
1485 1987 1681 2022 Θαρσήσαντες
1703 1985 1750 2014 οὖν
1767 1988 1799 2014 ὲκ
1814 1987 1882 2014 τού-

1087 2041 1134 2059 του
1149 2032 1222 2064 τινὲς
1238 2032 1292 2059 τῶν
1316 2031 1471 2066 Ῥωμαίων,
1482 2031 1530 2058 καὶ
1554 2032 1614 2059 καθ’
1647 2032 1762 2063 ἑαυτοὺς
1789 2041 1880 2065 προσ-

1088 2078 1212 2106 ϐάλλοντι
1240 2077 1332 2109 αὺτοῖς
1348 2076 1496 2110 ἐπεξῆλθον
1510 2095 1518 2109 ,
1535 2077 1678 2109 κάκείνους
1708 2086 1738 2103 τε
1754 2077 1880 2113 ἔφθειρε,

1089 2124 1136 2151 καὶ
1149 2123 1197 2150 τοῦ
1213 2123 1315 2160 χωρίου
1331 2122 1463 2158 ὁμολογίᾳ
1484 2123 1632 2159 ἐκράτησε.
1648 2123 1703 2149 Καὶ
1730 2123 1795 2150 αὐτὸ
1827 2123 1881 2157 μὲν

1089 2168 1246 2204 κατέσκαψε
1256 2176 1263 2184 ·
1280 2168 1334 2196 τῶν
1350 2168 1373 2194 δ’
1387 2168 1568 2203 αἰχμαλώτων
1581 2169 1644 2200 τοὺς
1658 2168 1708 2203 μὲν
1725 2167 1881 2203 Ῥωμαίους

249 2224 382 2258 utrinque
408 2223 498 2254 casis,
519 2222 547 2249 in
560 2221 699 2256 Liguriam
721 2221 872 2256 profectus,
890 2220 938 2247 diu
954 2220 992 2248 ibi
1007 2228 1034 2248 se

1090 2217 1247 2248 ἀπέκτεινε,
1260 2215 1325 2247 τοὺς
1339 2216 1361 2242 δ’
1377 2215 1474 2248 ἄλλους
1485 2216 1586 2250 ἀφῆκε·
1598 2215 1676 2241 τοῦτο
1690 2215 1718 2241 δὲ
1731 2215 1773 2250 ἐφ’
1788 2215 1879 2241 ἅπασι

247 2269 395 2301 culttinuit.
408 2277 473 2296 suos
489 2276 600 2303 quoque
624 2272 769 2301 suspectos
788 2266 905 2298 habens.
931 2266 1036 2295 nemini

249 2323 352 2343 temere
369 2315 503 2342 credens:
516 2314 563 2341 sed
575 2319 602 2342 cl
624 2319 699 2342 veste
715 2319 820 2342 mutata
847 2319 875 2341 et
893 2321 971 2341 coma
986 2321 1036 2348 ap-

249 2360 371 2397 posititia
390 2365 480 2393 utcns,
491 2366 519 2387 et
531 2360 599 2387 alias
613 2360 667 2387 alia
686 2360 776 2396 lingua
802 2360 918 2395 loquens
935 2359 1039 2394 (plures

248 2408 322 2435 enim
340 2411 432 2438 norat,
450 2406 592 2441 ipsamque
611 2405 748 2439 Latinam)
762 2410 790 2433 et
813 2410 895 2432 noctu
912 2409 940 2432 et
957 2405 1040 2432 inter-

249 2455 296 2480 diu
311 2453 430 2489 plurima
443 2455 471 2480 et
487 2451 598 2479 videbat
610 2451 691 2487 412
704 2457 731 2479 et
745 2450 875 2478 audiebat
891 2458 898 2477 :
914 2450 1038 2484 quaedam

249 2506 332 2527 etiam
345 2498 521 2534 loquebatur,
535 2504 651 2533 persona
666 2504 715 2523 sua
728 2495 911 2523 dissimulata.

1088 2264 1145 2295 τοῖς
1161 2262 1366 2298 ζωγρουμένοις
1383 2261 1481 2293 ἐποίει.
1496 2261 1546 2293 τὰς
1560 2260 1653 2292 πόλεις
1675 2261 1708 2288 δι’
1732 2260 1824 2287 αὐτῶν
1836 2261 1879 2287 οἱ-

1090 2310 1261 2345 κειούμενος.
1284 2308 1394 2342 ’Δμέλει
1408 2309 1456 2334 καὶ
1469 2307 1523 2334 τῶν
1541 2306 1642 2333 λοιπῶν
1664 2306 1792 2333 Γαλατῶν
1812 2307 1880 2333 πολ-
1895 2331 1898 2333 ,

1089 2356 1131 2383 λοὶ
1147 2355 1193 2382 καὶ
1206 2354 1317 2390 Λιγύων
1332 2354 1380 2381 καὶ
1393 2353 1543 2389 Τυρσηνῶν
1559 2354 1622 2385 τοὺς
1644 2353 1796 2387 Ῥωμαίους
1815 2353 1882 2385 τοὺς

1089 2402 1155 2436 παρ’
1171 2401 1264 2432 αὐτοῖς
1276 2400 1356 2431 ὄντας
1365 2402 1389 2427 oi
1406 2400 1453 2435 μὲν
1465 2400 1646 2434 φονεύσαντες
1669 2401 1693 2427 οί
1708 2399 1735 2427 δὲ
1754 2400 1881 2433 ἐκδόντες

1091 2448 1271 2483 μετέστησαν·
1286 2447 1315 2479 ὲς
1329 2446 1420 2482 δὲτὴν
1444 2447 1600 2482 Τυρσηνίδα
1627 2446 1665 2482 τῷ
1695 2446 1806 2482 ’Δννίϐᾳ
1830 2455 1881 2474 πο-

1087 2492 1227 2529 ρευομένῳ
1238 2492 1252 2518 ό
1266 2491 1370 2526 Λόγγος
1384 2491 1507 2524 ἐπέθετο,
1525 2491 1660 2526 χειμῶνος
1677 2491 1776 2518 πολλοῦ
1801 2500 1882 2525 γενο-

253 2545 344 2580 μένου.
357 2544 501 2572 Πεσόντων
515 2543 544 2570 δὲ
559 2542 726 2578 ἀμφοτέροις
741 2541 856 2574 πολλῶν,
871 2541 886 2567 ό
907 2540 1042 2574 Ἀννίϐας,
1063 2541 1091 2572 ἐς
1112 2539 1163 2574 τὴν
1198 2537 1368 2573 Λιγυστικὴν
1380 2536 1476 2569 ἐλθὼν,
1504 2537 1682 2574 ἐνδιέτριψεν·
1714 2537 1880 2565 ὑποπτεύων

251 2589 279 2615 δὲ
291 2591 338 2616 καὶ
351 2590 414 2621 τοὺς
437 2588 598 2624 σφετέρους,
625 2587 713 2614 οὐδενὶ
748 2586 847 2623 ῥᾳδίως
876 2586 1030 2618 ἐπίστευεν,
1051 2585 1119 2613 ἀλλὰ
1142 2584 1192 2620 τὴν
1218 2584 1321 2618 ἐσθῆτὰ
1351 2592 1380 2610 τε
1398 2583 1574 2619 μεταϐάλλων
1592 2585 1639 2610 καὶ
1656 2585 1756 2620 κόμαις.
1770 2583 1881 2620 χρώμε-

254 2644 297 2666 νος
312 2636 476 2671 περιθέτοις,
491 2636 542 2671 τήν
553 2644 583 2662 τε
598 2634 717 2667 διάλεξιν
733 2633 828 2661 ἄλλοτε
854 2632 939 2668 ἄλλην
950 2632 1111 2669 ποιούμενος
1143 2632 1212 2668 (ᾔδει
1241 2631 1297 2666 γὰρ
1331 2629 1454 2662 πλείους,
1468 2630 1516 2657 καὶ
1529 2630 1578 2666 τὴν
1593 2631 1649 2658 τῶν
1670 2631 1805 2667 Λατίνων)
1834 2637 1880 2662 καὶ

254 2684 361 2718 νύκτωρ
372 2683 420 2709 καὶ
448 2683 507 2717 μεθ’
521 2683 630 2720 ἡμέραν
645 2681 730 2709 πολλὰ
745 2680 893 2708 ἑπισκόπει
917 2681 1002 2716 ῆκουέ
1015 2688 1044 2708 τε
1061 2679 1176 2706 πλεῖστα
1193 2679 1231 2710 ῶς
1263 2679 1313 2706 οὐκ
1334 2677 1470 2710 Ἀννίϐας,
1493 2678 1540 2705 καί
1567 2687 1629 2705 τινα
1654 2679 1692 2711 ὡς
1719 2679 1815 2715 ἕτερός
1837 2689 1879 2713 τις

254 2726 415 2763 ἐφθέγγετο.

291 2773 374 2802 XXV.
390 2773 460 2801 Dum
473 2773 532 2800 haec
547 2774 574 2801 in
593 2774 670 2801 Italia
689 2777 834 2809 geruntur.
851 2772 922 2800 alter
949 2771 1042 2807 Scipio

256 2820 340 2848 Caius
355 2819 383 2847 in
399 2819 538 2855 Hispaniis
554 2820 660 2855 appulit
683 2827 691 2849 :
714 2823 742 2847 et
762 2827 838 2847 oram
855 2819 914 2853 ejus
937 2817 1043 2846 mariti-

261 2873 330 2896 mam
348 2873 459 2895 omnem
476 2873 562 2900 usque
575 2865 607 2893 ad
622 2866 744 2900 Iberum,
756 2865 840 2894 multa
853 2865 935 2893 etiam
962 2871 1042 2900 supe.

1133 2768 1199 2797 KE'.
1220 2769 1264 2795 Ἐν
1280 2768 1329 2804 μὲν
1341 2765 1388 2794 οὖν
1402 2768 1436 2802 τῇ
1459 2767 1560 2802 Ἰταλίᾳ
1583 2767 1671 2795 ταῦτα
1698 2769 1815 2804 ἐγίνετο.
1850 2770 1879 2798 ’0

1096 2816 1118 2843 δ’
1132 2816 1224 2850 ἔτερος
1239 2814 1359 2859 Σκιπίων
1376 2814 1390 2840 ὁ
1419 2813 1499 2844 Γάϊος
1521 2814 1561 2845 εἰς
1585 2813 1634 2850 τὴν
1657 2815 1775 2851 Ἰϐηρίαν
1799 2818 1880 2853 περέ-

1098 2863 1208 2896 πλευσε,
1223 2861 1269 2889 καὶ
1284 2860 1316 2888 τὰ
1334 2859 1542 2896 παραθαλάσσια
1554 2860 1639 2896 αὐτῆς
1651 2862 1732 2898 μέχρι
1742 2863 1789 2890 τοῦ
1807 2865 1867 2898 Ἱόιι
