2018 3146
155 176 209 210 το5

778 179 984 212 summum
1006 176 1085 214 LIB.
1104 172 1190 215 viu.

1731 192 1785 224 706

155 243 202 270 ρος
218 233 310 261 πάντα
329 233 377 261 καὶ
393 233 449 260 τῶν
477 233 534 262 ἀνω
547 233 634 269 συχνά
658 232 695 261 τὰ
724 234 774 270 μὲν
792 235 848 271 βίᾳ,
864 235 899 262 τὰ
923 235 940 262 δ

1004 236 1077 264 τίοι-ι
1098 237 1167 270 loca,
1193 238 1293 273 partim
1307 239 1345 273 vi,
1370 241 1470 276 partim
1498 242 1649 276 deditione.
1675 245 1784 276 Banno-

154 279 251 307 ἑκόντα
272 279 454 315 προσείληφε,
467 280 569 307 καὶτὸν
591 280 720 307 Βαννῶνα
734 280 792 315 (5‘2)
819 281 893 316 μάχῃ
905 290 945 308 νι-

154 326 239 361 κήσας
267 324 440 360 ιζώγρησεν.
473 325 507 352 '0
533 326 562 352 δι
588 325 636 353 τοῦ
663 326 786 353 ’Δννίσου
814 327 942 362 ὁμαίμων

159 371 340 406 ’Δοδρούδας,
363 370 460 406 μαθὼν
474 371 573 402 ταῦτα.
590 372 667 405 διέϐη
696 371 742 399 τδν
764 373 874 407 Ἰσηρα,
896 373 943 400 καὶ

152 417 205 444 τῶν
221 417 417 453 μεταστάντων
431 417 510 449 τινὰς
523 418 692 453 ἐπηγάγετο·
706 418 755 445 τοῦ
772 419 800 445 δὲ
823 417 943 445 Σκιπίω-

154 471 197 495 νος
231 462 398 494 ἐπελθόντος
428 463 514 499 αὐτῷ,
547 464 735 499 ἀνεχώρησεν.
754 465 784 491 Οί
818 465 841 491 δ’
864 466 893 491 ὲν
908 466 941 501 τῇ

156 508 252 544 Ῥώμη
264 508 311 535 τὸν
325 504 474 549 Φλαμίνιον
491 510 597 537 καὶτὸν
620 510 699 536 Γάϊον
721 510 800 542 αὖθις
820 509 941 542 ὑπάτους

154 555 266 584 εἴλοντο.
284 556 410 588 ’Δννίὸας
425 556 447 583 δ’
464 557 527 592 ἄρτι
540 557 587 583 τοῦ
604 557 684 592 ἔαρος
713 558 885 591 ἐπιστάντος,
901 558 939 590 ὡς

154 602 225 637 Em
238 601 286 629 τδν
312 602 460 637 Φλαμίνιον
482 603 552 638 μετὰ
585 603 633 630 τοῦ
651 603 807 639 Σερουϊλίου
825 604 941 639 Γεμίνου

153 649 224 685 χειρὶ
239 649 326 685 πολλῇ
344 649 388 676 ἀπ’
402 649 485 676 αὑτὸν
503 650 586 682 ίόντα,
605 652 673 685 πρδς
696 650 837 686 ὲξαπάτην
852 650 941 677 αὐτῶν

155 695 271 730 mm,
288 694 336 721 καὶ
352 694 539 730 πλαττόμενος
554 695 739 731 ἑνδιατρίψειν
752 697 812 722 ἐκεῖ
827 697 874 723 καὶ
889 696 941 732 μά-

154 748 204 775 χην
220 739 363 774 συνάψειν,
379 740 441 767 ἐπεὶ
459 742 622 776 νομίσαντες
652 742 734 768 αὺτδν
748 742 771 768 o!
807 741 940 777 Ῥωμαῖοι

154 787 223 814 κατά
236 786 330 823 χώραν
346 787 450 823 μένειν,
466 787 575 823 ἀμελῶς
596 787 652 815 τῶν
679 788 747 816 ὁδῶν
773 788 864 823 ἔσχον,
892 789 940 815 ἐπὶ

154 832 198 859 τοῦ
216 833 405 868 στρατοπέδου
421 834 484 865 τοὺς
503 833 605 865 ἱππέας
627 833 786 861 κατέλιπεν.
806 834 891 866 Αὐτὸς
916 833 939 861 δ’

154 878 204 905 ὑπὸ
225 878 312 906 νύκτα
340 879 410 914 ἄρας
429 881 463 907 τά
494 889 524 906 τε
553 880 704 916 στενόπορα
737 880 797 915 μεθ’
823 880 941 915 ἡσυχίας

153 924 241 960 διῆλθε
256 925 390 961 καὶπρὸς
410 925 528 961 Ἀρίτιον
547 926 689 961 ἠπείγετο.
719 927 774 953 Καὶ
788 927 812 953 oi
831 927 937 959 ἱππεῖς,

152 971 210 997 ἐπεὶ
223 971 294 998 πολὺ
307 971 454 1006 προῆλθεν,
481 971 607 1007 ἀπῄεσαν
627 972 702 1006 αὐτῷ
722 973 898 1008 ἐφεπόμενοι·
914 973 939 999 οί

153 1017 175 1044 δ’
187 1016 300 1051 ὕπατοι,
318 1018 429 1052 γνόντες
454 1018 637 1053 ἠπατημένοι,
654 1018 767 1053 Γεμῖνος
784 1019 833 1054 μὲν
855 1019 939 1045 αὑτοῦ

151 1063 295 1099 ὑπέμεινε,
310 1065 379 1097 τούς
394 1066 418 1091 τ’
430 1066 620 1100 ἀφεστηκότας
633 1067 768 1093 κακώσων
788 1068 835 1094 καὶ
852 1066 940 1094 κωλύ·

150 1117 202 1136 οων
218 1110 405 1147 ἐπικουρῆσαι
420 1112 619 1146 Καρχηδονίοις
631 1119 638 1126 °
657 1112 804 1148 Φλαμίνιος
817 1112 845 1139 δὲ
859 1113 940 1148 μόνος

150 1156 275 1189 ἐδίωκεν,
296 1157 332 1183 ιν¹
351 1157 435 1185 αὑτοῦ
461 1158 543 1193 μόνου
571 1159 601 1185 τὸ
622 1158 702 1194 ἔργον
726 1159 776 1194 τῆς
796 1160 886 1195 νίκης,
901 1160 938 1192 ὼς

150 1202 228 1237 ᾤετο,
247 1203 373 1238 γένηται,
402 1203 494 1231 καὶτὸ
511 1204 629 1238 ’Δρίτιον
653 1206 871 1241 προκατέλασεν.
909 1206 939 1233 '0

149 1249 203 1284 γὰρ
218 1248 359 1282 ’Δννίδαω
377 1251 587 1286 συντομωτέραν
606 1252 790 1287 τραπόμενος,
819 1252 938 1284 δυσόδοις

149 1294 272 1330 ἱνέτυχε,
287 1296 335 1322 καὶ
350 1296 515 1332 ἀνθρώπους
538 1297 665 1333 συχνοὺς,
687 1299 735 1325 καὶ
761 1298 846 1325 πολλὰ
871 1299 939 1325 ὑπο-

150 1339 242 1375 ζύγια,
257 1341 306 1368 καὶ
322 1342 369 1368 τὸν
378 1342 472 1378 ἕτερον
480 1343 535 1369 τῶν
552 1343 702 1378 ὀφθαλμῶν
714 1343 861 1371 ἀπέϐαλεν.
875 1344 940 1379 Ὀψὲ

150 1387 172 1414 δ’
189 1386 238 1415 οὖν
259 1388 330 1423 πρὸς
345 1389 377 1415 τὺ
391 1389 510 1424 ’Δρίτιον
523 1389 621 1422 ὲλθὼν,
638 1390 686 1416 καὶ
701 1390 792 1426 εὑρὼν
810 1392 868 1417 ἐκεῖ
893 1391 940 1418 τὸν

150 1434 310 1469 Φλαμίνιον,
330 1435 535 1471 κατεφρόνησεν
546 1435 641 1468 αὑτοῦ,
660 1437 707 1463 καὶ
728 1436 802 1472 μάχῃ
830 1437 879 1471 μὲν
907 1436 938 1464 οὗ

151 1480 284 1507 συνέδσλε
298 1480 340 1515 (τὺ
359 1480 415 1515 γὰρ
429 1481 530 1517 χωρίον
556 1482 748 1517 ἀνεπιτήδειόν
776 1483 800 1509 oi.
830 1482 938 1517 ἐδόκει),

151 1527 250 1562 πεῖραν
262 1526 292 1554 δι
303 1527 388 1554 αὑτοῦ
404 1528 578 1562 ποιούμενος,
600 1528 691 1564 ἔκειρε
708 1528 759 1564 τὴν
769 1529 871 1565 χώραν’
888 1530 939 1556 κάν

997 289 1059 309 nem
1075 290 1184 318 quoque
1200 287 1295 319 praelio
1310 286 1413 315 victum
1431 290 1513 324 cepit.
1529 289 1635 323 Quibus
1645 291 1784 323 Asdrubal

997 328 1083 375 irater
1115 330 1260 358 Annibalis
1272 333 1400 368 cognitis,
1420 335 1497 363 Ibero
1518 344 1659 373 supcrato,
1672 343 1701 368 et
1720 341 1783 375 quia

994 372 1110 402 busdam
1128 384 1160 403 es
1185 377 1218 404 iis
1242 379 1289 412 qui
1319 380 1479 408 defecerant
1505 384 1634 418 receptis,
1650 372 1782 420 rScipi-oni

993 424 1088 447 contra
1099 429 1127 449 se
1144 423 1221 449 eunti
1233 424 1326 451 cessit.
1343 425 1459 454 Romani
1476 427 1641 457 Flaminium
1650 431 1781 459 etCaiun‘i

994 467 1086 494 denuo
1098 468 1227 496 consules
1238 476 1377 498 crearunt.
1391 472 1508 501 Annibal
1521 475 1566 502 ubi
1582 476 1693 505 ineunte
1706 486 1781 510 vero,

993 513 1157 541 Flaminium
1188 519 1216 542 et
1241 514 1388 544 Servilium
1417 519 1561 548 Geminum
1592 530 1655 549 cum
1685 531 1781 558 magna

993 566 1075 586 tnanu
1087 559 1236 588 adventare
1251 563 1390 596 cognovit,
1408 563 1441 590 ad
1466 573 1513 592 eos
1528 566 1705 602 decipiendos
1718 577 1783 597 con-

993 609 1100 636 versus,
1130 612 1215 640 seque
1240 605 1277 633 ibi
1308 613 1478 635 moraturum
1508 614 1535 637 et
1550 619 1647 645 pugnae
1675 615 1780 648 copiam

993 648 1047 676 illis
1070 649 1207 678 facturum
1238 653 1408 685 simulando,
1425 654 1490 681 dilui
1509 656 1626 684 Romani
1643 666 1738 686 verum
1753 660 1780 686 id

993 701 1055 723 esse
1073 696 1136 728 rati,
1155 697 1212 724 vias
1238 698 1411 734 negligenter
1437 701 1609 734 custodiunt,
1639 704 1781 738 equitibus

992 740 1020 768 in
1048 742 1147 771 castris
1167 744 1281 778 relictis,
1311 749 1452 781 noctuque
1467 748 1585 776 sarcinis
1608 749 1781 783 collectis,et

992 788 1126 822 angustiis
1139 797 1189 824 per
1203 791 1290 817 otium
1304 793 1453 826 superatis.
1470 793 1594 822 Arelium
1615 795 1757 823 contendit
1772 805 1778 822 :

992 832 1133 867 equitibus
1143 834 1237 869 etiam,
1248 843 1310 864 cum
1319 837 1399 872 longe
1409 839 1601 873 processisset,
1613 841 1781 869 consecutis.

992 878 1126 909 Consules
1152 886 1182 909 ut
1198 889 1227 910 se
1248 883 1378 919 deceptos
1401 892 1462 912 esse
1476 891 1634 917 senserunt,
1649 887 1781 915 Geminus

991 925 1028 953 ibi
1044 927 1190 959 mansit,ut
1215 936 1263 957 eos
1282 930 1329 964 qui
1348 929 1508 958 defecerant
1527 937 1648 965 vexaret,
1669 938 1697 960 et
1716 933 1781 961 Car-

991 972 1209 1008 thaginiensibus
1228 983 1307 1010 opem
1335 976 1407 1004 ferre
1431 977 1602 1012 prohiberet.
1632 978 1782 1007 Flatuinius

990 1026 1056 1045 vero
1072 1019 1147 1048 solus
1161 1021 1296 1050 abeuntes
1317 1029 1493 1057 persecutus,
1507 1029 1535 1051 ul
1547 1024 1662 1052 victoria
1675 1025 1782 1053 scilicet

990 1065 1032 1092 sui
1052 1067 1134 1094 unius
1148 1074 1232 1099 esset,
1251 1068 1374 1096 Arctium
1389 1074 1452 1097 ante
1468 1071 1625 1106 occuparit.
1641 1071 1707 1098 Nam
1725 1072 1783 1099 An—

990 1111 1066 1138 nibal
1093 1113 1159 1139 dum
1186 1114 1347 1148 compendia
1374 1115 1483 1149 qumrit,
1515 1116 1542 1143 in
1570 1117 1645 1143 invia
1661 1116 1782 1146 incidit:

991 1157 1147 1192 multosque
1171 1159 1311 1193 mortales,
1342 1160 1428 1188 multa
1467 1161 1602 1197 iumenta,
1623 1167 1651 1189 et
1664 1161 1781 1190 alterum

990 1203 1102 1230 oculum
1118 1204 1222 1231 amisit.
1240 1205 1307 1232 Sero
1324 1205 1433 1234 laudem
1450 1207 1483 1234 ad
1500 1207 1625 1234 Aretium
1653 1215 1782 1243 progres-

990 1257 1047 1282 sus,
1064 1250 1228 1278 Flaminium
1241 1252 1297 1279 illic
1314 1252 1457 1280 inventum
1480 1254 1646 1289 contempsit
1663 1261 1713 1281 :ae
1730 1262 1782 1290 pu-

990 1303 1043 1330 gna
1058 1296 1169 1331 quidem
1186 1297 1321 1324 abstinuit
1336 1298 1423 1333 (locus
1437 1299 1511 1326 enim
1531 1299 1725 1327 incommodus
1739 1300 1781 1326 \‘i-

991 1343 1130 1376 debatur).
1144 1343 1192 1370 sed
1207 1343 1329 1371 hominis
1339 1345 1479 1379 ingenium
1495 1345 1668 1380 periclitans,
1683 1354 1779 1381 agrum

991 1390 1120 1418 vastavit.
1136 1390 1204 1418 Cum
1222 1399 1289 1417 vero
1305 1391 1422 1418 Romani
1437 1393 1637 1425 excurrissent,
1653 1392 1783 1420 simulato

992 1441 1065 1464 metu
1083 1436 1193 1463 reduxit
1208 1437 1359 1464 exercitum
1377 1446 1383 1463 :
1400 1442 1428 1465 et
1443 1443 1528 1465 noctu
1555 1438 1653 1465 castris
1673 1446 1784 1473 promo-

991 1483 1038 1514 tis,
1057 1483 1174 1517 locoque
1187 1491 1284 1518 pugna:
1301 1483 1401 1510 idoneo
1417 1487 1506 1518 capto,
1526 1483 1649 1518 peditum
1676 1487 1782 1519 partem

991 1531 1137 1557 maximam
1155 1529 1182 1556 in
1206 1529 1346 1557 montibus
1362 1529 1387 1556 in
1407 1529 1516 1558 insidiis
1532 1529 1686 1562 collocavit,
1703 1530 1783 1565 equi-

151 1573 238 1609 τούτῳ
251 1573 484 1609 ἐπεκδραμόντων
501 1574 555 1601 τῶν
580 1574 734 1609 Ῥωμαίων,
750 1575 936 1609 ἐπανήγαγεν,

993 1579 1078 1603 latum
1103 1582 1213 1602 omnem
1239 1579 1317 1602 extra
1345 1576 1487 1611 angustias
1517 1575 1587 1603 clam
1601 1575 1629 1603 in
1651 1576 1784 1603 subsidiis

153 1619 194 1646 ἶνα
208 1620 355 1655 φοεεῖσθαι
370 1620 445 1656 δόξῃ,
460 1620 516 1655 Τῆς
531 1621 559 1647 δὲ
571 1620 668 1652 νυκτδς
684 1621 843 1654 ἐξαναστὰς,
876 1622 938 1647 ἑπι-

151 1666 256 1702 agrum
265 1675 293 1693 τι
304 1667 483 1703 χωρίον,πρδς
493 1668 542 1702 τὴν
553 1667 644 1703 μάχην
655 1668 753 1703 εὑρὼν,
768 1668 871 1703 ἔμεινε.
883 1669 939 1694 Καὶ

151 1711 198 1738 τοῦ
213 1711 265 1747 μὲν
278 1712 364 1744 πεζοῦ
377 1713 408 1739 τὸ
428 1713 522 1739 πλεῖον
542 1714 613 1740 κατά
632 1713 665 1740 τὰ.
678 1713 728 1748 ὅρη
750 1713 832 1750 λοχᾷν
848 1714 937 1748 ἔταξε,

152 1758 181 1783 τὸ
192 1757 218 1784 δ⁸
235 1758 352 1785 ἱππικὸν
368 1758 480 1794 σύμπαν
495 1759 547 1791 ἔξω
566 1759 620 1785 τῶν
635 1760 735 1787 στενῶν
750 1760 861 1795 ἀφανῶς
887 1762 937 1794 ἐφ-

152 1802 272 1838 ιῖριύιιν
286 1799 421 1835 ἐκέλευσε,
438 1804 485 1830 καὶ
509 1804 590 1836 αὐτὸς
605 1804 651 1830 ἐπὶ
673 1804 719 1831 τοῦ
742 1804 861 1840 γηλόφου
880 1803 939 1839 μετ’

153 1848 251 1883 ὀλίγων
264 1848 547 1884 ἐστρατοπεδεύσατο.
570 1849 600 1876 Ὀ
609 1850 637 1877 δὲ
652 1850 801 1885 Φλαμίνιος
820 1851 848 1876 ὲν
874 1858 940 1885 φρο-

154 1895 256 1930 νήματι
269 1894 318 1928 ὢν,
334 1896 382 1922 καὶ
393 1896 439 1922 ἐπὶ
450 1895 588 1931 μετεώρου
599 1897 648 1923 σὺν
660 1896 759 1930 ὀλίγοις
772 1896 853 1923 αὑτὸν
865 1895 937 1928 ιδὼν,

153 1942 202 1977 τήν
214 1949 246 1968 τι
265 1941 365 1977 λοιπὴν
377 1942 509 1977 στρατιὰν
524 1943 620 1978 πόρρω
637 1950 684 1969 ποι
703 1943 879 1976 πεπομφέναι
894 1949 940 1968 νο-

156 1987 248 2023 μίσας,
267 1988 368 2023 ῥᾳδίως
383 1988 577 2023 μεμονωμένον
602 1989 729 2024 αἱρήσειν
757 1989 868 2024 ἤλπισε,
892 1991 940 2018 καὶ

153 2034 182 2065 ις
194 2033 225 2060 τὸ
236 2034 330 2061 στενὸν
343 2034 554 2068 ἀπερισκέπτως
571 2034 690 2069 εἰσῆλθε,
711 2035 849 2062 κάνταῦθα
880 2036 940 2071 (ὀψὲ

153 2080 207 2115 γὰρ
221 2078 267 2116 ἦν)
277 2080 420 2116 ηὐλίσατο,
439 2081 486 2107 καὶ
504 2081 558 2107 ὑπὸ
576 2081 662 2116 μέσας
676 2080 778 2113 νύκτας
790 2082 842 2108 ὑπὸ
857 2091 940 2109 κατα-

154 2124 313 2161 φρονήσεως
334 2124 433 2156 αὐτοὺς
448 2124 623 2159 ἀφυλάκτους
637 2125 818 2158 καθεύδοντας
833 2134 939 2154 παντα-

153 2170 231 2205 χόθεν
246 2170 315 2205 όμοῦ
333 2171 481 2206 περιέσχον
508 2171 534 2197 οι
553 2171 735 2207 Καρχηδόνιοι
764 2172 812 2199 καὶ
833 2173 941 2209 πόῤῥω-

154 2216 199 2243 θεν
210 2217 350 2248 ἀκοντίοις
367 2217 416 2244 καὶ
427 2217 585 2252 σφενδόναις
609 2218 657 2245 καὶ
686 2219 847 2254 τοξεύμασι,
877 2221 941 2252 τοὺς

156 2264 206 2300 μὶν
216 2264 417 2299 εὐναζομένους
428 2265 480 2298 ἔτι,
496 2266 559 2297 τοὺς
570 2265 598 2291 δὲ
613 2265 648 2292 τὰ
666 2266 736 2292 ὅπλα
752 2266 940 2301 λαμσάνοντας
953 2257 981 2287 Ῑ)

153 2310 285 2341 ἔκτεινον,
296 2311 374 2337 αὐτοὶ
387 2311 424 2346 μή
437 2320 463 2337 τι
478 2311 565 2337 δεινὸν
587 2312 811 2347 ἀντιπάσχοντες·
840 2313 865 2339 οἱ
885 2314 940 2347 γὰρ

162 2356 304 2393 Ῥωμαῖοι,
324 2357 438 2392 μηδενὸς
453 2358 544 2388 αὐτοῖς
560 2358 798 2393 συμπλεκομένου,
829 2359 940 2390 σκότους

152 2410 182 2429 τε
200 2404 249 2430 καὶ
263 2403 381 2439 ὁμίχλης
394 2402 490 2436 οὔσης,
516 2404 566 2430 οὐκ
584 2402 656 2438 εἶχον
671 2405 703 2439 τῇ
731 2406 851 2440 σφετέρᾳ
874 2405 941 2441 χρή-

154 2448 253 2476 σασθαι
272 2450 370 2485 ἀρετῇ.
397 2449 531 2481 Τοσοῦτος
553 2450 574 2476 δ’
601 2449 709 2483 ἐγένετο
745 2450 868 2486 θόριὸος,
894 2451 941 2477 καὶ

154 2495 266 2531 τοιαύτη
288 2496 452 2532 ταραχώδης
468 2496 598 2530 ἔκπληξις
611 2497 743 2531 κατέσχεν
765 2497 873 2529 αὐτοὺς,
903 2497 940 2528 ὡς

158 2542 288 2578 μηδὶτῶν
300 2542 424 2577 σεισμῶν
448 2542 503 2568 τῶν
527 2543 587 2569 τότε
609 2543 765 2577 γενομένων
787 2543 939 2574 αἰσθέσθαι,

156 2587 257 2622 καίπερ
273 2588 359 2614 πολλὰ
377 2590 427 2623 μὲν
441 2588 645 2623 οἰκοδομήματα
669 2588 839 2623 κατερράγη,
856 2588 941 2614 πολλὰ

155 2632 183 2660 δὲ
194 2634 242 2660 καὶ
258 2634 314 2660 τῶν
333 2633 406 2669 ὀρῶν
421 2634 454 2661 τά
475 2634 525 2668 μὲν
539 2634 641 2669 διέσχε,
659 2634 692 2660 τὰ
710 2633 738 2660 δὲ
753 2634 802 2660 καὶ
828 2635 944 2660 συνέπε-

157 2686 213 2709 σεν.
225 2679 265 2711 ὡς
281 2680 329 2706 καὶ
343 2680 394 2710 τὰς
407 2680 554 2714 φάραγγας
576 2679 727 2715 ἐμφράξαι,
754 2679 802 2706 καὶ
824 2680 944 2714 ποταμοὶ

157 2724 185 2751 δι
196 2726 246 2760 τῆς
261 2725 380 2761 ἀρχαίας
395 2726 483 2759 ἐξόδου
499 2725 727 2757 ἀποκλεισθέντες
747 2725 830 2761 ἄλλην
862 2726 943 2761 ἐτρά-

158 2777 247 2797 ποντο.
265 2770 388 2797 Τοοῦτοι
417 2770 524 2805 σεισμοὶ
558 2769 607 2805 μὲν
627 2771 678 2804 τὴν
696 2770 848 2807 Τυρσηνίδα
876 2779 943 2797 κατ-

991 1629 1053 1649 esse
1074 1620 1167 1656 jussit,
1179 1621 1238 1656 ipse
1267 1621 1295 1648 in
1314 1621 1419 1648 tumulo
1439 1628 1502 1648 cum
1520 1621 1617 1656 paucis
1635 1621 1784 1649 castraba-

992 1668 1062 1695 buit.
1073 1667 1108 1695 At
1126 1667 1277 1695 Flaminius
1290 1667 1342 1695 sibi
1360 1668 1457 1701 ﬁdens,
1471 1676 1534 1695 cum
1559 1676 1622 1695 eum
1637 1677 1699 1696 cum
1716 1677 1784 1704 pau-

991 1714 1073 1742 cisin
1096 1714 1165 1741 colle
1178 1714 1303 1746 vidisset.
1325 1718 1353 1741 et
1369 1714 1451 1749 longe
1477 1714 1619 1750 ablegasse
1644 1715 1782 1750 reliquum

992 1759 1147 1787 exercitum
1162 1763 1284 1794 putaret,
1298 1767 1345 1794 spe
1360 1759 1420 1795 ejus
1431 1759 1470 1787 ita
1488 1759 1614 1787 destituti
1632 1759 1713 1787 facile
1736 1769 1783 1787 ca-

992 1805 1086 1841 piendi
1109 1810 1254 1840 concepta.
1285 1810 1388 1833 temere
1417 1805 1558 1841 angustias
1601 1809 1643 1833 est
1677 1806 1784 1841 ingres-

993 1861 1052 1886 sus,
1080 1853 1174 1887 ibique
1194 1854 1300 1887 (serum
1329 1852 1403 1879 enim
1431 1853 1486 1880 diei
1508 1852 1577 1887 erat)
1595 1851 1710 1887 quievit.
1726 1852 1783 1879 Sub

993 1905 1103 1928 noctem
1124 1899 1240 1926 mediam
1272 1898 1516 1934 Carthaginienses
1536 1906 1585 1926 eos
1610 1899 1669 1926 sine
1698 1906 1783 1926 excu-

992 1946 1047 1974 biis
1082 1945 1163 1981 (adeo
1194 1945 1247 1972 sibi
1278 1944 1465 1980 praetidebant)
1498 1943 1692 1976 dormientes,
1720 1952 1783 1971 cum

993 1993 1073 2029 513
1087 1991 1183 2020 eodem
1200 1995 1323 2026 tempore
1347 1990 1381 2017 ab
1398 1989 1474 2017 omni
1496 1994 1573 2024 parte
1590 1989 1785 2017 circumdede-

993 2044 1059 2066 runt
1074 2048 1080 2065 :
1099 2043 1181 2072 atque
1194 2036 1305 2064 eminus
1319 2036 1429 2072 jaculis,
1460 2034 1563 2066 (undis,
1582 2034 1698 2070 sagittis,
1714 2035 1784 2063 alios

993 2084 1127 2113 cubantes
1139 2083 1240 2115 adhuc,
1256 2083 1325 2110 alios
1340 2090 1416 2110 arma
1435 2081 1593 2116 induentes,
1607 2082 1721 2116 impune
1737 2088 1785 2109 oc-

994 2123 1130 2159 ciderunt.
1153 2128 1269 2157 Romani
1289 2130 1362 2157 enim
1382 2130 1409 2156 in
1428 2128 1551 2156 tenebris
1569 2132 1598 2155 et
1622 2127 1723 2155 nebula
1737 2135 1787 2154 ne-

994 2177 1068 2205 mine
1084 2176 1210 2204 cominus
1231 2182 1390 2210 congresso,
1416 2174 1519 2202 virtute
1542 2181 1590 2201 sua
1611 2172 1651 2200 uti
1665 2180 1719 2200 non
1737 2179 1787 2207 po-

994 2227 1118 2251 tuerunt.
1142 2222 1247 2250 Tantus
1272 2226 1364 2249 autem
1392 2219 1526 2248 tumultus
1552 2219 1615 2252 fuit,
1636 2223 1710 2246 tanta
1724 2226 1787 2253 per—

995 2269 1127 2298 turbatio.
1146 2271 1245 2295 tantus’
1255 2272 1346 2295 terror
1357 2274 1404 2294 eos
1420 2266 1531 2299 invasit,
1551 2270 1580 2293 ut
1614 2268 1786 2292 terraemotus

994 2315 1041 2350 qui
1054 2319 1111 2342 tum
1125 2313 1236 2345 ﬁebant,
1251 2321 1304 2341 non
1323 2313 1469 2344 sentirent.
1485 2312 1609 2347 quamvis
1622 2312 1706 2338 multa
1719 2310 1786 2338 aedi-

995 2360 1056 2387 ﬁcia
1071 2364 1244 2392 corruerent,
1263 2359 1341 2387 multi
1361 2364 1468 2386 montes
1486 2359 1584 2394 partim
1602 2358 1786 2389 ﬁudereutur,

995 2405 1093 2440 partim
1121 2405 1235 2440 collapsi
1262 2405 1346 2432 valles
1369 2405 1588 2440 complanarent,
1616 2409 1644 2431 et
1672 2403 1785 2430 ﬂumina

995 2450 1137 2477 veteribus
1163 2450 1248 2477 alveis
1272 2450 1405 2481 exclusa,
1431 2450 1485 2477 alio
1511 2453 1695 2476 verterentur.
1721 2447 1786 2480 Qua

995 2504 1056 2523 cum
1069 2495 1095 2522 in
1111 2495 1221 2522 Etruria
1235 2494 1341 2527 ﬁerent,
1356 2503 1370 2522 a
1384 2495 1570 2530 pugnantibus
1585 2502 1638 2520 non
1651 2497 1715 2520 sunt
1727 2493 1786 2519 ani-

995 2541 1147 2568 madversa.
1166 2542 1272 2568 Cecidit
1287 2542 1343 2576 ipse
1363 2541 1524 2572 Flaminius,
1539 2545 1567 2567 et
1584 2541 1702 2566 maxima
1718 2539 1787 2565 mul-

997 2587 1103 2615 titudo:
1126 2587 1282 2621 complures
1294 2588 1376 2615 etiam
1391 2586 1496 2613 tumulo
1504 2585 1622 2620 quodam
1639 2589 1786 2619 occupato.

995 2634 1041 2660 ubi
1051 2633 1166 2665 ‘dilusit,
1184 2633 1246 2668 fuga
1260 2634 1374 2660 salutem
1387 2632 1542 2668 quaesituri.
1565 2632 1648 2666 capti,
1665 2638 1739 2658 arma
1757 2633 1785 2656 et

993 2679 1169 2714 semetipsos,
1189 2679 1352 2713 impunitate
1372 2678 1518 2714 promissa,
1535 2677 1712 2706 dediderunt.
1732 2676 1786 2704 Sed

991 2726 1110 2754 Annibal
1125 2726 1306 2761 iurisiurandi
1327 2734 1422 2760 parum
1450 2732 1565 2755 memor,
1584 2731 1680 2751 omnes
1695 2723 1783 2756 capti-

991 2779 1041 2799 vos
1056 2771 1102 2806 qui
1125 2771 1151 2798 in
1179 2770 1277 2798 castris
1289 2774 1379 2804 erant,
1399 2778 1430 2798 ex
1451 2769 1570 2798 subditis
1585 2774 1612 2797 et
1625 2769 1708 2796 sociis
1731 2768 1788 2795 llo-

750 2849 849 2881 νει-ιω
866 2849 1021 2882 lectiones
1041 2853 1073 2882 et
1089 2855 1187 2882 natus.

189 2911 245 2950 (32)
261 2911 417 2942 Βαννῶνα.
449 2912 490 2941 Ita
515 2912 592 2949 Regii
616 2916 644 2941 et
673 2911 795 2940 Colbert.
820 2911 939 2941 Wolﬁus

992 2914 1091 2942 ιανῶνα
1106 2913 1239 2942 ediderat.
