2018 3146
218 162 270 194 707

853 155 1013 187 JOANNIS
1032 156 1191 187 ΖΟΝΛΙΗΞ

1787 154 1847 187 708

216 224 361 246 manorum
373 215 496 244 dimisit:
510 215 648 242 Romanos
659 211 733 247 ipsos
746 210 773 239 in
785 211 902 240 vinculis
914 219 1002 240 asser-

1056 220 1130 246 σχον,
1145 211 1176 238 οὐ
1194 211 1285 247 μέντοι
1298 212 1344 238 καὶ
1351 212 1375 243 qi
1394 211 1543 248 μαχόμενοι
1552 212 1583 239 ἂν
1597 211 1686 247 ἐννοίᾳ
1698 212 1773 247 σφῶν
1780 214 1851 247 ἐγέ-

216 265 300 292 vavit.
324 263 371 290 liis
392 262 471 293 actis,
487 260 587 287 itinere
609 258 724 284 Romam
741 258 856 289 intento,
872 258 1002 285 Narniam

216 318 304 344 usque
319 315 399 344 agros
423 304 566 336 vastando,
593 308 619 331 et
643 303 725 331 urbes
753 303 916 338 subigendo,
935 302 1004 338 Spo-

216 356 271 383 leto
288 357 412 387 excepto,
430 357 602 386 progressus,
627 350 658 378 C.
677 349 841 377 Centenium
858 354 1003 384 praetorem

215 401 445 428 circumventum,
458 396 566 423 evitatis
576 395 762 430 ejusjinsidiis,
773 395 884 422 occidit.
900 394 921 422 A
936 394 1004 429 Spo-

215 446 271 473 leto
293 444 430 479 repulsus,
455 450 517 470 cum
547 446 659 477 pontem
676 441 756 469 Naris
770 441 907 476 dejectum
921 441 1005 468 vidis-

215 496 268 523 set,
285 491 413 525 idemque
429 489 537 518 caeteris
552 488 724 519 ﬂuminibus,
746 496 807 522 qua:
825 487 942 515 transire
958 495 1005 515 nep

213 544 291 564 eesse
315 536 446 569 habebat,
461 543 522 563 esse
542 536 645 562 factum
665 534 809 562 audisset:
831 534 933 561 omisso
950 534 1004 561 Ro-

214 591 296 610 mano
312 583 421 615 itinere,
449 582 477 609 in
497 581 676 617 Campaniam
700 588 729 608 se
752 581 900 613 convertit,
925 581 1005 616 cujus

213 629 302 657 solum
321 628 532 660 fertilissimum,
548 632 576 655 et
596 627 694 654 urbem
719 627 838 662 Capuam
858 626 1004 654 maximam

214 682 275 701 esse
295 673 435 701 audiebat.
449 673 523 706 Quas
536 673 559 701 si
572 677 745 707 occupasset,
771 680 800 700 se
815 676 913 700 caetera
928 671 1004 699 brevi

215 725 338 754 tempore
354 720 525 754 adjecturum
541 719 666 754 putabat.
682 719 799 746 Romani
816 718 894 746 clade
911 718 1004 745 audita

215 765 306 792 moesti
320 770 402 800 atque
419 764 504 796 anxii,
528 767 554 790 et
576 763 739 798 semctipsos
763 768 791 790 et
808 770 893 790 caesos
909 763 1006 797 lugen-

215 817 267 843 tes,
292 816 388 844 pontes
412 809 531 841 Tiberis,
549 814 651 844 praeter
669 816 765 840 unum,
789 807 961 843 dejecerunt,
977 811 1005 836 et

214 857 315 885 moenia
333 856 426 883 multis
441 856 468 882 in
481 855 550 883 locis
562 855 675 882 ruinosa
691 854 819 882 celeriter
836 854 1003 884 refecerunt,

1055 266 1143 284 νοντο.
1159 258 1246 290 Αὐτός
1265 267 1294 285 τε
1312 255 1363 286 οὖν
1375 259 1389 285 ὁ
1408 258 1563 293 Φλαμίνιος,
1583 258 1631 284 καὶ
1662 258 1738 285 ἄλλοι
1766 267 1850 294 παμ-

1058 304 1173 340 πληθεῖς
1188 304 1296 332 ἔπεσονε
1316 306 1409 340 συχνοὶ
1425 305 1453 332 δὲ
1466 305 1512 331 ὲπί
1526 313 1587 331 τινα
1597 305 1679 340 λόφον
1691 304 1850 339 ἀνέϐησαν

1055 350 1117 376 ἐπεὶ
1135 350 1158 377 δ’
1169 351 1262 386 ἡμέρα
1276 351 1396 385 ιγένετο,
1409 352 1450 383 εἰς
1470 351 1559 386 φυγὴν
1573 350 1720 386 ὥρμησαν,
1730 351 1777 377 καὶ
1791 359 1850 377 κα-

1054 396 1250 432 ταληφθέντες,
1261 397 1295 424 τά
1308 406 1338 424 τε
1354 397 1424 424 ὅπλα
1436 397 1483 424 καὶ
1498 397 1610 429 ἑαυτοὺς
1623 396 1667 423 ἐπ’
1681 396 1759 432 ἀδείᾳ
1770 404 1851 431 παρ-

1055 441 1160 468 έδοσαν.
1176 441 1210 468 ’Ὁ
1225 449 1257 475 γε
1273 442 1326 477 μὴν
1348 441 1471 472 ’Δννίὸας
1496 440 1584 475 βραχὺ
1612 440 1667 466 τῶν
1680 439 1854 474 ὀμωμοσμέ-

1057 496 1110 514 νων
1124 488 1278 522 ὲφρόντισε,
1300 488 1411 514 πάντων
1433 487 1461 514 δὲ
1476 487 1530 514 τῶν
1556 487 1586 512 ὲν
1606 486 1646 521 τῷ
1667 485 1851 521 στρατοπέδῳ

1057 533 1187 565 ἁλόντων,
1202 533 1232 560 τὸ
1245 533 1295 568 μὲν
1323 534 1457 568 ὑπήκοον,
1483 533 1556 560 τότε
1591 532 1766 567 συμμαχικὸν
1792 531 1854 557 τῶν

1060 577 1204 612 Ῥωμαίων
1219 578 1339 613 ἀφῆκεν,
1356 578 1457 610 αὐτοὺς
1473 577 1502 603 δὲ
1525 577 1646 608 ἐκείνους
1671 576 1756 611 δήσας
1780 575 1855 609 ὲφύ-

1056 622 1151 649 λασσε.
1162 622 1272 657 Πράξας
1283 623 1312 649 δὲ
1322 622 1421 655 ταῦτα,
1437 623 1484 649 ἐπὶ
1497 622 1547 657 τὴν
1570 621 1683 656 Ῥώμην
1703 621 1853 656 ἠπείγετο,

1056 669 1104 695 καὶ
1120 669 1203 705 μέχρι
1220 669 1269 704 μὲν
1282 669 1405 704 Ναρνιᾶς
1418 670 1468 704 τήν
1486 677 1515 696 τε
1527 669 1578 703 γῆν
1594 669 1711 703 τέμνων,
1730 669 1779 694 καὶ
1797 668 1852 698 τὰς

1055 715 1151 746 πόλεις
1179 715 1386 750 προσαγόμενος
1419 715 1489 750 πλὴν
1521 715 1680 748 Σπολιτίου,
1715 714 1852 750 προῆλθε,

1055 761 1136 788 Γάῖόν
1155 770 1185 788 τε
1195 761 1318 788 ἐνταῦθα
1337 762 1483 796 Κεντήνιον
1499 760 1653 795 στρατηγὸν
1669 761 1854 796 ἐνεδρεύοντα

1056 807 1194 843 περισχὼν
1210 807 1346 835 ἔκτεινεν.
1368 807 1411 838 Ὠς
1428 808 1457 834 δὲ
1470 807 1509 842 τῷ
1527 806 1663 842 Σπολιτίῳ
1681 805 1853 842 προσϐαλὼν

1055 853 1231 889 ἀπεκρούσθη
1248 875 1255 887 ,
1272 854 1319 880 καὶ
1348 855 1397 889 τὴν
1414 854 1461 880 τοῦ
1486 854 1606 888 Ναείρου
1631 853 1757 889 γέφυραν
1778 852 1854 879 καύ-

213 908 242 930 et
255 903 416 930 dictatorem
431 903 457 930 in
476 901 607 929 concione
619 900 747 928 dixerunt
759 909 766 928 :
779 907 810 927 ac
822 901 891 928 bene
907 908 1001 928 secum

1058 900 1203 935 ῃρημένην
1218 898 1283 934 εἶδε,
1298 901 1345 927 καὶ
1362 901 1428 935 περὶ
1440 901 1503 932 τοὺς
1514 900 1611 932 ἄλλους
1634 900 1787 935 ποταμοὺς,
1803 899 1854 930 οὓς

213 949 256 984 agi
275 948 475 979 existimantes,
494 947 516 975 si
533 947 584 982 ipsi
598 951 742 973 manerent
753 946 915 979 incolumes,
929 946 1004 973 nulla

214 996 297 1022 sociis
311 994 411 1022 auxilia
438 993 584 1021 miserunt.
608 992 662 1020 Sed
685 992 829 1020 Annibalis
846 992 874 1019 in
888 991 1004 1027 Campa-

212 1041 287 1068 niam
306 1039 477 1075 prot‘ectione
496 1039 600 1072 audita,
618 1039 700 1066 etiam
726 1038 808 1066 sociis
832 1045 912 1072 opem
928 1037 1002 1065 ferre

213 1086 410 1113 decreverunt.
445 1084 576 1112 Annibali
599 1084 762 1112 dictatorem
782 1084 896 1112 Fabium
918 1089 946 1111 et
967 1083 1002 1111 Μ.

212 1132 361 1159 minutium
387 1131 548 1166 magistrum
573 1130 697 1165 equitum
720 1133 930 1171 opposuerunt:
956 1129 1002 1164 qui

213 1186 275 1205 cum
301 1185 335 1205 co
358 1178 510 1210 venissent,
536 1184 598 1205 cum
619 1177 666 1204 illo
691 1183 746 1203 non
771 1176 912 1211 congressi
928 1179 1002 1209 sunt,

213 1224 260 1251 Sed
278 1223 364 1259 tergis
379 1223 557 1255 inhaerentes,
581 1223 766 1250 observarunt
781 1222 892 1257 quando
907 1230 935 1250 se
951 1230 1003 1257 pu-

212 1278 272 1305 gms
296 1270 409 1297 olferret
431 1269 552 1297 occasio.
582 1268 685 1296 Fabius
700 1268 774 1295 enim
788 1275 850 1295 cum
868 1267 1003 1295 militibus

214 1316 328 1350 trepidis
343 1320 370 1342 et
385 1316 464 1343 victis
483 1320 579 1342 contra
603 1315 686 1351 414
705 1315 808 1351 plures,
830 1319 859 1342 et
873 1315 1002 1346 victores,

212 1359 305 1387 llartis
332 1360 418 1387 aleam
440 1359 562 1394 experiri
593 1360 701 1388 noluit:
723 1359 860 1395 simulque
877 1359 1002 1394 putabat,

212 1413 268 1441 quo
281 1405 367 1441 magis
384 1413 479 1440 agrum
492 1409 655 1438 vastassent,
680 1413 713 1433 eo
734 1405 816 1433 citius
833 1409 1004 1433 commeatus

212 1453 328 1486 penuria
344 1451 527 1479 laboraturos.
547 1451 595 1478 His
609 1451 765 1479 rationibus
791 1451 937 1484 adductus,
956 1458 1004 1478 ne-

213 1505 266 1532 que
282 1497 362 1524 alteri
379 1497 485 1532 regioni
503 1496 563 1527 ulli,
579 1503 668 1530 neque
688 1495 845 1530 Campaniae
864 1503 942 1530 opem
960 1499 1005 1522 tu-

212 1543 264 1570 lit:
290 1548 318 1570 ct
338 1551 435 1570 omnes
458 1542 552 1569 hostes
575 1542 601 1568 in
621 1541 770 1576 Campania
794 1541 951 1572 conclusos,
975 1545 1003 1568 et

213 1588 335 1622 undique
360 1588 520 1622 ignorantes
540 1586 730 1614 circumdatos
752 1586 918 1614 observavit.
934 1586 1002 1614 Nam

213 1633 265 1668 ipsi
293 1632 404 1667 quidem
429 1636 456 1659 et
476 1640 509 1659 ex
536 1631 604 1658 mari
626 1637 654 1659 et
677 1639 712 1660 ex
738 1631 820 1659 sociis
844 1631 1003 1659 civitatibus

212 1682 383 1704 commeatus
394 1676 503 1703 abunde
517 1676 680 1711 suppetebat
694 1686 701 1702 :
719 1677 773 1704 illis
785 1685 851 1704 vero
861 1677 929 1704 nihil
940 1684 1001 1704 esse

1055 945 1204 978 ἀναγκαῖον
1219 946 1344 978 διελθεῖν,
1358 946 1437 973 τοῦτο
1451 945 1563 980 γεγονὸς
1583 945 1710 978 ἐπύθετο,
1728 945 1779 980 τῆς
1797 945 1853 980 μὲν

1055 992 1101 1018 ἐπὶ
1115 991 1162 1026 τὴν
1184 991 1296 1028 Ῥώμην
1312 993 1402 1028 ὁρμῆς
1426 992 1558 1027 ἐπέσχεν·
1583 993 1613 1022 ις
1642 992 1671 1018 δὲ
1690 992 1740 1027 τὴν
1764 992 1855 1026 Καμ-

1055 1038 1155 1065 πανίαν
1167 1038 1314 1073 ἐτράπετο,
1331 1039 1382 1073 τήν
1395 1047 1424 1065 τε
1441 1038 1534 1074 χώραν
1546 1039 1663 1074 ἀρίστην
1676 1039 1723 1065 καὶ
1734 1037 1783 1073 τὴν
1798 1038 1855 1064 πό-

1054 1084 1097 1111 λιν
1109 1083 1159 1119 τὴν
1175 1084 1292 1120 Καπύην
1311 1085 1445 1120 μεγίστην
1459 1084 1542 1111 οὖσαν
1558 1084 1678 1116 ἀκούων,
1706 1083 1852 1118 ἐνόμιζεν,

1054 1130 1078 1156 εί
1100 1130 1169 1164 σφᾶς
1183 1129 1400 1164 προκαταλάϐοι,
1423 1130 1471 1156 καὶ
1489 1129 1572 1157 τᾶλλα
1583 1129 1620 1156 δι’.
1643 1129 1737 1162 ὀλίγου
1757 1136 1837 1164 προσ

1055 1175 1222 1211 κτήσασθαι.
1241 1176 1272 1202 Ol
1283 1175 1305 1202 δ’
1320 1177 1349 1202 ὲν
1361 1177 1394 1212 τῇ
1413 1175 1513 1211 Ῥώμῃ
1525 1175 1674 1210 πυθόμενοι
1701 1176 1767 1210 περὶ
1796 1174 1852 1208 τῆς

1053 1222 1264 1257 ἦττηςήλγησαν
1271 1222 1319 1250 καὶ
1331 1222 1375 1248 διὰ
1389 1222 1509 1254 ἐκείνους
1520 1221 1568 1248 καὶ
1581 1221 1615 1248 δι’
1630 1221 1743 1252 ἑαυτοὺς
1752 1221 1856 1256 661.291.-

1056 1275 1133 1302 μενοι
1142 1267 1191 1293 καὶ
1199 1268 1227 1293 ἑν
1238 1267 1333 1303 ἀπόρῳ
1343 1265 1413 1303 ἦσαν
1422 1268 1471 1299 τάς
1482 1276 1511 1294 τε
1520 1267 1642 1303 γεφύρας
1651 1266 1697 1294 τοῦ
1706 1266 1854 1302 Τιϐέριδις

1055 1313 1125 1348 πλὴν
1136 1313 1201 1347 μιᾶς
1212 1312 1348 1346 καθεῖλον,
1358 1312 1406 1340 καὶ
1413 1314 1447 1340 τὰ
1454 1313 1530 1349 τείχη
1541 1314 1661 1349 πολλαχῆ
1672 1321 1797 1348 πεπονηκ
1808 1321 1852 1339 »τα

1056 1359 1158 1394 σπουδῇ
1175 1358 1374 1390 ἐπεσκεύαζον.
1392 1360 1546 1396 Δικτάτορά
1565 1369 1596 1386 τε
1612 1359 1852 1395 προχειρίσασθαι

1055 1402 1245 1438 βουληθέντες,
1255 1405 1334 1431 αὐτοὶ
1347 1406 1376 1431 ὲν
1386 1405 1520 1442 ἐκκλησίᾳ
1532 1406 1612 1433 αὐτὸν
1623 1407 1744 1433 ἀνεῖπον.
1763 1407 1850 1440 Ἀγα-

1055 1448 1160 1480 πῶντες
1175 1449 1204 1476 δὲ
1221 1450 1245 1476 εί
1257 1451 1335 1476 αὐτοὶ
1351 1451 1427 1486 μόνοι
1444 1451 1570 1485 σωθείεν,
1584 1453 1635 1478 οὐκ
1647 1451 1774 1479 ἔστειλαν
1785 1453 1849 1483 τοῖς

1056 1495 1213 1529 συμμάχοις
1228 1495 1369 1531 βοήθειαν.
1384 1497 1537 1532 Πυθόμενοι
1555 1498 1584 1525 δὲ
1607 1499 1653 1525 τὴν
1673 1498 1801 1526 ’Δννίσαν
1820 1499 1850 1530 ξς

1056 1540 1225 1575 Καμπανίαν
1240 1542 1407 1578 ὁρμηθῆναι,
1428 1545 1459 1570 τό
1479 1553 1509 1570 τε
1530 1544 1577 1570 καὶ
1600 1545 1657 1576 τοῖς
1686 1545 1850 1580 συμμάχοις

1056 1586 1237 1622 ἐπικουρῆσαι
1253 1587 1387 1622 ἔγνωσαν
1403 1589 1442 1624 τῷ
1459 1590 1483 1616 δ’
1505 1590 1615 1624 Ἆννίὸει
1632 1590 1677 1617 τὸν
1694 1590 1850 1624 δικτάτορα

1055 1631 1101 1657 τὸν
1114 1631 1224 1664 Φάϐιον,
1243 1633 1290 1659 καὶ
1312 1633 1358 1660 τὸν
1376 1634 1518 1670 ἵππαρχον
1534 1635 1579 1662 τὸν
1595 1636 1710 1670 Μάρκον
1725 1636 1771 1662 τὸν
1788 1635 1849 1662 Μι-

1054 1676 1163 1703 νούκιον
1180 1679 1424 1714 ἀντικατέστησαν.
1440 1681 1471 1707 Οῖ
1491 1681 1534 1708 ἐπ’
1548 1682 1652 1707 ἐκεῖνον
1666 1681 1801 1713 ἐλθόντες,
1819 1682 1850 1712 ἐς

212 1722 265 1750 nisi
291 1731 325 1750 ex
350 1730 477 1758 agrorum
502 1722 655 1749 vastatione
683 1727 772 1749 norat.
800 1721 848 1749 His
864 1722 897 1749 de
913 1722 1002 1749 causis

1054 1721 1103 1756 μὲν
1114 1723 1209 1758 χεῖρας
1226 1724 1300 1759 αὐτῷ
1313 1725 1363 1752 οὐκ
1373 1725 1468 1760 ᾔεσαν·
1489 1727 1678 1761 παρεπόμενοι
1692 1727 1721 1754 δὲ
1737 1727 1846 1762 ἐπετή-

211 1776 317 1795 moram
332 1776 411 1803 aequo
435 1768 542 1795 terebat
556 1767 660 1802 animo,
678 1773 706 1796 et
721 1776 736 1796 a
749 1768 855 1796 civibus
869 1776 923 1796 non
943 1768 1002 1796 sine

1054 1775 1130 1802 ρουν,
1155 1769 1234 1796 εἵπου
1247 1771 1343 1806 καιρὸς
1360 1772 1450 1807 μάχης
1467 1773 1631 1808 παραπέσοι·
1648 1772 1851 1799 ἀποκινδυνεῦ-

210 1813 333 1848 querclis
349 1813 501 1840 Cunctator
516 1812 671 1841 dicebatur.

1054 1822 1097 1840 σαι
1113 1816 1168 1850 γὰρ
1180 1815 1195 1842 ὁ
1211 1816 1311 1848 Φάϐιος
1327 1819 1512 1853 κατεπτηχόσι
1529 1819 1711 1854 στρατιώταις
1731 1819 1778 1844 καὶ
1793 1819 1848 1853 ἡτ-

210 1859 353 1903 τημένοις,
370 1859 438 1894 πρὸς
451 1859 562 1891 πλείους
577 1860 625 1886 καὶ
640 1859 819 1895 νενικηκότας
837 1860 888 1887 οὐκ
905 1859 997 1896 ἦθελε,
1016 1861 1063 1887 καὶ
1093 1861 1152 1896 ἅμα
1183 1862 1238 1898 ὅσῳ
1252 1863 1354 1897 μᾶλλον
1372 1863 1421 1900 τὴν
1431 1864 1522 1900 χώραν
1536 1866 1702 1898 κακώσειαν,
1722 1865 1849 1900 τοσούτῳ

208 1905 312 1932 θᾶσσον
327 1906 468 1941 ἀπορῆσαι
481 1906 584 1942 τροφῆς
612 1906 711 1938 αὐτοὺς
744 1906 853 1942 ἤλπισε,
881 1907 1018 1942 Τοιούτοις
1039 1907 1182 1943 χρώμενος
1205 1909 1357 1944 λογισμοῖς,
1395 1910 1451 1937 οὔτ’
1483 1911 1552 1948 ἄλλῃ
1580 1912 1659 1949 χώρᾳ
1689 1913 1848 1949 ἐπήμυνεν,

211 1953 273 1981 οὔτε
291 1955 323 1989 τῇ
345 1953 508 1989 Καμπανίᾳ·
524 1952 703 1980 κατέκλεισεν
718 1951 766 1980 οὖν
780 1953 825 1981 διὰ
838 1952 926 1982 ταῦτα
945 1953 1001 1981 πᾶν
1018 1954 1048 1981 τὸ
1078 1955 1211 1990 πολέμιον
1230 1956 1272 1988 είς
1284 1956 1334 1991 τὴν
1347 1957 1527 1993 Καμπανίαν.
1561 1959 1707 1996 Περισχὼν
1722 1960 1778 1996 γὰρ
1793 1963 1847 1988 αὑ-

209 2001 273 2031 τοὺς
289 2000 476 2036 ἁπανταχόθεν
492 2000 543 2026 οὑκ
556 1999 661 2032 εἰδότας
673 2001 704 2028 ἐν
718 2000 828 2036 φυλακῇ
841 2001 999 2036 ἐποιήσατο.
1019 2001 1109 2033 Αὐτὸς
1144 2002 1194 2037 μὲν
1213 2002 1268 2038 γὰρ
1296 2004 1352 2030 κάκ
1370 2004 1419 2039 τῆς
1436 2004 1586 2041 Θαλάσσης,
1598 2007 1647 2033 καὶ
1663 2008 1694 2033 ἑκ
1706 2006 1757 2042 τῆς
1775 2014 1852 2040 σνμ,

212 2047 327 2082 μαχίδος
340 2047 395 2074 τῶν
412 2047 576 2082 ἐπιτηδείων
593 2047 717 2082 εὐπορεῖ·
750 2047 866 2080 ἐκείνοις
888 2047 916 2075 δὲ
950 2048 1020 2084 μόνα
1037 2048 1073 2076 τὰ
1105 2049 1138 2076 ὲκ
1153 2049 1202 2084 τῆς
1219 2049 1272 2084 γῆς
1287 2049 1321 2086 ἣν
1336 2049 1455 2086 ἔκειρον,
1470 2051 1629 2087 ὑπάρχοντα
1643 2052 1712 2088 ᾔδει.
1727 2054 1782 2081 Καὶ
1799 2054 1850 2080 δια

209 2093 291 2119 τοῦτο
306 2093 396 2128 ἀνεῖχε
412 2094 460 2120 xui.
478 2093 531 2128 τῆς
549 2092 704 2128 μελλήσεως
718 2093 769 2120 οὐκ
783 2093 938 2130 ἐφρόντισε.
954 2094 1001 2121 Διὸ
1017 2094 1066 2121 καὶ
1098 2095 1175 2130 παρὰ
1202 2095 1257 2122 τῶν
1271 2095 1390 2122 πολιτῶν
1405 2097 1500 2123 αἰτίαν
1518 2094 1590 2132 εἶχεν
1620 2098 1658 2130 ὤς
1694 2100 1742 2127 καὶ
1770 2101 1833 2128 Μελ

209 2140 294 2174 λητὴς
308 2139 550 2174 ἐπωνομασῢῆναι,

247 2185 342 2213 XXVI.
363 2184 482 2212 Annibal
501 2189 605 2220 autem,
622 2187 743 2213 instante
770 2186 869 2218 hieme,
891 2194 954 2214 cum
968 2186 1003 2214 ob

1095 2186 1167 2220 KCT'.
1185 2187 1215 2214 '0
1232 2186 1254 2213 δ’
1278 2186 1403 2218 ’Δννίὸας
1419 2187 1481 2214 ἐπεὶ
1496 2188 1564 2223 πρὸς
1577 2190 1701 2224 χειμῶνα
1723 2191 1846 2226 ἐγίνετο,

206 2235 384 2259 commeatus
402 2231 546 2265 penuriam
573 2239 608 2259 eo
628 2232 689 2260 loco
707 2232 855 2260 hibernare
869 2240 924 2260 non
942 2240 1002 2268 pos—

1056 2232 1104 2258 καὶ
1118 2232 1181 2259 οὔτε
1192 2232 1263 2260 κατὰ
1277 2233 1371 2268 χώραν
1389 2234 1521 2269 χειμάσαι
1549 2236 1648 2262 σπάνει
1674 2236 1729 2264 τῶν
1744 2224 1832 2273 ’ἀναγ

207 2282 263 2310 set,
279 2282 307 2304 et
322 2277 414 2304 varias
431 2277 552 2304 rationes
576 2277 734 2314 Campania:
755 2278 873 2306 exeundi
900 2279 1002 2307 frustra

212 2325 355 2354 tentasset,
370 2321 528 2356 hujusmodi
543 2323 691 2350 consilium
705 2324 788 2358 cepit.
801 2323 930 2359 Captivos
944 2331 1003 2352 om-

211 2375 262 2395 nes
280 2371 455 2397 convocatos,
482 2375 516 2394 ne
533 2367 595 2402 quis
617 2375 713 2395 eorum
726 2369 870 2404 eﬂ'ugeret,
889 2373 917 2397 et
935 2369 1001 2405 quid

210 2418 340 2449 ageretur
362 2413 494 2440 Romanis
517 2413 693 2448 signiﬁcaret,
717 2414 837 2442 cncidit:
859 2419 885 2443 et
906 2415 1001 2448 boum,

211 2467 280 2494 quos
302 2460 329 2486 in
354 2459 454 2486 castris
479 2459 609 2492 habebat,
632 2460 764 2488 cornibus
779 2460 853 2488 faces
867 2461 999 2497 alligavit,

210 2509 350 2539 noctuque
366 2504 399 2531 ad
415 2504 581 2533 Samniticos
609 2510 717 2533 montes
729 2507 879 2541 profectus,
897 2507 1002 2535 facibus

213 2549 332 2577 incensis
355 2551 439 2578 boves
456 2550 641 2583 extimulavit,
665 2552 711 2586 qui
726 2552 780 2586 igni
793 2557 820 2579 et
841 2552 1001 2580 \erbcribus

213 2593 241 2619 in
258 2593 361 2620 rabiem
381 2594 445 2628 acti,
468 2594 564 2621 multis
580 2594 606 2621 in
624 2595 692 2623 locis
714 2595 782 2622 silva
798 2596 920 2628 incensa,
936 2595 1002 2624 faci-

213 2637 267 2664 lem
281 2638 307 2664 ei
325 2640 467 2667 transitum
483 2641 672 2675 praebuerunt.
690 2642 757 2669 Nam
779 2641 893 2669 Romani
909 2641 957 2677 qui
974 2642 1001 2669 in

214 2683 312 2710 castris
336 2688 364 2710 et
385 2684 501 2712 collibus
528 2690 617 2720 erant,
644 2687 760 2715 insidias
786 2688 877 2721 veriti,
899 2696 928 2716 se
945 2697 999 2716 non

214 2734 432 2756 commoverunt.
449 2730 495 2758 Sic
509 2732 628 2760 Annibal
652 2733 685 2760 ad
709 2732 845 2762 Samnites
864 2735 999 2769 pervenit.

214 2773 252 2802 Ea
266 2781 294 2801 re
311 2775 410 2802 Fabius
431 2783 510 2803 mane
531 2779 651 2812 cognita,
674 2779 808 2807 abeuntes
820 2788 998 2816 persequens,

215 2819 249 2845 iis
265 2820 312 2854 qui
328 2820 362 2847 ad
380 2821 473 2848 hostes
497 2823 671 2857 repellendos
693 2825 720 2851 iu
738 2825 782 2852 via
807 2825 895 2853 relicti
909 2831 999 2856 erant.

215 2863 325 2900 iugatis,
340 2873 492 2901 eorumque
515 2868 599 2896 sociis
617 2871 774 2905 superatis:
795 2879 848 2898 non
875 2872 998 2906 procula

1054 2278 1139 2305 καίων
1153 2279 1280 2314 ἠδύνατο,
1295 2279 1344 2306 καὶ
1359 2280 1482 2316 πολλαχῆ
1511 2281 1646 2316 πειράσας
1664 2283 1765 2315 ἐξιέναι
1791 2287 1845 2320 τῆς

1052 2324 1220 2358 Καμπανίας
1250 2324 1400 2357 κεκώλυτο,
1423 2325 1546 2353 τοιοῦτόν
1578 2335 1603 2353 τι
1632 2328 1841 2365 ἐμηχανήσατο.

1052 2369 1123 2401 Τοὺς
1139 2369 1330 2405 αἰχμαλώτους
1347 2371 1464 2404 πάντας,
1481 2371 1526 2398 ἵνα
1546 2373 1584 2409 μή
1598 2382 1640 2405 τις
1662 2375 1753 2404 αὐτῶν
1779 2376 1842 2403 δια-

1052 2414 1136 2449 φύγῃ,
1155 2416 1202 2441 καὶ
1221 2415 1252 2442 τὸ
1272 2415 1416 2450 γινόμενον
1448 2417 1570 2454 γνωρίσῃ
1596 2420 1654 2452 τοῖς
1679 2420 1840 2456 Ῥωμαίοις,

1052 2461 1205 2495 κατέσφαξε
1222 2469 1229 2477 ·
1247 2463 1295 2489 καὶ
1309 2463 1357 2494 τὰς
1370 2463 1399 2489 ὲν
1410 2462 1448 2498 τῷ
1460 2465 1635 2501 στρατοπέδῳ
1655 2466 1718 2501 βοῦς
1747 2467 1842 2503 ἁθροί-

1053 2515 1113 2540 σας,
1127 2508 1208 2543 δᾷδας
1223 2509 1280 2541 τοῖς
1296 2509 1386 2537 αὐτῶν
1401 2511 1553 2546 προσέδησε
1569 2512 1678 2547 κέρασι,
1693 2514 1740 2540 καὶ
1768 2515 1839 2549 πρὸς

1050 2554 1085 2580 τὰ
1098 2554 1169 2581 κατὰ
1182 2556 1245 2586 τοὺς
1260 2556 1398 2591 Σαμνίτας
1422 2557 1473 2592 ὅρη
1501 2558 1554 2584 ὑπὸ
1585 2559 1671 2586 νύκτα
1697 2561 1841 2596 χωρήσας,

1052 2599 1102 2630 τάς
1118 2608 1148 2626 τε
1167 2600 1249 2635 δᾷδας
1264 2601 1350 2636 ἀνῆψε
1365 2603 1414 2629 καὶ
1429 2604 1477 2635 τὰς
1500 2604 1563 2639 βοῦς
1591 2606 1769 2642 ἐπετάραξιν.
1794 2610 1840 2635 0i-

1053 2645 1213 2681 στρηθεῖσαι
1228 2647 1250 2673 δ’
1266 2648 1369 2674 ἐκεῖναι
1383 2649 1428 2675 διὰ
1454 2649 1485 2676 τὸ
1498 2650 1554 2686 πῦρ
1578 2653 1627 2679 καὶ
1655 2653 1705 2688 τὴν
1731 2654 1838 2687 ἔλασιν,

1053 2691 1177 2727 πολλαχῆ
1193 2693 1242 2727 τὴν
1258 2692 1325 2728 ὓλην
1344 2694 1510 2730 ἐνέπρησαν,
1534 2697 1590 2723 κάκ
1613 2697 1711 2725 τούτου
1741 2701 1839 2735 ῥᾳδίαν

1052 2736 1191 2771 παρέσχον
1206 2737 1281 2771 αὐτῷ
1293 2738 1343 2773 τὴν
1358 2738 1520 2774 ὑπέρϐασιν.
1536 2741 1567 2767 Οί
1583 2741 1637 2776 γὰρ
1652 2742 1681 2768 ὲν
1698 2742 1736 2778 τῷ
1753 2744 1840 2778 πεδίῳ

1061 2782 1192 2816 Ῥωμαῖοι
1208 2783 1254 2809 καὶ
1269 2783 1294 2810 οἱ
1311 2784 1339 2810 ἐν
1358 2785 1413 2816 τοῖς
1434 2785 1594 2822 μετεώροις,
1615 2788 1726 2824 ἐνέδρας
1753 2798 1839 2824 πτοη-

1053 2829 1156 2861 θέντες,
1183 2829 1233 2855 οὐκ
1260 2829 1440 2865 Εκινήθησαν.
1469 2832 1524 2858 Καὶ
1548 2833 1634 2866 οὕτως
1665 2835 1680 2861 ὸ
1714 2834 1838 2866 ’Δννὶδας

1056 2874 1160 2909 διῆλθε,
1177 2876 1223 2901 καὶ
1235 2876 1263 2907 ἐς
1274 2875 1323 2911 τὴν
1337 2876 1484 2912 Σαμνίτιδα
1500 2879 1645 2916 ἐκομίσθη.
1668 2880 1696 2907 ’0
1713 2880 1759 2907 οὖν
1785 2883 1836 2908 Φά-
