2018 3146
270 159 323 192 711
895 155 1060 188 IOANNIS
1078 154 1241 186 ZONARJE
1843 155 1902 188 712

271 216 405 244 tationem
432 214 590 243 universum
611 211 728 247 recepit,
753 210 922 246 approbante
947 210 1059 251 populo.

1115 209 1260 246 χισάμινος
1277 207 1308 242 ἐξ
1324 207 1449 244 ἐνιδρας,
1465 207 1506 240 εις
1521 207 1646 234 κίνδυνον
1662 208 1841 244 κατέστησεν,
1860 210 1902 242 ὡς

271 261 375 289 Deinde
393 260 494 287 milites
509 257 669 286 cautissime
685 256 773 289 duxit,
785 262 813 284 et
829 257 989 291 magistratu
999 257 1060 284 abi-

1115 255 1283 290 πανστρατιᾷ
1298 254 1413 287 ιξελείν,
1429 255 1454 281 τί
1468 254 1507 289 μὴ
1523 254 1537 280 ό
1550 253 1648 286 Φάϐιος
1663 254 1734 281 κατά
1746 254 1832 281 νώτου
1848 256 1902 283 αὐ-

271 312 360 338 turus,
376 307 514 336 consules,
532 303 634 330 tradito
648 303 783 334 exercitu.
811 303 1006 330 candidissime
1025 303 1059 331 de

1115 300 1148 335 τῷ
1163 300 1326 335 προσπεσὼν
1338 300 1472 327 ἐκώλυσε.
1487 298 1584 327 Παθὼν
1595 299 1642 326 οὖν
1655 300 1735 327 τοῦτο
1746 301 1760 327 ό
1774 300 1902 335 Ῥοῦφος,

269 353 397 382 omnibus
413 351 495 378 rebus
510 350 618 377 monuit
633 358 640 376 :
662 349 708 384 qui
724 348 895 376 conﬁdenter
914 349 995 382 nihil,
1011 347 1059 376 sed

1115 346 1289 381 μετεϐάλετο,
1303 345 1350 373 καὶ
1367 345 1398 373 τδ
1418 346 1579 382 στράτευμά
1594 354 1624 372 τε
1647 345 1678 372 τδ
1696 346 1857 381 περίλοιπον
1873 347 1904 378 ὲς

268 407 301 425 ex
317 397 404 424 Fabiii
419 395 544 423 consiliis
565 395 657 422 omnia
678 388 918 427 administrarent,
931 394 1059 429 quamvis

1115 393 1156 420 τὸν
1174 393 1275 419 Φάϐιον
1290 393 1372 424 εὐθὺς
1385 393 1483 428 ἤγαγε,
1499 392 1546 418 καὶ
1561 392 1610 426 τὴν
1630 392 1719 427 ἀρχὴν
1743 393 1906 428 παραδέδω-

268 443 402 471 Geminus
430 449 488 468 rem
517 441 587 468 bene
613 445 745 475 gesserat.
775 439 841 467 Nam
866 447 929 467 cum
945 440 1059 467 classem

1115 446 1171 470 κεν,
1192 437 1248 464 οὐδ’
1263 437 1390 472 ἀνέμεινε
1413 438 1459 464 τὸν
1477 437 1564 472 δῆμον
1585 437 1823 472 ἀναψηφίσασθαι,
1845 438 1904 464 ἀλλ’

267 487 536 523 Carthaginiensium
554 487 667 514 tendere
679 485 832 518 inltaliam,
844 485 892 512 sed
908 484 942 512 ob
958 484 1061 511 Roma-

1115 483 1256 519 ίοελοντὴς
1270 484 1319 518 τὴν
1338 483 1497 519 ἠγεμονίαν,
1514 483 1547 518 ἦν
1563 483 1721 518 παράὑτοῦ
1738 483 1820 519 μόνος
1838 485 1908 510 ίππρ

269 541 368 561 norum
386 533 599 560 instructionem
617 539 672 559 non
691 532 829 566 appellere
845 531 971 563 vidisset,
986 530 1060 557 inter

1115 529 1205 565 tipwa
1221 529 1279 565 (53)
1305 529 1403 557 ἐλαϐεν
1428 529 1536 564 ἀφῆκε·
1563 529 1611 556 καὶ
1638 530 1721 556 αὑτὸν
1750 529 1798 556 ἐπὶ
1816 529 1908 565 τούτῳ

269 580 452 615 navigandum
479 579 619 607 Corsicam
642 584 670 606 et
692 578 850 606 Sardiniam
872 577 1015 604 firmavit:
1035 581 1063 604 et

1115 575 1215 606 πάντες
1224 575 1371 611 ἐπῄνεσαν.
1384 575 1440 602 Καὶ
1449 575 1464 601 ό
1473 574 1570 605 Φάϐιος
1579 574 1692 608 αὐτίκα,
1707 575 1791 610 μηδὲν
1802 575 1909 601 ὲνδοιάρ

268 633 402 653 exsccnsu
428 625 455 652 in
470 625 562 652 Africa
587 624 669 656 facto,
688 632 721 651 ex
737 632 785 651 ora
805 623 942 651 maritima
958 624 1063 657 praedas

1115 629 1175 653 σας.
1192 622 1284 648 πᾶσαν
1309 621 1429 653 ἐδέξατο.
1454 622 1502 649 καὶ
1520 622 1534 648 ὁ
1549 621 1635 656 δῆμος
1653 621 1720 648 αὐτὸ
1740 620 1908 653 ἀπεδέξατο.

269 671 333 706 egit.
357 670 423 704 Quae
444 679 506 698 cum
527 670 646 706 egisset,
662 678 718 697 non
737 674 826 697 tamen
842 670 930 697 elatus
947 669 1017 702 fuit,
1033 673 1063 696 ut

1115 667 1169 694 Kal
1186 667 1255 702 μετᾶ
1270 666 1356 694 ταῦτα
1370 667 1452 698 αὐτός
1468 675 1498 693 τε
1512 666 1707 702 ἀσφαλέστατα
1722 666 1845 700 προέστη
1860 665 1909 691 τοῦ

271 721 375 744 temere
399 716 564 744 Annibalem
590 715 802 751 aggrederetur:
822 715 870 742 sed
893 715 968 742 Fabii
987 723 1064 742 man-

1115 713 1321 749 στρατεύματος
1331 720 1338 728 ·
1352 714 1400 739 καὶ
1415 712 1521 748 μέλλων
1533 711 1779 746 ἀπαλλαγήσεσθαι
1793 711 1843 745 τῆς
1858 711 1910 746 ἁρ-

270 762 342 790 datis
358 763 460 798 paruit.
486 762 565 790 Unde
588 762 672 790 urbes
695 769 751 789 non
768 765 824 788 tam
843 761 923 789 facile
940 766 970 788 ut
987 762 1064 796 prius

1115 758 1177 794 χῆς,
1196 759 1258 790 τοὺς
1273 759 1394 791 ὑπάτους
1416 759 1622 794 μετεπέμψατο,
1635 758 1684 784 καὶ
1698 757 1729 784 τὸ
1744 757 1911 793 στράτευμα

270 810 303 835 ait
315 808 555 843 Carthaginienses
567 807 739 838 defecerunt.
752 812 916 841 metuentes,
931 815 965 834 ne
976 807 1064 835 Auni—

1115 804 1192 838 σφίσι
1219 804 1374 840 παρέδωκε,
1397 803 1445 830 καὶ
1468 803 1550 831 πάνθ’
1572 803 1622 829 ὅσα
1637 802 1795 838 πραχθῆναι
1819 803 1911 837 ἐχρῆν

271 852 332 880 balc
348 853 424 880 Italia
438 853 529 887 pulso,
554 861 570 880 a
585 853 717 880 Romanis
734 852 860 879 finitimis
875 852 945 879 male
962 856 1062 879 tracta-

1115 850 1271 886 παρῄνεσεν
1297 849 1490 884 ἀφθονώτατα·
1518 850 1641 876 κάκεῖνοι
1667 848 1791 884 θρασέως
1816 848 1909 881 οὐδὲν,

270 903 376 926 rentur.
405 899 444 926 Ac
475 899 601 934 plerique
629 898 722 925 futura
755 898 979 931 considerabant,
1012 898 1061 926 sed

1115 897 1183 924 ἀλλὰ
1203 897 1273 924 κατά
1287 897 1337 931 τὴν
1356 897 1498 932 ὑποθήκην
1512 895 1558 923 τοῦ
1571 896 1673 923 Φαϐίου
1688 895 1798 923 ἅπαντα
1818 895 1912 931 ἐπρα-

273 945 352 980 pauci
368 944 400 972 ad
418 945 603 972 Romanorum
619 944 779 972 societatem
795 943 932 975 redibant,
950 943 1061 978 quidam

1115 943 1175 976 ξαν,
1192 943 1293 979 καίπερ
1310 943 1325 968 ὁ
1341 943 1456 978 Γεμῖνος
1479 943 1527 978 καὶ
1545 942 1779 978 προκατωρθώκει
1805 950 1843 969 τι.
1874 942 1912 968 Τὸ

270 991 355 1018 etiam
370 990 484 1017 donaria
500 991 644 1018 miserunt.
670 990 710 1017 Ex
723 989 817 1017 multis
830 994 923 1017 autem
936 989 1066 1017 Hieronis

270 1036 446 1068 muneribus,
459 1036 627 1063 frumentum
637 1035 769 1063 duntaxat
779 1041 807 1063 et
819 1035 941 1062 victoria:
957 1035 1065 1071 signum

271 1089 458 1116 acceperunt:
489 1089 646 1117 quanquam
666 1081 736 1108 adeo
759 1081 885 1116 pecuniae
912 1081 1020 1116 inopes,
1035 1085 1067 1108 ut

269 1133 429 1162 argenteum
447 1136 592 1155 numinum
606 1127 685 1163 prius
698 1127 899 1163 impermistum
911 1131 939 1155 et
950 1135 1065 1163 purum,

268 1181 320 1201 tere
333 1174 449 1202 adiuisto
465 1174 662 1202 adultorarent.

1113 988 1169 1025 γὰρ
1185 989 1314 1016 ναυτικὸν
1333 989 1388 1016 τῶν
1408 989 1603 1024 Καρχηδονίων
1625 989 1687 1015 ἰδὼν
1708 988 1836 1024 ὁρμῆσαν
1857 988 1912 1023 μὲν

1115 1035 1162 1062 ἐπὶ
1177 1035 1227 1070 τὴν
1247 1034 1377 1067 Ἰταλίαν,
1388 1035 1433 1061 διὰ
1448 1035 1476 1061 δὲ
1491 1035 1542 1070 τὴν
1557 1035 1800 1069 ἀντι-παρασκευὴν
1813 1034 1913 1060 αὐτῶν

1117 1081 1155 1116 μὴ
1171 1080 1327 1116 προσμίξαν
1341 1080 1422 1116 αὐτῇ,
1439 1080 1632 1112 ὲπεκπλεύσας
1650 1081 1686 1107 τά
1702 1089 1733 1107 τε
1757 1079 1813 1106 τῶν
1829 1080 1912 1114 Κυρ-

1115 1126 1190 1158 νίων,
1206 1126 1255 1153 καὶ
1279 1126 1313 1153 τὰ
1328 1126 1382 1153 τῶν
1404 1126 1556 1161 Σαρδονίων
1578 1126 1608 1152 ὲν
1628 1126 1667 1161 τῷ
1685 1125 1822 1161 παράπλῳ
1844 1125 1914 1152 ἐϐε-

1116 1172 1265 1199 ϐαιώσατο.
1281 1172 1335 1198 Καὶ
1350 1173 1378 1203 ἐς
1388 1171 1438 1207 τὴν
1453 1171 1557 1206 Λιϐύην
1578 1171 1841 1206 ἔκϐἀς,ἑλεηλάτησι
1860 1170 1913 1205 τὴν

269 1220 406 1254 παραλίαν
426 1221 522 1256 αὐτῆς.
537 1220 632 1247 Ταῦτα
650 1219 698 1256 μὲν
707 1218 836 1255 ἔπραξεν,
853 1219 884 1246 οὺ
907 1218 1000 1255 μέντοι
1014 1219 1049 1245 δι’
1065 1218 1134 1246 αὺτά
1149 1218 1306 1254 ἐπεφύσητο
1317 1217 1386 1245 ὥστε
1401 1217 1469 1253 πρὸς
1480 1217 1525 1244 τὸν
1544 1217 1667 1244 ’Δννίϐαν
1677 1217 1913 1250 διακινδυνεῦσαι,

268 1268 336 1294 ἀλλὰ
359 1270 419 1300 ταῖς
457 1268 579 1300 ἐντολαῖς
603 1268 650 1295 τοῦ
666 1268 766 1295 Φαϐίου
785 1268 934 1304 ἀνέμεινεν.
949 1268 1031 1296 Ὀθεν
1043 1276 1096 1304 περ
1112 1267 1159 1295 καὶ
1174 1267 1203 1294 αἱ
1220 1266 1310 1300 πόλεις
1325 1266 1415 1294 οὐκέθ’
1427 1267 1527 1302 ὁμοίως
1545 1268 1600 1298 τοῖς
1617 1266 1812 1302 Καρχηδονίοις
1824 1274 1915 1300 sepos-

268 1315 397 1341 ετίθεντο.
419 1314 581 1349 Ἐςροϐοὖντο
605 1314 660 1350 γάρ
683 1314 722 1350 μὴ
734 1315 749 1341 ό
768 1314 892 1346 ’Δννίϐας
903 1315 954 1350 τῆς
968 1314 1084 1346 Ἰταλίας
1102 1314 1218 1350 ἐκπέσῃ,
1233 1314 1281 1340 καὶ
1295 1313 1379 1340 κακόν
1399 1321 1426 1340 τι
1445 1313 1522 1340 αὐτοὶ
1536 1313 1589 1340 ὑπὸ
1605 1313 1748 1348 Ῥωμαίων
1758 1313 1806 1340 ira
1822 1321 1913 1348 προσ·

268 1362 349 1388 οίκων
368 1361 486 1389 πάθωσι.
507 1362 563 1389 Καὶ
589 1363 614 1389 οἱ
651 1361 700 1397 μὲν
725 1361 833 1394 πλείους
853 1363 884 1389 τὺ
904 1362 1113 1398 ἀποϐησόμενον
1139 1361 1285 1394 ἐσκόπουν,
1313 1360 1400 1393 ὀλίγοι
1427 1359 1456 1386 δι
1487 1359 1555 1395 πρὸς
1578 1359 1642 1391 τοὺς
1666 1359 1820 1395 Ῥωμαίους
1832 1359 1913 1390 αὖθις

270 1408 450 1444 μετέστησαν,
485 1409 534 1436 καὶ
565 1409 730 1444 ἀναθήματά
750 1417 822 1441 τινες
841 1409 932 1442 αὐτοῖς
953 1409 1092 1445 ἔπεμψαν,
1117 1409 1171 1436 Καὶ
1200 1408 1248 1435 τοῦ
1268 1408 1389 1443 Ἱέρωνος
1410 1407 1496 1434 πολλὰ
1526 1407 1713 1442 πεπομφότος,
1754 1409 1828 1434 σῖτον
1863 1407 1914 1433 καὶ

268 1456 346 1491 νίκης
373 1456 486 1492 ἄγαλμα
499 1457 524 1483 οἰ
546 1456 678 1491 Ῥωμαῖοι
696 1457 766 1492 μόνα
794 1455 906 1490 ιλαϐον,
923 1457 1024 1492 καίπερ
1040 1457 1070 1483 ὲν
1084 1454 1244 1491 ἀχρηματίᾳ
1259 1454 1346 1488 ὄντες,
1363 1454 1434 1481 ὥστε
1447 1453 1479 1481 τὸ
1492 1453 1629 1490 ἀργυροῦν
1646 1453 1780 1489 νόμισμα,
1807 1453 1912 1489 ἀμιγὲς

268 1504 315 1530 καὶ
352 1502 471 1538 καθαρὸν
509 1503 652 1538 γινόμενον
675 1503 821 1538 πρότερον,
842 1503 938 1539 χαλκῷ
951 1502 1114 1538 προσμίξαι.

853 1603 862 1611 .
872 1579 975 1610 Varias
989 1579 1143 1611 lectiones
1166 1583 1197 1611 et
1211 1584 1304 1612 notae.

306 1638 363 1674 (33)
381 1639 481 1673 Μόνος
499 1639 669 1675 ιππὰρχων.
680 1640 815 1676 Excerpta
827 1641 924 1671 Dionis
945 1643 1102 1676 Valesiana,

1118 1651 1148 1679 ρ.
1163 1643 1228 1671 591.

856 1812 1037 1857 LIBER
1084 1812 1311 1859 NONUS.

309 1906 331 1935 l.
352 1906 414 1934 Haec
431 1910 488 1933 tum
504 1905 531 1934 in
545 1906 623 1935 Italia
638 1911 698 1935 acta
711 1912 786 1942 sunt,
800 1915 833 1936 ac
847 1908 942 1936 Romae
956 1908 1067 1937 servilis

1155 1909 1195 1937 Ν.
1209 1908 1304 1937 Ταῦτα
1318 1909 1348 1936 ἐν
1363 1910 1396 1944 τῇ
1419 1909 1520 1945 Ἰταλίᾳ
1530 1909 1590 1937 τότε
1609 1910 1745 1947 ἐπράχθη.
1762 1911 1820 1939 Καί
1836 1922 1911 1945 τινες

273 1952 428 1988 coniuratio
444 1957 552 1980 mature
571 1960 715 1988 oppressa.
732 1953 897 1989 Explorator
910 1954 1023 1990 quidam
1035 1954 1064 1982 in

271 1999 357 2026 urbe.
367 1997 576 2033 deprehensus,
605 2000 756 2034 amputatis
778 2001 907 2028 manibus
933 2001 1065 2029 dimissus

267 2049 320 2075 est.
349 2049 379 2072 ut
406 2046 464 2080 ipse
481 2045 756 2081 Carthaginiensibus
771 2054 829 2074 sua:
850 2046 937 2074 cladis
950 2047 1068 2075 nuntius

269 2096 352 2118 esset.
379 2090 410 2118 In
426 2091 554 2126 Hispania
581 2091 675 2127 Scipio
697 2093 788 2120 navali
814 2094 919 2128 pret-lio,
941 2094 976 2121 ad
991 2093 1064 2122 lberi

269 2138 339 2164 ostia
353 2137 430 2164 vicit.
445 2137 513 2165 Nam
527 2146 589 2165 cum
603 2146 693 2174 pugna
706 2139 842 2174 principio
860 2147 962 2174 anceps
978 2144 1062 2173 esset,

269 2183 338 2210 velis
354 2184 467 2210 navium
485 2183 606 2217 refectis,
625 2191 692 2211 suos
706 2184 740 2212 ad
755 2184 912 2220 promptius
925 2185 1063 2213 dimican-

272 2228 338 2255 dum
364 2228 504 2256 cohortari
525 2231 633 2258 voluit:
651 2238 702 2259 nec
715 2239 796 2267 agros
817 2231 950 2259 duntaxat
974 2237 1067 2260 vasta-

272 2274 324 2305 vit,
349 2274 397 2302 sed
416 2275 501 2302 etiam
518 2276 604 2304 multa
619 2277 678 2304 loca
696 2278 801 2305 munita
819 2277 948 2313 subegit:
968 2281 996 2305 et
1016 2286 1065 2313 per

271 2319 385 2347 fratrem
414 2319 445 2347 P.
471 2320 628 2356 Scipionem
653 2323 736 2350 urbes
759 2322 919 2358 Hispanit-as
940 2323 1065 2351 Romano

272 2366 390 2401 imperio
414 2367 525 2402 adjecit.
551 2367 654 2395 Abelus
677 2369 750 2395 enim
781 2369 894 2403 quidam
915 2368 1062 2404 Hispanus,

270 2420 333 2440 cum
345 2411 619 2448 Carthaginiensibus
631 2414 702 2442 fidus
713 2422 774 2442 esse
785 2414 956 2448 crederetur,
969 2422 1064 2442 revera

271 2459 405 2486 Romanis
419 2458 526 2490 favens,
543 2461 680 2494 persuasit
693 2460 719 2487 ei
734 2460 781 2495 qui
795 2459 909 2487 obsides
925 2460 1063 2495 llispano-

272 2513 334 2532 rum
352 2505 538 2539 custodiebat,
555 2510 585 2533 ut
601 2514 648 2534 eos
661 2507 773 2534 domum
788 2506 866 2534 abire
880 2506 994 2540 sineret,
1009 2513 1064 2541 quo

271 2550 381 2577 facilius
397 2551 526 2578 civitates
546 2550 581 2578 ad
604 2551 826 2580 benevolentiam
847 2551 1062 2579 adducerentur.

272 2594 346 2627 Quos
363 2603 436 2629 cum,
463 2602 492 2624 ut
515 2597 589 2624 illius
607 2598 715 2625 consilii
741 2598 823 2634 417
839 2602 948 2630 auctor,
965 2597 1064 2633 legatis
1080 2586 1102 2615 D

273 2640 349 2674 prius
365 2640 398 2667 ad
411 2641 568 2676 Scipionem
580 2643 682 2677 missis,
692 2647 720 2671 et
735 2643 944 2671 communicatis
955 2643 989 2672 iis
1000 2651 1062 2679 qua

272 2684 399 2722 volebat.“
409 2692 491 2714 noctu
507 2688 668 2722 abduceret,
684 2694 783 2725 captus
806 2693 848 2718 est
861 2689 986 2718 scilicet:
1007 2690 1064 2718 Bo—

274 2730 349 2757 mani
367 2730 400 2758 iis
414 2731 525 2760 domum
550 2735 681 2768 remissis,
700 2736 803 2771 patrias
828 2743 923 2763 eorum
939 2736 967 2763 in
983 2735 1063 2763 dedi-

274 2776 379 2804 tionem
394 2785 568 2813 acceperunt.
585 2780 650 2814 Quae
661 2789 724 2809 cum
740 2781 859 2810 feliciter
869 2782 1062 2814 succederent,

273 2821 302 2848 in
318 2828 379 2848 eam
393 2822 498 2850 cladem
521 2824 688 2860 inciderunt,
714 2834 769 2862 qua
786 2833 837 2854 nec
849 2831 914 2855 ante
934 2834 986 2854 nec
1002 2831 1065 2862 post

271 2866 427 2903 graviorem
452 2874 620 2898 senserunt:
643 2879 731 2907 eaque
747 2872 880 2908 prodigiis
900 2872 1062 2908 prtesignitl-

1116 1956 1206 1983 δοῦλοι
1221 1957 1394 1992 συνωμοσίαν
1410 1957 1458 1982 ἐπὶ
1471 1958 1504 1992 τῇ
1525 1956 1619 1992 Ῥώμῃ
1639 1957 1824 1992 πεποιηκότες
1835 1967 1908 1994 προ-

1115 2002 1337 2037 κατελήφθησαν.
1359 2002 1540 2035 Κατάσκοπός
1564 2003 1595 2030 τέ
1616 2011 1658 2034 τις
1684 2003 1766 2035 ἁλοὺς
1785 2003 1816 2030 ἒν
1835 2005 1911 2040 αὐτῇ

1115 2050 1164 2080 τὰς
1184 2050 1281 2085 χεῖρας
1296 2048 1439 2083 ἀπεκόπη,
1454 2049 1502 2076 καὶ
1519 2049 1632 2084 ἀφείθη,
1653 2049 1696 2076 ἵνα
1717 2051 1775 2081 τοῖς
1791 2051 1910 2086 Καρχη-

1115 2095 1212 2126 δονίοις
1227 2094 1342 2129 γένηται
1355 2093 1402 2120 τοῦ
1427 2094 1532 2126 πάθους
1557 2094 1737 2129 αὐτάγγελος.
1764 2096 1809 2122 Ἐν
1830 2096 1862 2122 δὲ
1875 2098 1910 2132 τῇ

1121 2139 1237 2176 Ἰϐηρίᾳ,
1262 2139 1401 2176 ναυμαχίᾳ
1426 2139 1494 2174 πρὸς
1521 2140 1554 2176 τῇ
1580 2140 1628 2167 τοῦ
1646 2140 1756 2176 Ἴϐηρος
1777 2141 1880 2177 ἐκϐολῇ
1895 2144 1910 2169 ό

1113 2186 1235 2212 Σκιπίων
1263 2185 1402 2221 ἐνίκησεν.
1428 2185 1576 2217 Ἰσοπαλῶς
1599 2185 1654 2222 γάρ
1679 2186 1908 2222 ἀγωνιζομένων,

1114 2232 1150 2260 τά
1180 2233 1253 2259 ἱστία
1281 2232 1336 2258 τῶν
1365 2231 1436 2259 νεῶν
1453 2231 1616 2267 ὑπιτέμετο,
1641 2233 1716 2264 ὅπως
1738 2233 1911 2267 ἀπογνόντες

1115 2279 1318 2314 προθυμότερον
1332 2277 1533 2312 ἀγωνίσωνται,
1550 2278 1598 2305 καὶ
1608 2278 1660 2313 τήν
1668 2286 1698 2304 τε
1712 2278 1806 2314 χώραν
1821 2280 1910 2315 ἐπόρ-

1115 2324 1193 2360 θησε,
1220 2323 1267 2351 καὶ
1289 2323 1367 2359 τιίχη
1393 2323 1478 2358 συχνὰ
1505 2323 1690 2358 ἐχειρώσατο,
1709 2325 1756 2351 καὶ
1783 2325 1828 2352 διὰ
1858 2326 1908 2352 τοῦ

1115 2368 1232 2404 ἀδελφοῦ
1260 2369 1396 2396 Πουπλίου
1423 2368 1577 2400 Σκιπίωνος
1604 2369 1697 2401 πόλεις
1717 2370 1771 2396 τῶν
1790 2370 1908 2406 Ἰϐήρων

1116 2415 1337 2450 προσεκτήσατο.
1360 2414 1475 2445 Ἄϐελος
1505 2414 1560 2450 γάρ
1585 2423 1628 2447 τις
1649 2415 1728 2451 Ἰϐηρ
1749 2416 1838 2443 δοκῶν
1857 2417 1909 2451 μὲν

1113 2460 1168 2491 τοῖς
1182 2459 1380 2494 Καρχηδονίοις
1399 2459 1504 2493 πιστὸς,
1521 2459 1556 2486 τὰ
1575 2460 1630 2486 τῶν
1651 2461 1794 2496 Ῥωμαίων
1815 2461 1843 2488 δι
1861 2461 1908 2488 θε-

1115 2504 1255 2540 ραπεύων,
1267 2505 1396 2532 ἀνέπεισε
1420 2506 1467 2532 τὸν
1491 2506 1665 2542 φρουροῦντα
1677 2507 1741 2539 τοὺς
1757 2508 1812 2534 τῶν
1835 2508 1907 2543 Ἰϐή-

1118 2559 1172 2586 ρων
1185 2551 1318 2587 όμήρους,
1334 2551 1426 2578 οἴκαδε
1448 2552 1549 2584 αὐτοὺς
1571 2553 1745 2588 ἀποπέμψαι,
1763 2553 1797 2579 ἶν’
1813 2555 1842 2586 ὲς
1859 2554 1907 2581 εῦ-

1116 2605 1192 2624 νοιαν
1218 2598 1290 2632 τάχα
1318 2598 1364 2624 ὑπ’
1385 2597 1476 2624 αὐτῶν
1501 2599 1530 2625 αἱ
1546 2598 1639 2630 πόλεις
1668 2599 1829 2634 ὑπαχθῶσι·
1859 2601 1907 2626 καὶ

1117 2642 1284 2679 παραλαϐὼν
1301 2643 1372 2677 σφᾶς
1393 2643 1441 2670 ἅτε
1464 2643 1512 2670 καὶ
1533 2644 1582 2679 τῆς
1605 2643 1729 2676 ἐπινοίας
1753 2645 1906 2681 εἰσηγητὴς

1115 2687 1248 2722 γεγονὼς,
1262 2688 1331 2723 πρὸς
1339 2688 1402 2719 τοὺς
1417 2688 1573 2721 Σκιπίωνας
1583 2688 1614 2715 τὺ
1630 2690 1765 2724 πρότερον
1781 2690 1904 2725 πέμψας,

1116 2735 1163 2760 καὶ
1185 2733 1451 2769 κοινολογησάμενος
1478 2735 1542 2770 περὶ
1555 2731 1594 2762 ὧν
1621 2735 1711 2770 ἠξίου,
1729 2733 1788 2762 εἶτα
1808 2737 1905 2768 νυκτὸς

1116 2779 1311 2814 ὑπεκκομίζων
1328 2780 1438 2814 αὐτοὺς,
1453 2781 1525 2808 ἑάλω
1547 2782 1627 2818 δῆθεν
1639 2791 1646 2798 ’
1662 2783 1709 2810 καὶ
1727 2783 1815 2816 οὕτως
1830 2784 1904 2810 ὲκεί-

1117 2834 1171 2853 νων
1196 2834 1226 2852 τε
1254 2826 1400 2862 ἐγκρατεῖς
1425 2827 1550 2861 ἐγένοντο
1574 2829 1599 2855 οί
1616 2829 1760 2864 Ῥωμαῖοι,
1778 2831 1827 2856 καὶ
1856 2830 1904 2861 τὰς

1119 2872 1250 2908 πατρίδας
1278 2873 1369 2900 αὐτῶν
1396 2873 1635 2910 ἀνακομιεθέντων
1655 2875 1747 2903 οῐκαδι
1768 2876 1904 2909 κατεκτή-
