2018 3146
234 182 287 214 710

233 239 295 272 busI
315 240 398 268 ltalim
410 240 592 274 principatum
606 239 647 265 eis
664 237 800 273 promisit,
817 243 847 265 ut
861 245 907 272 spe
921 237 1020 269 erecti.

232 293 260 312 se
272 293 321 320 pro
337 287 491 320 semetipsis
503 285 627 311 laborare
645 284 763 311 alacrius
776 290 941 319 pugnarent.
955 284 1021 310 Post

231 332 331 367 Capua:
358 332 541 359 defectionem
568 331 650 358 etiam
687 331 792 366 reliqua
816 330 964 365 Campania
994 330 1022 356 in

231 383 306 404 motu
321 377 371 404 fuit
385 385 392 404 :
408 378 487 412 cujus
502 377 685 404 defectionem
699 377 829 404 Romanis
843 385 914 411 argre
932 376 1023 403 feren-

232 424 314 454 tibus,
338 423 457 449 Annibal
492 422 648 450 Nucerinos
679 422 857 457 oppugnavit.
888 421 1021 454 Quicum

229 468 434 499 obsiderentur,
452 469 580 495 inutilem
604 473 713 495 aetatem
730 469 764 495 ob
790 468 959 494 cibariorum
975 475 1023 502 pe-

229 514 337 540 nuriam
353 514 519 548 expulerunt
535 523 542 541 :
560 522 629 548 quos
645 513 762 541 Annibal
777 521 832 540 non
849 513 964 548 recepit,
975 520 1023 540 ne-

229 568 282 594 que
302 561 356 588 alio
372 569 453 595 quam
471 562 496 588 in
522 561 617 587 urbem
637 561 770 588 redeundi
788 564 950 595 potestatem
975 559 1024 586 dc-

228 607 280 634 dit.
296 607 479 640 Quamobrem
495 608 586 634 (ueteri
609 615 721 642 quoque
736 614 798 634 cum
814 614 867 633 una
890 611 967 633 veste
993 614 1021 634 se

229 653 297 680 urbe
318 661 482 681 excessurus
507 657 682 688 pepigerunt.
701 653 737 679 At
759 652 804 679 ille
820 652 887 679 urbe
904 652 1020 686 potitus,

232 705 375 727 senatores
397 700 423 726 in
455 699 560 726 balneis
582 699 703 725 inclusos
719 698 885 725 suﬂocavit:
903 698 1023 732 reliquos

229 756 290 774 cuttt
306 746 447 774 discedere
459 754 514 780 quo
529 745 627 772 vellent
642 745 782 779 jussisset,
801 744 904 770 multos
921 743 949 770 in
978 743 1023 770 iti—

229 800 295 818 nere
309 790 472 818 interfecit:
495 789 543 816 sed
564 794 656 816 tamen
679 797 776 816 corum
800 788 879 815 mulli
893 789 919 815 in
941 788 1023 815 silvas

228 835 335 870 profugi
345 839 501 861 evaserunt.
516 834 552 860 Ea
570 833 736 861 crudelitate
746 834 838 861 caeteri
852 833 953 865 territi,
967 842 1021 860 non

227 880 346 915 amplius
358 880 418 915 ejus
435 879 498 907 fidei
514 887 543 906 se
565 879 762 914 permiserunt,
778 879 827 907 sed
854 879 1022 907 resistebant

227 927 292 953 dum
315 930 453 960 poterant.
484 926 637 961 Nolanique
663 927 697 953 de
724 926 851 954 facienda
879 926 1019 954 deditione

227 973 426 1004 consultantes,
455 971 500 998 illo
525 972 647 998 facinore
665 971 736 1003 viso,
765 972 926 998 Marcellum
948 972 1018 999 clam

227 1018 444 1049 accersiverunt,
474 1017 610 1044 Annibale
639 1017 674 1044 ab
708 1017 786 1044 urbis
815 1017 1019 1052 oppugnatione

228 1064 349 1098 repulso.
381 1063 445 1090 inde
467 1063 617 1098 digressus,
632 1062 786 1090 Acerranos
813 1063 884 1090 fame
902 1064 1018 1096 domuit,

228 1111 323 1137 iisdem
339 1109 440 1144 quibus
457 1109 611 1136 Nucerinos
626 1109 843 1142 conditionibus,
864 1109 1018 1144 eodemque

228 1155 355 1183 tractavit
372 1155 463 1182 modo.
476 1155 581 1182 Deinde
594 1156 725 1183 Basilinas
742 1161 784 1182 est
797 1163 952 1191 aggressus,
962 1163 1017 1190 quo

227 1201 344 1228 Romani
371 1208 524 1235 eorumque
554 1201 622 1228 socii
651 1201 762 1228 circiter
785 1209 802 1228 It
825 1202 1017 1237 confugerant,

227 1249 274 1283 qui
290 1247 397 1275 civibus
409 1248 594 1282 proditionem
614 1248 791 1276 molientibus
807 1249 917 1281 occisis,
933 1249 1020 1277 Anni—

226 1295 343 1330 baleque
359 1302 430 1330 sirpe
441 1294 594 1330 proﬂigato,
612 1294 711 1321 famem
729 1302 838 1329 quoque
849 1295 958 1323 fortiter
974 1300 1017 1322 to-

227 1340 360 1368 lerarunt.
375 1339 444 1367 Cum
459 1346 551 1367 autem
565 1347 735 1368 commeatus
750 1341 909 1373 defecisset.
921 1349 1019 1375 quem-

228 1388 290 1414 dam
321 1388 348 1414 in
364 1392 426 1414 utre
453 1386 488 1413 ad
506 1387 672 1413 dictatorem
699 1386 833 1414 tnisetunt
850 1395 856 1413 :
871 1387 917 1421 qui
935 1391 1018 1413 noctu

227 1433 300 1460 dolia
317 1432 404 1459 [urina
418 1432 497 1466 plena
509 1433 536 1458 in
555 1431 658 1458 ﬂumen
669 1433 805 1466 conjecta,
832 1439 881 1458 eos
895 1431 923 1458 in
942 1438 1019 1459 tene—

229 1478 287 1505 bris
299 1478 446 1514 observare
457 1478 549 1512 jussit.
570 1477 627 1504 Hoc
641 1478 721 1504 modo
737 1478 806 1504 claui
822 1485 871 1504 eos
890 1477 924 1503 ad
948 1483 1017 1504 teni-

227 1533 279 1560 pus
291 1525 358 1552 aluit
375 1533 382 1551 :
399 1523 447 1551 sed
464 1525 573 1550 tandem
587 1531 642 1550 uno
657 1523 732 1550 dolio
749 1531 782 1549 ex
794 1523 923 1550 allisionc
949 1531 1017 1550 con—

227 1571 325 1602 tracto,
364 1569 606 1603 Carthaginienses
638 1576 668 1596 re
692 1569 880 1596 animadversa
911 1569 1016 1596 catenis

227 1615 340 1642 ﬂuvium
357 1615 527 1640 munierunt.
543 1613 576 1641 Ut
596 1620 687 1640 autem
711 1613 782 1640 fame
799 1619 827 1640 et
856 1614 1017 1642 vulneribus

228 1660 307 1686 multi
334 1659 487 1694 perierunt,
520 1658 606 1684 altera
643 1658 720 1685 urbis
749 1663 827 1693 parte
853 1658 962 1686 deserta
990 1664 1018 1686 et

227 1710 311 1741 ponte
331 1706 485 1739 interrupto
498 1724 506 1736 ,
523 1704 550 1730 in
563 1704 649 1731 altera
663 1704 836 1732 obsidionem
854 1706 1015 1733 tolerarunt.

227 1753 324 1779 Postea
346 1758 440 1778 semen
458 1758 584 1784 raporum
600 1750 627 1777 in
652 1750 798 1785 quemdam
819 1751 910 1779 locum
939 1757 1016 1780 extra

229 1805 339 1824 murum
365 1797 536 1832 ahjecerunt,
567 1801 596 1823 ut
620 1796 714 1823 hostes
729 1804 777 1823 eos
796 1797 843 1824 diu
874 1797 1017 1826 habituros

227 1843 373 1871 crederent
389 1843 459 1870 unde
480 1843 604 1869 viverent
634 1842 693 1875 Qua
711 1843 807 1870 eadem
827 1843 957 1878 opinione
971 1844 1019 1872 de-

226 1893 323 1924 ceptus
333 1888 460 1920 Annibal,
476 1896 629 1923 eorumque
644 1888 835 1916 fortitudinem
847 1889 1014 1923 admiratus,

228 1942 276 1962 cos
293 1934 326 1962 ad
354 1934 509 1968 pactionem
536 1938 699 1968 provocatos
726 1934 842 1968 pecunia
863 1934 1014 1963 vendidit:

225 1988 295 2015 quos
310 1979 426 2007 Romani
440 1987 495 2006 non
514 1979 595 2007 tnodo
619 1979 718 2014 cupide
741 1980 931 2015 redemerunt,
965 1982 1014 2009 sed

225 2027 306 2054 etiam
324 2027 503 2054 honorarunt.

866 181 1029 212 JUANNIS
1045 180 1206 211 ZONARrE

1819 181 1867 214 ὶὲῦ

1035 239 1057 267 Α
1072 237 1179 268 ξεσθαι.
1193 235 1365 262 Πεισθὲντων
1380 236 1408 263 δὲ
1428 236 1482 263 τῶν
1498 237 1527 262 ὲν
1540 237 1571 272 τῇ
1594 236 1708 271 Καπύῃ,
1724 236 1866 263 ἐκϐάλλων

1074 284 1122 309 ἕνα
1136 283 1252 309 ἅκαστον
1276 283 1308 308 ὲκ
1342 282 1389 308 τοῦ
1407 283 1560 317 συνεδρίου,
1587 283 1683 317 ἠρώτα
1704 282 1735 309 τὺ
1751 283 1868 318 πλῆθος,

1074 330 1166 355 ὅντινα
1181 329 1266 355 αὐτοῦ
1282 328 1455 363 ἀνθαιρεῑται
1466 337 1472 344 ·
1489 330 1534 355 καὶ
1556 328 1628 355 οὕτω
1645 329 1682 364 μὴ
1694 328 1868 363 δυνηθέντων

1073 374 1163 400 αὐτῶν
1173 375 1285 409 ἑτέρους
1301 374 1335 400 δι’
1354 375 1447 408 ὀλίγου
1468 374 1642 406 ἀνθελέσθαι,
1668 374 1775 406 πάντας
1793 375 1866 400 ὲκεί-

1075 429 1138 451 νους
1150 420 1187 451 ὼς
1199 421 1366 454 ἀναγκαίους
1376 420 1479 455 ἀφῆκε,
1489 421 1536 446 καὶ
1551 420 1770 454 καταλλαγέντες
1783 421 1870 455 ἀλλή-

1074 465 1141 498 λοις,
1168 467 1332 494 ἐσπείσαντο
1353 466 1392 501 τῷ
1413 466 1530 502 ’Δννί6ᾳ.
1557 467 1611 493 Καὶ
1633 466 1663 498 ὃς
1689 467 1734 493 διὰ
1759 467 1871 502 ταχέων

1074 513 1230 544 ἐπαναστὰς
1242 514 1274 539 ὲκ
1280 513 1330 548 τῆς
1341 513 1507 544 Νεαπόλεως
1522 511 1605 549 ἦλθεν
1617 514 1657 544 εις
1666 512 1716 547 τὴν
1731 513 1852 547 Καπύην
1862 521 1869 527 ·

1074 561 1122 585 καὶ
1143 560 1297 595 διαλεχθεὶς
1318 560 1410 590 αὐτοῖς
1432 560 1500 587 ἄλλα
1515 569 1545 586 τε
1565 559 1651 586 πολλὰ
1666 557 1744 585 εἶπεν
1757 561 1872 592 ἐπαγω-

1073 607 1120 639 γὰ,
1140 607 1187 633 καὶ
1208 607 1259 641 τὴν
1286 607 1435 642 ἡγεμονίαν
1460 608 1536 640 σφίσι
1559 606 1610 641 τῆς
1631 606 1750 637 Ἰταλίας
1769 606 1872 632 δώσειν

1074 653 1218 688 ὑπέσχετο,
1229 653 1263 679 ἶν’
1276 655 1306 680 ὲν
1313 654 1405 679 ἐλπίσι
1419 653 1570 687 γενόμενοι,
1583 653 1620 684 ὼς
1634 653 1682 679 καὶ
1695 653 1805 681 ἑαυτοῖς
1820 660 1873 678 πο-

1073 698 1217 733 νήσαντες,
1233 699 1440 734 προθυμὸτερον
1461 699 1660 732 ἀγωνίσωνται.
1680 697 1873 731 Μεταστάσης

1072 744 1100 771 δὲ
1112 744 1161 779 τῆς
1174 745 1303 780 Καπύης,
1319 746 1367 772 καὶ
1378 747 1394 780 ἡ
1406 745 1474 780 ἄλλη
1488 745 1641 779 Καμπανία
1655 744 1794 779 κεκίνητο.
1813 743 1873 770 Καὶ

1073 791 1097 817 οἱ
1113 791 1258 825 Ῥωμαῖοι,
1268 792 1317 826 τὴν
1329 792 1480 818 ἀπόστασιν
1493 792 1576 825 αὐτῆς
1589 791 1731 825 μαθόντες,
1740 791 1870 825 ἡχθοντο.

1074 836 1108 862 "0
1124 844 1154 870 γε
1173 836 1227 871 μὴν
1251 837 1376 868 Ἀννίϐας
1406 837 1453 863 ἐπὶ
1481 837 1667 871 Νουκερίνους
1690 836 1746 871 (55)
1764 836 1870 870 ὲστράα

1073 891 1170 908 τευσεν
1182 891 1188 897 ·
1203 884 1230 909 οἱ
1261 883 1288 909 δὲ
1321 883 1549 918 πολιορκούμενοι
1565 884 1616 918 τὴν
1635 885 1774 918 ἄχρηστον
1791 883 1871 917 σφῶν

1071 927 1180 962 ἡλικίαν
1206 928 1308 963 ἀπορίᾳ
1324 929 1433 962 τροφῶν
1454 928 1606 959 ἐξεώσαντο
1618 936 1625 943 ⁵
1640 928 1687 960 οὓς
1706 929 1720 954 ὁ
1739 929 1872 959 Ἀννίὸας

1070 973 1100 999 οὐ
1115 975 1283 1009 προσήκατο,
1302 974 1370 1000 ἀλλὰ
1383 977 1430 1000 καὶ
1446 976 1486 1006 εἰς
1502 976 1552 1009 τὴν
1566 975 1644 1001 πάλιν
1657 974 1769 1001 ἀπιοῦσι
1784 976 1870 1009 μόνον

1070 1022 1224 1056 ἀσφάλειαν
1248 1023 1344 1049 ἔδωκε.
1360 1023 1406 1049 Διδ
1423 1023 1468 1049 καὶ
1484 1023 1508 1048 οἱ
1533 1021 1624 1049 λοιποὶ
1645 1023 1705 1057 μεθ’
1721 1023 1782 1054 ἑνὸς
1797 1024 1871 1056 ἱμα-

1069 1069 1128 1094 τίου
1151 1068 1310 1104 ἐκχωρῆσαι
1330 1068 1378 1095 τοῦ
1402 1069 1497 1100 ἄστεος
1521 1069 1710 1104 ὡμολόγησαν.
1744 1068 1823 1094 Ἐπεὶ
1842 1068 1870 1095 δ’

1071 1115 1209 1149 ἐγκρατὴς
1237 1115 1328 1141 αὐτῶν
1352 1115 1473 1149 ἐγένετο,
1501 1115 1564 1146 τοὺς
1588 1115 1637 1150 μὲν
1657 1114 1807 1149 βουλευτὰς
1834 1116 1870 1146 ἐς

1072 1161 1201 1196 βιλανεῖα
1237 1161 1425 1192 κατακλείσας
1452 1161 1611 1194 ἀπέπνιξε·
1645 1163 1701 1193 τοῖς
1723 1161 1746 1187 δ’
1772 1161 1870 1191 ἄλλοις

1070 1208 1201 1234 ἀπελθεῖν
1225 1207 1310 1234 εἰπὼν
1328 1209 1381 1243 ὅπη
1399 1207 1550 1243 βούλοιντο,
1572 1208 1688 1239 πολλοὺς
1706 1209 1735 1233 ἐν
1751 1209 1783 1243 τῇ
1810 1208 1869 1241 ὁδῷ

1070 1254 1205 1280 κάκείνων
1220 1253 1360 1287 ἐφόνευσε.
1372 1254 1466 1288 Συχνοί
1477 1253 1500 1279 δ’
1515 1253 1562 1280 οὖν
1575 1253 1665 1279 αὐτῶν
1676 1254 1723 1279 καὶ
1733 1253 1870 1288 περιεγέ-

1070 1307 1146 1325 νοντο
1162 1300 1202 1330 είς
1230 1299 1297 1330 ὔλας
1321 1300 1597 1334 προκαταφυγὸντες.
1613 1299 1661 1326 Ἐκ
1677 1299 1774 1325 τούτου
1796 1299 1826 1324 δὲ
1838 1299 1867 1324 οἱ

1070 1344 1157 1371 λοιποὶ
1171 1344 1338 1379 φοὸηθέντες
1350 1346 1380 1372 οὐ
1389 1346 1545 1372 συνέὸαινον
1558 1345 1598 1371 ἔτι
1614 1345 1698 1380 αὐτῷ,
1713 1345 1771 1372 ἀλλ’
1789 1346 1862 1371 ἀντ-

1077 1392 1148 1425 εῖχον
1171 1391 1226 1422 ἕως
1253 1391 1396 1425 ἠδύναντο.
1422 1392 1476 1418 Καὶ
1490 1393 1514 1417 oi
1530 1391 1654 1418 Νωλανοὶ
1668 1391 1868 1426 βουλευόμενοι

1072 1439 1270 1471 προσχωρῆσαι
1299 1437 1394 1471 αὐτῷ,
1426 1437 1489 1462 ἐπεὶ
1517 1437 1546 1463 τὸ
1578 1437 1618 1467 είς
1646 1436 1769 1467 ἐκείνους
1790 1433 1868 1461 εἶδον

1071 1484 1204 1518 πραχθὲν,
1225 1484 1401 1518 ἐπηγάγοντο
1430 1483 1519 1519 λάθρα
1546 1483 1592 1510 τὸν
1616 1483 1787 1518 Μάρκελλον,
1813 1483 1868 1508 καὶ

1070 1529 1117 1555 τὸν
1146 1529 1270 1555 ’Λννίὸαν
1299 1529 1492 1564 προσϐαλόντα
1518 1530 1588 1564 μετὰ
1611 1529 1699 1555 ταῦτα
1722 1530 1755 1563 τῇ
1783 1528 1867 1554 πόλει

1031 1585 1052 1614 C
1068 1574 1223 1601 ἀπώσαντο.
1244 1575 1458 1610 Ἀποκρουο-θεὶς
1484 1575 1512 1602 δὲ
1534 1576 1583 1610 τῆς
1613 1575 1721 1610 Νώλης,
1742 1575 1867 1609 Ἀκερά-

1071 1630 1132 1651 νους
1150 1621 1206 1655 (56)
1223 1618 1279 1647 εἷλε
1295 1621 1368 1656 λιμῴ
1387 1622 1434 1648 ἐπὶ
1451 1623 1512 1653 ταῖς
1541 1623 1637 1653 αὐταῖς
1653 1623 1709 1653 τοῖς
1725 1621 1867 1656 Νουκερί-

1071 1675 1127 1697 νοις
1141 1667 1303 1701 συνθήκαις,
1315 1668 1363 1694 καὶ
1381 1668 1414 1694 τὰ
1433 1668 1503 1694 αὐτὰ
1521 1668 1670 1702 εἰργάσατο
1685 1668 1732 1693 καὶ
1747 1666 1865 1697 αὐτούς.

1071 1710 1138 1739 Εἶτα
1150 1713 1197 1739 καὶ
1218 1713 1263 1739 ἐπὶ
1277 1713 1421 1744 Βασιλίνας
1437 1714 1628 1749 ἐστράτευσεν,
1646 1715 1674 1740 ὲν
1683 1711 1705 1747 ᾧ
1726 1713 1865 1748 Ῥωμαῖοί

1070 1767 1100 1784 τε
1119 1759 1167 1785 καὶ
1193 1759 1348 1794 συμμάχων
1378 1759 1446 1785 ὡσεὶ
1473 1759 1554 1794 χίλιοι
1582 1760 1801 1793 συγκατέφυγον.
1829 1758 1865 1785 Οἳ

1070 1805 1133 1835 τοὺς
1150 1804 1198 1839 μὲν
1211 1804 1376 1840 ἐπιχωρίους
1393 1805 1538 1840 προδοῦναι
1560 1806 1632 1839 σφᾶς
1656 1805 1864 1840 μελετήσαντας

1069 1848 1247 1882 ἀπέκτειναν,
1265 1851 1312 1877 καὶ
1325 1850 1371 1876 τὺν
1395 1850 1521 1877 Ἀννίὸαν
1549 1851 1683 1881 πολλάκις
1698 1850 1862 1881 ἀπώσαντο,

1067 1893 1115 1918 καὶ
1141 1894 1210 1928 πρὸς
1241 1894 1321 1928 λιμὸν
1354 1895 1486 1928 γενναίως
1510 1895 1744 1931 διεκαρτέρησαν·
1770 1894 1864 1921 imit-

1069 1939 1174 1974 πούσης
1195 1939 1224 1966 δὲ
1247 1940 1296 1975 τῆς
1318 1940 1423 1975 τροφῆς
1444 1941 1555 1972 αὐτοὺς,
1573 1941 1617 1968 ἐπ’
1632 1941 1719 1967 ἀσκοῦ
1737 1949 1799 1967 τινα
1814 1939 1864 1966 διὰ

1068 1985 1116 2011 τοῦ
1134 1986 1259 2020 ποταμοῦ
1285 1986 1355 2021 πρὸς
1369 1987 1415 2013 τὸν
1446 1987 1594 2021 δικτάτορα
1618 1987 1758 2022 ἔπεμψαν.
1779 1986 1810 2014 '0
1831 1986 1863 2012 δὲ

1069 2031 1167 2063 πίθους
1181 2032 1306 2068 ἀλεύρων
1339 2033 1454 2069 πλήρεις
1470 2034 1569 2064 νυκτὸς
1593 2033 1736 2061 ἐνέϐαλλεν
1759 2034 1799 2065 είς
1811 2033 1862 2059 τὸν

226 2075 361 2110 ποταμὸν,
383 2074 573 2109 ἐντειλάμενος
598 2074 689 2105 αὐτοῖς
721 2076 893 2110 παρατηρεῖν
918 2076 947 2102 ὲν
972 2075 1012 2111 τῷ
1032 2078 1125 2105 σκότει
1154 2080 1182 2106 τὸ
1207 2081 1315 2116 ῥεῦμα*
1349 2082 1397 2107 καὶ
1423 2081 1519 2115 χρόνον
1540 2081 1590 2116 μὲν
1615 2089 1678 2107 τινα
1711 2080 1861 2106 ἐλάνθανεν

225 2121 312 2153 οὕτως
328 2124 431 2157 τροφὰς
450 2122 541 2152 αὐτοῖς
556 2120 693 2155 χορηγῶν.
708 2121 825 2147 Ἔπειτα
839 2122 920 2148 πίθου
939 2123 1012 2155 τινὸς
1033 2127 1238 2161 προσραγέντος
1269 2135 1327 2160 ποι,
1362 2129 1409 2154 καὶ
1429 2129 1628 2164 συντριϐέντος,
1643 2128 1728 2161 ἔγνων
1741 2128 1766 2153 οἱ
1783 2128 1862 2162 Καρ-

225 2170 344 2206 χηδόνιοι
367 2169 396 2195 τὺ
424 2169 578 2203 γινόμενον,
609 2168 655 2194 καὶ
684 2168 797 2195 ἁλύσεσι
822 2171 869 2195 τὶν
891 2171 1016 2206 ποταμὺν
1034 2172 1216 2208 διειλήφασιν,
1258 2175 1301 2207 Ὠς
1325 2175 1353 2202 δὲ
1378 2176 1417 2211 τῷ
1446 2176 1518 2212 λιμῷ
1545 2177 1592 2203 καὶ
1630 2177 1687 2208 τοῖς
1716 2175 1860 2210 τραύμασι

227 2217 321 2252 συχνοὶ
349 2216 547 2250 διεξοάρησαν,
566 2216 596 2241 τὸ
612 2214 706 2249 ἕτερον
730 2215 813 2249 μέρος
837 2217 885 2250 τῆς
908 2217 1012 2249 πόλεως
1032 2218 1167 2252 ἐξέλιπον,
1188 2221 1238 2246 κὰν
1253 2221 1292 2256 τῷ
1313 2221 1399 2256 λοιπῷ
1413 2222 1620 2258 διεκαρτέρουν,
1649 2223 1699 2257 τὴν
1732 2222 1860 2256 γέφυραν

224 2264 415 2298 διακόᾴιντες.
431 2262 498 2288 Εἶτα
516 2262 627 2296 σπέρμα
645 2262 804 2296 γογγυλίδας
820 2263 874 2289 ἀπὺ
888 2263 936 2289 τοῦ
970 2264 1077 2300 τείχους
1112 2266 1153 2298 εἰς
1188 2275 1214 2293 τι
1245 2268 1346 2303 χωρίον
1360 2268 1461 2300 ἔξωθεν
1474 2269 1555 2296 αὐτοῦ
1570 2268 1730 2296 κατέῦαλον.
1749 2269 1859 2303 Ἐποίη-

227 2321 278 2339 σαν
289 2311 317 2338 δὲ
348 2310 428 2337 τοῦτο
461 2310 504 2336 ἵνα
529 2309 725 2344 καταπλήξωσι
754 2311 818 2341 τοὺς
852 2311 998 2346 πολεμίους
1012 2312 1050 2344 ὡς
1070 2313 1118 2340 καὶ¹
1149 2315 1196 2340 ἐπὶ
1222 2315 1291 2341 πολὺ
1318 2315 1552 2350 αὑταρκέσοντας.
1573 2315 1655 2342 Ὅθεν
1676 2316 1690 2341 ὁ
1719 2315 1829 2341 Ἀννίδα
1849 2333 1858 2348 ,

224 2360 341 2395 ἄφθονον
366 2358 464 2388 αὐτοὺς
489 2357 562 2392 ἔχειν
577 2357 626 2392 τὴν
649 2355 754 2391 τροφὴν
770 2357 884 2392 οἰηθεὶς,
901 2359 948 2384 καὶ
983 2360 1030 2385 ἐπὶ
1050 2361 1083 2395 τῇ
1116 2361 1251 2396 καρτερίᾳ
1266 2361 1472 2396 Θαυμάσας,είς
1482 2362 1629 2397 ὁμολογίαν
1641 2361 1856 2396 προεκαλέσατο,

223 2409 271 2434 καὶ
299 2404 591 2441 χρημάτωναπέδοτο
612 2404 693 2438 σφᾶς.
716 2402 864 2429 Ἐλύσαντο
882 2403 937 2439 γὰρ
964 2405 1063 2438 αὐτοὺς
1078 2406 1102 2432 οι
1136 2406 1188 2440 ἔξω
1220 2407 1350 2442 Ῥωμαῖοι
1375 2409 1513 2443 ἀσμένως,
1539 2408 1607 2435 ἀλλὰ
1632 2409 1686 2444 μὴν
1719 2407 1767 2433 καὶ
1799 2409 1856 2433 έ-ί-

266 2463 326 2481 σαν.
1458 2478 1460 2481 .

225 2463 392 2528 Fufii-Dum
410 2497 468 2524 lure
499 2500 641 2531 geruntur,
667 2496 749 2531 legati
770 2495 881 2531 Delphis
908 2497 1012 2524 reversi

1101 2497 1140 2526 Γ’.
1157 2497 1200 2524 Ἐν
1212 2495 1233 2532 ᾧ
1247 2498 1276 2525 δὲ
1288 2498 1372 2525 ταῦτα
1383 2499 1500 2533 ἐγένετο,
1516 2500 1562 2526 καὶ
1578 2498 1729 2534 ἐκξΔελφῶν
1741 2500 1765 2525 οἱ
1781 2508 1851 2533 πεμη

223 2546 362 2578 nuntiant,
385 2544 482 2579 jubere
502 2542 626 2577 Pythiam
656 2546 696 2573 ut,
718 2542 861 2577 repudiata
892 2542 1014 2578 ignavia,

223 2592 306 2628 5,22
332 2591 403 2618 bello
425 2591 481 2617 sint
506 2589 614 2616 intenti.
628 2589 667 2615 Ex
683 2595 717 2616 eo
745 2588 898 2616 conﬁrmati
930 2593 1011 2624 atque

225 2638 341 2666 assecuti
358 2636 531 2667 Annibalem,
558 2635 634 2670 juxta
656 2642 719 2661 eum
735 2639 824 2661 castra
848 2640 1009 2669 posuerunt.

226 2689 256 2712 ut
281 2682 347 2718 quid
375 2686 467 2716 ageret
488 2681 677 2708 observarent.
705 2680 745 2707 Ac
760 2680 858 2707 Junius
883 2680 1010 2713 dictator,

225 2738 286 2765 qua:
319 2727 558 2762 Carthaginienses
584 2726 674 2754 facere
710 2726 891 2762 jubebantur,
915 2726 1011 2754 eadem

1065 2543 1178 2576 φθέντες
1191 2545 1422 2578 ἀνεκομίσθησαν,
1437 2545 1561 2579 λέγοντες
1574 2544 1622 2580 τὴν
1635 2544 1737 2571 Πυθίαν
1753 2545 1855 2579 χρῆσαι

1065 2589 1156 2620 αὐτοῖς
1185 2589 1343 2616 παύσασθαι
1361 2590 1410 2624 τῆς
1430 2591 1577 2625 ῥᾳθυμίας,
1600 2591 1644 2616 καὶ
1672 2591 1711 2624 τῷ
1740 2591 1854 2625 πολέμῳ

1065 2635 1218 2671 προσέχειν,
1239 2635 1378 2662 Ἐντεῦθεν
1392 2635 1615 2672 ανερρώσθησαν,
1638 2637 1685 2662 καὶ
1701 2636 1853 2664 κατέλαϐον

1067 2681 1112 2707 τὸν
1139 2681 1274 2713 Ἀννίϐαν,
1301 2682 1350 2708 καί
1367 2682 1392 2708 οἱ
1408 2682 1757 2717 παρεστρατοπεδεύσαντο,
1778 2684 1852 2715 ὅπως

1067 2728 1101 2754 τὰ
1130 2728 1306 2762 πραττόμενα
1344 2728 1410 2763 παρ’
1431 2727 1513 2754 αὐτοῦ
1542 2729 1734 2764 παρατηρῶςι.
1760 2730 1816 2756 Καὶ
1838 2730 1852 2756 ὅ

826 2795 930 2825 Variae
946 2794 1100 2826 lectiones
1117 2799 1149 2826 et
1164 2799 1259 2826 notua.

332 2860 546 2924 Ιξρῆκερίνους.
569 2859 711 2895 _Excerpta
731 2858 826 2888 Dionis
851 2857 1006 2892 Valesiaua,

271 2908 280 2926 )
320 2918 327 2926 .
397 2914 404 2923 ι

224 2905 253 2934 p.
264 2905 327 2932 ονδ,
342 2905 404 2924 om.

1099 2857 1154 2893 (.36)
1178 2856 1379 2893 Ἁκερῤἁνους.
1408 2857 1475 2885 Vide
1490 2857 1626 2893 Excerpta
1651 2858 1746 2887 Dionis
1774 2858 1850 2887 Vale-

1061 2892 1147 2927 siana,
1164 2900 1191 2928 p.
1206 2892 1268 2920 601.
