2018 3146
162 133 208 166 721
220 152 227 155 ‹

780 132 987 164 ANNALlUM
1004 133 1079 164 LIB.
1101 133 1155 165 IX.

1730 132 1786 162 7'22

162 199 191 224 γε
213 190 322 222 Ἰούνιος
338 191 351 218 ὁ
363 190 499 227 δικτάτωρ
514 191 548 221 τὰ
563 192 620 224 τοῖς
633 192 829 227 Καρχηδονίοις
845 199 947 226 παραγ-

1001 200 1065 219 suos
1079 198 1106 220 et
1125 194 1181 228 ipse
1194 193 1340 220 observare
1355 197 1436 227 atque
1451 191 1541 219 facere
1556 191 1677 226 iubebat.
1691 191 1786 229 itaque

161 236 322 271 γελλόμενα,
344 239 392 263 καὶ
404 237 468 269 τοὺς
488 236 642 272 Ῥωμαίους
667 239 754 268 ποιεῖν
768 238 868 273 ὁμοίως
885 239 945 265 ἐκέ-

161 277 230 314 λευε,
243 282 291 309 καὶ
311 283 374 309 σῖτα
391 282 438 309 καὶ
451 282 535 310 ὕπνον
545 284 574 310 ἐν
584 283 624 318 τῷ
632 284 706 318 αὑτῷ
721 284 808 320 καιρῷ
820 284 942 320 ᾑροῦντο,

162 328 205 355 καὶ
218 327 269 359 τὰς
291 327 419 362 φυλακὰς
440 328 542 363 ὁμοίως
574 330 756 362 ἐπεσκόπουν,
788 330 837 356 καὶ
860 330 944 357 τᾶλλα

161 373 256 409 ἐπίσης
272 373 421 408 ἔπραττον,
440 374 614 409 Καταμαθὼν
647 373 694 401 οὖν
717 375 797 402 τοῦτο
821 376 944 407 Ἀννίϐας

160 419 298 454 χειμέριον
312 420 433 455 ἐτήρησε
442 420 538 452 νύκτα,
552 421 598 447 καὶ
611 422 666 453 τοῖς
677 421 726 455 μὲν
739 422 793 448 τῶν
811 431 944 456 στρατιω-

158 465 210 492 τῶν
224 465 270 491 ἐπ’
281 465 372 499 ἔξοδον
383 466 430 500 ἀφ’
440 467 559 501 ἑσπέρας
574 468 680 494 ἀνεῖπε.
705 468 758 494 Τοῦ
781 467 810 494 δὲ
835 469 944 496 Ἰουνίου

159 512 188 538 τὸ
201 511 267 539 αὐτὸ
280 513 457 548 ποιήσαντος,
473 514 505 539 ἐκ
520 514 645 550 διαδοχῆς
653 514 748 541 ἄλλοτε
762 515 857 547 ἄλλοις
871 517 944 550 αὐτῷ

160 557 341 592 προσϐάλλειν
354 558 508 590 ἐκέλευσεν,
530 559 563 586 [ν’
582 561 611 586 ἐν
633 563 739 596 συνεχεῖ
759 562 832 595 πόνῳ
853 562 944 596 ett-51;

159 604 311 639 ἀγρυπνίας
325 605 372 634 καὶ
389 605 436 631 τοῦ
452 605 587 640 χειμῶνος
603 607 699 641 εἴησαν
711 615 717 622 ·
733 607 813 637 αὐτὸς
829 607 858 634 δὲ
877 609 945 642 μετὰ

158 648 211 675 τῶν
230 648 335 676 λοιπῶν
353 649 516 677 ἀνεπαύετο.
536 650 613 677 Ἐπεὶ
631 651 654 677 δ’
676 651 766 687 ἡμέρα
779 651 945 687 ἐπιλάμψειν

158 693 263 729 ἔμελλε.
281 694 313 722 τὸ
329 695 490 736 στράτευμά
512 704 540 723 τε
572 696 652 730 δῆθεν
675 697 869 731 ἀνεκαλέσατο,
898 699 944 725 καὶ

158 740 210 766 τῶν
231 739 376 775 Ῥωμαίων
398 741 432 768 τὰ
444 741 513 768 ὅπλα
529 742 718 776 ἀποθεμένων,
734 743 781 769 καὶ
796 744 863 779 πρὸς
878 744 943 771 ἀνά-

159 785 263 812 παυλαν
290 787 491 822 τραπομένων,
518 788 636 822 ἐπῆλθεν
663 789 754 820 αὐτοῖς
785 789 872 823 ἄφνω,
898 791 945 817 καὶ

161 832 272 866 συχνοὺς
285 833 442 864 ἀπέκτεινε,
454 834 500 860 καὶ
518 834 547 860 τὸ
563 834 708 869 τάφρευμα
724 835 865 869 ἐκλειιρθὲν
876 833 942 862 εἷλε.

161 876 233 904 Ti?
259 878 289 904 ιν
302 879 336 913 τῇ
356 879 466 914 Σικελίᾳ
480 880 566 915 καὶτῇ
585 880 680 915 Σαρδοῖ
697 881 821 914 ἐκινεῖτο,
837 881 867 907 οὺ
881 882 946 916 μέν·

159 931 199 950 τυι
211 923 259 951 καὶ
272 925 442 960 ἐπιστροφῆς
453 934 524 956 τινος
539 926 614 960 παρὰ
624 926 677 952 τῶν
684 926 825 961 Ῥωμαίων
841 927 944 963 ἔτυχον.

160 969 317 1009 Ὕπατοιῶ
329 970 345 997 δ
359 979 387 997 τε
401 970 524 1006 Γράκχος
539 973 551 997 ο
566 972 701 1006 ἵππαρχος
718 973 764 998 καὶ
781 973 946 1008 Ποστούμιος

160 1013 279 1046 Ἀλϐῖνος
298 1014 447 1051 ᾑρέθησαν.
459 1016 514 1042 Kal.
533 1017 547 1042 ὁ
563 1017 612 1051 μὲν
628 1017 747 1049 Ἀλσίνος
767 1019 834 1052 μετὰ
849 1020 947 1050 παντὸς

159 1059 203 1086 τοῦ
219 1059 338 1094 πρατοῦ
350 1061 402 1088 ὑπὸ
413 1061 467 1088 τῶν
477 1061 593 1088 Βοουῖων
609 1062 724 1098 ἐφθάρη,
740 1064 773 1090 δι’
786 1065 866 1099 ὄρους
879 1066 947 1092 ὑλώ-

103 1130 107 1136 ,
159 1104 218 1137 δους
241 1107 426 1142 πορευόμενος
441 1108 487 1134 καὶ
511 1108 686 1144 ἐνεδρευθεὶς,
712 1106 741 1135 οὗ
766 1111 814 1145 τὴν
828 1112 946 1146 κεφαλὴν

159 1152 343 1187 ἀποτεμόντες
365 1153 390 1179 οῑ
414 1153 560 1189 βάρϐαροι,
592 1156 639 1181 καὶ
666 1156 868 1190 ἐκκαθάραντες
899 1158 946 1184 καὶ

159 1198 425 1234 περιχρυσώσαντες,
450 1200 518 1235 πρὸς
540 1200 571 1227 τὰ
585 1201 646 1235 ιερὰ
661 1202 750 1228 αὐτῶν
766 1203 826 1229 ἀντὶ
847 1204 946 1239 φιάλης

159 1243 317 1280 ἐκέχρηντο.
347 1244 478 1279 Γεγόνασι
492 1245 520 1271 δὲ
536 1245 594 1272 τότε
615 1246 726 1282 τέρατι·
752 1247 815 1283 βοῦς
833 1257 862 1274 τε
891 1249 945 1285 γὰρ

161 1289 242 1316 ἵππον
258 1289 349 1323 ἔτεκε,
374 1291 420 1318 καὶ
435 1292 464 1317 ἐν
483 1291 605 1327 θαλάσσῃ
622 1292 757 1327 ἐξέλαμψε
779 1294 844 1329 πῦρ.
871 1295 901 1321 0i
918 1295 947 1322 δ’

161 1335 258 1363 ὕπατοι
279 1336 402 1372 Γράκχος
435 1337 482 1363 καὶ
508 1337 617 1369 Φάϐιος,
635 1339 944 1375 στρατοπεδευσάμενοι,

160 1381 243 1408 τόντε
277 1382 402 1409 Ἀννίϐαν
428 1383 457 1409 ὲν
480 1383 581 1419 Καπύῃ
608 1384 671 1410 οντα
696 1385 857 1420 ἐπετήρουν,
886 1387 899 1412 ὃ
919 1396 944 1413 τι

161 1428 288 1463 πράσσει.
303 1428 359 1456 Καὶ
371 1429 554 1464 διεπέμποντο
570 1430 747 1465 ἑκασταχόσε,
766 1432 822 1461 τοῖς
835 1440 862 1457 τε
878 1441 945 1466 συμ-

163 1474 258 1509 μάχοις
279 1474 430 1509 ἐπήμυνον,
453 1475 500 1501 καὶ
522 1476 583 1506 τοὺς
609 1476 797 1511 ἀφεστηκότας
826 1478 943 1504 eluito-3-

995 245 1023 265 et.
1039 239 1131 265 cibum
1150 244 1178 266 et
1205 246 1331 265 somnum
1355 238 1453 266 eodem
1482 242 1605 272 tentpore
1626 237 1784 271 capiebant,

995 283 1126 311 excubias
1134 284 1229 311 eodem
1248 284 1329 311 modo
1343 284 1478 315 visebant,
1493 287 1645 318 ceteraque
1660 291 1694 309 ex
1706 290 1780 316 3»an

996 330 1143 356 faciebant.
1160 330 1220 362 Quo
1235 330 1351 356 Annibal
1365 330 1484 364 cognito,
1504 333 1688 364 tempestuosa
1703 333 1782 355 nocte

995 380 1116 410 captata,
1132 376 1203 410 parti
1221 375 1338 402 militum
1352 384 1367 401 a
1383 383 1496 410 vespera
1518 375 1718 410 profectionem
1735 375 1781 402 de-

995 422 1114 450 nuntiat.
1132 421 1214 450 Junio
1229 421 1255 448 id
1268 421 1383 453 imitate,
1397 429 1444 455 per
1457 422 1531 448 vices
1546 421 1614 448 alios
1624 425 1707 455 atque
1715 420 1783 446 alios

996 470 1127 503 impetum
1148 468 1174 494 itt
1192 468 1330 495 Romanos
1344 467 1433 494 facere
1447 467 1540 502 jussit.
1554 472 1584 494 ut
1602 467 1779 494 cotttinettter

995 515 1095 550 vigiliis
1104 518 1300 547 cttempestate.
1309 513 1503 548 fatigarentur:
1519 512 1576 547 ipse
1588 521 1651 540 cutn
1667 512 1784 546 reliquis

994 562 1109 597 quievit.
1120 560 1356 589 Cumlucesceret.
1365 559 1485 586 exercitu
1495 564 1632 589 revocato.
1646 559 1783 585 Romanos

996 609 1044 642 qui
1061 607 1146 635 armis
1164 607 1262 642 positis
1275 605 1309 633 ad
1324 605 1443 640 quietem
1454 612 1482 631 se
1495 604 1682 635 conferebant,
1693 603 1784 632 subito

995 661 1147 688 aggressus.
1167 653 1266 680 multos
1275 651 1386 682 occidit,
1402 656 1431 678 et
1451 650 1552 677 vallum
1568 650 1602 676 ab
1619 649 1660 676 eis
1691 649 1784 676 deser-

996 704 1052 727 tunt
1070 700 1153 733 cepit.
1174 698 1300 726 Sardinia
1316 702 1343 724 et
1356 697 1447 724 Sicilia
1459 696 1584 731 quamvis
1598 696 1624 722 in
1639 699 1715 721 motu
1740 702 1784 720 cs-

995 751 1066 777 settt.
1082 753 1096 772 a
1111 745 1242 772 Romanis
1256 752 1310 772 non
1326 744 1504 771 cttrabantnr.
1520 742 1598 770 Coss.
1613 733 1698 768 creati
1710 745 1784 771 sunt,

995 791 1135 818 Gracchus
1159 791 1288 826 magister
1309 790 1434 825 equitum
1465 793 1492 816 et
1509 788 1688 815 Posthumius
1709 786 1786 814 Albir

996 844 1048 863 nus
1061 845 1068 863 :
1081 843 1196 871 quorum
1215 835 1260 862 hic
1272 843 1333 862 cutn
1350 834 1424 860 omni
1441 833 1561 860 exercitu
1578 840 1593 859 a
1611 832 1684 859 Boiis
1698 839 1786 859 caesus

999 886 1051 912 est.
1077 881 1103 908 in
1128 881 1243 908 transitu
1271 880 1364 907 silvosi
1380 879 1482 906 montis
1514 878 1620 905 insidiis
1641 883 1784 913 exceptus.

998 928 1078 962 cujus
1107 928 1196 962 capite
1223 926 1330 954 barbari
1346 929 1487 954 exeavato.
1513 932 1634 959 auroque
1660 925 1784 954 inducto.

999 981 1047 1007 pro
1063 973 1153 1008 phiala
1169 973 1195 1000 in
1213 972 1299 999 sacris
1311 972 1351 999 usi
1364 976 1438 999 sunt.
1448 970 1575 1005 Prodigia
1590 976 1647 997 tttttt
1661 971 1785 998 fuerunt.

998 1019 1064 1046 Nam
1082 1019 1132 1046 bos
1154 1026 1254 1054 equum
1280 1018 1396 1053 peperit,
1416 1022 1444 1044 et
1465 1017 1573 1044 flamma
1590 1024 1605 1043 ο
1626 1016 1694 1043 tnari
1718 1017 1785 1043 etni-

998 1065 1063 1092 cuit.
1080 1065 1158 1093 Coss.
1180 1065 1321 1092 Gracchus
1336 1069 1364 1091 et
1389 1063 1501 1094 Fabius,
1519 1063 1584 1098 quid
1603 1062 1719 1090 Annibal
1734 1061 1786 1089 Ca-

998 1117 1059 1144 pua-
1076 1115 1179 1144 ageret,
1195 1110 1385 1139 observantes,
1414 1108 1539 1143 quolibet
1565 1108 1667 1142 legatos
1694 1107 1787 1134 mitte-

999 1156 1074 1187 bant,
1100 1156 1182 1183 sociis
1210 1163 1289 1190 opem
1317 1155 1453 1187 ferebant,
1481 1162 1529 1181 eos
1557 1155 1603 1188 qtti
1630 1154 1786 1181 defecerant

998 1203 1180 1230 reconciliare
1214 1202 1398 1235 conabantur,
1435 1206 1463 1229 et
1489 1201 1677 1228 resistentium
1706 1207 1785 1235 agros

997 1248 1210 1282 populabantur.
1226 1247 1343 1274 Annibal
1356 1255 1422 1274 vero
1435 1247 1500 1274 dum
1519 1250 1672 1273 commeatu
1697 1253 1785 1279 eoque

997 1294 1080 1321 armis
1113 1300 1192 1329 parto
1210 1302 1265 1321 non
1296 1293 1463 1324 abundabat.
1482 1293 1605 1320 modeste
1629 1299 1691 1318 cum
1709 1299 1786 1318 exer-

997 1341 1052 1366 cittt
1076 1339 1195 1366 vivebat.
1211 1339 1247 1366 Ut
1263 1346 1346 1371 vero,
1360 1338 1452 1372 Capua
1474 1341 1619 1371 occupata.
1635 1336 1661 1362 in
1688 1343 1784 1370 magna

997 1392 1086 1411 rerum
1103 1383 1240 1411 afﬂuentia
1256 1383 1337 1411 otiosi
1350 1382 1534 1409 hibernarunt
1547 1392 1553 1409 ε
1566 1387 1593 1409 et
1605 1382 1675 1408 vires
1689 1389 1785 1415 corpo-

997 1438 1057 1456 rum
1094 1429 1210 1458 dcsidia.
1232 1434 1260 1456 et
1288 1428 1373 1455 robur
1401 1427 1555 1455 animorum
1587 1426 1694 1453 deliciis
1720 1430 1786 1453 sunt

997 1476 1140 1503 imminuta
1156 1484 1164 1504 :
1181 1479 1338 1509 tnutatoque
1352 1474 1426 1501 victu
1444 1473 1544 1508 patrio,
1559 1472 1585 1499 in
1604 1472 1705 1507 prwliis
1722 1472 1783 1498 viu-

162 1518 222 1545 σθαι
237 1519 401 1554 ἐπειρῶντο,
422 1520 456 1546 τά
474 1528 501 1545 τε
520 1520 573 1546 τῶν
590 1519 798 1554 ἀνθισταμένων
816 1522 943 1549 ἐκάκουν.

999 1523 1021 1549 ci
1039 1522 1205 1549 didicerunt.
1221 1521 1295 1548 Bello
1308 1521 1364 1555 jam
1384 1520 1514 1551 instante,
1529 1519 1556 1546 in
1576 1523 1682 1544 montes
1696 1522 1786 1545 trans—

166 1564 195 1590 '0
207 1563 231 1590 δ’
248 1564 385 1598 Ἀννίϐας,
398 1565 451 1597 ἕως
465 1566 514 1601 μὲν
530 1567 577 1600 τῆς
591 1566 696 1600 τροφῆς
708 1567 804 1598 ἐνδεῶς
819 1569 944 1604 ηὐπόρει,

161 1609 207 1636 καὶ
216 1609 439 1642 διακινδυνεύων,
456 1612 603 1646 σωφρόνως
617 1612 687 1646 μετὰ
700 1612 746 1638 τοῦ
760 1614 876 1647 στρατοῦ
889 1615 948 1650 διῆ-

161 1665 225 1686 γεν·
239 1656 279 1688 ὡς
291 1656 320 1682 δὲ
337 1656 386 1692 τὴν
403 1657 518 1692 Καπύην
535 1656 640 1689 ἔλαϐον,
668 1658 714 1684 καὶ
732 1658 838 1690 πολλοῖς
853 1661 947 1695 ἐπιτη-

162 1701 242 1732 δείοις
260 1702 290 1727 ὲν
307 1701 435 1737 ῥᾳστώνῃ
458 1703 649 1736 διεχείμασαν,
672 1703 721 1737 τήν
741 1712 771 1729 τε
793 1704 870 1739 ἰσχὺν
894 1705 948 1732 τῶν

163 1748 298 1782 σωμάτων
326 1747 364 1783 μὴ
393 1748 574 1783 πονούμενοι,
607 1749 653 1774 καὶ
692 1749 740 1784 τὴν
774 1751 870 1785 ῥώμην
899 1751 947 1786 τῆς

163 1792 276 1828 γνώμης
295 1793 348 1820 ὑπὸ
369 1795 420 1828 τῆς
443 1793 577 1826 εὐθυμίας
594 1795 804 1830 ἠλαττώθησαν,
829 1798 875 1823 καὶ
899 1798 948 1832 τὴν

164 1839 279 1874 πάτριον
293 1838 462 1874 ἀμείψαντες
492 1839 608 1872 δίαιταν,
636 1842 789 1875 μετέμαθον
816 1841 948 1877 ἡττᾶσθαι

165 1884 326 1919 μαχόμενοι,
348 1885 426 1911 Ἐπεὶ
438 1885 465 1911 δὲ
478 1886 491 1911 6
507 1886 626 1920 πόλεμος
640 1886 689 1921 ἧὸη
704 1887 841 1918 ἐπέκειτο,
858 1889 885 1920 ἐς
899 1890 949 1925 ὅρη

166 1931 294 1966 μετέστη,
307 1931 354 1957 καὶ
369 1930 506 1965 ἐγύμναζε
523 1931 553 1957 τὸ
569 1933 739 1967 στράτευμα.
755 1934 785 1960 Οἱ
801 1934 822 1960 δ’
839 1935 887 1970 οὐχ
899 1933 949 1962 οἷοί

163 1984 192 2001 τι
209 1975 243 2003 δι’
264 1976 356 2010 ὀλίγου
372 1976 510 2012 ῥωσθῆναι
527 1978 668 2010 γεγόνασι.
687 1978 818 2012 Βοηθείας
833 1979 861 2006 δὲ
876 1980 950 2015 αὐτῷ

163 2021 270 2049 οἴκοθεν
288 2022 371 2056 ἄλλης
394 2031 423 2049 τε
441 2023 487 2049 καὶ
503 2023 662 2058 ἐλεφάντων
677 2024 818 2060 ἐλθούσης,
832 2026 949 2061 ἀνεθάρ-

165 2075 231 2102 σησε
248 2075 256 2082 ·
273 2068 322 2094 καὶ
337 2068 383 2094 ἐπὶ
401 2067 450 2102 τὴν
465 2067 573 2099 Νώλκν,
587 2068 624 2099 ὡς
636 2069 758 2103 αἱρήσων
770 2069 864 2104 αὐτὴν,
878 2070 893 2104 ἦ
906 2070 950 2096 τόν

164 2122 195 2147 γε
220 2114 385 2149 Μάρκελλον
412 2114 460 2149 τὴν
491 2114 637 2148 Σαμνιτιδα
663 2115 828 2150 πορθοῦντα,
849 2117 951 2152 ταύτης

164 2159 288 2193 ἀπάξων,
304 2160 446 2196 ὥρμησεν.
477 2160 518 2192 Ὠς
540 2160 561 2187 δ’
580 2161 657 2188 οὐδὲν
675 2162 813 2196 ἐπέραινε,
836 2165 884 2198 τῆς
901 2165 950 2199 μὲν

999 1569 1040 1600 iit,
1070 1573 1098 1595 et
1111 1569 1211 1595 milites
1225 1568 1348 1594 exercuit
1367 1575 1373 1594 :
1390 1565 1437 1593 sed
1462 1573 1525 1593 cum
1546 1565 1645 1599 exiguo
1662 1569 1785 1598 tempore

998 1614 1100 1641 ﬁrmari
1117 1622 1172 1641 tton
1185 1617 1307 1647 possent,
1323 1612 1478 1646 elephantis
1507 1610 1622 1644 aliisque
1653 1608 1788 1636 militibus

998 1660 1079 1687 domo
1094 1660 1225 1690 advectis,
1244 1659 1365 1685 animum
1388 1657 1502 1692 recepit.
1526 1656 1677 1691 Nolatuque
1699 1663 1788 1690 oppu-

998 1706 1099 1740 gnavit,
1126 1711 1153 1733 ut
1183 1705 1225 1732 vel
1254 1704 1349 1732 urbem
1375 1706 1498 1738 caperet.
1527 1701 1570 1729 vel
1602 1700 1787 1728 Marcelluma

1000 1752 1104 1779 Samnii
1124 1752 1276 1779 vastatione
1292 1754 1445 1778 revocaret.
1459 1748 1528 1777 Cum
1546 1747 1615 1775 nihil
1630 1747 1786 1783 proliceret,

1000 1798 1068 1824 urbe
1088 1798 1193 1828 relicta.
1209 1804 1288 1831 agros
1300 1796 1426 1826 vastavit.
1460 1795 1550 1822 donec
1564 1795 1639 1829 justo
1654 1793 1748 1829 prtelio
1761 1793 1788 1819 vi

1000 1850 1158 1877 superatus,
1197 1851 1230 1870 ex
1257 1842 1441 1877 Hispanorum
1466 1845 1494 1868 et
1528 1841 1657 1868 Afrorum
1691 1839 1789 1866 crebra

1000 1889 1032 1916 ad
1054 1889 1191 1915 Romanos
1220 1888 1376 1914 defectione
1391 1887 1474 1922 (quod
1488 1887 1513 1914 ei
1538 1886 1615 1921 prius
1632 1886 1788 1912 nuntiatum

1000 1934 1081 1970 423
1096 1941 1176 1968 quam
1190 1933 1340 1966 acciderat)
1354 1941 1482 1968 magnum
1507 1932 1628 1959 dolerent
1650 1932 1742 1966 cepit:
1761 1936 1790 1958 et

1001 1981 1053 2008 sibi
1079 1980 1129 2015 ipsi
1145 1988 1176 2008 ac
1193 1979 1327 2006 militibus
1343 1979 1457 2010 diffisus,
1483 1977 1557 2005 ottttti
1577 1977 1621 2004 illa
1648 1977 1789 2012 prm'incia

1002 2027 1107 2059 relicta,
1122 2027 1242 2060 Capuam
1268 2025 1360 2056 rediit,
1380 2029 1462 2059 atque
1477 2024 1539 2051 ittde
1562 2024 1644 2050 etiarn
1658 2029 1719 2058 post
1735 2023 1791 2050 dis-

1001 2071 1094 2099 cessit.
1112 2071 1146 2098 At
1163 2069 1348 2104 Scipionibus,
1375 2069 1452 2095 Ibero
1476 2075 1555 2094 amne
1576 2068 1630 2102 jatn
1649 2072 1789 2101 superato,

1002 2124 1082 2152 agros
1096 2116 1269 2144 vastantibus
1284 2120 1311 2142 et
1326 2115 1407 2142 urbes
1437 2113 1621 2149 capientibus,
1642 2113 1725 2141 etiam
1739 2113 1790 2140 Asv

1003 2163 1129 2194 drubale,
1145 2162 1191 2197 qui
1217 2162 1251 2189 ad
1274 2170 1305 2189 ea
1322 2161 1493 2197 prohibenda
1511 2160 1672 2187 festinanter
1695 2166 1791 2186 accur-

165 2206 271 2239 πύλεως
293 2207 398 2242 ἀπέστη
415 2215 422 2222 ·
447 2206 496 2242 τὴν
513 2207 540 2233 δὲ
556 2207 647 2242 χώραν
671 2207 772 2242 ἔκειρε,
799 2209 895 2244 μέχρις
920 2208 947 2236 οὗ

1004 2213 1088 2241 rerat,
1106 2210 1163 2235 acie
1181 2208 1263 2240 ticto,
1293 2207 1535 2241 Carthaginienses
1548 2205 1698 2240 majoribtts
1715 2205 1791 2231 auxi-

168 2254 240 2288 μάχη
256 2253 328 2280 κατὰ
341 2253 371 2279 τὺ
391 2253 501 2288 ἰσχυρὸν
523 2253 640 2288 ἡττήθη,
656 2254 699 2287 ἐφ’
720 2250 741 2288 ᾧ
766 2255 811 2280 καὶ
835 2255 949 2290 ἤλγησε.

166 2299 263 2326 Πολλοὶ
280 2298 331 2334 μὲν
344 2299 399 2334 γὰρ
411 2299 535 2334 Ἴϐηρες,
555 2299 646 2326 πολλοὶ
661 2300 689 2326 δὲ
708 2301 755 2326 καὶ
772 2301 827 2327 τῶν
844 2302 951 2328 Λιϐύων

167 2344 346 2379 ἐγκατέλιπον
366 2346 459 2376 αὐτὸν,
474 2347 521 2372 καὶ
538 2346 605 2381 προς
621 2347 683 2377 τοὺς
703 2347 856 2382 Ῥωμαίους
869 2348 951 2382 ηὐτο-

168 2391 303 2427 μόλησαν,
332 2391 439 2419 ὃοῦπω
458 2393 523 2427 πρὶν
551 2393 647 2420 ἔπαθε.
679 2394 837 2428 Καταγνοὺς
869 2395 893 2421 δ’
919 2396 952 2421 ἐκ

166 2438 263 2465 τούτου
283 2438 332 2464 καὶ
352 2438 449 2465 ἑαυτοῦ
467 2438 578 2466 καὶτῶν
594 2439 780 2473 στρατιωτῶν,
795 2442 886 2467 πᾶσαν
902 2441 952 2476 τὴν

167 2484 220 2519 γῆν
234 2484 346 2520 ἐκείνην
364 2484 484 2517 ἐξέλιπε,
500 2485 547 2511 καὶ
561 2485 601 2516 εἰς
612 2485 660 2520 τὴν
679 2486 796 2521 Καπύην
813 2487 953 2522 ἀνεχώρη-

168 2539 214 2558 σεν
227 2539 235 2547 ·
263 2529 322 2558 εἶτα
338 2530 467 2558 κάκεῖθεν
492 2531 620 2565 μετέστη.
638 2533 668 2558 0!
684 2532 712 2558 δε
735 2533 885 2565 Σκιπίωνες
909 2534 954 2560 τόν

167 2585 196 2603 τε
211 2576 310 2613 Ἴϐηρα
329 2577 452 2612 ποταμὸν
473 2577 612 2611 διέϐησαν,
631 2579 677 2604 καὶ
696 2578 745 2613 τὴν
766 2579 857 2614 χώραν
871 2579 954 2613 ἐπόρ-

167 2623 242 2658 θουν,
264 2623 314 2650 καὶ
331 2624 423 2654 πόλεις
442 2624 624 2658 προσήγοντο.
648 2626 696 2651 καὶ
713 2626 758 2651 τὸν
787 2626 954 2660 Ἀσδρούϐαν

168 2669 212 2697 διὰ
232 2669 321 2697 ταῦτα
349 2670 451 2705 σπουδῇ
485 2669 631 2696 ἐπελθόντα
661 2671 734 2706 μάχῃ
757 2671 895 2705 ἐνίκησαν.
923 2673 954 2699 Οἱ

170 2715 352 2752 Καρχηδόνιοι
374 2716 412 2749 δὲ,
428 2716 514 2742 ταῦτα
548 2716 691 2751 μαθόντες,
722 2719 769 2744 καὶ
794 2719 955 2753 νομίσαντες

170 2761 294 2793 πλείονος
320 2762 367 2788 τὸν
388 2761 589 2797 ’Δσδρούϐανῆ
619 2763 665 2788 τὸν
697 2763 823 2790 Ἀννίϐαν
851 2764 955 2790 ἰεῖσθαι

172 2806 313 2842 βοηθείας,
327 2808 376 2833 καὶ
391 2806 556 2841 φοϐηθέντες
571 2808 607 2841 μὴ
625 2808 672 2834 καὶ
689 2809 715 2840 ἐς
737 2810 787 2843 τὴν
805 2809 910 2843 Λισύην
930 2810 955 2836 οἱ

170 2853 325 2885 Σκιπίωνες
342 2852 468 2887 διαὸῆναι
486 2852 693 2890 ἐπιχειρήσωσι,
718 2855 755 2891 τῷ
776 2855 825 2890 μὲν
847 2855 955 2890 Ἀννίϐᾳ.

1002 2255 1047 2282 liis
1061 2254 1218 2286 Asdrubali.
1232 2262 1314 2289 quam
1326 2253 1463 2284 Annibali.
1481 2259 1550 2288 opus
1563 2259 1623 2279 esse
1635 2251 1699 2282 rati.
1714 2256 1742 2278 et
1758 2259 1791 2277 tte

1004 2301 1147 2335 Scipiones
1172 2301 1198 2328 in
1224 2300 1343 2327 Africam
1363 2299 1522 2332 trajicerent
1542 2297 1621 2325 veriti
1635 2318 1642 2329 .
1664 2296 1792 2324 Annibali

1004 2347 1095 2380 parvis
1121 2345 1321 2380 supplementis
1347 2344 1447 2373 missis.
1475 2343 1620 2370 maximam
1649 2342 1791 2376 copiarum

1004 2398 1108 2428 partem
1125 2400 1187 2419 cuttt
1204 2392 1316 2428 Magone
1332 2400 1412 2426 quam
1429 2390 1574 2417 celerrime
1588 2390 1616 2416 in
1633 2388 1792 2424 Hispaniam

1004 2439 1184 2475 ablegaruttt:
1202 2438 1331 2474 jubenles
1358 2441 1396 2467 ut,
1431 2436 1513 2463 rebus
1538 2435 1595 2463 illic
1620 2434 1790 2463 constitutis.

1006 2486 1064 2520 ipse
1079 2485 1106 2512 itt
1121 2484 1254 2519 przesidiis
1267 2488 1350 2514 esset,
1380 2481 1516 2509 Asdrubal
1532 2486 1623 2507 autem
1640 2486 1702 2506 cttm
1715 2487 1795 2506 exer—

1005 2531 1061 2559 citu
1080 2532 1108 2558 in
1126 2531 1230 2558 italiam
1253 2529 1486 2566 proficisceretur.
1511 2526 1571 2559 Quo
1586 2524 1706 2561 cognito,
1733 2524 1794 2551 Sci-

1005 2578 1103 2612 piones
1118 2585 1206 2611 pugna
1222 2577 1424 2605 abstinuerunt.
1450 2582 1483 2601 ne
1496 2573 1565 2600 forte
1579 2572 1668 2599 victor
1687 2571 1791 2598 Asdru-

1007 2624 1050 2651 bal
1069 2624 1095 2650 itt
1109 2623 1213 2650 Italiam
1229 2625 1398 2658 properaret.
1414 2620 1484 2648 Cum
1502 2623 1594 2646 atttettt
1609 2617 1675 2644 socii
1694 2616 1796 2644 Roma-

1006 2678 1105 2697 norum
1117 2667 1413 2704 aCarthaginiensibus
1425 2669 1598 2695 vexarentur,
1608 2663 1722 2691 Publius
1733 2671 1795 2690 cutn

1007 2717 1134 2743 hostibus
1148 2722 1324 2750 congressus,
1344 2714 1429 2740 vicit:
1449 2712 1540 2739 Cuetts
1556 2718 1571 2738 e
1588 2718 1678 2746 pugna
1690 2710 1796 2737 abeun-

1008 2768 1059 2795 tes,
1076 2767 1206 2797 exceptos
1222 2761 1333 2789 occidit.
1348 2760 1389 2788 0b
1405 2768 1465 2788 eam
1484 2758 1602 2789 cladem,
1627 2762 1654 2784 et
1671 2757 1798 2791 frequen-

1008 2813 1063 2837 tem
1088 2809 1197 2836 ttrbium
1213 2808 1409 2840 defectionem,
1433 2807 1516 2834 etiam
1540 2805 1613 2832 Afris
1637 2804 1740 2838 aliqum
1765 2803 1798 2829 ad

1008 2855 1147 2883 Romanos
1176 2853 1392 2902 transeuntibps,
1423 2850 1559 2880 Asdrubal
1594 2849 1724 2885 opinione
1752 2855 1801 2876 sua

1792 2952 1847 2988 Γ,
