2018 3146
246 142 301 175 ’197

878 143 1043 175 JOANNIS
1060 143 1223 174 ZONARE

1812 141 1867 173 128

247 209 299 235 tes,
307 206 335 230 et
344 201 460 230 classica
466 202 636 231 cecinerunt.
648 201 754 234 Quibus
764 201 848 229 rebus
855 201 1037 237 Syracusanis

1090 202 1188 239 χωρίον
1201 201 1352 237 ὑπερϐῆναι
1375 201 1404 228 τὶ
1421 202 1519 237 τεῖχος.
1543 200 1604 228 Κάκ
1622 201 1719 228 τούτου
1742 199 1824 227 πύλαι
1838 202 1868 226 τέ

245 251 300 285 iam
311 250 376 277 vino
385 249 526 285 gravibus,
535 248 628 275 subito
641 247 792 279 exterritis,
804 248 870 275 urbs
886 253 965 283 capta
978 254 1031 282 est,

249 300 349 331 praeter
374 294 538 322 Acradinam
563 298 592 322 et
620 294 749 321 insulam.
777 294 920 322 Marcellus
941 300 1034 329 partes

247 348 342 376 captas
370 340 482 374 diripit,
506 339 627 374 reliquas
654 345 851 375 oppugnatzet
875 348 1032 376 quanquam

249 394 310 413 cum
326 386 421 412 labore
440 389 468 412 et
486 384 573 417 tarde,
591 389 681 412 tamen
694 385 777 420 capit.
795 385 901 418 Quibus
918 385 1033 412 Romani

249 431 336 467 potiti,
353 435 453 465 praeter
466 430 536 458 alias
550 431 663 463 multos,
677 431 760 458 etiam
776 431 968 458 Archimedem
985 438 1033 458 oc-

248 477 384 505 ciderunt.
408 477 476 504 Nam
491 485 553 504 cum
569 477 684 510 figuram
701 478 848 512 quamdam
865 477 1015 505 delinearet
1026 497 1033 510 ,

246 528 274 550 et
288 522 382 549 hostes
397 522 495 550 adesse
511 522 640 550 audiret:
658 522 761 558 Caput,
790 522 897 558 inquit,
924 528 1034 557 petant,

248 569 346 596 lineam
363 576 415 596 non
427 572 537 603 petant;
549 577 581 596 ac
597 569 711 596 militem
723 569 778 604 jam
791 574 926 597 astantem
938 576 1034 605 parum

247 615 372 648 curavit,
387 615 421 642 ab
434 623 533 650 eoque,
548 615 621 650 quod
634 623 649 642 a
670 615 743 642 linea
756 614 897 643 discedere
907 615 1035 650 iussisset

248 661 330 692 irato,
339 668 427 689 caesus
441 665 492 688 est.
504 661 656 692 Marcellus,
664 660 807 696 Syracusis
820 661 994 696 expugnatis,
1008 664 1037 687 et

249 715 345 742 magna
368 706 451 742 426
473 706 573 734 Siciliae
601 711 677 741 parte
706 711 885 741 recuperata,
912 714 1036 741 magnam

249 753 357 781 laudem
371 756 514 780 assecutus
525 757 577 784 est,
586 755 614 779 et
629 759 686 779 cos.
698 751 867 786 designatus.
880 751 948 778 Nam
966 751 1036 778 Tor-

250 801 364 831 quntum
393 796 432 824 illi
455 796 579 831 quidem,
595 796 642 824 filii
656 797 698 824 sui
715 796 933 827 interfectorem,
948 796 1038 831 elege-

251 848 332 870 rant:
345 843 392 870 sed
404 851 467 870 cum
480 843 526 871 ille
538 843 800 878 recusasset(neque
812 843 885 870 cnim
901 850 930 870 se
943 843 1036 878 populi

1085 257 1157 280 τινες
1180 248 1226 275 ὑπ’
1247 248 1337 275 αὐτῶν
1353 247 1541 283 ἀνεῴχθησαν,
1556 246 1604 273 καὶ
1625 245 1800 273 εἰσελθόντων
1821 247 1870 273 καὶ

1085 294 1203 330 ἑτέρων,
1231 293 1289 328 ἅμα
1323 293 1424 325 πάντες
1445 293 1499 320 ἀπὸ
1527 291 1653 327 σημείου,
1683 292 1730 318 καὶ
1762 291 1787 317 οἱ
1817 291 1871 318 ἔσω

1085 342 1133 367 καὶ
1149 340 1173 366 οἱ
1189 340 1253 372 ἔξω,
1269 339 1436 374 συνεϐόησαν
1451 339 1497 366 καὶ
1512 339 1568 370 τοῖς
1583 337 1678 373 δόρασι
1690 337 1740 368 τὰς
1753 336 1870 368 ἀσπίδας

1086 385 1281 420 συνέκρουσαν,
1312 384 1359 411 καὶ
1389 385 1414 410 οί
1437 383 1603 418 σαλπιγκταὶ
1642 383 1870 417 προσεπήχησαν,

1085 433 1157 458 ὥστε
1174 431 1277 467 ἀθρόαν
1294 431 1345 467 τὴν
1368 430 1502 465 ἔκπληξιν
1524 430 1580 461 τοῖς
1597 428 1793 464 Συρακουσίοις
1810 427 1873 462 μηδ’

1086 478 1173 509 ἄλλως
1188 477 1218 504 εὖ
1237 478 1344 513 ἔχουσιν
1363 477 1415 503 ὑπὸ
1431 476 1518 512 μέθης
1535 475 1684 510 συμϐῆναι,
1697 473 1745 501 καὶ
1760 473 1810 508 τὴν
1826 473 1875 499 πό-

1086 525 1126 551 λιν
1139 525 1251 556 ἁλῶναι,
1272 524 1341 559 πλὴν
1355 526 1405 559 τῆς
1417 523 1578 558 ’Δχραδινῆς
1592 522 1637 549 καὶ
1654 523 1702 554 τῆς
1715 521 1807 556 Νήσου
1824 529 1876 546 κα-

1085 571 1230 606 λουμένης.
1245 570 1276 597 '0
1294 570 1340 597 οὗν
1361 569 1519 605 Μάρκελλος
1540 568 1574 595 τά
1590 577 1620 594 τε
1640 567 1781 594 ἑαλωκότα
1796 567 1876 601 διήρ-

1087 625 1158 644 πασε
1178 617 1225 644 καὶ
1237 617 1294 649 τοῖς
1317 616 1354 651 μὴ
1373 615 1467 643 ἁλοῦσι
1483 614 1646 651 προσέϐαλε,
1663 613 1711 640 καὶ
1727 613 1777 640 σὺν
1801 613 1879 647 πόνῳ

1089 665 1138 698 μὲν
1150 664 1195 690 καὶ
1208 663 1308 698 Χράιφο
1325 664 1400 697 ὅμως
1414 662 1436 688 δ’
1452 661 1498 688 οὖν
1510 663 1559 689 καὶ
1573 660 1629 688 τῶν
1645 660 1747 687 λοιπῶν
1761 659 1813 694 τῆς
1827 659 1880 685 Συ-

1089 707 1226 744 ρακούσης
1247 708 1409 743 ἐκράτησεν.
1430 707 1590 742 Ἐγκρατεῖς
1604 707 1632 733 δὲ
1647 706 1749 733 τούτων
1766 706 1791 732 οἱ
1809 705 1868 730 Ῥω

1090 755 1164 788 μαῖοι
1180 753 1324 788 γενόμενοι
1339 753 1437 784 ἄλλους
1451 761 1482 780 τε
1500 752 1626 783 πολλοὺς,
1647 751 1696 778 καὶ
1715 751 1760 777 τδν
1784 751 1812 776 Ἀ
1819 758 1882 785 ρχι-

1090 800 1178 834 μήδην
1195 799 1374 826 ἀπέκτειναν.
1395 798 1563 834 Διάγραμμα
1578 798 1633 832 γάρ
1654 806 1680 824 τι
1704 796 1885 831 διαγράφων,

1089 846 1136 872 καὶ
1150 845 1271 876 ἀκούσας
1286 844 1349 874 τοὺς
1372 844 1519 879 πολεμίους
1541 843 1715 878 ἐφίστασθαι,
1734 843 1817 876 Παρὰ
1830 850 1879 868 κε-

252 895 354 921 mores,
364 896 454 924 neque
463 889 593 924 populum
602 889 689 924 ipsius
698 889 844 924 imperium
859 889 914 924 pali
935 889 1037 924 posse),

1091 889 1203 925 φαλὰν,
1223 890 1286 924 ἔφη,
1308 890 1357 916 καὶ
1374 889 1417 924 μὴ
1441 890 1520 924 παρὰ
1532 890 1680 924 γραμμὰν.
1703 888 1884 918 Ἐπιστάντος

251 933 408 962 Marcellum
421 939 450 963 et
463 935 598 962 Valerium
612 935 755 962 Lavinium
772 942 843 962 coss.
858 939 999 962 crearunt.

1091 935 1120 962 δὲ
1136 935 1211 971 αὐτῷ
1227 935 1370 970 πολεμίου,
1390 935 1477 972 βραχύ
1489 944 1519 962 τε
1538 935 1693 970 ἐφρόντισε,
1710 936 1758 962 καὶ
1779 933 1882 964 εἰπὼν,

256 981 416 1015 Ἀπόστηθι,
434 981 574 1017 ἄνθρωπε,
590 981 644 1008 ἀπὸ
661 982 711 1016 τῆς
728 982 873 1017 γραμμῆς,
889 981 1034 1016 παρώξυνέ
1051 989 1082 1007 τε
1096 981 1190 1014 αὐτὸν,
1204 981 1253 1008 καὶ
1286 981 1440 1015 κατεκόπη.
1464 981 1495 1008 '0
1511 980 1560 1016 μὲν
1572 978 1619 1007 οὖν
1631 977 1634 979 ’
1648 979 1809 1014 Μάρκελλος
1827 979 1881 1010 τὰς

251 1028 517 1065 Συρακούσαςέλὼν,
534 1029 581 1055 καὶ
598 1029 647 1063 τῆς
661 1028 744 1064 ἄλλης
763 1029 888 1060 Σικελίας
900 1028 935 1055 τὰ
963 1028 1050 1055 πλείω
1069 1029 1324 1064 προσαγαγόμενος,
1347 1029 1395 1055 καὶ
1415 1030 1544 1064 ἐπῃνεῖτο
1565 1028 1702 1063 μεγάλως,
1727 1027 1775 1054 καὶ
1807 1026 1883 1053 ὕπαρ

252 1084 296 1106 τος
327 1075 513 1103 ἀποδέδεικτο.
554 1075 741 1110 Προεϐάλοντο
768 1076 817 1111 μὲν
846 1075 902 1111 γὰρ
925 1075 971 1102 τὸν
992 1076 1191 1110 Ἰόυρκουάτον,
1231 1076 1260 1108 ὃς
1287 1084 1353 1102 ποτε
1377 1076 1424 1102 τὶν
1468 1077 1526 1103 υἱὸν
1553 1075 1733 1102 ἀπέκτεινεν·
1763 1074 1828 1101 ἐπεὶ
1852 1074 1884 1101 δὲ

251 1123 355 1156 ικεῖνος
371 1122 538 1157 ἀπηνήνατο,
555 1123 639 1148 εἰπὼν
656 1122 694 1154 ὡς
718 1121 782 1149 οὕτ⁸
801 1123 849 1149 εὰν
864 1121 920 1156 εγὼ
939 1122 973 1149 τὰ
1006 1122 1126 1157 ὑμέτερα
1157 1122 1358 1157 ἁμαρτήματα,
1380 1121 1437 1149 οὔτ’
1458 1122 1492 1149 ἂν
1526 1122 1605 1157 ὑμεῖς
1624 1121 1675 1156 τὴν
1704 1121 1775 1156 ἐμὴν
1800 1122 1888 1157 ἀκρί-

251 1169 328 1195 ϐειαν
350 1169 501 1203 ἐνέγκοι-ιε.
518 1169 563 1195 τὸν
578 1168 739 1204 Μάρκελλον
759 1169 806 1195 καὶ
831 1169 973 1195 Λαουΐνιον
991 1168 1037 1195 τὸν
1057 1167 1206 1204 Οὐαλέριον
1222 1168 1442 1204 ἐχειροτόνησαν.

286 1217 333 1244 Vl.
364 1215 492 1243 Marcello
505 1223 538 1243 ex
555 1214 648 1243 Sicilia
670 1215 817 1250 digresso.
837 1215 931 1250 copias
954 1222 1040 1249 eque-

251 1267 323 1290 strcs
337 1262 363 1289 in
380 1269 441 1289 eam
453 1262 529 1288 misit
543 1261 672 1292 Annibal,
683 1262 784 1289 misere
795 1260 1039 1296 etCarthaginien-

251 1312 357 1335 ses:et
383 1306 485 1342 prmliis
507 1307 613 1341 aliquot
628 1306 763 1338 victores,
776 1306 909 1340 civitates
930 1312 1041 1340 quoque

251 1354 436 1389 subegerunt,
452 1361 484 1381 ac
503 1353 531 1380 ni
547 1353 694 1381 Cornelius
717 1353 856 1380 Dolabella
876 1356 978 1387 praetor
994 1359 1042 1378 su-

251 1399 430 1434 pervenisset,
444 1403 527 1426 totam
542 1398 662 1426 Siciliam
674 1397 857 1433 subegissem.
868 1396 937 1424 Tum
948 1396 1041 1431 Capua

251 1454 361 1481 quoque
388 1453 403 1472 ιι
431 1445 564 1473 Romanis
593 1450 671 1480 capta
700 1449 932 1479 estzquanquam
954 1443 1041 1471 Anni-

251 1493 311 1519 bale
329 1501 377 1526 per
392 1492 501 1519 Latium
517 1492 631 1519 Romam
648 1495 743 1522 eunte,
760 1494 790 1517 ut
803 1498 852 1517 eos
868 1491 902 1517 ab
919 1490 978 1524 ejus
994 1497 1039 1516 ur-

1129 1216 1175 1249 q'.
1201 1214 1379 1246 ’Δπελθόντος
1400 1215 1429 1241 δὲ
1446 1215 1494 1241 τοῦ
1514 1214 1675 1250 Μαρκέλλου
1695 1214 1728 1240 ὲκ
1746 1214 1889 1246 Σικελίας,

1092 1260 1210 1296 δύναμιν
1226 1261 1333 1287 ἱππέων
1349 1261 1377 1292 ἐς
1391 1260 1476 1295 αὐτὴν
1491 1262 1506 1287 ὁ
1524 1260 1650 1292 ’Δννίϐας
1667 1260 1823 1293 ἀπέστειλε,
1836 1266 1890 1287 και

1095 1307 1194 1343 ἑτέραν
1208 1308 1233 1334 οἱ
1255 1306 1437 1342 Καρχηδόνιοι
1461 1306 1600 1341 ἔπεμψαν,
1622 1305 1671 1333 καὶ
1695 1306 1796 1341 μάχαις
1811 1306 1891 1332 τισὶν

1095 1353 1226 1388 ἐνίκησαν
1239 1354 1286 1380 καὶ
1302 1353 1393 1385 πόλεις
1415 1353 1653 1388 προσεποιήσαντο
1665 1360 1674 1368 ο
1698 1352 1745 1378 καὶ
1760 1352 1787 1379 εί
1797 1360 1831 1386 γε
1847 1352 1889 1387 μὴ

1095 1400 1244 1436 Κορνήλιος
1263 1399 1426 1431 Δολοϐέλλας
1442 1398 1596 1434 στρατηγὸς
1609 1397 1772 1432 ἐπελήλυθε,
1791 1399 1891 1425 πᾶσαν

1093 1445 1144 1481 τὴν
1156 1445 1284 1472 Σικελίαν
1298 1445 1483 1480 ἐχειρώσαντο
1498 1445 1541 1472 ἄν.
1559 1445 1612 1470 Καὶ
1625 1445 1641 1479 ή
1664 1444 1765 1478 Καπύη
1779 1444 1808 1470 δὲ
1824 1444 1889 1470 τότε

1093 1491 1166 1518 ἑάλω
1182 1491 1257 1527 παρὰ
1281 1491 1436 1526 Ῥωμαίων,
1460 1490 1549 1517 καίτοι
1568 1490 1616 1516 τοῦ
1645 1489 1767 1516 Ἀννίϐου
1784 1488 1814 1521 ις
1834 1488 1889 1524 τὴν

252 1539 294 1566 bis
308 1538 452 1566 obsidione
467 1538 623 1572 repelleret.
645 1541 674 1564 et
689 1543 776 1571 usque
791 1535 824 1563 ad
840 1535 962 1562 Tiberim
977 1542 1037 1569 pro-

1098 1536 1210 1572 Ῥώμην
1233 1537 1407 1572 ὁρμήσαντος
1426 1536 1459 1563 ἕν’
1475 1536 1528 1563 ἀπὸ
1544 1536 1594 1568 τῆς
1612 1535 1730 1569 Καπύης
1748 1535 1814 1566 τοὺς
1834 1542 1889 1560 πο-

249 1591 363 1620 gresso,
380 1588 409 1611 et
423 1583 614 1610 suburbanum
641 1589 736 1617 agrum
761 1586 896 1608 vastante.
923 1579 1039 1607 Romani

252 1635 356 1660 autem,
376 1629 504 1664 quamvis
527 1628 634 1659 territi,
651 1633 743 1654 tamen
764 1627 881 1654 alterum
899 1626 1040 1653 consulem

253 1683 364 1702 manere
372 1675 480 1709 Capuae.
488 1674 604 1701 alterum
615 1673 715 1701 Urbem
728 1673 877 1701 defendere
887 1673 1038 1708 jusserunt.

251 1720 291 1748 Ac
298 1719 429 1748 Claudius
437 1719 537 1755 Capuae
548 1719 649 1746 mansit
660 1719 771 1754 (vulnus
782 1718 856 1745 enim
868 1717 1036 1752 acceperat),

254 1766 366 1794 Flaccus
380 1766 493 1794 Romam
513 1765 682 1802 properavit.
696 1765 832 1793 Caeterum
843 1764 979 1792 Annibale
993 1772 1041 1791 ex-

253 1811 396 1838 cursiones
418 1811 536 1839 subinde
557 1812 585 1839 in
612 1811 702 1838 oculis
726 1811 827 1838 civium
853 1810 988 1841 faciente,
1012 1814 1040 1837 et

253 1856 339 1883 multa
359 1856 480 1884 crudelia
498 1856 620 1884 facinora
632 1857 744 1889 edente,
757 1856 811 1883 alio
832 1860 958 1891 tempore
972 1855 1040 1883 satis

253 1902 409 1930 habuerunt
430 1902 516 1937 ipsam
540 1903 637 1930 urbem
663 1903 745 1930 tueri.
772 1902 825 1930 Sed
851 1910 914 1930 cum
942 1902 1038 1930 eodem

254 1954 378 1984 tempore
389 1953 417 1977 et
429 1949 456 1977 in
468 1949 569 1977 muenia
583 1956 609 1976 et
625 1949 652 1976 in
667 1953 756 1976 castra
770 1949 902 1984 impetum
916 1948 1039 1976 facturus

251 2000 335 2027 esset,
348 1995 408 2023 alea
420 1996 501 2029 iacta,
515 2001 543 2022 ut
557 1996 646 2028 aiunt,
660 2000 854 2023 excurrerunt.
864 1994 932 2022 Cum
946 1999 1037 2022 autem

247 2042 303 2078 jam
319 2042 428 2069 eminus
444 2041 629 2074 dimicarent,
646 2042 780 2069 serenitas
801 2041 828 2069 in
844 2046 1038 2077 tempestatem

251 2087 389 2123 ingentem
405 2096 466 2116 cum
479 2088 590 2116 turbine
605 2089 733 2120 maximo,
748 2088 906 2122 tonitribus,
927 2088 1039 2124 grandi-

251 2139 286 2158 ne
302 2135 330 2158 et
347 2130 500 2166 fulguribus
518 2135 561 2158 est
576 2138 707 2158 conversa
721 2139 728 2157 :
746 2134 776 2157 ut
793 2131 873 2157 ambo
888 2131 1038 2163 exercitus,

252 2177 327 2204 velut
338 2185 371 2204 ex
393 2177 560 2212 composito,
573 2177 673 2212 cupide
687 2185 721 2204 eo
732 2176 890 2211 refugerent
907 2177 978 2205 unde
992 2185 1040 2204 ve-

1091 1583 1268 1618 λιορκοῦντας
1290 1583 1377 1616 αὐτὴν
1404 1582 1508 1617 ἀπάξῃ.
1537 1582 1585 1608 καὶ
1610 1581 1654 1608 διὰ
1680 1581 1734 1607 τῶν
1756 1581 1888 1607 Λατίνων

1091 1629 1239 1660 ἐλάσαντος
1257 1629 1305 1655 καὶ
1327 1628 1396 1663 πρὸς
1414 1629 1461 1655 τον
1477 1627 1591 1663 Τίϐεριν
1608 1627 1730 1654 ἐλθόντος
1746 1628 1795 1654 καὶ
1813 1635 1888 1662 πορ-

1092 1674 1202 1706 θοῦντος
1221 1674 1256 1700 τὰ
1277 1673 1331 1709 πρὸ
1348 1673 1396 1700 τοῦ
1411 1674 1520 1705 ἄστεος.
1545 1674 1577 1699 οι
1603 1672 1658 1707 γὰρ
1683 1673 1712 1698 ὲν
1730 1673 1763 1708 τῇ
1787 1671 1888 1707 Ῥώμῃ

1091 1719 1266 1754 ἐφοϐήθησαν
1290 1719 1351 1754 μὲν,
1378 1718 1547 1753 ἐψηφίσαντο
1577 1717 1606 1744 δὲ
1636 1717 1681 1744 τὸν
1706 1717 1801 1752 ἕτερον
1829 1717 1889 1743 τῶν

1091 1765 1203 1793 ὑπάτων
1220 1766 1248 1792 ὲν
1262 1765 1363 1800 Καπύῃ
1380 1766 1483 1799 μεῖναι.
1500 1764 1547 1791 τὸν
1563 1764 1584 1790 δ’
1598 1764 1692 1799 ἕτερον
1704 1763 1797 1795 αότοῖς
1811 1764 1886 1791 επα-

1093 1811 1186 1847 μῦναι.
1202 1811 1258 1840 Καὶ
1273 1811 1407 1842 Κλαύδιος
1424 1810 1473 1845 μὲν
1493 1810 1522 1837 ὲν
1547 1811 1579 1846 τῇ
1599 1810 1701 1844 Καπύῃ
1716 1810 1886 1844 κατέμεινεν

1091 1858 1236 1893 (ἐτέτρωτο
1247 1857 1323 1894 γὰρ),
1340 1857 1462 1888 Φλάκκος
1474 1857 1502 1883 δὲ
1515 1857 1582 1892 πρὸς
1596 1857 1645 1890 τὴν
1673 1856 1782 1891 Ῥώμην
1802 1856 1886 1891 ἠπείυ

1090 1903 1153 1939 χθη.
1183 1903 1237 1930 Τοῦ
1255 1903 1277 1930 δ’
1304 1903 1426 1930 Ἀννίϐου
1450 1903 1500 1935 τάς
1517 1911 1546 1930 τε
1574 1903 1749 1937 καταδρομὰς
1771 1903 1800 1929 ὲν
1825 1904 1887 1935 τοῖς

1089 1949 1241 1984 ὀφθαλμοῖς
1262 1949 1352 1977 αὐτῶν
1372 1949 1417 1977 ἀεὶ
1433 1950 1599 1984 ποιουμένου
1623 1949 1671 1976 καὶ
1696 1949 1781 1976 πολλὰ
1804 1949 1885 1975 δεινὰ

1089 1996 1216 2031 δρῶντος,
1229 1995 1275 2022 τὸν
1287 1996 1336 2030 μὲν
1348 1995 1427 2021 ἀλλον
1441 1995 1536 2030 χρόνον
1549 1995 1662 2030 ἠγάπων
1676 1995 1701 2021 εἰ
1712 1995 1745 2021 τά
1758 2003 1790 2026 γε
1805 1995 1885 2026 ἐντὸς

1090 2042 1144 2068 τῶν
1160 2041 1259 2076 τειχῶν
1278 2041 1488 2076 περιοὼσαιντο.
1523 2041 1601 2067 Ἐπεὶ
1623 2041 1652 2067 δὲ
1675 2041 1722 2067 καὶ
1744 2041 1778 2075 τῇ
1802 2041 1884 2067 πόλει

1090 2089 1138 2115 καὶ
1167 2089 1224 2120 τοῖς
1252 2088 1447 2124 στρατοπέδοις
1471 2088 1530 2123 ἅμα
1559 2087 1726 2123 προσϐαλεῖν
1753 2088 1882 2122 ἔμελλεν,

1091 2135 1287 2171 ἀνερῤίψαντο,
1300 2135 1330 2161 τὸ
1344 2135 1392 2161 τοῦ
1407 2134 1499 2168 λόγου,
1514 2133 1609 2164 κύϐον,
1626 2136 1670 2161 καὶ
1682 2133 1882 2169 ἐπεξέδραμον.

1091 2182 1146 2208 Καὶ
1161 2181 1415 2216 ἀκροϐολιζομένων
1431 2180 1480 2216 ἤδη
1496 2180 1600 2215 χειμὼν
1623 2180 1653 2213 ἐξ
1671 2180 1780 2214 αἰθρίας
1803 2180 1881 2213 ἐξαί-

252 2227 360 2252 nerant.
382 2222 432 2250 Vix
447 2230 524 2250 arma
539 2227 699 2258 posuerant,
712 2230 774 2250 cum
792 2223 927 2251 serenitas
947 2222 1037 2251 rediit.

1093 2236 1149 2260 σιος
1168 2227 1314 2261 ἐπεγένετο
1332 2227 1401 2261 μετά
1416 2227 1572 2262 πνεύματος
1588 2227 1740 2262 ἀμηχάνου,
1758 2226 1881 2261 βροντῶν

252 2268 370 2295 Annibal
381 2268 506 2303 quamvis
516 2268 572 2301 illa,
583 2269 670 2304 ipsius
683 2268 827 2296 conﬂictus
839 2274 972 2304 tempore,
983 2276 1039 2296 non

252 2315 312 2343 sine
328 2315 442 2342 numine
454 2314 588 2343 accidisse
605 2315 730 2348 rebatur,
744 2319 836 2343 tamen
849 2316 883 2343 ab
895 2315 1040 2343 obsidione

251 2370 306 2390 non
323 2362 445 2390 destitit:
459 2362 506 2389 sed
522 2369 585 2389 cum
599 2361 690 2390 denuo
701 2362 848 2398 conﬂigere
863 2362 1038 2394 instituisset,

250 2409 402 2444 eademque
423 2409 598 2441 acciderent,
615 2409 778 2444 pertimuit:
794 2409 876 2437 etiam
892 2417 925 2437 eo
944 2409 1039 2437 obstu-

251 2455 392 2490 pefactus,
415 2455 489 2490 quod
505 2455 623 2484 Romani
645 2455 672 2482 in
697 2459 773 2482 tanto
792 2455 952 2483 discrimine
971 2463 1038 2482 con-

251 2501 352 2534 stituti,
373 2509 462 2536 neque
479 2501 600 2536 Capuam
615 2502 821 2536 relinquerent.
841 2506 870 2529 et
893 2507 1038 2537 praetorem

251 2554 316 2575 cum
328 2548 464 2575 militibus
476 2549 502 2575 in
516 2548 674 2583 Hispaniam
687 2547 798 2575 missuri
809 2552 919 2576 essent:
931 2552 958 2576 et
967 2549 1039 2582 quod

251 2593 367 2627 pecunia
384 2599 514 2629 egentes.
539 2599 637 2628 praeter
662 2594 732 2626 alia,
758 2594 825 2622 illud
849 2594 933 2622 etiam
950 2595 1038 2622 solum

252 2640 357 2674 publici
368 2642 436 2676 agri,
453 2642 480 2668 in
497 2649 552 2676 quo
568 2645 659 2668 castra
676 2641 812 2673 habebat,
834 2641 1038 2675 vendidissent;

252 2685 451 2721 desperataque
462 2688 664 2723 expugnatione
677 2687 801 2720 recessit,
817 2687 935 2715 subinde
948 2688 1039 2715 excla-

255 2739 342 2764 mans,
352 2732 374 2760 ο
381 2732 501 2761 Canum!
511 2735 611 2763 Canna:
621 2736 671 2763 !ac
683 2743 716 2763 ne
726 2735 826 2771 Capuae
835 2735 946 2770 quidem
959 2743 1038 2771 opem

252 2778 371 2814 amplius
384 2778 456 2807 ferre
477 2781 574 2809 voluit.
588 2781 710 2817 Capuani
727 2789 811 2814 vero,
827 2789 983 2817 quanquam
1005 2782 1039 2809 ad

254 2832 377 2853 summas
397 2826 539 2861 angustias
554 2827 636 2864 427
654 2828 872 2856 redacti.tamen
892 2829 1038 2863 desperata

253 2871 331 2899 venia
343 2872 519 2906 restiterunt,
527 2873 632 2901 auxilio
646 2873 791 2902 Annibalis
806 2882 855 2909 per
869 2875 975 2902 litteras
989 2875 1040 2902 im-

1090 2282 1119 2300 τε
1136 2273 1182 2300 καὶ
1197 2272 1319 2308 χαλάζης
1334 2272 1381 2299 καὶ
1393 2272 1554 2308 ἀστραπῶν,
1566 2272 1604 2303 ὼς
1623 2272 1706 2306 ἄμφω
1726 2271 1881 2306 ἀγαπητῶς

1090 2319 1128 2350 ὡς
1143 2320 1175 2345 ὲκ
1191 2319 1363 2353 συνθήματος
1379 2319 1527 2354 ἀναφυγεῖν
1539 2318 1600 2345 ὅθεν
1611 2317 1756 2353 ὥρμησαν,
1770 2318 1835 2353 ἄρτι
1850 2326 1881 2345 τε

1090 2365 1124 2392 τὰ
1140 2365 1210 2392 ὅπλα
1231 2365 1417 2396 κατετίθεντο,
1439 2365 1486 2390 καὶ
1503 2363 1598 2399 αίθρία
1621 2365 1740 2397 ἐγένετο.
1764 2364 1794 2390 '0
1812 2363 1881 2398 γοῦν

1096 2411 1233 2443 ’Δννίϐας,
1259 2411 1348 2438 καίτοι
1367 2411 1416 2436 οὐκ
1436 2410 1512 2437 ἀθεεὶ
1533 2410 1713 2445 λογισάμενος
1733 2410 1812 2444 παρὰ
1833 2410 1879 2436 τὸν

1090 2459 1139 2493 τῆς
1153 2457 1263 2484 συνόδου
1279 2456 1374 2492 καιρὸν
1392 2455 1629 2491 συνενεχθῆναιτά
1640 2456 1785 2490 γεγονότα,
1801 2455 1878 2491 ὅμως

1090 2504 1140 2530 οὐκ
1158 2503 1264 2538 ἀπέστη
1285 2503 1334 2537 τῆς
1356 2502 1527 2538 πολιορκίας,
1544 2501 1612 2528 ἀλλά
1636 2502 1684 2528 καὶ
1705 2501 1782 2533 αὖθις
1809 2503 1879 2536 μετά

1090 2549 1170 2576 τοῦτο
1190 2549 1338 2584 συμϐαλεῖν
1359 2549 1549 2584 ἐπεχείρησεν.
1579 2548 1624 2579 Ὧς
1647 2547 1676 2574 δὲ
1697 2547 1744 2573 καὶ
1764 2547 1829 2573 τότε
1844 2546 1878 2572 τὰ

1090 2594 1160 2622 αὐτὰ
1177 2594 1287 2628 συνέϐη.
1303 2595 1443 2621 κατέδεισε
1458 2602 1465 2609 ·
1486 2594 1534 2621 καὶ
1550 2592 1770 2629 προσεκπλαγεὶς
1784 2593 1828 2619 ὅτι
1849 2593 1877 2619 ἐν

1090 2642 1241 2677 τηλικούτῳ
1254 2642 1369 2676 κινδύνῳ
1382 2641 1468 2673 ὄντες,
1484 2640 1546 2668 οὔτε
1561 2642 1609 2675 τῆς
1626 2640 1741 2675 Καπύης
1754 2640 1876 2673 ἀπέστη-

1092 2698 1152 2720 σαν,
1168 2689 1216 2715 καὶ
1231 2690 1259 2720 ἐς
1274 2689 1324 2723 τὴν
1347 2688 1402 2723 ἰϐη
1408 2688 1469 2723 ρίαν
1483 2689 1531 2715 καὶ
1543 2687 1715 2722 στρατιώτας
1726 2680 1773 2713 καὶ
1791 2693 1875 2720 στρα-

1091 2735 1174 2770 τηγὺν
1188 2734 1307 2768 πέμψειν
1320 2734 1444 2768 ἔμελλον,
1458 2734 1504 2760 καὶ
1517 2734 1558 2760 ὅτι
1571 2733 1721 2769 χρημάτων
1730 2733 1873 2767 δεηθέντες

1091 2780 1237 2815 ὲπὼλησαν
1257 2779 1324 2807 ἀλλα
1341 2788 1370 2805 τε
1388 2779 1435 2806 καὶ
1459 2779 1488 2805 τὸ
1508 2779 1607 2814 χωρίον
1628 2779 1656 2805 ἐν
1670 2775 1692 2812 ᾧ
1707 2779 1873 2814 ἐστρατοπε-

1090 2825 1193 2857 δεύετο.
1203 2825 1332 2860 δημόσιον
1342 2825 1384 2857 ὃν,
1398 2825 1446 2851 καὶ
1461 2825 1598 2859 ἀπογνοὺς
1610 2825 1759 2860 ἀπανέστη,
1773 2825 1871 2851 πολλά-

1092 2882 1135 2906 κις
1150 2873 1314 2909 ἀναϐοήσας,
1325 2870 1488 2906 'DKdrrat,
1498 2873 1619 2906 Κάννίιι,
1631 2872 1676 2899 καὶ
1693 2872 1753 2899 οὐδὲ
1768 2873 1798 2907 τῇ
1815 2872 1870 2900 Κα-
