2018 3146
243 170 258 200 7
265 169 298 199 t3

878 160 1041 193 JOANNIS
1065 161 1229 193 ZONARAE

1810 160 1870 192 ’ΖΗ

243 224 415 259 κατέμεινεν.
433 223 465 249 Δί
488 221 565 256 νῆσοι
589 220 611 246 δ’
629 217 708 246 αὗται
725 218 757 253 τῇ
775 217 839 253 περὶ
865 218 912 245 τὸν
946 218 1044 254 Ἴϐηρα
1063 218 1171 254 ἠπείρῳ
1188 218 1351 245 ἐπίκεινται.
1372 217 1432 244 Εἰσὶ
1464 217 1492 244 δὲ
1511 219 1594 253 τρεῖς,
1614 218 1648 249 ἃς
1661 217 1794 253 ’Έλληνες
1819 219 1874 253 μὲν

242 274 288 297 καὶ
304 271 433 305 Ῥωμαῖοι
446 270 521 302 κοινῇ
536 268 691 302 Γυμνησίας
708 265 849 297 καλοῦσιν,
878 265 1030 302 Οὐαλερίας
1047 266 1077 293 δὲ
1106 267 1153 293 καὶ
1183 265 1353 297 Ὑασσούσας
1387 266 1411 292 ot
1431 266 1550 301 'lﬁrjpsc,
1565 266 1618 300 ἰδίᾳ
1641 265 1663 292 δ’
1677 265 1809 300 ἑκάστην,
1822 266 1877 301 τὴν

245 315 294 349 μὲν
313 314 435 345 Ἐὄεσον,
464 311 513 347 τὴν
526 311 555 338 δὲ
581 311 686 344 Μείζω,
707 311 880 346 Μικροτέραν
907 310 936 337 δὲ
963 312 1013 346 τὴν
1035 311 1131 346 τρίτην
1157 311 1392 346 φιρωνυμώτατα.
1417 311 1458 338 Τὰ
1480 311 1596 346 Γάδειρα
1621 310 1650 337 δὲ
1678 312 1703 338 οἱ
1740 311 1876 348 Ῥωμαῖος

243 363 383 395 κατέσχον.

277 407 322 435 XI.
343 405 484 433 Masinissa
507 404 652 440 porro,vir
680 404 752 432 inter
776 403 1028 439 praestantissimos.

1116 403 1168 430 IA’.
1195 403 1225 429 '0
1240 403 1269 430 δὲ
1287 403 1458 436 Μασινίσσας
1473 403 1542 439 ἀνὴρ
1553 401 1586 439 ἦν
1601 404 1631 430 ὲν
1646 404 1703 435 τοίς
1714 406 1877 439 κρατίστοις

241 454 270 481 in
284 461 313 481 re
329 452 439 480 militari
463 456 489 479 et
501 451 584 487 436
609 459 693 478 tnanu
707 456 735 479 et
749 451 865 478 consilio
878 450 1030 485 promptis-

243 499 340 530 simus,
357 498 402 524 tali
417 497 451 524 de
468 505 550 524 causa
563 505 577 523 a
593 496 867 532 Carthaginiensibus
882 496 916 523 ad
932 496 1032 523 Roma-

243 552 294 572 nOs
319 543 431 571 defecit.
458 543 605 576 Asdrubal,
630 542 758 578 Gisgonis
774 542 855 575 (ilius,
880 542 985 569 amicus
1004 541 1031 569 ei

242 597 311 624 eral,
327 595 358 618 et
371 590 574 625 Sophonisbam
591 589 673 616 tiliam
688 587 883 623 desponderat.
901 587 954 615 Sed
967 595 1031 614 cum

245 637 397 673 Syphacem
406 637 537 663 Romanis
548 635 658 663 studere
670 635 810 667 sensisset,
818 634 942 662 abdicata
952 633 1033 661 Masi-

243 683 323 709 nissa:
337 681 479 713 afﬁnitate,
497 685 527 706 ut
539 680 688 715 Syphacem
701 677 974 713 Carthaginiensibus
986 683 1032 703 re-

244 729 414 761 conciliaret,
424 735 478 754 non
495 727 614 753 minima:
629 726 757 760 potentiae
773 724 938 759 principem,
957 722 1034 757 adju-

244 778 336 800 ntento
348 773 408 804 fuit,
427 776 457 798 ut
470 770 618 798 Masinissae
629 770 795 804 principatu,
811 769 890 805 cujus
902 772 979 803 pater
991 775 1035 794 re-

243 825 308 845 cens
318 818 434 849 obierat,
444 817 578 851 potiretur
588 825 595 843 :
605 821 632 843 et
640 815 840 850 Sopltonisbam
852 815 879 842 in
892 814 1034 841 matrimo-

244 865 321 891 nium
333 863 419 896 dedit,
432 862 576 890 excellenti
589 861 676 889 lorma
688 861 842 892 mulierem,
856 861 882 888 in
897 859 997 887 litteris
1005 862 1034 887 et

244 910 348 937 musica
367 908 635 937 exercitatissimam,
648 907 718 934 adeo
731 907 876 939 urbanam,
889 905 1034 933 facundam

244 960 271 982 et
281 958 469 985 venustam,ut
479 954 538 981 solo
544 957 656 987 aspectu
666 952 795 979 audituve
806 951 944 978 hominem
951 950 1033 977 etiam

246 1000 451 1028 severissimum
481 1000 508 1026 in
531 999 572 1026 sui
599 1006 719 1026 amorem
748 997 909 1032 pertrahere
929 1001 1033 1032 posset.

246 1047 294 1074 llts
307 1047 341 1074 de
356 1046 446 1074 causis
461 1045 568 1081 Syphax
585 1045 617 1072 ad
631 1044 871 1080 Carthaginienses
891 1052 921 1071 se
935 1048 1035 1071 contu-

246 1093 288 1121 lit.
314 1093 457 1120 Masinissa
481 1093 619 1119 Romanos
643 1095 683 1118 cst
710 1096 832 1122 secutus,
857 1091 958 1124 quibus
984 1096 1034 1124 per

245 1146 355 1166 omnem
378 1143 486 1166 aetatem
505 1142 645 1165 strenuam
666 1136 775 1163 navavit
796 1143 919 1170 operam.
940 1134 1033 1170 Scipio

247 1193 310 1213 cum
325 1185 418 1212 omnia
433 1192 494 1219 qua:
509 1183 580 1210 intra
595 1184 739 1219 Pyrenaeos
754 1186 861 1209 montes
880 1185 955 1214 sunt,
970 1188 1034 1215 par-

248 1231 297 1258 tim
316 1231 352 1263 vi,
370 1230 469 1265 partim
488 1229 630 1256 deditione
643 1229 770 1263 cepisset,
789 1227 914 1262 trajicere
926 1227 953 1253 in
963 1225 1035 1253 Afri-

247 1284 307 1303 cam
328 1275 434 1302 statuit.
450 1274 565 1301 Romani
581 1277 682 1301 autem.
697 1272 796 1307 partim
811 1279 843 1299 ex
855 1270 957 1298 invidia
968 1277 1033 1298 suc-

248 1329 377 1350 tessuum
395 1321 466 1356 eius.
482 1320 581 1355 partim
599 1319 689 1350 veriti,
705 1326 739 1346 ne
754 1325 803 1353 per
819 1317 975 1352 superbiam
989 1323 1035 1343 rc-

248 1375 332 1403 gnum
350 1366 500 1397 aﬂ‘ectaret,
512 1366 580 1392 duos
596 1365 621 1392 ei
637 1371 810 1392 successores
827 1362 972 1390 dederunt.
989 1360 1035 1389 Sic

252 1414 344 1448 Scipio
372 1413 518 1447 itnpcrium
546 1410 684 1446 deposuit.
711 1409 850 1443 Sulpicius
865 1413 955 1435 autem
972 1413 1035 1434 cum

248 1458 339 1486 Attalo
352 1458 449 1486 eodem
465 1462 587 1492 tempore
603 1455 704 1483 Oreum
717 1455 883 1489 proditione,
898 1453 1034 1487 Opuntem

250 1506 276 1533 vi
289 1505 444 1540 occupavit.
459 1504 600 1538 Philippus
614 1502 688 1529 enim
704 1502 744 1528 eis
754 1506 860 1527 mature
872 1507 950 1534 opem
964 1499 1036 1525 rem

250 1559 305 1579 non
319 1552 419 1587 potuit,
447 1550 498 1577 viis
513 1557 566 1584 qua
585 1547 781 1575 transeundum
797 1551 867 1577 erat,
890 1546 924 1572 ab
938 1543 1038 1571 Etolis

249 1597 375 1625 insessis.
398 1595 452 1624 Sed
467 1603 528 1622 sero
558 1594 666 1621 tandem
679 1599 742 1620 cum
759 1591 889 1621 venisset,
903 1590 995 1617 Attalo
1009 1589 1037 1616 in

251 1650 335 1671 naves
350 1650 414 1669 suas
429 1641 583 1675 compulso.
613 1646 708 1674 pacem
723 1645 786 1665 cum
801 1636 932 1664 Romanis
948 1635 1038 1663 facere

251 1689 348 1716 voluit.
366 1687 420 1715 Sed
437 1695 499 1715 cutn
515 1691 576 1721 post
589 1686 674 1712 multa
689 1684 773 1712 verba
798 1682 971 1711 conditiones
984 1689 1039 1709 non

253 1735 431 1768 placuissent,
443 1739 510 1767 pace
526 1731 679 1766 repudiata,
698 1729 806 1757 Aﬂtolos
821 1736 837 1756 a
850 1728 1037 1756 Romanorum

1081 449 1290 483 ἐξεταζόμενοςο
1312 450 1359 476 καὶ
1375 450 1447 485 χειρὶ
1463 449 1517 484 γὰρ
1536 449 1584 476 καὶ
1610 449 1796 484 βουλεύμασιν
1811 450 1878 484 ἄρι-

1081 504 1144 527 στος
1163 495 1297 530 ἐτύγχανε
1312 495 1346 522 τὰ
1364 495 1493 530 πολέμια.
1517 496 1590 531 Πρὸς
1604 495 1633 521 δὲ
1643 495 1704 526 τοὺς
1720 496 1880 530 Ῥωμαίους

1082 541 1114 568 ὲκ
1124 541 1178 569 τῶν
1193 540 1389 576 Καρχηδονίων
1402 541 1432 573 ἐξ
1451 541 1542 573 αίτίας
1571 542 1679 568 τοιᾶσδε
1709 543 1879 577 μετήνεκτο.

1087 586 1118 614 Ὀ
1151 586 1315 622 ’Δσδρούεας
1327 586 1372 613 τοῦ
1390 587 1524 621 Γίσγωνος
1535 587 1611 621 φίλος
1626 597 1657 614 τε
1673 586 1706 624 ἦν
1722 588 1810 624 αὐτῷ,
1827 589 1881 615 καὶ

1083 632 1222 665 Σοφωνίδα
1243 633 1294 666 τὴν
1311 632 1409 660 ἑαυτοῦ
1433 633 1572 668 θυγατέρα
1603 634 1678 669 αὐτῷ
1705 634 1879 669 ὲνηγγύησε.

1082 678 1128 714 Τῷ
1139 678 1248 713 Σύφακι
1259 679 1287 705 δὲ
1303 679 1515 714 συγγενόμενος.
1529 680 1577 707 καὶ
1591 681 1625 707 τὰ
1642 681 1697 707 τῶν
1726 681 1882 716 Ῥωμαίων

1083 725 1165 752 αὑτὸν
1187 725 1340 759 φρονοῦντα
1368 725 1541 760 αίσθόμενος,
1562 726 1656 752 οὐκέτι
1677 726 1711 753 τὰ
1730 727 1884 762 ὡμολογη-

1085 770 1153 805 μένα
1165 771 1234 806 πρὸς
1249 771 1296 797 τὸν
1313 771 1487 798 Μασινίσσαν
1511 771 1661 806 ἐφύλαξεν·
1689 772 1756 799 ἀλλὰ
1788 772 1882 799 θέλων

1082 817 1140 848 τοῖς
1157 817 1355 852 Καρχηδονίοις
1373 817 1420 843 τὸν
1431 817 1545 851 Σὺφακα
1559 819 1810 853 προσποιήσασθαι,
1825 819 1883 844 οὐκ

1084 862 1230 897 ἐλαχίστης
1245 862 1388 897 δυνάμεως
1407 863 1537 897 ἄρχοντα,
1572 864 1623 898 τήν
1646 871 1675 889 τε
1695 864 1783 898 ἀρχὴν
1800 863 1883 898 αὐτῷ

1085 907 1321 943 συγκατέπραξεν,
1335 909 1352 944 ἢ
1368 909 1407 942 τῷ
1420 909 1577 945 Μασινίσσα
1594 910 1728 944 πρτσῆκε,
1743 910 1790 936 τοῦ
1823 918 1884 936 πα-

1083 954 1147 990 τρὸς
1160 954 1244 981 αὐτοῦ
1261 954 1321 980 τότε
1341 954 1480 986 θανόντος,
1496 954 1545 981 καὶ
1563 955 1613 990 τὴν
1629 955 1769 989 Σοφωνίδα
1785 954 1885 989 συνῷα

1085 1008 1171 1027 κισεν.
1194 999 1226 1026 Ἦ
1240 1000 1269 1026 δὲ
1280 1000 1311 1027 τό
1324 1008 1353 1026 τε
1373 999 1471 1032 κάλλος
1486 1001 1621 1035 ὶπιφανὴς
1635 998 1680 1035 ἦν,
1697 1001 1746 1026 καὶ
1760 1000 1883 1036 παιδείᾳ

1085 1045 1170 1080 πολλῇ
1180 1045 1228 1072 καὶ
1243 1045 1418 1081 γραμμάτων
1432 1047 1478 1072 καὶ
1488 1046 1622 1081 μουσικῆς
1636 1046 1742 1081 ἧσκητο
1753 1053 1760 1060 ·
1776 1045 1884 1072 ἀστεία

1084 1100 1114 1118 τε
1127 1092 1175 1118 καὶ
1188 1091 1304 1127 αἱμύλος
1318 1090 1362 1128 ἦν,
1383 1093 1430 1119 καὶ
1444 1092 1531 1123 οὕτως
1545 1092 1737 1128 ἐπαφρόδιτος,
1765 1092 1804 1123 ὡς
1824 1092 1883 1126 όφ-

1084 1137 1162 1164 θεῖσα
1178 1138 1253 1173 ἢκαὶ
1274 1138 1440 1165 ἀκουσθεῖσα
1466 1139 1548 1173 μόνον
1566 1138 1614 1164 καὶ
1632 1137 1680 1164 τὸν
1699 1138 1770 1164 πάνυ
1793 1137 1884 1164 δυσέ-

1085 1193 1158 1219 ρωτα
1171 1184 1407 1220 κατεργάσασθαι.
1426 1185 1456 1210 ’0
1470 1184 1519 1218 μὲν
1545 1181 1592 1210 οὖν
1617 1183 1710 1218 Σύφαξ
1729 1183 1773 1210 διὰ
1786 1183 1884 1210 ταῦτα

1084 1231 1140 1261 τοῖς
1152 1229 1346 1264 Καρχηδονίοις
1362 1229 1524 1264 προσέθετο·
1546 1228 1593 1255 καὶ
1615 1229 1629 1254 ό
1650 1228 1823 1258 Μασινίσσας
1841 1227 1884 1252 τε

1084 1275 1140 1301 τῶν
1161 1275 1304 1309 Ῥωμαίων
1322 1274 1462 1300 ἀνθείλετο
1477 1274 1524 1300 καὶ
1545 1273 1758 1309 χρησιμώτατος
1782 1273 1885 1303 abici;

1085 1322 1128 1349 διὰ
1145 1321 1255 1348 πάντων
1267 1321 1385 1355 ἐγένετο.
1398 1319 1518 1346 Σκιπίων
1530 1319 1570 1351 δι,
1583 1320 1671 1346 πάντα
1686 1319 1721 1345 τὰ
1735 1319 1811 1350 ἐντὸς
1825 1317 1881 1345 toﬁ

1086 1367 1241 1402 Πυρηναίου
1256 1367 1290 1394 τὰ
1303 1366 1354 1401 μὲν
1369 1366 1427 1402 βίᾳ,
1450 1366 1483 1392 τὰ
1499 1365 1528 1392 δὲ
1544 1365 1677 1401 ὁμολογίᾳ
1689 1365 1886 1400 προσποιησά-

1087 1420 1180 1446 μενος,
1207 1412 1235 1442 ὲς
1253 1411 1302 1446 τὴν
1322 1410 1426 1445 Λιϐύην
1441 1409 1599 1438 στείλασθαι
1610 1410 1786 1445 ἡτοιμάζετο.
1801 1410 1835 1436 Οί
1858 1409 1885 1437 δ’

1089 1456 1119 1482 ἐν
1135 1457 1168 1491 τῇ
1186 1456 1280 1491 Ῥώμῃ
1293 1455 1329 1482 τὰ
1343 1455 1392 1491 μὲν
1411 1455 1501 1490 φθόνῳ
1511 1455 1566 1482 τῶν
1583 1455 1804 1490 κατορθωμάτων
1828 1456 1885 1482 αὖ·

1086 1501 1145 1533 τοῦ,
1167 1502 1202 1529 τὰ
1218 1502 1246 1528 δὲ
1263 1501 1338 1537 φόϐῳ
1352 1501 1390 1536 μὴ
1403 1502 1616 1537 ὑπερφρονήσας
1629 1502 1800 1537 τυραννήσῃ,
1813 1502 1886 1528 ἀνα-

1088 1549 1239 1576 καλέσαντο
1268 1549 1361 1581 αὐτὸν,
1386 1548 1442 1575 δύω
1470 1548 1526 1575 τῶν
1550 1549 1713 1583 στρατηγῶν
1735 1548 1886 1583 διαδόχους

1088 1595 1165 1629 αὐτῷ
1174 1594 1345 1630 πέμψαντες.
1363 1595 1418 1622 Καὶ
1427 1596 1442 1622 ὁ
1457 1594 1507 1630 μὲν
1521 1594 1593 1622 οὕτω
1602 1595 1653 1630 τῆς
1663 1595 1751 1630 ἀρχῆς
1759 1595 1886 1629 ἐπαύθη.

1094 1640 1126 1667 ὐ
1140 1640 1170 1667 δι
1183 1649 1214 1673 γε
1226 1640 1387 1672 Σουλπίκιος
1415 1641 1486 1676 μετὰ
1514 1641 1562 1668 τοῦ
1587 1641 1715 1668 Ἀττάλου
1732 1641 1804 1668 κατὰ
1832 1641 1886 1668 τὸν

1089 1686 1171 1714 αὐτὸν
1185 1686 1282 1722 χρόνον
1303 1687 1397 1721 Ὠρεὸν
1413 1686 1463 1722 μὲν
1473 1687 1617 1722 προδοσίᾳ,
1642 1686 1777 1714 Ὀποῦντα
1789 1687 1820 1714 δὲ
1837 1687 1886 1713 too

1090 1731 1135 1767 χύῖ
1150 1731 1295 1767 κατέσχεν.
1315 1732 1346 1759 '0
1362 1732 1417 1768 γὰρ
1428 1733 1560 1764 Φίλιππος
1576 1733 1627 1759 οὐκ
1637 1732 1757 1769 ἠδυνήθη
1786 1733 1886 1763 αὐτοῖς

253 1779 374 1806 amicitia
401 1779 432 1805 ad
461 1784 491 1805 se
515 1777 644 1803 traduxit.
668 1775 786 1803 Annibal
814 1779 905 1813 autem
933 1772 1038 1800 interea

1089 1776 1230 1812 ἐπαμῦναι
1243 1777 1288 1803 διὰ
1299 1777 1417 1812 ταχέων,
1432 1777 1483 1808 τὰς
1502 1777 1607 1809 διόδους
1631 1777 1886 1813 προκατασχόντων

252 1825 366 1860 quievit,
401 1831 450 1852 sua
470 1823 542 1850 tueri
567 1829 608 1850 sat
625 1822 747 1849 habens:
761 1811 849 1855 neque
870 1828 885 1846 a
903 1826 973 1846 coss.
997 1822 1040 1844 est

253 1871 406 1901 lacessitus,
429 1877 492 1897 eum
517 1869 586 1896 citra
611 1868 817 1895 dimicationem
842 1866 985 1893 subactum
1006 1863 1040 1891 iri

253 1917 422 1951 putantibus.
449 1914 579 1950 Sequenti
598 1921 671 1941 anno
693 1913 724 1940 P.
750 1912 842 1947 Scipio
863 1916 892 1939 et
917 1910 1041 1938 Licinius

252 1963 367 1990 Crassus
383 1969 455 1989 coss.
481 1961 545 1989 facti
561 1971 568 1988 :
588 1968 706 1995 quorum
722 1960 768 1986 hic
792 1959 818 1986 in
834 1958 908 1986 Italia
929 1957 1038 1989 mansit,

254 2009 340 2035 altero
357 2007 385 2034 in
399 2006 522 2034 Siciliam
537 2011 566 2033 et
579 2005 698 2033 Africam
715 2006 755 2032 ire
771 2005 867 2039 jusso:
890 2008 919 2030 ut
937 2003 959 2030 si
975 2002 1040 2030 Car-

256 2054 394 2088 thaginem
411 2060 466 2080 non
481 2057 602 2087 caperet,
620 2051 716 2079 saltem
737 2050 899 2078 Annibalem
914 2057 947 2077 ex
964 2049 1040 2076 Italia

254 2104 393 2127 avocaret.
420 2099 473 2127 Sed
495 2106 546 2126 nec
557 2099 649 2134 justus
669 2098 818 2130 exercitus,
844 2104 896 2124 nec
915 2100 1041 2131 sumptus

253 2146 287 2172 ad
304 2146 452 2180 parandatn
477 2145 603 2176 classem,
627 2152 660 2171 ex
675 2143 715 2171 rei
734 2144 804 2170 bene
828 2147 910 2177 gestae
927 2141 1040 2174 invidia,

254 2192 335 2218 datus
348 2196 402 2222 est,
419 2190 463 2217 vix
477 2198 585 2218 summe
601 2189 766 2217 necessariis
787 2187 978 2223 suppeditatis.
995 2187 1043 2214 Ni-

255 2237 405 2263 hilominus
428 2243 518 2263 tamen
541 2244 603 2263 cum
619 2236 706 2263 classe
725 2234 872 2265 societ-uin,
888 2238 916 2260 et
928 2233 1042 2268 quibus-

255 2283 318 2309 dam
331 2290 364 2309 ex
378 2282 479 2316 populo
493 2281 654 2308 voluntariis
665 2280 802 2308 discessit.
817 2279 894 2314 Mago
906 2286 941 2306 ex
954 2278 1042 2306 insula

256 2329 283 2354 irt
309 2328 448 2362 Liguriam
475 2327 624 2361 profectus,
646 2334 809 2354 exscensum
831 2325 907 2353 fecit.
927 2324 1042 2352 Crassus

254 2373 335 2409 437
350 2373 377 2399 in
394 2373 495 2399 Brutiis
517 2372 681 2399 Annibalem
708 2372 876 2399 observavit.
899 2371 1043 2406 Philippus

255 2427 318 2447 cum
334 2420 364 2446 P.
380 2419 574 2454 Sempronium
586 2426 647 2445 cum
661 2418 766 2453 magnis
775 2417 862 2452 copiis
871 2417 1041 2451 Apolloniam

256 2472 365 2491 venisse
385 2464 538 2494 didicisset,
551 2464 648 2498 cupide
665 2470 760 2497 pacem
777 2463 850 2490 fecit.
868 2462 960 2497 Scipio
977 2469 1042 2489 vero

256 2517 319 2537 eum
335 2518 368 2537 ex
388 2510 464 2537 ltalia
483 2510 619 2541 solvisset,
650 2517 680 2536 se
695 2514 725 2536 ut
742 2509 770 2536 in
792 2509 913 2536 Siciliam
936 2508 1044 2544 trajice-

258 2561 299 2582 ret
313 2563 424 2591 parans,
452 2557 479 2583 id
504 2556 594 2583 facere
607 2551 779 2590 non’potuit,
794 2555 869 2590 quod
883 2562 934 2581 nec
944 2555 1043 2590 justas,

258 2608 309 2627 nec
325 2602 489 2628 exercitatas
512 2601 605 2635 copias
631 2600 754 2627 haberet.
769 2599 859 2632 Quare
876 2604 959 2626 totam
983 2599 1043 2626 hie-

259 2652 330 2671 mem
352 2645 391 2672 ibi
411 2647 511 2681 exegit,
529 2652 557 2673 ut
573 2650 600 2673 et
617 2645 717 2672 milites
735 2652 804 2679 quos
820 2644 938 2671 habebat
964 2651 1044 2670 exer-

259 2695 345 2722 ceret,
360 2695 388 2717 et
403 2699 489 2718 novos
503 2693 626 2719 delectus
652 2691 776 2718 haberet.
795 2690 957 2725 Trajecturo
973 2697 1046 2716 nun-

261 2735 359 2762 tialulll
374 2741 416 2763 est
429 2745 444 2763 a
460 2737 605 2772 Rheginis,
621 2737 771 2764 Locrenses
794 2736 927 2771 quosdam
948 2735 1045 2763 urbem

261 2780 420 2815 prodituros
432 2789 504 2808 esse.
521 2782 587 2809 Nam
599 2791 661 2810 cum
672 2783 706 2809 ab
720 2782 854 2810 Annibale
867 2787 961 2809 contra
977 2789 1047 2816 prae.

260 2826 325 2853 sidii
339 2827 498 2862 praefectum
517 2829 708 2861 vociferantes,
719 2828 933 2864 negligerentur,
946 2829 979 2854 ad
995 2827 1048 2854 Ro-

260 2878 356 2900 manos
376 2872 554 2901 inclinarunt.
578 2874 658 2902 Missa
681 2874 765 2910 igitur
789 2879 866 2909 parte
894 2874 1047 2909 c0piarum,

1089 1824 1144 1852 τῶν
1157 1824 1296 1852 Δῑτωλῶν.
1321 1824 1386 1859 Ὀψὲ
1400 1825 1429 1852 δι
1444 1834 1510 1852 ποτε
1536 1825 1667 1859 ἐπελθὼν,
1688 1826 1728 1858 el;
1741 1825 1791 1857 τὰς
1812 1825 1886 1858 ναῦς

1089 1870 1175 1898 αὑτοῦ
1185 1871 1232 1898 τὸν
1250 1871 1386 1898 ’Δττολον
1398 1873 1566 1906 καταφυγεῖν
1580 1871 1717 1900 ἐϐιάσατο.
1744 1872 1775 1899 '0
1788 1872 1886 1908 μέντοι

1090 1914 1226 1946 Φίλιππος
1238 1915 1403 1942 σπείσασθαι
1423 1916 1480 1947 τοῖς
1503 1915 1647 1951 Ῥωμαίοις
1666 1917 1801 1952 ἠθέλησε·
1833 1916 1886 1944 καί

1089 1970 1171 1988 τινων
1179 1961 1267 1996 λόγων
1283 1961 1376 1993 αὐτοῖς
1386 1962 1554 1998 γενομένων,
1575 1963 1610 1990 τὰ
1634 1963 1683 1999 μὲν
1699 1964 1749 1998 τῆς
1769 1964 1887 1999 εἰρήνης

1090 2007 1200 2042 ἀφείθη,
1214 2009 1277 2040 τοὺς
1292 2007 1315 2034 δ’
1330 2008 1469 2040 Αἰτωλοὺς
1490 2008 1545 2035 ἀπὺ
1562 2008 1611 2035 τοῦ
1641 2011 1800 2045 συμμαχεῖν
1823 2012 1886 2041 τοῖς

1096 2051 1245 2088 Ῥωμαίοις
1271 2053 1468 2089 μεταθέμενος,
1486 2053 1580 2088 φίλους
1600 2054 1697 2081 ἑαυτοῦ
1720 2055 1884 2090 ἐποιήσατο.

1096 2098 1296 2131 ’()δ“Ἀννί6ας
1326 2099 1396 2131 τέως
1411 2100 1528 2135 ἡσυχίαν
1541 2098 1620 2135 ἦγεν,
1647 2100 1763 2135 ἀγαπῶν
1789 2102 1816 2128 εἰ
1846 2101 1886 2128 τε

1092 2145 1249 2180 ὑπάρχοντά
1262 2145 1470 2173 οίδιασώσαιτο.
1487 2147 1543 2174 Καὶ
1557 2147 1582 2174 oi
1600 2147 1700 2174 ὕπατοι
1722 2147 1886 2182 νομίζοντες

1092 2191 1173 2218 αὑτὸν
1191 2192 1237 2218 καὶ
1248 2191 1314 2219 ἄνευ
1332 2193 1423 2227 μάχης
1437 2193 1654 2228 ἑκτρυχωθῆναι,
1684 2194 1803 2229 ἀνεῖχον.
1836 2193 1886 2229 Τῷ

1091 2237 1113 2263 δ’
1121 2237 1225 2264 ἐπιόντι
1233 2237 1299 2269 ἔτει,
1310 2239 1324 2264 ὃ
1334 2246 1364 2264 τε
1377 2238 1498 2266 Σκιπίων
1509 2240 1523 2266 ό
1536 2239 1672 2271 Πούπλιος
1685 2241 1733 2266 καὶ
1743 2240 1886 2271 Λικίννιος

1093 2283 1219 2319 Κράσσος
1230 2283 1398 2311 ὑπάτευσαν.
1415 2285 1494 2312 Καὶό
1511 2285 1561 2320 μὶν
1578 2287 1607 2312 ἐν
1621 2287 1654 2320 τῇ
1674 2286 1777 2321 Ἰταλίᾳ
1803 2285 1885 2321 ἔμει-

1095 2337 1148 2360 νεν,
1162 2329 1176 2354 ό
1188 2328 1216 2354 δὲ
1234 2328 1356 2355 Σκιπίων
1373 2329 1402 2361 ὲς
1418 2329 1545 2357 Σικελίαν
1558 2330 1688 2357 ἀπελθεῖν
1705 2331 1751 2357 καὶ
1771 2331 1800 2362 ἐς
1833 2332 1886 2357 Δι-

1093 2374 1162 2408 ϐύην
1177 2374 1383 2410 προσετέτακτο
1395 2395 1402 2407 ,
1425 2376 1480 2409 ῐνα,
1496 2377 1520 2403 εί
1538 2376 1576 2412 μὴ
1591 2377 1642 2412 τὴν
1657 2377 1822 2412 Καρχηδόνα
1843 2378 1886 2403 ai-

1094 2421 1184 2453 ρήσει,
1207 2420 1254 2446 τόν
1269 2427 1301 2453 γε
1318 2419 1445 2447 Ἀννίϐαν
1461 2421 1530 2452 τέως
1550 2421 1604 2448 ἀπὸ
1621 2423 1672 2457 τῆς
1689 2422 1808 2454 Ἰταλίας
1837 2423 1886 2450 ἁν-

1094 2463 1223 2500 θελκύσῃ.
1246 2464 1315 2491 Οὔτε
1326 2465 1354 2492 δὲ
1370 2466 1531 2500 στράτευμα
1554 2467 1696 2500 ἀξιόλογον
1726 2467 1787 2494 οὗτε
1814 2468 1884 2503 πρὸς

1093 2509 1217 2545 τριήρεις
1231 2510 1361 2544 ἀνάλωμα
1376 2510 1468 2543 ἔλαϐε,
1481 2511 1524 2537 διὰ
1536 2513 1587 2543 τὰς
1601 2512 1742 2546 ἀριστείας
1771 2512 1887 2547 φθονού-

1097 2562 1190 2589 μενος·
1210 2555 1287 2590 μόλις
1304 2555 1332 2582 δὲ
1349 2555 1445 2583 καὶτὰ
1469 2557 1540 2583 πάνυ
1569 2557 1710 2591 ἀναγκαῖα
1745 2557 1885 2592 παρέσχον

1097 2601 1181 2637 αὐτῷ.
1198 2601 1253 2628 Καὶ
1268 2601 1283 2627 ό
1311 2601 1361 2635 μὲν
1388 2601 1437 2628 σὺν
1451 2602 1491 2637 τῷ
1505 2603 1625 2638 ναυτικῷ
1655 2603 1709 2629 τῶν
1733 2603 1886 2637 συμμάχων

1097 2647 1145 2673 καί
1157 2656 1229 2674 τισιν
1243 2647 1395 2679 ὲθελονταῖς
1425 2648 1458 2674 ὲκ
1484 2648 1532 2675 τοῦ
1555 2649 1643 2684 δήμου
1664 2650 1770 2683 ἀπῆρεν
1785 2657 1792 2664 ο
1818 2649 1834 2675 ὁ
1859 2649 1886 2675 δὲ

1097 2692 1210 2726 Μάγων,
1222 2693 1254 2718 ὲκ
1264 2693 1312 2727 τῆς
1327 2695 1409 2727 νήσου
1422 2693 1628 2728 παραπλεύσας,
1643 2695 1681 2725 εί,
1693 2693 1743 2728 τὴν
1757 2694 1887 2727 Λιγυστι-

1097 2738 1149 2769 κὴν
1164 2738 1265 2772 ἀπέὸη.
1288 2737 1317 2764 '0
1347 2738 1475 2773 Κράσσος
1488 2739 1511 2766 δ’
1532 2740 1561 2766 ἔν
1584 2741 1618 2775 τῇ
1630 2740 1748 2775 Βρεττίᾳ
1772 2739 1811 2775 τῷ
1828 2740 1886 2766 Ἀν-

1097 2785 1160 2819 νίὸᾳ
1174 2784 1369 2820 προσήδρευεν.
1395 2784 1426 2810 '0
1455 2786 1549 2820 μέντοι
1569 2786 1704 2817 Φίλιππος
1725 2785 1885 2820 κατηλλάγη

1105 2829 1260 2864 Ῥωμαίοις.
1277 2829 1410 2856 Πούπλιον
1425 2831 1480 2865 γὰρ
1489 2831 1666 2866 Σεμπρώνιον
1682 2833 1722 2863 είς
1751 2831 1884 2858 ’Δπολλω-

1101 2876 1160 2902 νὲαν
1179 2875 1290 2902 ἐλθόντα
1309 2875 1358 2903 σὺν
1373 2876 1459 2912 πολλῇ
1478 2876 1593 2912 δυνάμει
1613 2877 1789 2914 αἰσθόμενος,
1799 2876 1886 2913 eopi-
