2018 3146
260 108 295 140 35
889 111 1011 142 JOANN
1019 113 1052 142 IS
1069 112 1230 144 ZONARE

1807 113 1863 143 T36

242 165 391 199 midabih‘s,
413 166 584 195 cedentibus.
604 174 735 201 pcrquam
755 167 901 195 humanus.
927 167 1027 195 Verum

1086 170 1126 196 ut
1139 170 1222 205 μηδὲν
1238 169 1430 206 προσδοκῶντα
1445 169 1514 195 κατὰ
1533 168 1581 204 τὴν
1597 168 1709 202 πορείαν
1722 168 1866 203 πολέμιον,

241 211 277 239 ob
295 212 362 239 illud
379 213 495 239 maxime
523 213 558 239 ab
583 213 712 239 omnibus
733 213 937 245 honorabatur,
954 215 1028 249 quod

242 258 326 285 veluti
344 258 455 284 numine
465 257 571 284 alllatus
582 257 762 292 praedixisset,
776 266 805 285 se
818 259 844 285 in
857 259 949 286 hostili
963 267 1029 294 agro

243 308 498 331 castramclaturum
515 303 594 338 43],
611 312 680 331 esse.
694 305 732 331 Ab
743 305 869 339 Hispanis
879 312 969 332 autem
983 315 1028 335 rex

242 356 357 383 magnus
364 349 559 382 appellabatur.
569 350 878 386 Asdrubale.(lesperata
888 351 1027 387 Hispania,

243 393 269 419 iu
283 393 387 419 Italiam
401 394 521 425 abituro,
537 399 565 421 ct
581 395 671 422 hieme
692 396 816 423 collectis
844 397 917 424 vasis
941 397 1030 424 disce-

242 438 407 473 dentc,ejus
434 439 555 475 collcgm,
580 441 642 468 loco
661 449 716 468 non
745 446 859 474 mutato,
890 443 1029 477 negotium

243 483 363 518 Scipioni
382 485 562 518 facessebant,
578 492 608 514 ut
623 495 712 522 neque
734 487 913 516 Asdrubalem
938 496 1031 523 perse-

241 535 386 564 queretur,
414 539 504 566 neque
531 533 558 560 in
583 532 686 560 Italiam
717 534 868 568 profectus,
893 534 1030 563 Romanos

244 575 306 602 I'elli
342 582 419 611 parte
462 578 575 611 levaret,
608 587 698 615 neque
741 580 934 615 Carthaginem
972 585 1029 608 tra—

241 620 350 656 jiccret.
376 622 468 658 Scipio
504 624 683 652 Asdrubalem
719 625 864 652 abeuntem
902 633 956 652 non
989 630 1032 653 est

243 674 416 701 pcrsecutus,
437 669 485 697 sed
512 678 561 705 per
578 678 706 698 cursores
739 671 799 706 ejus
828 671 950 699 adventu
976 672 1030 699 Ro-

245 721 315 740 mam
340 715 476 747 nuntiato,
499 723 530 743 ea
559 724 620 751 qua:
649 721 757 751 tempus
794 718 948 753 postulabat
984 718 1032 745 ad-

242 759 419 788 ministravit.
438 762 471 788 Et
485 761 549 796 quia
567 762 687 796 videbat,
712 763 805 791 hostes
833 764 861 791 in
890 764 1031 798 provincia

242 804 327 831 variis
348 804 417 832 locis
435 805 574 840 dispersos
590 814 669 839 esse,
698 808 803 835 veritus
823 815 857 835 ne
880 809 915 835 ab
939 808 1031 842 aliquo

242 857 338 876 omnes
350 857 446 877 eorum
459 851 547 886 copiae
565 852 592 878 in
611 861 696 879 unum
711 853 944 886 conducerentur,
974 855 1031 889 ipse
1046 841 1068 870 Β

243 899 339 922 contra
353 895 534 924 Asdrubalcm
550 898 677 932 Gisgonis
695 899 779 926 illium
808 904 851 926 est
881 899 1030 934 profectus,

248 940 383 968 Sillanum
407 942 434 968 in
449 942 627 970 Celtiberiam
644 949 736 970 contra
751 944 903 979 Magonem,
920 944 950 971 L.
974 945 1033 972 Sci-

243 987 353 1022 pionem
368 988 482 1015 fratrem
497 989 524 1016 in
549 989 725 1017 Bastitaniam
745 991 837 1023 misit;
854 991 902 1025 qui
918 995 945 1018 et
958 991 1032 1018 illam

244 1033 316 1060 l-ello
331 1034 415 1068 cepit,
429 1039 456 1061 et
469 1035 610 1070 Magonem
623 1035 705 1068 vicit;
719 1043 838 1069 cumque
850 1035 882 1062 ad
895 1035 1035 1063 Asdruba-

243 1079 297 1106 lcm
325 1079 475 1115 fugientem
496 1086 670 1116 persecutus,
696 1082 729 1109 ad
757 1082 911 1116 Scipionem
942 1082 1033 1114 rediit,

243 1125 290 1159 qui
311 1127 433 1153 nondum
454 1127 602 1161 quidquam
621 1133 751 1161 gesserat.
780 1127 848 1155 Cum
884 1128 963 1163 Mago
999 1129 1033 1156 ad

243 1171 438 1203 Asdrubalem.
452 1173 552 1200 Lucius
563 1173 596 1201 ad
624 1173 736 1201 fratrem
757 1174 914 1208 Scipionem
940 1175 1034 1202 venis-

244 1221 297 1248 set,
309 1217 426 1251 primum
443 1219 568 1253 equitatu
584 1220 611 1246 in
624 1227 735 1254 campos
752 1219 935 1247 decurrentes
952 1220 1034 1247 dimi—

245 1263 355 1290 cabant.
372 1264 476 1291 Deinde
504 1269 578 1292 totos
602 1265 740 1292 exercitus
759 1265 961 1296 instruxerunt.
983 1273 1036 1293 nec

246 1316 337 1343 tamen
353 1310 386 1336 ad
406 1317 504 1337 manus
515 1315 627 1338 ventum
639 1315 697 1343 est;
715 1311 800 1346 idque
827 1319 877 1346 per
889 1311 948 1339 dies
962 1319 1037 1339 com-

245 1353 340 1388 plures
364 1356 477 1383 factum.
504 1356 557 1384 Sed
587 1357 737 1392 aliquando
762 1365 851 1392 pugna
879 1358 1035 1389 commissa,

246 1399 522 1437 Carthaginiensibus
531 1411 684 1439 eorumque
697 1403 781 1431 sociis
798 1404 889 1436 victis,
902 1409 1037 1438 captaque

247 1448 411 1480 munitione;
427 1450 541 1478 Romani
553 1457 708 1478 commeatu
725 1453 762 1479 ibi
779 1452 893 1478 invento
906 1450 947 1478 usi
961 1454 1035 1481 sunt,

1080 217 1291 251 προῡπήντησεν
1312 215 1395 249 αὐτῷ,
1422 215 1468 241 καὶ
1490 216 1520 241 ὲν
1539 214 1764 249 τῷστρατοπέδῳ
1782 215 1866 240 αὖτιιῦ

1080 264 1220 296 κρατήσας
1244 261 1416 295 ἐνηυλίσατο,
1430 260 1476 287 καὶ
1492 260 1606 291 πολλοὺς
1629 259 1683 285 τῶν
1707 260 1766 285 ἐκεῖ
1782 269 1869 294 προσ-

1079 309 1237 343 εποιήσατο.
1253 306 1307 334 Ἦν
1321 308 1369 341 μὲν
1387 307 1441 340 γὰρ
1454 307 1482 333 ὲν
1495 308 1554 337 ταῖς
1573 306 1753 340 στρατηγίαις
1767 306 1868 337 δεινος,

1080 354 1108 380 ὲν
1125 353 1154 379 δὲ
1174 354 1233 383 ταῖς
1248 352 1367 387 ὁμιλίαις
1382 351 1518 386 ἐπιεικὴς,
1541 354 1586 378 καὶ
1605 353 1634 383 ὲς
1655 352 1704 386 μὲν
1719 352 1782 382 τοὺς
1804 352 1870 377 svo.

1081 399 1242 433 ισταμένους
1257 399 1381 432 φοϐερὸς,
1403 400 1430 430 ἐς
1443 398 1472 425 δὲ
1486 399 1549 430 τοὺς
1559 398 1721 429 ὗπείκοντας
1734 398 1780 424 καὶ
1795 397 1871 431 μάλα

1080 445 1280 479 φιλάνθρωπος.
1309 445 1434 471 Μάλιστα
1462 444 1486 470 δ’
1503 444 1545 470 ὅτι
1574 444 1622 470 καὶ
1652 443 1772 474 ἑθείασε,
1802 451 1873 477 πρε-

1081 490 1164 517 ειπὼν
1182 490 1220 521 ὡς
1243 491 1272 516 ὲν
1298 491 1331 525 τῇ
1350 489 1404 515 τῶν
1428 488 1568 524 πολεμίων
1594 487 1870 522 στρατοπεδεύσοιτο,

1081 536 1182 566 πάντες
1196 535 1298 569 ἐτίμων
1315 535 1407 562 αὐτόν.
1424 536 1456 562 Ol
1470 535 1493 561 δ’
1509 534 1618 571 Ἴϐηρες
1634 535 1681 560 καὶ
1693 533 1806 568 βασιλέα
1822 534 1874 567 μέ-

1080 590 1131 615 γαν
1142 581 1294 616 ὠνόμαζον.
1315 582 1345 608 '0
1356 581 1378 608 δ’
1389 581 1554 616 ’Δσδρούὸας
1569 580 1724 612 ἀπελπίσας
1738 581 1787 616 τὴν
1800 580 1875 615 Ἰΰης

1083 628 1144 664 ρίαν
1159 628 1264 663 ἀπᾶραι
1280 628 1347 663 πρὸς
1361 628 1410 663 τὴν
1426 627 1544 654 Ἰταλίαν
1559 626 1697 653 ἐϐούλετο.
1716 626 1770 653 Καὶ
1788 627 1815 651 ὲν
1831 626 1873 660 τῷ

1081 675 1196 709 χειμῶνι
1215 674 1455 708 συσκευασάμενος
1480 674 1494 700 ὁ
1520 674 1569 708 μὲν
1585 672 1710 707 ὥρμητο,
1724 673 1748 698 ot
1767 672 1794 698 δὲ
1821 680 1873 697 συ-

1083 721 1232 755 στράτηγοι
1247 720 1332 746 αὑτοῦ
1359 720 1430 746 κατὰ
1447 719 1541 755 χώραν
1568 719 1723 753 μείναντες,
1741 718 1875 752 ἀσχολίαν

1082 766 1120 800 τῷ
1151 767 1282 793 Σκιπίωνι
1310 767 1452 801 παρεῖχον,
1469 765 1539 792 ὥστε
1572 765 1608 800 μὴ
1635 764 1680 791 τὸν
1703 763 1876 798 Ἀσδρούῆαν

1083 813 1236 845 ἐπιδιῶξαι,
1260 813 1328 848 μήτε
1344 814 1400 843 τοῖς
1425 813 1454 838 ὲν
1469 812 1501 846 τῇ
1517 810 1619 845 Ἰταλίᾳ
1639 809 1788 843 Ῥωμαίοις
1810 809 1877 834 ὲπι-

1083 858 1211 892 κουφίσαι
1232 857 1278 883 τῧιν
1293 857 1410 898 πόλεμον
1426 856 1579 891 γινομένοις
1603 856 1670 886 ἐκεῖ,
1690 854 1706 889 ἦ
1731 854 1800 888 me;
1822 853 1876 888 τὴν

1083 904 1246 940 Καρχηδόνα
1258 903 1384 930 πλεῦσαι.
1405 903 1434 929 ὐ
1447 903 1475 929 δὲ
1491 901 1612 928 Σκιπίων
1623 901 1668 928 τδν
1683 900 1733 935 μὲν
1745 899 1878 934 ’Δσδρού-

1083 951 1134 979 ϐαν
1160 952 1210 977 οὑκ
1237 950 1382 982 ἐπεδίωξε·
1398 949 1508 984 πέμψας
1518 948 1546 975 δὲ
1571 948 1796 983 δρτμοκήρυκας,
1823 947 1878 981 τὴν

1084 996 1214 1030 πρόσοδον
1227 995 1309 1022 αὑτοῦ
1322 997 1378 1026 τοῖς
1393 996 1421 1021 ὲν
1437 995 1470 1030 τῇ
1491 993 1586 1030 Ῥώμῃ
1598 993 1631 1019 δι’
1646 993 1736 1019 αὐτῶν
1749 992 1873 1027 προεκή-

1086 1042 1175 1076 ρυξεν,
1191 1042 1270 1071 αὐτὸς
1284 1041 1310 1067 δὲ
1322 1041 1377 1067 τῶν
1389 1041 1418 1066 ἐν
1435 1039 1529 1075 χερσὶν
1539 1040 1637 1073 εἴχετο.
1654 1038 1707 1064 Καὶ
1723 1037 1794 1074 ὁρῶν
1810 1038 1879 1068 τοὺς

1085 1088 1222 1118 ἐναντίους
1241 1087 1361 1121 πολλαχῆ
1376 1088 1423 1120 τῆς
1442 1085 1533 1121 χώρας
1547 1085 1637 1116 ὂντας,
1660 1083 1755 1110 ἐδεδίει
1775 1084 1812 1118 μή
1837 1091 1879 1109 τι-

1085 1141 1127 1158 σιν
1157 1131 1247 1158 αὐτῶν
1274 1131 1428 1165 προσμίξας
1455 1130 1495 1159 είς
1520 1129 1549 1156 ἓν
1580 1128 1704 1155 ἅπαντας
1732 1127 1878 1161 συναγάγῃ

1085 1178 1208 1213 ἀλλήλοις
1220 1177 1464 1213 ἐπικουρήσοντας.
1477 1175 1562 1207 Αὐτὸς
1575 1175 1623 1210 μὲν
1637 1174 1682 1201 οὖν
1694 1174 1880 1209 ἐστράτευσεν

1086 1225 1129 1250 ἐπ’
1147 1223 1313 1258 ’Λσδρούὸαν
1330 1223 1375 1249 τὸν
1392 1223 1546 1255 Γίσγωνος’
1564 1221 1676 1247 Σιλανὸν
1691 1220 1718 1246 δὲ
1735 1221 1762 1250 ἐς
1781 1219 1876 1245 Κελτι-

1086 1270 1185 1304 6ηρίαν
1210 1269 1257 1295 ἐπὶ
1285 1269 1418 1302 Μάγωνα,
1450 1268 1498 1294 καὶ
1523 1266 1638 1293 Λούκιον
1667 1265 1806 1291 Σκιπίωνα
1834 1264 1880 1289 τ’,ν

1087 1314 1201 1349 ἀδελφὸν
1219 1315 1247 1345 ἐς
1262 1313 1444 1340 Βαστιτανίαν
1457 1311 1590 1347 ἔπεμψεν,
1605 1310 1633 1342 ὃς
1650 1310 1760 1345 ἐκείνην
1776 1318 1807 1335 τε
1826 1318 1879 1334 πο-

1087 1360 1162 1394 λέμῳ
1187 1359 1312 1394 κατέσχε,
1332 1359 1379 1385 καὶ
1395 1359 1439 1384 τὴν
1455 1358 1578 1390 Μάγωνα
1599 1356 1719 1390 ἐνίκησε.
1741 1355 1795 1381 Καὶ
1810 1354 1880 1389 φεῦ-

1088 1414 1163 1439 γοντι
1192 1404 1266 1439 αὐτῷ
1295 1404 1362 1438 προς
1389 1403 1435 1429 τὸν
1457 1402 1624 1438 Ἀσδρούϐαν
1640 1400 1879 1435 ἐπακολουθήσας,

1088 1448 1153 1486 ἧλοε
1169 1449 1236 1484 πρὸς
1252 1449 1296 1475 τὸν
1312 1448 1462 1478 Σκιπίωνα,
1481 1448 1563 1483 μήπω
1576 1447 1658 1482 μηδὲν
1670 1445 1880 1479 διαπεπραγμέ-

247 1492 275 1519 id
289 1494 362 1528 quod
379 1494 472 1530 Scipio
487 1496 581 1523 triduo
592 1502 656 1524 ante
669 1498 835 1525 vaticinatus
849 1503 910 1523 esse
937 1496 1034 1522 fertur.

1093 1505 1151 1523 νον.
1185 1495 1334 1522 Ἐλθόντων
1363 1495 1409 1521 οὖν
1438 1493 1485 1520 τοῦ
1514 1502 1543 1520 τε
1570 1494 1703 1526 Μάγωνος
1732 1492 1801 1527 πρὸς
1834 1491 1881 1517 τὸν

246 1537 314 1564 Nam
337 1546 400 1566 cum
417 1541 498 1567 rebus
521 1541 686 1568 necessariis
709 1541 936 1569 destituerentur,
964 1547 1036 1574 prae-

247 1583 393 1618 dixitmua
422 1593 488 1612 vero
503 1590 572 1619 arte,
604 1586 755 1621 ignoratur)
780 1593 809 1613 se
829 1586 856 1612 in
882 1592 944 1611 eum
964 1585 1037 1612 diem

248 1629 368 1656 hostium
395 1630 505 1657 cibariis
535 1639 635 1658 usuros
655 1639 727 1659 esse.
753 1632 818 1659 Post
842 1631 910 1663 hate,
935 1630 1037 1658 Sillano

247 1679 344 1702 contra
362 1675 482 1703 hostium
497 1676 626 1712 reliquias
637 1678 744 1709 relicto,
755 1677 822 1704 alias
838 1677 922 1704 urbes
935 1677 1035 1703 multas

249 1719 302 1746 sibi
320 1721 462 1756 adjunxit;
477 1723 668 1758 ordinatisque
686 1723 779 1754 rebus,
796 1724 823 1750 in
839 1722 970 1757 Hispania
991 1722 1035 1749 bi-

248 1766 426 1800 bernavit,L.
445 1767 558 1795 fratrem
575 1768 686 1796 Romam
701 1769 785 1801 misit,
802 1773 832 1796 ut
844 1773 872 1797 et
888 1776 931 1796 res
947 1773 1036 1803 gestas

249 1812 401 1846 nuntiaret,
428 1819 457 1842 et
482 1815 604 1849 captivos
635 1823 667 1843 eo
690 1816 855 1847 adduceret.
883 1815 1036 1849 eademque

248 1863 332 1892 opera
338 1859 507 1894 exploraret,
516 1867 576 1895 qua:
582 1861 614 1887 de
621 1868 651 1888 se
661 1860 845 1888 Romanorum
854 1865 926 1887 esset
932 1859 1036 1895 opinio.

1088 1541 1265 1576 Ἀσδρούϐαν,
1290 1542 1337 1567 καὶ
1353 1540 1400 1567 τοῦ
1418 1540 1533 1567 Λουκίου
1549 1539 1617 1575 πρὸς
1637 1540 1681 1566 τὸν
1697 1539 1812 1573 ἀδελφὸν
1830 1538 1878 1564 τὸν

1087 1586 1238 1618 Σκιπίωνα,
1252 1587 1286 1613 τὰ
1301 1587 1351 1621 μὲν
1367 1587 1463 1621 πρῶτα
1474 1586 1514 1622 τῷ
1527 1585 1632 1620 ἱππικῷ
1645 1585 1825 1615 καταθέοντες
1841 1585 1882 1616 εἰς

1086 1633 1121 1659 τὰ
1135 1633 1214 1659 πεδία
1230 1633 1391 1667 διεμάχοντο
1402 1641 1408 1647 -
1427 1630 1486 1658 εἶτα
1503 1633 1550 1658 καὶ
1564 1632 1617 1666 ὅλῳ
1633 1631 1671 1665 τῷ
1688 1629 1881 1666 στρατεύματι

1088 1678 1363 1713 ἀντιπαρετάσσοντο,
1380 1678 1410 1704 οὐ
1429 1678 1482 1712 μὴν
1502 1678 1549 1703 καὶ
1577 1678 1722 1711 ἐμάχοντο,
1749 1676 1797 1702 καὶ
1831 1676 1880 1702 ἐπὶ

1089 1723 1200 1754 πλείους
1215 1723 1323 1758 ἡμέρας
1336 1723 1414 1749 τοῦτο
1425 1723 1539 1757 ἐγίνετο.
1553 1722 1736 1756 Συμϐολῆςδδέ
1751 1731 1816 1748 ποτε
1838 1731 1882 1755 γι-

1089 1769 1215 1804 νομένης,
1230 1770 1255 1795 οῖ
1271 1777 1301 1795 τε
1316 1768 1457 1803 σύμμαχοι
1469 1768 1522 1794 τῶν
1536 1768 1728 1803 Καρχηδονίων
1740 1767 1787 1793 καὶ
1800 1767 1881 1792 αὐτοὶ

1090 1815 1189 1841 ἐκεῖνοι
1208 1815 1375 1850 ἡττήθησαν,
1392 1815 1439 1841 καὶ
1459 1815 1489 1841 τὺ
1507 1814 1596 1849 ἔρυμα
1616 1814 1705 1840 αὐτῶν
1727 1815 1803 1847 παρα
1824 1814 1881 1839 τῶν

1098 1860 1250 1895 Ῥωμαίων.
1263 1861 1346 1893 ἑάλω,
1376 1861 1425 1887 καὶ
1447 1861 1502 1890 τοῖς
1522 1860 1552 1886 ἐν
1573 1858 1648 1894 αύτῷ
1666 1858 1834 1892 ἐπιτηδείοις
1857 1859 1881 1883 οἱ

254 1904 385 1940 Ῥωμαῖοι
412 1907 571 1942 ἐχρήσαντο,
588 1907 602 1933 δ
636 1906 689 1942 πρὸ
712 1907 796 1942 τριῶν
818 1906 931 1941 ἡμερῶν
971 1906 986 1932 ὁ
1018 1906 1151 1939 Σκιπίων,
1179 1907 1217 1938 ὡς
1243 1907 1322 1941 λόγος
1349 1907 1435 1939 ἐστὶν,
1460 1905 1653 1941 ὲπεφοίὸασεν.
1680 1905 1882 1931 Ἐπιλιπόντων

248 1951 302 1986 γὰρ
316 1952 407 1984 αὐτοῖς
421 1952 475 1978 τῶν
489 1953 556 1987 πρὸς
570 1953 671 1987 τροφὴν
685 1954 816 1987 προεῖπεν
831 1952 903 1988 (ὅθεν
915 1951 938 1978 δ’
959 1952 1100 1988 ἠγνόηται)
1134 1952 1173 1985 ὠς
1204 1954 1280 1980 Κατὰ
1311 1953 1390 1988 τήνδε
1417 1953 1466 1987 τὴν
1482 1952 1589 1987 ἡμέραν
1601 1952 1655 1982 τοῖς
1671 1951 1726 1977 τῶν
1739 1950 1881 1984 πολεμίων

248 1997 419 2032 χρησόμεθα.
437 1999 515 2025 Μετὰ.
530 1998 617 2025 ταῦτα
632 1998 660 2025 δὲ
676 1999 734 2029 τοῖς
754 1998 956 2033 περιλειφθεῐσι
994 1998 1049 2024 τῶν
1069 1998 1199 2025 ἐναντίων
1226 1999 1271 2026 τὸν
1294 1998 1407 2025 Σιλανὸν
1427 1996 1598 2029 καταλιπὼν,
1622 1997 1706 2029 αὐτος
1744 1997 1813 2031 πρὸς
1830 1997 1880 2026 τὰς

248 2043 333 2077 ἄλλας
366 2045 450 2082 ἀπῄει
480 2047 584 2079 πόλεις,
619 2047 667 2073 καὶ
702 2047 802 2078 πολλὰς
831 2047 1034 2082 προσηγάγετο.
1054 2047 1237 2082 Καταστήσας
1261 2047 1289 2074 δὲ
1311 2048 1345 2074 τὰ
1383 2047 1534 2078 ἑαλωκότα,
1555 2045 1638 2076 αὺτδς
1658 2045 1707 2079 μὲν
1727 2045 1786 2071 ἐκεῖ
1820 2045 1880 2070 διε-

249 2091 388 2125 χείμασε·
413 2092 459 2118 τὸν
487 2092 515 2119 δὲ
542 2092 658 2119 Λούκιον
693 2093 740 2119 τὸν
781 2093 920 2128 ὁμαίμονα
954 2093 1000 2120 ἐπὶ
1038 2093 1149 2129 Ῥώμην
1182 2093 1328 2121 ἀπέστειλε
1368 2092 1589 2128 καταγγελοῦντά
1618 2100 1647 2119 τε
1676 2091 1711 2118 τὰ
1743 2091 1882 2125 γενόμενα

249 2139 298 2165 καὶ
331 2139 395 2170 τοὺς
422 2138 613 2174 αἰχμαλώτους
648 2139 796 2174 κομίζοντα
826 2140 874 2166 καὶ
906 2139 982 2171 ὅπως
1010 2142 1036 2166 oi
1056 2140 1085 2166 ὲν
1104 2141 1137 2175 τῇ
1180 2140 1275 2176 Ῥώμῃ
1308 2140 1438 2175 φρονοῦσι
1458 2139 1525 2175 περὶ
1539 2138 1623 2166 αὐτοῦ
1646 2137 1882 2173 πολυπραγμονή-

250 2192 346 2215 σοντα.

285 2232 334 2259 1X.
351 2231 452 2259 Verum
470 2231 574 2259 Italiam
600 2232 714 2259 morbus
739 2232 867 2264 vexabat,
892 2237 919 2259 et
944 2240 1036 2267 pugnae

1128 2231 1167 2257 8'.
1183 2231 1214 2256 Οἱ
1228 2229 1250 2255 δ’
1265 2229 1294 2254 ὲν
1307 2229 1339 2263 τῇ
1355 2228 1457 2264 Ἰταλίᾳ
1468 2228 1515 2254 καὶ
1529 2227 1561 2254 ἐκ
1575 2227 1653 2254 νόσου
1670 2227 1817 2260 ἐπόνησαν,
1836 2227 1881 2254 καὶ

251 2277 416 2309 afﬂixerant,
443 2277 479 2304 ob
496 2282 588 2305 motus
604 2278 810 2313 Tyrrhenorum
835 2278 1017 2313 quorumdam
1032 2286 1040 2311 ;

252 2324 300 2351 sed
315 2323 448 2359 majorem
473 2323 577 2351 luctum
600 2324 729 2351 attulerat
758 2324 878 2352 Marcelli
902 2324 1040 2351 interitus.

251 2370 320 2398 Nam
338 2377 401 2398 cum
430 2369 512 2397 ambo
542 2377 614 2397 coss.
636 2374 732 2397 contra
758 2370 922 2397 Annibalem
946 2369 1042 2397 Locris

251 2419 378 2450 agentem
393 2414 545 2442 exercitum
563 2414 709 2447 ducerent,
727 2422 777 2450 per
788 2414 904 2442 insidias
920 2415 1041 2442 circum-

252 2459 329 2487 venti
340 2464 416 2492 sunt.
430 2464 459 2488 et
475 2460 621 2488 Marcellus
636 2461 728 2488 statim
746 2461 888 2493 occubuit,
898 2460 1043 2495 Crispinus

253 2512 307 2532 non
325 2506 413 2532 multo
429 2510 492 2540 post
505 2514 538 2533 ex
557 2506 673 2534 vulnere
691 2507 810 2534 decessit
831 2506 949 2534 Annibal
965 2514 1043 2538 vero,

254 2552 374 2580 Marcelli
386 2554 522 2581 cadavere
539 2553 620 2589 432
639 2553 762 2586 invento,
775 2559 803 2581 et
815 2554 876 2589 ejus
891 2553 981 2588 sigillo
1000 2560 1045 2580 ac—

254 2601 347 2631 cepto,
362 2598 464 2626 litteris
477 2599 537 2634 ejus
554 2599 665 2626 nomine
676 2599 710 2626 ad
730 2598 812 2626 urbes
825 2598 947 2633 scriptis,
961 2597 1044 2633 quid-

254 2642 320 2676 quid
336 2644 445 2672 volebat
462 2643 598 2676 obtinuit;
617 2643 867 2678 donecCrispinus,
881 2650 914 2670 eo
924 2642 1044 2678 cognito,

257 2687 319 2715 illos
333 2690 446 2720 monuit.
468 2690 570 2718 ut'sibi
586 2694 728 2717 caverent.
753 2689 832 2718 Unde
854 2697 898 2717 res
916 2689 1045 2716 Annibali

256 2734 341 2761 vertit
357 2736 385 2762 in
413 2737 594 2764 contrarium.
626 2736 693 2764 Nam
725 2743 788 2763 cum
818 2735 974 2770 Salapianis
997 2742 1045 2770 per

258 2783 426 2816 transfugam
441 2782 607 2816 scripsisset,
623 2782 781 2810 Marcellum
798 2785 881 2809 noctu
896 2781 930 2808 ad
944 2779 1046 2808 mcenia

260 2826 403 2859 accedere,
416 2832 444 2855 et
458 2827 581 2855 Romana
600 2827 693 2863 lingua
727 2834 781 2855 una
807 2835 868 2855 cum
894 2826 958 2854 aliis
985 2833 1046 2853 eam

1092 2282 1191 2312 μαχαις
1219 2274 1458 2310 ἐταλαιπώρησαν,
1480 2274 1629 2309 Τυρσηνῶν
1659 2273 1882 2307 νεωτερισάντων

1090 2323 1181 2350 τινῶν.
1199 2321 1299 2354 Μεῖζον
1315 2321 1343 2347 δὲ
1362 2320 1415 2347 τῶν
1441 2320 1531 2347 ἀλλων
1554 2320 1654 2350 αὐτοὺς
1677 2319 1817 2353 ἐλύπησεν
1841 2320 1882 2346 ὅτι

1091 2370 1137 2396 τὸν
1162 2369 1318 2404 Μάρκελλον
1344 2368 1491 2395 ἀπέϐαλον.
1515 2366 1794 2402 Ὲπιστρατεύσαντες
1825 2368 1880 2401 γὰρ

1091 2416 1163 2443 κατὰ
1190 2415 1237 2441 τοῦ
1259 2415 1381 2441 Ἀννίϐου
1407 2414 1588 2448 τυγχάνοντος
1616 2415 1645 2439 ἔν
1671 2413 1799 2447 Λοκροῖς,
1830 2412 1880 2439 καὶ

1091 2462 1176 2497 ἄμφω
1187 2462 1211 2488 oi
1225 2461 1324 2488 ὕπατοι
1339 2459 1370 2492 ὲξ
1383 2460 1494 2495 ἐνέδρας
1507 2459 1788 2494 περιστοιχισθέντες,
1800 2460 1814 2484 ὁ
1831 2459 1880 2492 μὲν

1091 2506 1250 2541 Μάρκελλος
1269 2505 1368 2531 αὐτίκα
1389 2503 1524 2531 ἀπώλετο·
1554 2504 1705 2538 Κρισπῖνος
1723 2502 1750 2527 δὲ
1765 2501 1881 2535 τρωθεὶς

1092 2552 1228 2579 ἀπέθανεν
1252 2551 1282 2577 οὗ
1308 2550 1376 2586 μετὰ
1392 2549 1470 2576 πολύ.
1487 2548 1621 2584 Εὑρηκὼς
1634 2547 1662 2574 δὲ
1679 2547 1710 2574 sb
1728 2546 1776 2573 τοῦ
1798 2547 1880 2580 Μαρ-

1093 2597 1188 2624 κέλλου
1208 2596 1287 2630 σῶμα
1306 2597 1320 2622 ό
1342 2595 1476 2627 Ἀννίὸας,
1493 2594 1540 2621 καὶ
1559 2594 1605 2620 τὸν
1632 2592 1775 2619 δακτύλιον
1795 2590 1879 2617 αὑτοῦ

1093 2642 1224 2678 εἰληφὼς,
1239 2639 1262 2676 ᾧ
1276 2643 1379 2674 ἐκεῖνος
1395 2642 1443 2674 τὰς
1454 2641 1564 2677 γραφὰς
1578 2640 1775 2675 ἔπεσφράγιζε,
1787 2638 1880 2674 γράμς

1095 2697 1169 2723 ματα
1199 2688 1228 2720 ἐς
1253 2687 1303 2719 τὰς
1326 2687 1417 2719 πόλεις
1442 2686 1480 2718 ὡς
1499 2685 1564 2720 παρ’
1583 2685 1688 2711 ἐκείνου
1716 2683 1879 2717 στελλόμενα

1093 2722 1213 2769 ἔπεμπε,
1229 2734 1276 2760 καὶ
1290 2734 1340 2760 ὅσα
1359 2732 1486 2759 ἐϐούλετο
1501 2732 1682 2767 διεπράττετο
1696 2738 1703 2745 ο
1723 2729 1819 2764 μέχρις
1847 2722 1878 2753 οὗ

1093 2779 1172 2806 τοῦτο
1188 2778 1269 2812 γνοὺς
1291 2778 1306 2805 ὁ
1328 2778 1490 2812 Κρισπῖνος,
1517 2775 1766 2810 ἀντιπαρήγγειλεν
1784 2772 1878 2801 αὐτοῖς

1096 2823 1293 2860 φυλάσσεσθαι,
1324 2823 1384 2850 ὅθεν
1415 2823 1608 2864 ἀντιπεριέστη
1625 2820 1664 2856 τῷ
1687 2819 1800 2854 ’Δννιῦᾷ
1844 2816 1875 2843 τὸ
